3880 6198
393 324 498 384 775

1392 323 1486 380 AD
1525 321 1759 380 OPERA
1796 319 1852 376 S.
1894 319 2226 378 AMBROSII
2265 317 2642 376 APPENDIX.

3610 308 3716 365 776

391 461 546 519 Edit.
582 458 681 517 ubi
711 475 855 532 sup.,
898 459 1006 516 col.
1039 456 1163 514 467.
1217 458 1336 513 Fol.
1371 457 1474 512 148
1518 463 1688 524 recto,
1734 471 1939 510 xxxuii
1967 473 1978 512 :
2012 456 2062 515 Α
2097 452 2196 508 167
2222 459 2388 520 recto,
2423 469 2530 509 Lx:
2570 477 2587 500 ι
2609 451 2759 523 Incp.
2783 457 2905 522 post
2924 445 3236 521 Ephyfauia
3255 445 3481 503 dictum
3507 444 3703 518 (sic).i

404 575 422 598 ι
451 552 588 608 Item
618 547 925 622 sequentia,
949 556 1002 603 et
1029 555 1277 618 tempore
1307 545 1646 602 ieiuniorum
1679 560 1792 600 non
1821 543 1998 608 luxus

389 640 669 698 riandum.
699 664 716 686 ι
758 636 908 693 Edit.
934 635 1030 691 ubi
1066 652 1211 708 sup.,
1235 636 1340 691 col.
1373 634 1495 692 457.
1528 635 1646 691 1³01.
1679 635 1772 691 cit.
1806 651 1983 704 verso,

391 749 587 789 xxxv:
652 753 670 775 ι
713 729 862 800 Incp.
893 728 960 783 de
990 726 1079 782 die
1106 737 1295 782 sancto
1325 725 1570 794 Paschal,
1619 734 1672 781 et
1723 726 1789 782 de
1826 741 1988 782 cruce

388 819 637 878 Domini.
671 842 690 866 ι
751 815 903 872 Edit.
937 814 1030 870 ubi
1063 833 1210 887 sup.,
1241 817 1347 872 col.
1384 817 1504 872 151.
1539 817 1636 871 Fol
1676 815 1775 872 149
1807 832 1986 884 verso,

389 924 569 965 xxxvi
594 925 605 963 :
629 928 647 952 ι
678 906 813 961 Item
847 904 914 960 de
943 920 1103 961 cruce
1129 913 1181 960 et
1203 905 1268 960 de
1287 905 1686 961 resurrectione
1707 905 1974 960 Domini.-

389 996 544 1054 Edit.
586 993 682 1051 ubi
713 1010 859 1066 sup.,
911 993 1017 1049 col.
1055 993 1176 1049 153.
1228 994 1346 1049 Fol.
1400 993 1499 1050 150
1532 1001 1700 1062 recto,
1746 1011 1981 1049 xxxvii:

405 1109 424 1136 ε
454 1087 608 1158 Incp.
641 1084 928 1157 sequentia
955 1083 1023 1139 de
1054 1082 1346 1156 sepulchro
1376 1083 1599 1139 Domini
1629 1084 1972 1140 Saluatoris.-

393 1175 548 1232 Edit.
579 1173 723 1247 apud
754 1172 810 1229 S.
842 1172 1196 1229 Ambrosium
1222 1173 1322 1229 sub
1345 1190 1498 1229 num.
1521 1173 1588 1229 53
1612 1173 1769 1229 Rom.
1794 1175 1987 1231 editio-

395 1265 502 1321 nis.
527 1263 647 1320 Fol.
678 1261 774 1318 cit.
808 1277 988 1330 verso,
1010 1278 1233 1318 xxxvm
1260 1281 1270 1318 ε
1310 1263 1497 1335 «Incp.
1531 1263 1598 1319 de
1630 1263 1988 1320 Pentecosten

398 1351 553 1424 (sic),
582 1359 635 1407 et
662 1350 730 1407 de
761 1352 974 1423 psalmo
1000 1351 1302 1408 centesimo
1333 1367 1498 1408 nono.
1524 1377 1541 1399 ι
1575 1352 1725 1408 Edit.
1763 1353 1907 1408 inter
1930 1354 1984 1409 S.

395 1440 627 1499 Maximi
659 1455 842 1512 opera,
893 1440 1000 1496 col.
1032 1440 1152 1496 197.
1205 1440 1325 1495 1³01.
1366 1440 1461 1496 151
1498 1448 1668 1510 recto,
1701 1458 1985 1498 xxxvmr:

409 1555 428 1579 ι
453 1531 605 1605 Incp.
639 1531 705 1588 de
722 1547 787 1586 eo
807 1531 954 1603 quod
981 1529 1247 1602 scriptum
1271 1539 1350 1585 est
1373 1530 1429 1586 in
1454 1533 1754 1603 Evangelio
1779 1533 1990 1602 :Vulpes

395 1621 583 1693 faueas
611 1621 819 1689 habent,
853 1626 905 1676 et
935 1619 1170 1692 reliqua.
1199 1644 1216 1668 ι
1251 1619 1401 1676 Edit.
1443 1620 1536 1676 ubi
1567 1623 1838 1693 sup.,col.
1865 1621 1987 1678 379.

395 1713 516 1770 Fol.
546 1711 648 1768 152
678 1719 844 1778 recto,
866 1727 938 1766 xi.
963 1728 974 1766 :
1013 1734 1030 1756 ι
1058 1709 1366 1783 Increpatio
1386 1710 1454 1766 ad
1476 1710 1735 1782 plebem,,
1759 1717 1813 1766 et
1841 1709 1908 1766 de
1927 1726 1992 1766 eo

2094 540 2247 598 Edit.
2273 542 2417 598 inter
2440 540 2494 596 S.
2520 540 2800 597 Ambrosii
2826 553 3102 595 sermones
3127 536 3184 592 in
3205 533 3449 610 append.
3475 533 3716 606 rejectos

2096 647 2259 688 serm.
2296 632 2380 699 11,
2412 632 2518 687 col.
2550 628 2677 688 502.
2710 630 2829 686 Fol.
2859 628 2954 684 cit.
2986 643 3165 694 verso,
3195 642 3288 682 in
3323 644 3335 682 :
3393 650 3414 672 ε
3449 624 3616 697 Incp.
3652 624 3716 681 de

2097 728 2283 777 sancta
2329 719 2773 792 Quadragesima.
2808 745 2825 768 -
2882 717 3034 774 Edit.
3085 715 3228 789 apud
3276 715 3333 772 S.
3369 715 3711 784 Maximum,

2097 808 2203 864 col.
2241 807 2360 863 109.
2390 809 2507 864 Fol.
2546 808 2645 864 168
2673 823 2850 876 verso,
2883 822 3034 862 Lxuz
3082 830 3100 851 -
3136 806 3286 877 Incp.
3317 820 3505 860 sermo
3536 803 3713 860 8.Αο-

2099 896 2302 968 gustini
2333 897 2400 952 de
2435 896 2492 952 id
2533 897 2660 967 (sic)
2702 893 2850 968 quod
2886 896 3152 966 scriptum
3183 900 3304 950 est:
3341 893 3440 948 Hic
3470 899 3553 948 est
3580 893 3713 960 dies,

2097 1003 2248 1057 quem
2293 985 2416 1056 fecit
2465 988 2748 1051 Dominus,
2794 986 3131 1053 exsultemus’,
3171 989 3218 1039 et
3259 983 3626 1038 iucundemur
3662 983 3718 1037 in

2098 1093 2174 1132 eo.
2202 1101 2220 1123 ι
2262 1075 2414 1132 Edit.
2461 1076 2603 1149 apud
2659 1075 3025 1131 Lovanieuses
3056 1082 3191 1129 tom.
3220 1073 3273 1128 X
3301 1088 3455 1145 oper.
3489 1071 3548 1127 S.
3587 1073 3719 1127 Au-

2100 1169 2328 1240 gustini,
2361 1185 2525 1225 serm.
2559 1167 2650 1235 89,
2691 1167 2798 1223 col.
2831 1163 2955 1221 560.
3007 1164 3126 1220 Fol.
3163 1162 3264 1219 169
3309 1171 3485 1229 recto,
3517 1177 3669 1217 Lxm
3697 1180 3710 1217 :

2113 1280 2132 1305 ι
2159 1258 2311 1329 Incp.
2345 1274 2523 1313 sermo
2549 1256 2602 1312 S.
2637 1254 2960 1328 Hieronymi
2992 1253 3060 1310 de
3089 1251 3268 1309 Exod.
3299 1253 3357 1307 in
3386 1250 3711 1322 Quadrage-

2099 1348 2237 1404 sima
2287 1357 2413 1404 ante
2457 1346 2684 1403 Pascha.
2720 1371 2739 1392 ι
2788 1344 2940 1401 Edit.
2981 1360 3012 1399 a
3041 1341 3314 1399 Vallarsio
3359 1341 3417 1395 in
3467 1337 3713 1412 append.

2099 1445 2234 1494 tom.
2259 1439 2357 1504 XI,
2383 1439 2490 1493 col.
2519 1435 2641 1503 210,
2665 1434 2927 1492 editionis
2947 1432 3298 1490 Veronensis.
3329 1429 3446 1486 Sub
3473 1428 3587 1485 hoc
3608 1444 3717 1484 ser-

2101 1543 2265 1583 mone
2293 1527 2528 1600 aliisque
2559 1525 2701 1581 infra
2723 1523 2982 1580 notandis
3011 1537 3184 1595 usque
3212 1519 3280 1576 ad
3311 1519 3412 1575 fol.
3443 1518 3551 1574 176
3581 1519 3714 1574 latet

2099 1616 2418 1672 Plinianum
2468 1613 2724 1671 Historiae
2757 1612 3023 1670 naturalis
3061 1612 3456 1684 fragmentum,
3510 1606 3712 1664 iisdem

2101 1706 2358 1780 spatiosis
2392 1706 2592 1761 litteris
2621 1714 2932 1772 exaratum,
2967 1703 3168 1778 quibus
3197 1703 3256 1758 in
3295 1699 3576 1758 Vaticano
3610 1716 3715 1773 pa-

396 1801 544 1876 quod
575 1800 837 1873 scriptum
871 1806 952 1855 est
978 1799 1036 1854 in
1066 1800 1368 1871 Euangelio
1396 1817 1406 1854 :
1436 1801 1537 1867 Qui
1566 1801 1737 1868 habet,
1773 1800 1991 1855 dabitur
2024 1817 2070 1878 B
2102 1797 2347 1852 limsesto
2371 1796 2656 1869 politicum
2679 1812 2816 1867 opus
2838 1795 2912 1851 M.
2932 1793 3079 1850 Tulli
3100 1794 3367 1865 scriptum
3390 1791 3565 1849 fuisse
3586 1806 3712 1847 con-

397 1892 472 1957 ei;
506 1898 554 1947 et
581 1891 917 1947 cantauimus
947 1890 1119 1956 uobis,
1151 1896 1199 1945 et
1226 1907 1334 1944 non
1361 1890 1615 1945 saltastis.
1649 1913 1667 1936 ι
1717 1888 1868 1944 Edit.
1897 1887 1993 1944 ubi

393 2000 542 2058 sup.,
573 1983 680 2041 col.
710 1982 834 2040 661.
859 1984 976 2040 Fol.
1010 1983 1105 2040 cit.
1137 2001 1315 2051 verso,
1348 2001 1474 2039 xm:
1505 2007 1522 2030 ι
1545 1984 1697 2056 Incp.
1728 1981 1824 2039 ubi
1849 1983 1995 2039 Deus

397 2073 626 2132 sabbato
656 2090 879 2130 manum
928 2073 1136 2130 aridam
1168 2074 1402 2132 curauit.
1432 2099 1450 2122 ι
1517 2073 1668 2129 Edit.
1721 2073 1814 2130 ubi
1843 2089 1991 2146 sup.,

397 2162 504 2220 col.
538 2163 662 2221 383.
695 2163 814 2219 Fol.
851 2163 952 2220 153
984 2179 1164 2232 verso,
1197 2179 1310 2220 XLII
1337 2181 1348 2220 :
1394 2187 1412 2211 ι
1445 2164 1598 2237 Incp.
1634 2164 1700 2221 de
1731 2165 1990 2222 Penteco-

398 2259 520 2310 sten
553 2253 704 2325 (sic).
739 2278 758 2301 ι
798 2251 949 2309 Edit.
973 2253 1072 2310 ubi
1098 2269 1246 2325 sup.,
1270 2254 1376 2309 col.
1406 2254 1524 2311 191.
1551 2253 1670 2309 1³01.
1699 2253 1800 2311 154
1819 2261 1992 2323 recto,

397 2359 575 2398 xuii:
639 2365 658 2388 ι
692 2342 842 2414 Incp.
893 2342 960 2398 de
1011 2341 1100 2398 die
1139 2349 1356 2399 sanctae
1403 2341 1748 2415 Ephyfaniae
1779 2343 1929 2416 (sic).
1963 2371 1981 2395 »

397 2431 553 2488 Edit.
578 2431 674 2488 ubi
695 2448 841 2504 sup.,
867 2431 975 2487 col.
998 2430 1247 2486 4131³01.
1277 2431 1371 2487 cit.
1397 2447 1576 2499 verso,
1600 2447 1759 2488 meI
1780 2450 1791 2488 :
1813 2456 1832 2480 ‹
1856 2433 1995 2489 Item

401 2521 470 2578 de
501 2522 590 2578 die
611 2520 1053 2594 Ephyfaniorum
1084 2520 1235 2590 (sic),
1254 2529 1307 2577 et
1333 2521 1400 2577 de
1420 2521 1744 2593 Euangelio,
1765 2520 1859 2577 ubi
1890 2524 1996 2578 Do-

402 2609 592 2667 minus
619 2610 925 2684 baptizatus
950 2619 1050 2679 est,
1094 2601 1158 2666 et'
1195 2609 1261 2666 de
1290 2612 1500 2682 psalmo
1531 2627 1732 2666 xxvm.
1768 2635 1786 2659 ι
1843 2611 1994 2667 Edit.

399 2697 497 2756 ubi
527 2715 672 2773 sup.,
727 2699 832 2756 col.
865 2698 990 2755 241.
1049 2688 1167 2754 1³01.
1205 2700 1306 2755 155
1344 2706 1518 2767 recto,
1549 2716 1694 2753 XLV:
1738 2700 1889 2771 Incp.
1931 2699 1999 2755 de

398 2805 464 2845 eo
493 2789 640 2861 quod
667 2787 936 2859 scriptum
968 2795 1048 2842 est
1079 2787 1137 2841 in
1163 2788 1469 2860 Euangelio
1493 2806 1504 2842 :
1545 2788 1787 2843 Hominis
1813 2789 2000 2844 cuius-

400 2876 524 2931 dam
545 2877 729 2930 diuitis
748 2875 956 2944 fructus
973 2876 1150 2929 uberes
1174 2893 1299 2946 ager
1321 2876 1564 2931 adtulit.»
1595 2877 1747 2934 Edit.
1773 2877 1920 2935 inter
1940 2879 1993 2934 8.

399 2962 591 3018 Basilii
623 2978 787 3036 opera
816 2962 965 3017 hom.
997 2963 1049 3031 6,
1077 2969 1212 3018 tom.
1246 2965 1317 3031 11,
1340 2980 1461 3036 pag.
1498 2963 1587 3031 43,
1619 2982 1650 3021 a
1679 2983 1786 3040 qua
1815 2975 1998 3022 tamen

401 3051 605 3107 multas
629 3051 723 3108 hic
742 3051 916 3107 nostri
943 3049 1149 3107 codicis
1171 3069 1354 3108 sermo
1375 3054 1651 3112 variantes
1671 3055 1852 3111 habet.
1876 3057 1995 3113 Fol.

403 3140 507 3241 158
535 3151 706 3241 recto,
741 3158 904 3241 xx.er
962 3165 980 3188 ι
1010 3142 1162 3214 Incp.
1196 3143 1263 3198 de
1292 3160 1355 3199 eo
1383 3144 1531 3218 quod
1578 3147 1842 3218 scriptum
1875 3153 1991 3202 est:
2032 3181 2075 3241 Ο

403 3230 534 3299 Quis
562 3232 741 3304 major
769 3236 843 3287 est
882 3231 941 3286 in
982 3249 1141 3303 regno
1174 3235 1479 3290 caelorum?
1504 3260 1521 3282 ι
1560 3235 1712 3291 Edit.
1745 3235 1888 3308 apud
1936 3235 1990 3292 8.

400 3318 724 3390 Maximum,
757 3322 863 3377 col.
897 3320 1023 3378 285.
1056 3322 1174 3378 1³01.
1203 3323 1301 3380 cit.
1335 3339 1515 3392 verso,
1543 3339 1699 3380 vau
1727 3341 1738 3379 :
1792 3349 1810 3371 ι
1837 3325 1991 3396 Incp.

401 3409 469 3465 de
497 3409 708 3466 duabus
735 3410 1010 3465 nauiculis
1040 3411 1097 3465 in
1125 3413 1448 3485 Euangelio.
1482 3439 1499 3460 ι
1534 3413 1685 3469 Edit.
1716 3412 1814 3468 ubi
1844 3430 1990 3484 sup.,

401 3499 509 3557 col.
542 3497 666 3554 639.
699 3499 818 3553 Fol.
855 3497 956 3554 159
987 3514 1168 3566 verso,
1192 3517 1406 3557 XLVIII:
1444 3527 1462 3548 ι
1490 3503 1641 3574 Incp.
1673 3503 1741 3558 de
1770 3501 1995 3558 ieiuniis

401 3585 490 3642 vel
519 3593 707 3642 sancta
736 3584 1179 3657 Quadragesima.
1204 3613 1222 3636 ι
1257 3589 1408 3644 Edit.
1444 3590 1538 3644 ubi
1561 3607 1708 3661 sup.,
1733 3592 1841 3646 col.
1865 3591 1991 3648 461.

402 3674 521 3732 1³01.
557 3673 658 3730 160
686 3681 856 3742 recto,
878 3690 1079 3730 vami
1105 3692 1154 3730 ε·
1182 3675 1334 3748 Incp.
1359 3676 1426 3732 de
1449 3676 1658 3732 ieiunio
1677 3679 1900 3734 Domini
1936 3680 1993 3736 in

400 3763 636 3835 deserto,
657 3773 711 3822 et
739 3763 887 3840 quod
913 3781 1021 3820 non
1047 3763 1104 3819 in
1133 3765 1246 3820 solo
1266 3781 1406 3836 pane
1435 3765 1575 3820 uiuit
1593 3765 1764 3822 homo.
1788 3791 1806 3813 ι
1840 3767 1991 3825 Edit.

402 3852 502 3911 ubi
527 3871 674 3929 sup.,
707 3855 814 3913 col.
847 3853 970 3911 433.
998 3854 1116 3910 1³01.
1151 3853 1248 3910 161
1274 3861 1445 3924 recto,
1468 3871 1535 3911 L:
1569 3878 1588 3902 ι
1613 3855 1749 3912 Item
1767 3873 1994 3930 sequen-

399 3944 478 4002 tia
515 3946 583 4002 de
610 3945 838 4003 ieiuniis
866 3944 1362 4017 Quadragesimze.’
1395 3945 1549 4002 Edit.
1581 3945 1678 4002 ubi
1712 3963 1858 4021 sup.,
1885 3949 1990 4005 col.

400 4033 525 4091 465.
559 4036 677 4091 1³01.
715 4035 814 4093 cit.
852 4052 1032 4104 verso,
1061 4053 1134 4092 Li:
1180 4060 1198 4083 ι
1225 4035 1378 4109 Incp.
1409 4036 1478 4093 de
1505 4035 1730 4094 Pascha.
1765 4063 1784 4085 ι
1840 4038 1991 4095 Edit.

400 4123 497 4180 ubi
528 4140 674 4196 sup.,
711 4126 818 4180 col.
853 4126 973 4182 179.
1008 4127 1127 4181 Fol.
1169 4126 1270 4182 162
1297 4143 1478 4197 verso,
1511 4143 1623 4184 L11:
1694 4153 1712 4177 ι
1737 4128 1873 4185 Item
1901 4145 1996 4184 se-

401 4211 628 4286 quentia
657 4213 725 4268 de
751 4219 1001 4268 sanctum
1031 4214 1159 4285 (sic)
1188 4215 1444 4273 Paschae.
1479 4241 1497 4265 ι
1531 4217 1682 4273 Edit.
1717 4218 1815 4274 ubi
1843 4235 1991 4291 sup.,

400 4300 508 4360 col.
543 4300 667 4356 181.
700 4301 821 4356 Fol.
854 4300 1080 4368 cit.,i.m
1105 4320 1115 4358 :
1138 4327 1156 4350 ι
1187 4304 1322 4359 Item
1349 4305 1652 4376 sequentia.
1678 4331 1697 4355 ι
1721 4307 1871 4363 Edit.
1899 4307 1994 4363 ubi

400 4405 547 4463 sup.,
577 4389 684 4444 col.
722 4387 842 4445 185.
877 4389 996 4444 Fol.
1028 4389 1332 4469 163,1;ecto,
1365 4409 1487 4448 Liv:
1535 4420 1554 4442 ι
1583 4396 1732 4466 Incp.
1763 4394 1830 4450 de
1860 4396 1994 4452 Pen-

399 4460 643 4537 tecosten
672 4477 822 4550 (sic).
857 4500 878 4525 ι
922 4477 1072 4534 Edit.
1107 4460 1205 4534 alii
1235 4495 1379 4552 sup.,
1416 4482 1523 4537 col.
1561 4460 1698 4538 187.-
1723 4483 1842 4539 1³01.
1885 4483 1989 4540 164

399 4577 569 4638 recto,
600 4585 670 4625 Lv
695 4587 706 4626 :
766 4591 785 4616 ε
817 4568 968 4640 Incp.
1003 4567 1070 4624 de
1098 4576 1352 4626 accusato
1380 4571 1617 4626 Domino
1646 4573 1790 4644 apud
1833 4573 1989 4630 Pila-

398 4667 540 4730 tum,
573 4666 628 4716 et
661 4659 731 4716 de
759 4657 1027 4715 Susanna.
1053 4684 1071 4708 ι
1104 4658 1254 4715 Edit.
1285 4659 1379 4715 ubi
1405 4677 1549 4734 sup.,
1583 4661 1687 4718 col.
1724 4662 1844 4720 141.
1867 4665 1985 4720 1³01.

397 4749 495 4807 cit.
529 4765 711 4819 verso,
746 4766 837 4805 va
869 4767 879 4805 :
924 4775 942 4796 ι
965 4750 1100 4806 Item
1129 4751 1431 4823 sequentia.
1462 4776 1480 4800 ι
1518 4751 1670 4808 Edit.
1713 4753 1808 4810 ubi
1840 4771 1986 4826 sup.,

398 4838 507 4895 col.
542 4837 664 4895 143.
715 4839 836 4895 1³01.
875 4838 976 4896 165
1010 4856 1190 4909 verso,
1235 4857 1380 4897 Lvn:
1445 4865 1462 4888 ε
1492 4841 1642 4914 Incp.
1697 4841 1763 4898 de
1809 4845 1989 4900 natale

397 4927 640 4984 Domini.
674 4951 693 4975 ι
739 4927 890 4983 Edit.
927 4928 1023 4982 ubi
1051 4945 1196 5000 sup.,
1229 4929 1335 4986 col.
1369 4929 1491 4986 403.
1534 4930 1651 4986 1³01.
1685 4931 1786 4988 166
1804 4931 1984 5001 'recto,

399 5032 570 5074 mir:
638 5016 836 5088 «Incp.
889 5016 956 5072 de
997 5017 1253 5074 kalendis
1275 5019 1571 5077 Ianuariis.
1605 5046 1623 5068 ι
1679 5021 1832 5078 Edit.
1891 5021 1988 5078 ubi

397 5121 543 5177 sup.,
574 5105 681 5163 col.
714 5104 840 5163 409.
872 5107 991 5162 1³01.
1021 5107 1118 5164 cit.
1149 5124 1331 5177 verso,
1357 5127 1513 5166 LVIIII
1539 5129 1550 5167 :
1572 5136 1590 5159 ε
1615 5112 1766 5184 Incp.
1791 5119 1988 5169 tracta-

397 5202 488 5252 tus
506 5195 574 5253 de
593 5194 911 5269 Ephyfauia
932 5197 1106 5270 (sic).»
1135 5199 1286 5256 Edit.
1311 5200 1407 5258 ubi
1429 5217 1576 5274 sup.,
1591 5203 1699 5260 col.
1721 5202 1846 5260 428.
1866 5203 1985 5260 1³01.

443 5392 552 5475 .(a)
591 5392 760 5475 Plinii
789 5393 896 5450 hoc
917 5395 1291 5475 fragmentum
1319 5398 1376 5454 in
1415 5398 1731 5456 Sessoriano
1762 5409 1989 5475 quater—

398 5467 569 5546 nione
587 5467 803 5546 integro
824 5467 1089 5546 scriptum
1111 5468 1178 5524 ad
1198 5469 1332 5546 libb.
1357 5487 1495 5546 xxiv
1525 5479 1578 5526 et
1600 5489 1715 5528 xxv
1735 5467 1987 5546 Histrna-

399 5535 602 5614 turalia
610 5536 867 5614 pertinet.
890 5535 1035 5614 Illud
1058 5541 1310 5614 quamvis
1330 5541 1562 5614 editum,
1593 5550 1775 5600 tamen
1800 5544 1856 5599 in
1872 5545 1988 5601 Ses-

398 5606 636 5680 sorianis
655 5606 938 5680 anecdot_i_s
951 5606 1252 5680 aliquando.
1269 5606 1566 5680 proferam.
1580 5615 1700 5670 Non
1725 5614 1872 5669 enim
1898 5615 1986 5670 de-

402 5685 562 5740 spero
593 5671 708 5725 fore
733 5682 854 5742 post
874 5671 1152 5733 Hermolai
1171 5671 1418 5747 Barbari,
1452 5683 1710 5751 Arduini,
1729 5683 1989 5741 aliorum-

2104 1885 2370 1959 spicimus
2393 1886 2497 1958 (a).
2521 1885 2642 1941 1³01.
2668 1884 2891 1957 sup.cit.
2928 1883 3029 1939 169
3059 1897 3236 1951 verso,
3270 1897 3409 1936 Lxui
3443 1899 3456 1936 :
3508 1904 3527 1926 ι
3554 1880 3708 1952 Incp.

2107 1990 2288 2031 sermo
2317 1975 2374 2031 S.
2406 1973 2707 2047 Augustini
2753 1974 2821 2030 ad
2853 1978 3230 2045 competentes
3259 1977 3315 2027 et
3345 1967 3712 2027 catechume-

2104 2082 2228 2133 nos,
2260 2091 2278 2113 ι
2317 2064 2411 2138 qui
2445 2063 2682 2137 incipit:
2719 2087 2738 2110 ι
2769 2062 3015 2118 Audiant
3043 2059 3449 2125 catechumeni,
3482 2058 3708 2115 audiant

2105 2171 2315 2223 omnes,
2339 2169 2529 2210 omnes
2551 2154 2804 2220 timeant,
2828 2169 2992 2209 nemo
3009 2158 3359 2218 contemnat;
3382 2150 3457 2206 sit
3488 2148 3630 2205 mihi
3651 2149 3707 2205 in

2105 2244 2484 2301 consolatione
2531 2253 2716 2300 uester
2760 2243 3003 2313 auditus,
3037 2269 3056 2291 ι
3117 2249 3223 2298 etc.
3277 2241 3365 2296 An
3401 2238 3502 2296 hic
3532 2255 3706 2295 sermo

2107 2335 2407 2393 anecdotus
2433 2335 2525 2405 sit,
2556 2335 2914 2408 pronuntiare
2944 2350 3056 2390 non
3087 2333 3292 2399 audeo;
3341 2330 3495 2387 idem
3526 2329 3620 2387 dic
3645 2329 3708 2386 de

2107 2425 2243 2495 illis,
2277 2441 2513 2497 quorum
2545 2425 2693 2480 infra
2739 2425 2900 2481 initia
2937 2424 3190 2480 referam.
3239 2421 3357 2478 Fol.
3397 2419 3502 2476 170
3532 2436 3705 2486 verso,

2107 2531 2217 2571 va
2245 2531 2258 2571 :
2306 2541 2324 2562 ι
2358 2515 2490 2572 Item
2531 2513 2776 2570 eiusdem
2807 2530 2986 2571 sermo
3018 2513 3087 2570 de
3113 2510 3437 2568 remissione
3465 2517 3709 2582 peccato-
3794 2536 3796 2538 τ

2107 2620 2262 2671 rum;
2292 2628 2310 2650 ι
2340 2619 2500 2676 quem
2526 2602 2707 2676 primo
2730 2619 2800 2658 ex
2818 2601 2924 2659 hoc
2943 2601 3134 2659 codice
3153 2608 3417 2657 eruerunt
3444 2598 3709 2665 Maurini,

2107 2699 2161 2748 et
2189 2691 2297 2748 ﬁde
2329 2691 2507 2748 eidem
2539 2692 2718 2749 codici
2741 2708 2963 2764 prorsus
2991 2691 3262 2759 adhibita,
3297 2691 3444 2746 inter
3473 2688 3710 2762 genuina

2108 2799 2272 2855 opera
2304 2782 2360 2838 S.
2393 2783 2688 2856 Augustini
2728 2782 3020 2839 ediderunt
3068 2790 3204 2838 tom.
3235 2781 3306 2848 ν,
3339 2788 3482 2853 part.
3518 2797 3557 2848 ι,
3603 2779 3708 2836 col.

2107 2872 2233 2930 572.
2266 2873 2385 2929 Fol.
2421 2874 2516 2929 171
2551 2889 2732 2942 verso,
2764 2890 2924 2930 va1:
2949 2900 2966 2920 ι
2999 2874 3150 2945 Incp.
3183 2871 3329 2928 alius
3357 2869 3608 2927 eiusdem
3646 2868 3710 2924 de

2109 2963 2304 3019 missas
2326 2963 2633 3020 cotidianas
2655 2964 2807 3035 (sic),
2842 2989 2861 3011 ι
2901 2964 2995 3036 qui
3025 2963 3257 3034 incipit:
3295 2986 3314 3009 ι
3345 2958 3710 3032 Congregatio

2109 3051 2471 3109 beatitudinis
2499 3061 2694 3110 uestra
2715 3054 2821 3110 FF.
2855 3054 2975 3109 KK.
3010 3053 3141 3110 facit
3161 3069 3260 3108 nos
3291 3050 3469 3106 nimio
3502 3049 3703 3122 gaudio

2109 3158 2227 3198 esse
2250 3143 2505 3215 repletos,
2529 3142 2623 3199 sed
2653 3143 2782 3216 quia
2809 3152 2970 3216 pauet
3000 3151 3189 3214 pectus
3216 3141 3429 3198 catenis
3456 3137 3705 3212 corporis

2108 3232 2434 3305 obligatum,
2486 3250 2598 3289 non
2629 3249 2850 3306 possum
2879 3233 3082 3300 dicere,
3133 3230 3405 3305 quantum
3437 3228 3698 3302 splendor

2103 3322 2276 3377 animi
2299 3323 2468 3378 uestri
2489 3323 2724 3379 delectat
2741 3322 2961 3390 audire;
2986 3330 3170 3377 tamen
3195 3319 3513 3393 adgredior,
3537 3344 3560 3367 ι
3597 3326 3699 3375 etc.

2106 3413 2223 3467 Fol.
2276 3412 2377 3468 172
2418 3419 2587 3480 recto,
2634 3429 2808 3468 van.
2871 3439 2889 3462 ι
2927 3413 3078 3484 Incp.
3131 3410 3200 3467 de
3245 3410 3480 3467 decimis
3529 3424 3705 3465 sermo

2103 3501 2368 3557 eiusdem.
2405 3527 2423 3548 ι
2457 3501 2610 3558 Edit.
2643 3503 2701 3557 in
2728 3501 2962 3574 append.
2995 3500 3209 3568 tom.V,
3238 3501 3348 3556 col.
3381 3499 3513 3568 460,
3542 3515 3574 3555 a
3600 3515 3706 3572 quo

2104 3599 2288 3648 tamen
2318 3590 2505 3648 differt
2545 3590 2604 3647 in
2632 3592 2939 3648 nonnullis.
2983 3591 3101 3648 Fol.
3140 3590 3241 3647 173
3269 3597 3447 3659 recto,
3477 3606 3657 3647 vam
3689 3607 3701 3644 :

2116 3702 2136 3727 ι
2165 3680 2302 3736 Item
2332 3681 2504 3736 alium
2529 3679 2656 3753 (sic)
2689 3680 2758 3736 de
2785 3688 2974 3737 sancto
3004 3680 3248 3736 Helisseo
3279 3680 3410 3752 (sic)
3439 3698 3452 3747 ;
3486 3702 3507 3728 ι
3551 3678 3703 3752 cujus

2104 3769 2329 3826 initium
2359 3777 2442 3826 est
2466 3787 2477 3824 :
2516 3794 2535 3818 ι
2553 3770 2746 3827 Dulcis
2766 3769 3015 3828 insonuit
3044 3769 3268 3826 auribus
3295 3769 3508 3826 nostris
3533 3784 3702 3841 nuper

2104 3860 2330 3916 recitata
2349 3859 2591 3928 libertas,
2614 3859 2747 3917 dum
2769 3861 2945 3918 saeuit
2965 3860 3110 3918 inter
3128 3877 3229 3916 nos
3249 3875 3442 3916 amara
3458 3857 3702 3931 captiui-

2103 3955 2207 4016 tas,
2232 3972 2250 3997 »
2289 3955 2394 4004 etc.
2418 3949 2538 4004 Fol.
2568 3948 2672 4005 174
2694 3957 2862 4018 recto,
2889 3965 3087 4006 vann
3113 3967 3124 4004 :
3163 3949 3352 4022 «Incp.
3374 3947 3554 4004 alium
3579 3946 3697 4020 (sic)

2103 4035 2303 4092 deloco
2331 4037 2555 4110 (deest),
2577 4036 2674 4093 ubi
2694 4037 2887 4097 beatus
2915 4039 3112 4094 Petrus
3139 4037 3196 4093 in
3227 4037 3367 4093 mari
3400 4043 3701 4109 tempesta-

2105 4133 2215 4182 tem
2243 4125 2510 4182 sustinuit
2539 4126 2596 4182 in
2623 4127 2776 4184 naui.
2805 4151 2826 4176 ι
2860 4129 2947 4184 En
2979 4128 3158 4201 prima
3174 4125 3380 4182 verba:
3421 4124 3699 4183 «Nutritos

2104 4213 2366 4286 hyrundo
2387 4215 2570 4287 pullos
2589 4232 2740 4282 suos,
2761 4232 2886 4273 cum
2907 4215 3132 4273 uolandi
3155 4223 3271 4271 arte
3288 4215 3564 4288 disponit,
3577 4229 3696 4288 pau-

2104 4299 2283 4357 lulum
2317 4301 2540 4374 quidem
2578 4302 2638 4359 in
2667 4319 2790 4359 aere
2818 4303 3074 4372 dimittit,
3115 4303 3316 4376 quibus
3354 4311 3546 4360 tamen
3589 4303 3697 4376 ipsa

2102 4391 2290 4447 uicina
2324 4401 2422 4462 est,
2472 4409 2540 4450 ne
2571 4393 2710 4449 forte
2739 4391 2996 4450 decidant
3023 4391 3352 4464 trepidando
3390 4391 3579 4450 adhuc
3607 4392 3697 4449 in-

2102 4481 2249 4537 ﬁrmi
2281 4483 2541 4552 uolando,
2574 4508 2592 4531 ι
2639 4491 2743 4541 etc.
2791 4485 2910 4541 Fol.
2939 4483 3034 4540 cit.
3064 4499 3242 4552 verso,
3275 4499 3391 4539 Lxx
3425 4501 3438 4539 :
3501 4509 3521 4531 ι
3548 4485 3693 4556 Incp.

2101 4587 2281 4628 sermo
2313 4571 2367 4629 S.
2399 4571 2723 4644 Hieronymi
2753 4574 2820 4631 de
2850 4573 3045 4630 Exodo
3073 4574 3133 4629 in
3163 4573 3357 4645 uigilia
3385 4572 3646 4631 Paschae.
3666 4595 3684 4621 ι

2099 4661 2250 4717 Edit.
2319 4661 2464 4718 inter
2522 4663 2878 4734 supposititia
2939 4662 2974 4719 8
3041 4662 3337 4736 Augustini
3387 4663 3600 4736 scripta
3640 4663 3695 4718 in

2099 4751 2334 4822 append.
2385 4757 2523 4807 tom.
2555 4751 2624 4819 V,
2676 4761 2730 4809 et
2772 4753 2917 4825 apud
2948 4752 3285 4809 Vallarsium
3313 4753 3465 4808 inter
3509 4752 3694 4825 spuria

2098 4845 2235 4896 tom.
2279 4840 2358 4896 XI
2403 4857 2553 4913 oper.
2609 4840 2665 4898 S.
2707 4842 3056 4914 Hieronymi,
3107 4842 3214 4898 col.
3261 4841 3388 4898 212.
3437 4842 3562 4898 1³01.
3600 4840 3696 4898 175

2101 4946 2280 4999 verso,
2314 4947 2448 4986 Lxxi
2474 4949 2485 4986 :
2544 4957 2562 4978 ε
2590 4932 2742 5004 Incp.
2769 4932 3016 4988 eiusdem
3048 4932 3107 4987 in
3137 4931 3226 4987 die
3251 4931 3539 4988 dominica
3562 4932 3694 4988 Pas-

2099 5019 2257 5078 chae.
2289 5046 2306 5069 -
2374 5021 2527 5077 Edit.
2559 5021 2655 5077 ubi
2688 5037 2833 5092 sup.,
2881 5021 2989 5078 col.
3027 5020 3153 5077 200.
3202 5020 3321 5076 Fol.
3370 5021 3476 5077 176
3517 5037 3690 5084 verso.

2101 5127 2290 5167 Lxxn:
2328 5136 2345 5158 ι
2367 5111 2518 5182 Incp.
2542 5109 2787 5167 eiusdem
2808 5109 3195 5184 S.Hieronymi
3216 5109 3273 5164 in
3294 5109 3386 5165 die
3405 5111 3690 5167 Dominica

2101 5200 2361 5260 Paschae.
2414 5225 2432 5250 ι
2498 5201 2649 5258 Edit.
2691 5201 2790 5258 ubi
2845 5217 3028 5274 supra,
3087 5201 3196 5258 col.
3249 5199 3374 5257 215.
3424 5200 3549 5258 1³01.
3595 5197 3687 5257 177

2097 5417 2203 5474 que
2218 5401 2791 5473 praestantissimorum
2805 5402 3050 5457 virorum
3069 5400 3417 5474 conatus,qui
3435 5401 3684 5474 pleraque

2100 5469 2300 5546 menda
2327 5474 2394 5530 ab
2429 5475 2532 5530 hoc
2561 5474 2812 5530 Pliniano
2843 5490 3005 5546 opere
3032 5489 3102 5529 ex
3134 5469 3513 5546 vitiosissimis

2098 5543 2440 5628 cibus‘eruto
2492 5547 2675 5628 longa.
2697 5543 3029 5628 operosaque
3071 5560 3201 5628 cura
3241 5545 3679 5628 sustulerunthet

2098 5614 2238 5671 mihi
2272 5615 2438 5690 hujus
2478 5613 2834 5690 vetustissimi
2883 5613 3185 5690 palimsesti
3227 5615 3552 5673 auctoritate
3573 5613 3678 5690 alia

2097 5687 2368 5742 nonnulla
2393 5703 2703 5760 expungere
2729 5687 2959 5746 fortasse
2988 5689 3171 5744 licere.
