3880 6198
49 347 161 404 777

948 349 1317 406 SEBMONES
1355 349 1532 407 ΤΒΕὸ
1590 349 1692 406 EX
1733 349 1989 408 CODICE
2027 350 2475 408 SESSORIANO.

3263 355 3370 414 778

51 485 234 546 recto,
275 485 573 534 occurrunt
600 477 656 534 S.
686 476 877 533 Basilii
907 477 1360 549 Magnilnstituta
1373 477 1667 535 monacho-
1694 481 1746 540 A
1774 485 1897 545 test,
1954 476 2172 533 eosdem
2228 477 2583 534 Ambrosium
2616 477 2870 537 habuisse
2894 479 3049 538 feriis
3078 480 3368 541 Paschali-

49 583 210 638 rum,
251 585 370 642 quae
422 569 479 626 in
525 579 663 627 tom.
698 570 746 626 II
774 585 923 642 oper.
957 568 1090 626 edit.
1129 570 1394 627 Parisien.
1428 569 1666 628 an.i730

49 671 83 709 a
125 658 238 714 col.
280 659 385 716 327
415 659 562 715 edita
591 666 739 727 sunt,
752 676 979 733 quasque
1008 660 1113 716 hoc
1141 661 1308 717 titulo
1336 661 1665 734 praesiguan-

48 755 151 804 tur
180 747 241 803 in
279 748 468 806 codice
492 768 504 805 :
551 772 570 796 ε
599 749 859 806 Instituta
884 752 1279 808 monachorum
1309 751 1481 808 sancti
1505 751 1667 807 Basi-

47 835 151 891 lici
187 836 318 908 (sic)
343 837 1326 912 episcopiCaesarieusisCappadociae
1349 841 1404 896 iu
1421 840 1661 898 Christo.

48 924 326 997 Prologus
356 927 533 983 sancti
573 928 760 983 Ruﬁni
791 929 1152 1000 praesbyteri.
1179 955 1197 977 ν
1241 930 1410 986 Miror
1432 931 1664 987 cl.Fon-

47 1015 360 1084 taninium,
391 1017 644 1089 quamvis
675 1019 824 1075 hunc
846 1020 1091 1076 codicem
1124 1021 1373 1090 vidisset,
1412 1021 1559 1078 haud
1587 1030 1664 1078 ta-

44 1123 184 1162 men
236 1107 686 1164 animadvertisse
731 1109 990 1165 Ruﬁnum
1035 1118 1286 1168 sanctum
1335 1113 1597 1184 appellari
1644 1131 1658 1181 ;

44 1197 205 1270 quod
267 1195 488 1270 quidem
536 1199 672 1255 alias
710 1207 950 1256 notasset
995 1202 1052 1256 in
1095 1201 1235 1256 ﬁnae
1266 1219 1376 1258 suae
1407 1201 1661 1258 Historiae

42 1283 452 1358 Aquileiensis,
502 1285 661 1358 cujus
701 1286 758 1342 in
793 1297 1069 1360 postremo
1107 1290 1446 1362 paragrapho
1476 1290 1662 1347 Ruﬁni

43 1375 252 1432 laudes
306 1377 600 1446 recensuit,
656 1386 710 1434 et
763 1379 830 1435 de
881 1379 980 1435 illo
1029 1387 1090 1434 ut
1119 1379 1187 1436 de
1213 1388 1407 1438 sancto
1447 1381 1662 1438 monuit

41 1466 397 1538 scripturum
427 1465 546 1523 fore
577 1467 929 1524 Bollandum.
973 1469 1207 1524 Demum
1238 1468 1338 1525 fol.
1363 1468 1466 1525 200
1491 1478 1658 1538 recto,

41 1576 259 1628 Lxxm,
309 1567 389 1616 est
431 1574 633 1628 sermo,
678 1559 772 1632 qui
821 1558 1183 1616 inscribitur:
1249 1584 1266 1607 ι
1293 1560 1448 1632 Iucp.
1482 1576 1661 1616 sermo

40 1648 233 1704 sancti
267 1648 559 1720 Augustini
580 1648 648 1704 de
665 1649 1117 1707 resurrectione.»
1150 1649 1310 1706 Hunc
1329 1665 1660 1716 sermonem,

39 1739 150 1811 qui
201 1739 338 1796 olim
369 1740 513 1796 inter
541 1739 596 1796 S.
627 1739 905 1812 Fulgentii
925 1740 1127 1813 scripta
1156 1739 1659 1808 recensebatur,Be-

39 1829 326 1888 nedictini
385 1829 623 1888 editores
666 1849 816 1906 oper.
867 1831 922 1888 S.
953 1831 1251 1904 Augustini
1281 1831 1448 1903 hujus
1481 1831 1652 1888 nostri
1686 1853 1732 1914 Β

37 1929 97 1976 et
133 1919 364 1978 alterius
392 1921 600 1979 codicis
617 1921 944 1978 auctoritate
966 1919 1148 1976 innixi
1168 1920 1458 1993 Fulgentio
1486 1919 1654 1993 abju-

36 2010 333 2081 dicaruut,
391 2019 445 2068 et
473 2013 619 2069 inter
650 2012 917 2086 genuinos
948 2013 1092 2070 fetus
1122 2012 1420 2085 Augustini
1450 2014 1655 2088 vulga-

40 2109 188 2160 runt
234 2109 374 2160 tom.
406 2103 475 2171 V,
507 2111 648 2176 part.
681 2121 720 2173 ι,
751 2105 859 2161 col.
893 2103 1049 2160 1024.
1081 2104 1183 2161 Hic
1210 2121 1388 2162 sermo
1427 2122 1654 2164 mancus

38 2200 128 2250 est
176 2192 239 2248 in
287 2191 498 2261 codice,
543 2192 638 2266 qui
680 2192 892 2250 duabus
923 2193 1150 2266 integris
1175 2195 1400 2266 pagellis
1423 2197 1654 2254 mutilus

43 2291 159 2352 est,
197 2280 406 2355 quibus
448 2298 559 2338 non
602 2281 765 2338 modo
807 2281 976 2355 hujus
1028 2285 1301 2340 sermonis
1334 2285 1517 2341 amisit
1546 2303 1652 2358 po-

38 2381 259 2431 strema
286 2370 474 2441 verba,
508 2388 700 2429 verum
727 2372 894 2428 etiam
923 2373 1147 2429 alterius
1176 2371 1418 2444 ejusdem
1449 2374 1504 2431 S.
1529 2375 1654 2430 Au-

40 2465 266 2540 gustini
323 2465 616 2535 sermonis,
673 2465 768 2539 qui
817 2465 991 2522 nostri
1021 2465 1228 2522 codicis
1255 2472 1396 2522 esset
1430 2483 1650 2537 Lxxnu,

41 2574 280 2634 prorsus
310 2557 440 2614 fecit
464 2555 923 2630 jacturam,cujus
951 2557 1150 2613 titulus
1173 2557 1354 2613 adhuc
1383 2557 1442 2612 in
1471 2557 1654 2614 indice

40 2652 150 2708 fol.
178 2649 282 2707 129
320 2658 496 2715 recto,
528 2648 607 2705 sic
637 2648 872 2721 legitur:
931 2649 1102 2704 «Item
1126 2647 1370 2720 ejusdem
1390 2648 1450 2704 in
1479 2649 1654 2721 capite

42 2741 187 2798 libri
221 2756 399 2796 sermo
429 2738 496 2795 de
535 2739 809 2796 uersiculo
839 2739 1036 2812 psalmi
1068 2737 1383 2795 undecimi:
1425 2739 1522 2808 Tu,
1548 2740 1654 2794 Do-

41 2833 214 2900 mine,
247 2829 482 2886 seruabis
510 2845 624 2898 nos,
654 2835 701 2885 et
729 2830 982 2887 custodies
1007 2846 1103 2885 nos
1131 2848 1164 2886 a
1192 2828 1522 2903 generatione
1552 2828 1656 2884 ista

53 2940 228 2995 usque
257 2923 311 2977 in
340 2930 628 2980 aeternum.
659 2949 678 2973 ι

125 3014 207 3070 IX
216 3057 229 3069 .
241 3012 565 3082 Coniectura:
577 3015 638 3070 de
651 3013 852 3071 Ambro
882 3014 1156 3072 sianorum
1169 3029 1465 3071 sermonum
1485 3019 1580 3069 tela
1589 3017 1651 3082 te,

47 3111 96 3160 et
126 3111 358 3176 tempore
394 3122 496 3176 quo
533 3105 698 3161 habiti
749 3113 888 3162 sunt.
931 3138 1003 3148 —
1040 3106 1146 3163 Sed
1175 3107 1340 3162 misso
1369 3104 1557 3162 codice
1586 3102 1654 3159 ad

47 3194 457 3254 Ambrosianos
479 3210 760 3252 sermones
790 3197 1131 3254 redeundum
1180 3203 1280 3252 est.
1322 3193 1466 3252 Fieri
1505 3193 1653 3249 enim
1687 3231 1732 3292 ϐ

49 3303 172 3344 non
201 3293 382 3358 potest
412 3293 472 3341 ut
513 3285 581 3342 ab
611 3287 725 3344 illis
754 3289 1028 3357 recedam,
1059 3288 1385 3360 priusquam
1415 3285 1481 3340 de
1514 3291 1661 3339 tem-

48 3391 211 3450 pore,
257 3391 366 3449 quo
387 3374 562 3432 habiti
593 3386 744 3447 sunt,
777 3378 1136 3451 quazstionem
1162 3378 1354 3433 saltem
1397 3374 1661 3446 attingam

47 3466 228 3523 Porro
267 3465 380 3538 jam
409 3475 630 3524 auctore
665 3469 908 3540 cognito,
940 3484 1256 3524 sermonum
1286 3481 1503 3540 quoque
1535 3470 1663 3520 aztas

49 3562 344 3628 comperta
375 3563 474 3613 est.
511 3556 891 3615 Nihilominus
919 3558 986 3614 de
1004 3575 1149 3614 anno
1180 3574 1288 3630 quo
1317 3555 1491 3611 habiti
1511 3562 1659 3623 sunt,

51 3644 205 3700 nihil
267 3645 404 3701 certi
450 3645 660 3704 habeo:
695 3655 749 3704 et
773 3647 820 3704 si
848 3647 983 3722 quid
1020 3645 1378 3720 conjecturis,
1431 3659 1660 3718 quarum

53 3741 248 3790 tamen
280 3732 558 3806 judicium
593 3736 874 3811 integrum
900 3739 1028 3794 volo
1055 3753 1169 3794 esse
1197 3753 1362 3809 penes
1382 3735 1659 3803 lectorem,

57 3824 228 3881 liceat
277 3823 585 3898 indulgere,
638 3825 767 3882 illos
797 3843 942 3883 anno
974 3827 1078 3884 389
1116 3825 1265 3882 haud
1294 3825 1470 3881 multo
1509 3822 1665 3879 anti-

57 3913 286 3987 quiores
323 3915 580 3972 arbitror.
629 3915 766 3974 Cum
799 3918 948 3974 enim
981 3919 1038 3973 in
1069 3915 1274 3974 eisdem
1305 3914 1512 3972 mentio
1543 3921 1662 3969 tum

55 4005 424 4063 ecclesiastici
480 4014 695 4076 cautus,
746 4023 873 4064 cum
922 4008 1284 4080 psalmorum,
1324 4004 1662 4079 hymnorum

58 4102 113 4151 et
145 4095 494 4167 vigiliarum,
516 4112 679 4169 quam
709 4095 1062 4170 disciplinam
1092 4094 1390 4158 Mediolani
1431 4095 1487 4153 S.
1519 4095 1666 4151 Am—

56 4182 284 4238 brosius
305 4199 449 4239 anno
476 4184 580 4240 386
609 4184 829 4242 circiter
867 4185 1204 4255 instituerat,
1236 4201 1337 4243 nec
1367 4185 1534 4241 semel
1565 4200 1668 4241 nec

58 4273 295 4330 obscure
334 4272 428 4328 ﬁat
493 4274 612 4346 (a);
659 4283 785 4332 ante
838 4274 982 4331 illud
1010 4285 1226 4347 tempus
1255 4275 1356 4331 hos
1383 4292 1666 4332 sermones

59 4365 300 4437 scriptos
328 4365 520 4434 fuisse,
553 4365 850 4424 dicendum
873 4383 986 4422 non
1007 4367 1187 4423 est.Et
1205 4366 1324 4423 haec
1351 4365 1667 4438 conjectura

60 4454 192 4511 inde
217 4455 470 4512 fortassis
499 4456 817 4512 conﬁrmari
849 4464 1048 4529 potest,
1081 4456 1232 4530 quod
1262 4457 1320 4512 in
1351 4457 1515 4513 tertio
1543 4473 1667 4512 ser-

62 4561 228 4602 mone
257 4547 433 4602 multa
459 4545 912 4620 habeantur,qua3
940 4555 1001 4604 ut
1035 4547 1169 4602 alibi
1199 4554 1528 4619 prmnotasse
1559 4563 1667 4603 me-

1773 566 2069 625 bus.Enim
2099 585 2232 627 vero
2260 568 2408 644 quod
2436 569 2574 629 dicit
2602 571 2783 644 primo
2807 588 3076 646 sermone,
3098 591 3190 633 eos
3216 576 3368 634 allo-

1775 657 1890 730 qui,
1925 657 2020 732 qui
2066 660 2179 716 Deo
2229 659 2346 733 ipsa
2385 659 2697 719 devotionis
2727 663 3064 736 professione
3084 663 3198 737 jam
3227 681 3367 739 pro-

1773 746 1913 802 ximi
1940 747 2184 820 deputati
2216 756 2346 805 sunt
2369 751 2508 807 oculo
2541 750 2649 822 (b);
2681 760 2735 807 et
2762 752 2963 809 clarius
2991 752 3050 809 in
3078 753 3365 828 tertio,qui

1775 832 1991 904 pompis
2011 841 2065 889 et
2086 834 2280 890 mundi
2301 835 2682 892 voluntatibus
2709 835 2958 908 abjectis,
2989 838 3204 896 meliori
3235 855 3366 897 cou-

1774 940 1940 980 cursu
1968 924 2037 981 ad
2065 927 2266 983 coelum
2291 929 2586 985 transitum
2608 929 2868 1000 fecerant,
2891 931 3095 1004 quique
3123 931 3192 988 ab
3212 933 3366 988 omni

1773 1013 1911 1072 facie
1934 1016 2281 1088 contagionis
2310 1018 2550 1092 antiquae
2578 1036 2674 1092 per
2703 1021 3169 1093 regenerationem
3208 1022 3366 1079 salu-

1773 1105 1906 1161 taris
1935 1107 2137 1165 lavacri
2168 1110 2465 1180 purgati,et
2492 1127 2588 1183 per
2603 1111 2936 1184 baptismum
2967 1112 3171 1170 mortui
3201 1119 3367 1170 nata-

1772 1195 1919 1253 libus
1936 1198 2434 1267 mundi,uobilitati
2449 1217 2544 1274 per
2572 1202 2800 1275 gratiam
2818 1203 2934 1260 uati
2954 1212 3084 1261 sunt
3103 1204 3242 1261 coelo
3265 1204 3360 1277 (c):

1773 1285 1829 1341 id
1851 1287 2073 1360 quidem
2097 1287 2406 1361 signiﬁcare
2425 1289 2666 1357 videtur,
2698 1291 2866 1349 verba
2893 1293 2962 1350 ad
2989 1292 3202 1366 plebem
3221 1292 3362 1362 ﬁeri,

1771 1391 1892 1448 quae
1943 1374 2057 1448 jam
2116 1377 2407 1451 baptisma,
2463 1379 2532 1436 ad
2579 1380 2727 1454 quod
2785 1381 3009 1438 nonnisi
3064 1381 3124 1438 in
3170 1383 3366 1455 pervi-

1772 1466 1903 1540 gilio
1950 1469 2170 1526 Paschae
2217 1471 2639 1543 admittebatur,
2688 1484 2984 1550 receperat.
3031 1475 3152 1534 Huc
3197 1476 3362 1539 etiam

1769 1556 1897 1612 addi
1927 1566 2124 1630 potest,
2157 1559 2274 1618 illic
2315 1561 2370 1618 S.
2404 1561 2685 1620 doctorem
2713 1563 2782 1621 de
2811 1565 3077 1622 iueﬂ'abili
3105 1566 3364 1623 Incarua-

1769 1646 1940 1704 tionis
1979 1651 2246 1723 mysterio
2283 1653 2589 1710 clarissime
2625 1655 2777 1728 loqui
2801 1655 3059 1730 (d),quod
3079 1656 3364 1715 studiosis-

1768 1737 1906 1793 sime
1952 1746 2088 1797 tunc
2117 1741 2382 1813 temporis
2411 1742 2658 1799 nondum
2687 1742 2977 1816 baptizatis
2995 1745 3250 1804 celabaut
3269 1763 3362 1803 au-

1768 1825 1968 1883 tistites
1993 1845 2006 1895 ;
2048 1828 2326 1902 simulque
2355 1831 2621 1903 explicari
2659 1834 2866 1906 accepti
2891 1832 3005 1906 jam
3036 1837 3361 1892 sacramenti

1766 1914 2112 1990 baptismatis
2138 1918 2364 1976 effectus
2397 1921 2468 1994 (e)
2495 1939 2508 1988 ;
2542 1931 2706 1995 atque
2733 1922 3018 1982 auditores
3042 1923 3274 1994 hortari,
3295 1940 3362 1981 ne

1765 2023 1891 2064 cum
1921 2008 2142 2077 saeculo,
2169 2007 2260 2066 cui
2290 2009 2350 2065 in
2380 2007 2470 2066 die
2501 2010 2918 2084 redemptionis,
2947 2012 3006 2070 id
3047 2020 3130 2070 est
3157 2013 3362 2087 baptis-

1766 2097 1950 2167 matis,
1992 2114 2101 2171 quo
2144 2099 2453 2173 consignati
2495 2100 2713 2158 fuerant
2742 2101 2974 2175 Spiritui
3011 2111 3219 2172 sancto,
3241 2105 3362 2162 vale

1765 2187 2040 2258 dixerant,
2098 2189 2270 2246 ullam
2327 2190 2386 2246 in
2434 2198 2716 2265 posterum
2768 2193 3084 2252 societatem
3127 2194 3356 2265 inirent,

1765 2279 1894 2352 quia
1921 2288 2162 2338 veterem
2186 2281 2470 2340 hominem
2491 2285 2710 2356 spoliati
2741 2292 2795 2341 et
2833 2284 3053 2343 Christo
3084 2301 3356 2344 commor-

1767 2369 1869 2436 tui,
1927 2385 1990 2425 eo
2037 2370 2249 2427 scilicet
2293 2371 2383 2428 die
2440 2389 2647 2429 novum
2679 2372 2960 2430 hominem
2991 2375 3194 2444 induti,
3234 2392 3361 2433 cum

1765 2456 1884 2528 ipso
1915 2457 2230 2514 revixerant
2258 2459 2580 2531 (f).Verum
2601 2461 2648 2516 si
2669 2463 2792 2535 quis
2823 2461 2879 2518 id
2910 2479 3020 2520 non
3058 2465 3190 2521 satis
3217 2466 3363 2523 clare

1764 2564 1833 2602 ex
1869 2547 2072 2620 prioris
2112 2549 2384 2604 sermonis
2408 2557 2674 2606 contextu
2709 2550 2890 2608 evinci
2918 2560 3093 2624 putat,
3121 2569 3186 2610 eo
3215 2553 3363 2626 quod

1764 2641 1936 2696 relata
1981 2639 2148 2696 verba
2189 2641 2256 2697 ad
2287 2643 2709 2700 catechumenos
2739 2653 2793 2701 et
2820 2653 3189 2718 competentes
3216 2664 3364 2704 com-

1767 2729 1926 2786 mode
1955 2730 2147 2786 referri
2179 2741 2401 2804 queant,
2434 2733 2484 2790 ei
2514 2751 2624 2790 non
2657 2733 2956 2804 obsistam;
2989 2744 3041 2792 et
3071 2736 3117 2793 si
3162 2737 3220 2792 in
3260 2737 3364 2794 hac

1765 2821 2038 2877 sententia
2067 2823 2308 2893 primum
2341 2840 2651 2882 sermonem
2681 2842 2744 2883 ac
2783 2828 3018 2883 alterum
3057 2827 3125 2883 ad
3166 2843 3364 2900 praece-

1766 2910 1987 2967 dentem
2037 2910 2554 2986 Quadragesimam;
2611 2933 2718 2990 qua
2760 2916 3083 2989 quotidiano
3111 2933 3362 2990 sermone

1765 3002 2189 3060 catechumenos
2235 3010 2289 3060 et
2334 3013 2704 3078 competentes
2743 3006 2973 3064 docebat
3013 2989 3360 3077 Ambrosius,

1765 3093 2043 3150 remittere
2093 3093 2270 3163 malit,
2319 3111 2430 3150 non
2457 3097 2796 3168 repugnabo.
2838 3097 2993 3153 Haud
3024 3112 3111 3153 me
3145 3097 3277 3152 latet
3299 3096 3355 3154 S.

1769 3184 2126 3240 Ambrosium
2157 3183 2514 3256 baptizandos
2543 3185 2611 3240 ad
2649 3185 2992 3242 terrestrium
3019 3202 3201 3242 rerum
3231 3202 3358 3242 cou-

1771 3280 2041 3346 temptum
2095 3273 2369 3346 praecipue
2420 3273 2770 3330 adhortatum
2819 3275 3024 3332 fuisse:
3075 3275 3171 3330 sed
3207 3291 3360 3348 aeque

1771 3364 1906 3432 scio,
1931 3364 2056 3420 illos
2085 3371 2208 3436 post
2236 3372 2547 3437 susceptum
2577 3365 2922 3438 baptismain
2954 3364 3145 3422 iisdem
3186 3381 3362 3421 mora-

1773 3452 1920 3510 libus
1948 3454 2380 3527 praceptis,quaa
2397 3470 2452 3510 se
2469 3455 2701 3512 docente
2717 3453 2834 3527 jam
2856 3454 3183 3523 didicerant,
3202 3454 3365 3512 novis

1773 3545 2135 3602 concionibus
2171 3546 2544 3604 conﬁrmasse.
2598 3547 2851 3604 Profecto
2891 3563 3188 3615 sermones,
3231 3547 3367 3620 qui-

1773 3636 1876 3692 bus
1917 3643 2171 3694 constaut
2219 3635 2350 3694 libri
2401 3635 2463 3692 de
2509 3637 2662 3708 Fuga
2713 3635 2912 3706 sceculi,
2965 3643 3019 3693 et
3047 3636 3108 3693 de
3135 3637 3293 3692 Jacob
3319 3641 3368 3692 et

1783 3725 1900 3785 Vita
1927 3725 2096 3795 beata,
2131 3725 2226 3782 ubi
2262 3725 2611 3799 potissimum
2647 3725 2717 3783 de
2758 3723 2924 3799 hujus
2967 3725 3163 3783 mundi
3205 3725 3368 3783 rebus

1773 3814 2097 3872 abdicandis
2129 3815 2329 3888 agitur,
2361 3815 2432 3872 ad
2461 3831 2651 3873 recens
2686 3815 2990 3889 baptizatos
3015 3814 3211 3871 habuit
3237 3814 3367 3870 Am-

1773 3907 2010 3978 brosius,
2041 3917 2104 3965 ut
2127 3909 2260 3966 scite
2285 3907 2489 3965 eruditi
2515 3907 2753 3966 Maurini
2782 3907 3160 3964 demonstrant
3191 3905 3292 3979 (g).

1847 4001 1920 4058 Χ.
1955 4002 2034 4058 De
2061 4002 2253 4056 horum
2279 4016 2581 4056 sermonum
2609 3999 2947 4055 doctrina.—
2976 3997 3097 4054 Non
3127 4003 3208 4054 est
3235 4011 3368 4053 vero

1775 4091 1996 4164 cur,qui
2028 4107 2178 4148 nunc
2206 4090 2501 4163 prodeunt,
2525 4104 2805 4146 sermones
2825 4087 3076 4156 laudem;
3119 4087 3367 4160 namipsi

1775 4199 1854 4251 se,
1883 4189 1946 4238 ut
1982 4197 2245 4254 auguror,
2277 4179 2510 4236 eruditis
2530 4177 2744 4252 piisque
2772 4177 3068 4235 lectoribus
3091 4195 3367 4236 commen-

1776 4271 2012 4328 dabunt.
2046 4269 2205 4339 Quod
2233 4277 2417 4326 autem
2448 4269 2506 4325 in
2549 4285 2737 4326 eorum
2758 4269 3064 4342 praesertim
3096 4268 3275 4342 primo
3304 4284 3368 4326 ac

1776 4359 2018 4418 secundo
2039 4359 2365 4417 Ambrosius
2385 4359 2720 4433 evangelicis
2749 4358 2932 4417 verbis
2951 4359 3162 4428 doceat,
3213 4358 3369 4417 Chri-

1777 4452 2082 4508 stiauorum
2129 4466 2245 4507 esse
2283 4449 2472 4506 omnia
2510 4465 2610 4507 sua
2644 4449 2790 4506 bona
2826 4449 3157 4522 relinquere,
3189 4455 3242 4503 et
3271 4465 3369 4520 pro

1780 4539 2003 4599 Christo
2048 4539 2381 4614 pauperibus
2413 4539 2772 4608 distribuere,
2806 4547 2968 4612 atque
2997 4554 3112 4594 sese
3143 4552 3370 4609 prorsus

63 4635 228 4705 mini,
263 4635 614 4694 diﬂicillimis
641 4637 870 4695 Iustinae
896 4638 1294 4711 persecutionis
1329 4638 1670 4711 temporibus
1701 4607 1750 4668 D
1781 4630 1985 4686 dit/i028
2029 4629 2390 4703 pl'OVidentiEB
2419 4628 2784 4696 committere;
2824 4643 2935 4682 non
2965 4625 3043 4682 ita
3061 4624 3250 4682 εῑτίοῖθ

62 4727 312 4799 apprime
339 4729 638 4784 convenire
666 4728 930 4785 videntur
957 4748 970 4797 ;
1016 4744 1137 4800 quae
1169 4729 1386 4802 quidem
1421 4729 1666 4785 Ariano-

71 4831 198 4871 rum
250 4816 530 4889 impunita
581 4818 805 4875 vexatio
853 4835 1162 4890 compressa
1200 4826 1280 4874 est
1305 4826 1430 4874 ante
1459 4835 1665 4875 annum

65 4906 171 4963 389
211 4924 322 4981 quo
352 4908 782 4965 Valentinianus
814 4908 1011 4965 Iunior
1037 4925 1148 4965 uua
1180 4926 1306 4965 cum
1337 4908 1664 4978 Theodosio,

62 4997 348 5055 exstincto
362 4998 610 5055 Maximo
631 4997 1269 5072 tyranno,Mediolanum
1291 5014 1543 5054 reversus
1565 5005 1666 5054 est.

63 5086 222 5154 Quod
276 5096 460 5145 autem
509 5089 569 5145 hi
617 5099 726 5147 tres
773 5105 1052 5146 sermones
1091 5088 1280 5145 eodem
1319 5103 1464 5144 anno
1492 5085 1670 5144 habiti

67 5177 200 5246 sint,
252 5193 323 5234 ex
363 5195 555 5236 eorum
610 5197 759 5237 nexu
803 5179 1262 5254 colligationeque
1293 5183 1460 5251 patet.
1491 5176 1672 5244 Quoto

69 5282 199 5323 vero
221 5267 358 5322 anui
388 5271 624 5342 tempori
656 5270 828 5328 iidem
855 5271 940 5328 illi
971 5268 1291 5343 assignandi
1321 5268 1456 5336 sint,
1496 5268 1672 5322 multo

66 5356 308 5414 minoris
357 5357 705 5419 difﬁcultatis
743 5378 830 5420 res
859 5370 959 5420 est.
991 5361 1246 5420 Dubitari
1274 5358 1423 5416 enim
1449 5357 1548 5415 vix
1581 5374 1673 5430 po‘

163 5521 223 5601 ᾳ)
256 5523 438 5601 Serm.
465 5525 583 5601 ᾖ,ᾼὲ
609 5527 662 5595 5,
694 5535 748 5584 et
777 5528 952 5585 Serm.
986 5529 1092 5601 3,§
1125 5529 1211 5585 H.

164 5596 220 5664 ὁ)
256 5594 426 5663 Ibid.,
462 5594 568 5664 ξιξ

160 5665 226 5813 f2)
252 5667 434 5806 iiii;
633 5670 854 5800 44331?
889 5673 973 5730 ω’

398 5836 641 5896 Ρλτῃοι.
685 5839 861 5898 XVII.

1777 4718 2136 4791 telligendum
2169 4727 2270 4788 est,
2302 4736 2364 4776 ac
2405 4719 2451 4774 si
2489 4723 2829 4792 praeceptum
2869 4712 3011 4769 illud
3030 4713 3234 4785 absque
3262 4710 3371 4767 dis-

1777 4808 1981 4881 pendio
2009 4817 2228 4866 aeternae
2247 4808 2442 4864 salutis
2463 4823 2494 4862 a
2513 4805 2711 4879 quovis
2725 4802 2994 4876 praeteriri
3024 4817 3138 4858 non
3177 4799 3368 4873 possit;

1781 4899 1874 4955 sed
1906 4898 1974 4954 ab
2002 4913 2067 4954 eo
2098 4896 2381 4954 observari
2402 4903 2457 4951 et
2489 4892 2782 4966 adimpleri
2809 4891 2951 4947 illud
2971 4889 3194 4963 quidem
3217 4906 3372 4963 opor-

1781 4995 1914 5058 tere,
1962 4987 2056 5060 qui
2085 4987 2153 5043 ad
2183 5001 2500 5059 supremum
2549 4982 2778 5056 gradum
2815 4981 3142 5053 evangelicae
3171 4980 3376 5054 perfec-

1779 5077 1950 5134 tionis
1968 5075 2254 5150 pervenire
2273 5073 2588 5133 contendat.
2621 5072 2872 5130 Profecto
2891 5067 3378 5144 nullus,quidquid

1780 5173 2105 5233 beterodoxi
2151 5173 2416 5230 neoterici
2459 5171 2750 5241 blaterent,
2790 5170 2934 5227 hanc
2962 5168 3378 5228 distinctionem

1783 5263 2302 5338 autiquissimam,et
2323 5261 2764 5321 inAmbrosianis
2783 5260 3004 5334 scriptis
3020 5259 3381 5334 reperiri,ibit

1784 5364 2021 5436 inﬁcias,
2053 5363 2150 5439 qui
2171 5365 2364 5423 saltem
2393 5363 2584 5439 legerit
2609 5379 2728 5439 cap.
2759 5361 2849 5436 11,
2879 5361 2980 5420 lib.
3005 5377 3024 5418 ι
3049 5361 3117 5419 de
3147 5358 3378 5428 Ofﬁciis,

1859 5527 1940 5670 i?)
1956 5526 2228 5670 ‘i’ﬁ?.it,%§§
2243 5527 2484 5660 θηξῖξαὲθε

1920 5600 1940 5743 ζ
1979 5599 2228 5673 Ibid.,§§
2269 5601 2432 5658 modo
2459 5601 2611 5660 citat.

1973 5673 2035 5728 In
2068 5671 2497 5733 admonitionib.
2531 5690 2611 5743 pri

1863 5671 1940 5743 (9)
1973 5673 2035 5728 In
2068 5671 2497 5733 admenitiouib.
2531 5672 2774 5748 praeviis.
