3880 6198
380 246 484 304 787

1375 247 1471 302 AD
1501 246 1734 303 OPERA
1783 245 1837 302 S.
1882 245 2127 303 AMBRO
2144 245 2229 302 SII
2266 245 2648 302 APPENDIX.

3616 248 3735 304 788

378 360 496 431 tem
521 371 582 430 iu
611 371 847 430 Domino
874 372 1157 443 exultabo,
1186 383 1241 430 et
1290 374 1542 447 gaudebo
1577 374 1635 429 in
1665 375 1778 429 Deo
1799 366 1975 428 'salu-
2000 376 2051 434 Α
2086 374 2229 429 fures
2257 372 2549 441 effodiunt,
2584 381 2638 429 et
2689 373 2948 428 furantur
2971 375 3015 428 ⁵.
3068 373 3466 431 Thesaurizate
3523 382 3729 431 autem

384 464 492 522 tari
520 478 645 519 meo
668 465 686 499 ¹
716 462 879 536 (Hab.
911 480 997 532 111,
1040 464 1127 532 17,
1157 462 1272 538 18).
1315 486 1333 512 ο
1407 464 1620 520 Gaudet
1662 460 1877 536 semper
1932 471 1988 519 et

386 554 624 611 laetatur
652 555 710 610 in
735 553 1000 621 Domino,
1022 554 1117 626 qui
1140 554 1451 610 mundanae
1472 542 1986 632 possessionis-one-

387 644 545 700 ribus
576 642 827 711 abiectis,
858 644 947 698 uel
980 643 1162 713 potius
1192 643 1249 697 in
1284 642 1513 699 fratrum
1547 640 1982 714 inopia'praero-

383 732 544 805 gatis,
573 748 676 788 nec
724 730 1151 797 inminentibus,
1210 746 1311 785 nec
1367 730 1753 802 praesentibus
1794 731 1985 803 plagis

385 818 834 892 praestringitur.
867 820 990 874 Non
1024 833 1150 873 eum
1181 818 1397 874 exactio
1427 818 1981 875 tributaria‘necessi-

386 911 519 966 tatis
549 908 793 980 inpulsat
816 906 859 974 ί,
892 922 1005 961 non
1036 908 1399 979 possessionis
1445 914 1578 965 aru'a
1620 908 1937 980 squalentia
1956 919 1982 946 ι

384 1014 499 1053 ιιοιι
534 996 758 1052 arbusta
815 995 1092 1051 cultorum
1135 995 1445 1052 desertione
1492 992 1806 1052 deformia»:
1868 1012 1982 1052 non

384 1102 511 1141 eum
542 1084 808 1140 sollicitat
839 1100 1002 1140 saeua
1033 1084 1317 1156 grandinis
1346 1084 1537 1141 caedes
1552 1084 1591 1153 ",
1616 1101 1727 1140 non
1757 1083 1982 1141 ubertas

384 1175 651 1231 imbrium
690 1173 856 1244 longa
888 1173 1183 1229 serenitate
1218 1189 1499 1244 suspensa,
1532 1190 1642 1228 non
1675 1181 1984 1246 tempesta-

385 1274 504 1321 tum
534 1262 770 1319 uastitas
790 1260 979 1318 crebra
1004 1262 1025 1297 ³
1053 1279 1064 1318 :
1091 1278 1203 1317 non
1232 1261 1393 1317 ruina
1410 1270 1701 1331 tectorum,
1718 1279 1831 1318 non
1854 1280 1980 1319 con-

384 1353 581 1410 ciditio
605 1350 989 1424 lanquentium
1020 1367 1083 1408 ac
1111 1352 1445 1407 merentium
1473 1353 1853 1431 proximorum
1876 1354 1981 1409 sol-

388 1443 622 1500 licitudo
648 1440 967 1510 discruciat,
998 1456 1111 1499 non
1141 1458 1426 1497 seruorum
1446 1443 1595 1513 fuga,
1617 1460 1729 1500 non
1746 1443 1979 1501 furtum.

459 1532 557 1589 VI.
592 1532 655 1587 In
689 1538 813 1588 tuto
841 1539 990 1598 sunt,
1013 1532 1204 1587 omnia
1224 1532 1362 1607 quae
1392 1531 1459 1588 ad
1474 1523 1695 1612 caelum
1717 1534 1983 1589 translata

388 1632 517 1681 sunt
532 1625 575 1689 ‘;
600 1623 754 1677 nulla
774 1620 1052 1678 calumnia
1074 1622 1478 1695 inquietantur,
1488 1606 1981 1709 nuﬂalitepdlsan-

2097 463 2257 520 uobis
2284 464 2340 520 in
2358 464 2527 531 caelo,
2558 463 2656 520 ubi
2682 479 2860 535 neque
2887 462 3057 529 tinea,
3082 478 3260 535 neque
3286 480 3502 536 aerugo
3529 473 3728 520 exter-

2095 554 2305 608 minat:
2336 560 2388 607 et
2418 553 2511 607 ubi
2562 553 2708 608 fures
2736 568 2848 607 non
2901 551 3171 607 effodiunt
3247 560 3302 607 et
3369 553 3724 610 furantur‘.

2096 640 2198 695 Ubi
2224 640 2373 695 enim
2404 639 2569 694 fuerit
2598 639 2886 695 thesaurus
2907 646 3059 707 tuus,
3077 638 3157 694 ibi
3179 638 3285 695 erit
3315 648 3375 694 et
3394 656 3499 696 cor
3519 642 3721 695 tunrn"

2096 728 2309 798 (Matth.
2346 745 2423 795 γι,
2449 729 2534 796 19,
2568 728 2656 795 20,
2698 728 2815 800 21).
2850 752 2868 776 ι
2912 728 3088 783 Huius
3128 728 3412 801 praecepti
3446 730 3725 800 exemplo

2091 821 2369 892 apostolus
2397 820 2597 875 Paulus
2635 817 2989 874 Timotheum
3045 817 3435 875 beatissimum
3491 828 3719 888 monet,

2092 908 2459 981 locupletibus
2488 908 2656 963 huius
2694 908 2899 963 saeculi
2932 908 3428 980 praecipiendum:
3474 917 3541 964 ut
3599 925 3718 965 non

2091 998 2431 1053 extollantur
2463 1012 2661 1068 pompa
2689 995 2989 1063 mundana,
3023 996 3117 1052 sed
3145 996 3492 1053 christianae
3520 998 3719 1053 humi-

2092 1086 2263 1142 litatis
2299 1085 2629 1142 celsitudine
2698 1086 3021 1156 potiantur:
3083 1101 3262 1158 neque
3322 1086 3716 1142 saecularium

2089 1173 2412 1229 diuitiarum
2437 1190 2530 1245 spe
2567 1173 2772 1229 caduca
2822 1173 3112 1242 fallantur,
3170 1175 3266 1230 sed
3311 1175 3652 1230 diuinarum
3686 1176 3713 1211 'l

2090 1262 2516 1334 promissionum
2544 1262 3003 1333 perpetuitatibus
3034 1263 3352 1319 inuitentur
3398 1264 3443 1319 ⁸.
3494 1287 3513 1309 ι
3543 1264 3713 1319 Diui-

2088 1352 2258 1418 tibus,
2293 1352 2496 1424 inquit,
2523 1351 2688 1407 huius
2712 1352 2917 1407 saeculi
2936 1353 3157 1424 pracipe
3185 1369 3299 1408 non
3330 1353 3579 1426 superbe
3609 1370 3713 1409 sa—

2090 1457 2238 1515 pere,
2266 1456 2443 1512 neque
2472 1455 2690 1511 sperare
2721 1440 2778 1495 in
2808 1440 3022 1495 incerto
3063 1440 3393 1497 diuitiarum
3442 1459 3707 1511 suarum,

2090 1530 2184 1587 sed
2214 1530 2272 1584 in
2295 1530 2407 1583 Deo
2436 1527 2592 1595 uiuo,
2622 1527 2719 1599 qui
2742 1536 2980 1600 praestat
3006 1528 3170 1585 nobis
3189 1530 3382 1585 omnia
3407 1531 3711 1587 abundare

2090 1622 2154 1679 ad
2188 1619 2482 1677 fruendum
2504 1622 2549 1688 ⁰,
2581 1619 2944 1688 benefaciant,
2974 1619 3181 1677 diuites
3207 1619 3321 1676 sint
3353 1622 3411 1676 in
3428 1623 3708 1694 operibus

388 1723 498 1780 tur,
522 1712 679 1767 nullo
699 1709 1032 1766 detrimento
1053 1711 1325 1766 saeculari
1339 1710 1814 1784 depereunt,‘qiiae
1833 1712 1983 1768 caelo
2010 1732 2056 1792 B
2089 1710 2272 1779 bonis,
2311 1708 2472 1766 facile
2486 1709 2757 1778 tribuant,
2787 1710 3203 1767 communicent
3221 1712 3290 1780 ιθ,
3314 1711 3705 1769 thesaurizent

386 1801 687 1875 praemissa
706 1808 854 1866 sunt,
878 1814 1017 1871 quae
1038 1801 1150 1856 Deo
1177 1799 1402 1856 custode
1423 1808 1736 1869 seruantur,
1758 1801 1980 1859 dicente

387 1892 628 1950 Domino
661 1892 788 1948 Iaso
822 1889 1065 1947 Cunrsro
1090 1907 1102 1945 :
1144 1913 1162 1938 ι
1192 1890 1375 1947 Nolite
1406 1891 1567 1946 uobis
1597 1890 1834 1948 condere
1860 1890 1977 1946 the-

278 2008 284 2014 -
389 1997 578 2037 sauros
612 1978 669 2033 in
699 1987 867 2047 terra,
898 1978 994 2033 ubi
1017 1978 1166 2034 tinea
1183 1985 1237 2034 et
1265 1995 1466 2050 aerugo
1485 1978 1821 2035 exterminat
1850 1988 1871 2015 °
1892 1996 1907 2046 ;
1927 1986 1983 2035 et

460 2082 483 2107 ⁸
513 2071 594 2125 Ita
620 2067 742 2125 cod.
782 2085 908 2125 cum
941 2067 1106 2123 unica
1138 2068 1174 2139 ι,
1216 2083 1376 2139 quam
1402 2068 1694 2123 lectionem
1726 2068 1981 2122 retinen-

390 2142 516 2197 dam
547 2149 660 2197 este
681 2140 895 2212 putavi,
919 2139 1050 2212 quia
1078 2137 1393 2212 hujusmodi
1424 2139 1714 2212 mihialiaa
1741 2154 1797 2195 se
1826 2139 1983 2195 obtu-

394 2214 578 2268 lerunt
606 2213 662 2266 in
682 2209 953 2281 antiquis;
981 2220 1034 2266 et
1062 2209 1284 2282 optimas
1323 2219 1465 2267 notae
1495 2209 1655 2282 codd.

461 2282 483 2310 ⁵
531 2282 665 2339 Cod.
697 2283 887 2350 caedis,
934 2281 1349 2354 quod’prorsus
1398 2281 1657 2337 mendum
1718 2281 1979 2354 videtur;

393 2370 519 2409 nam
551 2354 730 2407 caedes
745 2370 875 2408 casu
908 2352 1056 2409 recto
1077 2352 1427 2409 scribendum
1452 2369 1569 2408 esse
1588 2369 1780 2408 sensus
1801 2352 1980 2409 docet.

393 2425 624 2482 Vitiosa:
672 2425 903 2480 fortasse
942 2424 1109 2496 hujus
1139 2424 1422 2496 scripturas
1462 2440 1627 2496 causa
1677 2424 1804 2496 fuit,
1837 2423 1985 2496 quod

394 2504 608 2551 veteres
636 2512 993 2551 amanuenses
1023 2495 1300 2552 litteras}:
1351 2496 1450 2551 eti
1492 2495 1983 2551 indiscriminatim

393 2568 753 2639 usurpabant.
788 2567 877 2623 Sic
903 2568 1143 2623 obtinuit
1166 2569 1288 2621 sicel
1319 2584 1415 2639 pro
1443 2574 1589 2634 secet,
1617 2568 1865 2639 Henerva
1888 2582 1985 2638 pro

394 2640 657 2707 Minerva,
692 2647 745 2694 et
801 2641 1059 2709 Magester
1089 2656 1188 2711 pro
1217 2640 1488 2709 Magister,
1520 2646 1649 2705 etc.,
1682 2644 1744 2694 ut
1799 2644 1988 2711 monet

395 2711 757 2785 Fumigallius
786 2712 964 2785 I_nsti_t.
999 2709 1301 2785 Qiplom._t.
1329 2712 1376 2774 Ι.
1406 2728 1458 2785 ρ,
1480 2710 1782 2785 iti,9,_-'pag.
1814 2709 1914 2765 109
1935 2714 1989 2763 et

396 2799 508 2837 sea.

396 2798 508 2853 seq.
544 2798 785 2839 uonsuie
815 2798 961 2837 lana.
997 2798 1277 2837 ciceronis
1305 2798 1430 2837 antu

396 2852 541 2924 apud
572 2853 775 2908 Maium
805 2868 898 2924 pp.
938 2853 1059 2919 107,
1092 2852 1213 2919 123,
1250 2852 1371 2919 134,
1406 2854 1430 2908 1

469 2932 490 2957 ο
519 2924 621 2977 llic
648 2932 702 2977 et
731 2921 874 2977 infra
897 2930 1101 2977 attente
1131 2924 1431 2978 notandum
1466 2923 1694 2978 verbum
1729 2921 1988 2977 extermi-

395 3008 485 3057 no,
533 3007 643 3061 quo
670 3007 885 3061 semper
924 3008 1053 3047 usus
1091 3000 1168 3047 est
1202 2994 1255 3048 S.
1289 2994 1616 3050 Ambrosius
1657 2994 1714 3048 in
1772 2993 1878 3048 hoc
1908 3008 1987 3048 sa-

397 3078 504 3144 crae
531 3062 828 3144 Scriptura:
860 3062 981 3117 loco
1011 3078 1108 3134 pro
1140 3064 1418 3144 demolior,
1452 3064 1895 3144 ut_in.Vulg_at_a:
1926 3072 1988 3119 ut

398 3133 530 3189 hinc
580 3132 843 3206 conjicias
871 3132 1175 3190 sermonem
1208 3135 1357 3191 hunc
1386 3136 1471 3191 vel
1502 3132 1782 3191 Ambrosii
1815 3136 1985 3206 fetum

397 3221 514 3261 esse
543 3205 865 3277 genuinum,
897 3206 983 3260 vel
1017 3207 1208 3262 saltem
1260 3208 1681 3263 Ambrosianam
1740 3205 1986 3261 redolere

398 3284 635 3333 aetatem.
664 3277 957 3351 Siquidem
979 3278 1209 3351 verbum
1261 3278 1400 3334 illud
1459 3278 1660 3351 saeculo
1693 3293 1783 3351 _ve
1830 3292 1985 3332 sacro

398 3355 555 3403 textu
597 3349 872 3419 expunxit
927 3350 981 3405 8.
1048 3350 1247 3405 Hieron
1296 3368 1437 3417 mus,
1504 3349 1663 3421 cujus
1692 3349 1808 3404 haec
1858 3354 1986 3402 sunt

398 3418 566 3473 verba
596 3420 663 3473 ad
691 3420 834 3474 illud
862 3421 1057 3476 Natth.
1092 3438 1172 3476 γι.
1207 3368 1304 3476 1ὄ;
1351 3422 1570 3476 Verbum
1591 3418 1983 3476 exterminant.

397 3418 566 3473 verba
596 3418 834 3474 ad'illud
862 3421 1057 3477 lkiatth.
1092 3438 1172 3488 γι,
1207 3418 1304 3476 16;
1351 3418 1983 3487 γει-ὺηηίεχιθιίιιιιιιιιιῐ,

473 3508 491 3540 ¹
525 3506 948 3585 Ita__Cyprianus
977 3509 1081 3585 loc.
1115 3509 1236 3574 cit.,
1268 3522 1503 3578 quocum
1525 3510 1629 3585 loc.
1654 3507 1867 3585 pariter
1886 3506 1980 3562 cit.

399 3576 762 3644 Augustinus,
793 3576 997 3629 omisso
1026 3583 1207 3631 tamen
1243 3576 1437 3647 etpost
1466 3576 1732 3633 exultatio.

399 3684 421 3724 ἱ-
472 3645 493 3678 ³
526 3643 719 3724 Virum
747 3644 1045 3724 perfectum
1068 3647 1537 3724 nullismundanis
1557 3646 1985 3724 perturbationi-

398 3713 820 3789 bus_exagi_tari,
852 3723 1049 3789 praeter
1078 3716 1193 3789 loca
1216 3733 1388 3789 supra
1414 3713 1603 3789 annot.
1631 3734 1760 3789 pag.
1788 3719 1841 3785 3,
1865 3728 1980 3776 not.

399 3787 434 3843 5
458 3787 602 3867 ((ξοι.
635 3786 767 3867 113,
802 3786 863 3841 n.
892 3788 951 3915 ‘2:
972 3787 1170 3868 passim
1198 3786 1357 3845 docet
1387 3786 1732 3869 Ambrosius,
1771 3799 1824 3844 et
1852 3806 1983 3861 prae-

399 3864 588 3913 sertim
612 3857 707 3913 lib.
744 3876 782 3914 11
812 3858 879 3914 de
956 3875 1047 3913 am
1078 3868 1132 3915 et
1162 3859 1325 3915 Abel.
1350 3861 1407 3915 2.
1430 3860 1504 3915 8:
1535 3859 1633 3915 lib.
1668 3877 1685 3915 1
1720 3860 1787 3915 de
1819 3862 1983 3915 Iacob

398 3857 588 3913 sertim
612 3857 707 3913 lib.
744 3876 782 3914 ιι
812 3858 879 3914 de
911 3857 1047 3915 Cain
1078 3868 1132 3915 et
1162 3859 1325 3926 Abel,
1350 3861 1407 3925 2,
1430 3860 1504 3921 8;
1535 3859 1633 3915 lib.
1668 3877 1685 3915 1
1720 3860 1787 3915 de
1819 3857 1983 3918 Iacob

399 3935 451 3984 et
476 3928 604 4001 Vita
634 3929 811 3998 beata,
838 3930 891 3997 7,
922 3930 1011 3998 32,
1045 3938 1099 3986 et
1127 3930 1182 3998 8,
1215 3931 1304 3997 35,
1359 3948 1420 3987 ac
1452 3930 1547 3986 lib.
1584 3948 1643 3994 11,
1675 3948 1723 3987 c.
1781 3932 1835 3999 6,
1889 3933 1980 4001 28,

397 4006 442 4053 t.
464 4000 511 4063 Ι,
544 4001 600 4055 in
629 4002 764 4125 psal.
800 4019 838 4070 1,
870 4001 959 4069 34,
992 4011 1045 4057 et
1074 4019 1270 4067 cxvm,
1328 4019 1492 4058 serm.
1525 4003 1578 4069 8,
1614 4003 1664 4067 7,
1694 4010 1737 4058 t.
1771 4004 1839 4071 II,
1885 4000 1983 4059 nec

397 4085 508 4124 non
539 4079 579 4125 t.
608 4072 628 4125 I
662 4074 702 4125 I.
732 4072 830 4125 lib.
867 4091 884 4125 1
913 4073 979 4125 de
1011 4073 1194 4125 0fﬁc..
1218 4073 1306 4125 38.
1330 4074 1453 4125 200.
1482 4074 1571 4125 Sic
1593 4075 1983 4125 verolomntur

397 4079 579 4147 non_t.
608 4072 702 4147 III,
732 4072 830 4147 lib.
867 4091 884 4128 1
913 4073 979 4147 de
1011 4073 1194 4141 0fﬁc.,
1218 4073 1306 4147 38,
1320 4074 1453 4147 200,
1476 4074 1571 4147 Sic
1593 4075 1984 4147 veroloquitur

397 4139 726 4214 Ambrosius
754 4143 811 4197 in
840 4145 975 4214 psal.
1010 4139 1249 4207 xxxviii,
1280 4139 1369 4210 27,
1394 4145 1489 4199 ubi
1521 4145 1664 4200 inter
1692 4139 1878 4201 saeculi
1909 4146 1982 4201 in-

397 4210 687 4266 commoda
716 4210 877 4267 etiam
906 4214 1252 4270 tributariam
1284 4217 1627 4271 exactionem
1658 4225 1941 4272 enumerat
1965 4236 1976 4274 :

397 4279 525 4334 Noli
550 4288 770 4361 propter
826 4283 1040 4337 divitias
1087 4303 1225 4361 pane
1250 4288 1575 4361 conturbari,
1634 4288 1860 4343 excitari
1921 4289 1984 4344 de

397 4366 602 4417 somno,
634 4356 861 4422 cogitare
878 4356 1313 4428 quemadmodum
1331 4358 1604 4426 pecuniam
1626 4366 1771 4412 tuam
1790 4376 1979 4428 serves,

588 2783 785 2838 onsule
814 2781 961 2837 laud.
997 2781 1277 2837 CiCeronis
1305 2781 1608 2907 antiquum
1635 2782 1987 2852 interpretem

588 2853 775 2907 daium
809 2868 898 2907 nn.
938 2853 1059 2907 107.
1092 2852 1213 2907 123.
1250 2852 1371 2907 134.
1406 2854 1430 2907 1
1474 2852 1527 2907 4.
1562 2852 1684 2907 147.
1712 2858 1817 2907 etc.

1513 2896 1527 2919 ι
1567 2894 1651 2907 -νυ
1670 2895 1684 2919 ι
1713 2894 1817 2921 νγνο

2087 1801 2191 1857 sibi
2223 1800 2645 1856 fundamentum
2677 1800 2884 1855 bonum
2906 1800 2964 1854 in
2995 1800 3268 1868 futurum,
3291 1809 3357 1856 ut
3387 1801 3700 1874 adprehen-

2088 1889 2220 1946 dant
2250 1890 2269 1915 °
2299 1904 2484 1944 ueram
2515 1889 2687 1945 uitam
2717 1890 2763 1924 ¹¹
2797 1890 2845 1961 (Ι
2881 1888 3017 1944 Tim.
3050 1905 3128 1957 ιγ,
3159 1888 3363 1962 17-19)
3398 1890 3503 1962 (a).
3534 1915 3555 1939 ι

2088 2071 2228 2142 quod
2256 2069 2311 2125 in
2341 2068 2697 2142 ecclesiasticis
2721 2067 3003 2142 scriqturis
3032 2067 3164 2123 uitio
3192 2068 3547 2140 interpretum
3584 2072 3692 2126 tri-

2092 2141 2200 2198 tum
2234 2147 2328 2209 est,
2354 2141 2506 2196 aliud
2533 2143 2700 2196 multo
2726 2141 3045 2212 signiﬁcare,
3075 2157 3236 2210 quam
3281 2142 3446 2212 vulpe
3472 2142 3693 2196 intelli-

2091 2214 2254 2285 gitur,
2284 2212 2733 2285 exter-minantur
2751 2212 2942 2283 quippe
2987 2228 3222 2282 exsuges,
3255 2213 3349 2285 qui
3401 2213 3692 2268 mittuntur

2091 2282 2243 2343 extra
2280 2284 2543 2338 terminos.
2577 2285 2687 2339 Pro
2718 2284 2809 2337 hoc
2842 2282 2984 2353 ergo
3016 2300 3250 2337 sermone
3303 2282 3690 2341 demoliuntur

2092 2372 2293 2425 semper
2346 2355 2587 2425 accipere
2608 2355 2863 2409 debemus.
2896 2356 2977 2410 De
3008 2354 3109 2410 hac
3136 2370 3271 2409 voce
3288 2354 3365 2410 ita
3395 2355 3685 2422 Milliusin

2092 2425 2392 2500 prolegom.
2424 2443 2478 2498 p.
2496 2443 2609 2500 _1.1:__
2631 2426 2731 2482 Sed
2753 2431 2801 2480 et
2821 2425 3027 2500 Latinis
3058 2426 3258 2500 idoneis
3278 2427 3549 2482 vocabulis
3576 2444 3680 2482 an.

2092 2498 2431 2553 numeramus
2460 2498 2725 2564 obsoleta,
2755 2514 2873 2567 quae
2900 2498 3053 2567 vulgo
3083 2498 3331 2553 audiunt.
3360 2499 3492 2565 ρυω
3545 2500 3688 2553 enim

2094 2572 2186 2625 hoc
2241 2570 2448 2623 nomine
2484 2568 2603 2638 jam
2657 2569 2912 2623 vilescunt
2972 2569 3243 2635 vocabula,
3294 2586 3377 2637 ea,
3429 2586 3549 2624 cum
3581 2571 3692 2625 hac

2094 2642 2388 2711 conscripta
2416 2646 2599 2706 essent,
2631 2646 2785 2695 erant
2815 2640 2961 2710 apud
2992 2640 3326 2695 Christianos
3356 2658 3484 2695 usus
3513 2643 3701 2710 quoti—

2095 2713 2271 2767 diani.
2307 2713 2459 2767 Talia
2489 2718 2628 2776 sunt,
2673 2727 2727 2766 γ.
2761 2728 2839 2782 gr.
2874 2711 3252 2767 exterminant
3300 2729 3382 2778 γι,
3454 2712 3542 2778 16,
3606 2712 3695 2779 19,

2096 2783 2235 2853 quod
2272 2783 2331 2836 in
2360 2782 2715 2837 ecclesiasticis
2738 2783 3018 2852 scripturis
3049 2783 3236 2853 tritum
3282 2784 3521 2853 agnoscit
3572 2784 3699 2839 Hie-

2095 2852 2368 2925 ronymus,
2398 2860 2658 2923 utcunque
2678 2854 2813 2925 illud
2842 2853 3118 2925 improbet,
3147 2852 3365 2924 ejusque
3402 2857 3515 2909 loco
3546 2871 3700 2925 repo-

2096 2924 2373 2980 nat’aliud
2400 2927 2566 2980 multo
2592 2924 2865 2979 horridius
2891 2924 3289 2980 demoliuntur.

2169 2997 2194 3032 ἀ
2206 2996 2339 3053 Cod.
2357 2996 2685 3062 diuinorum,
2710 2995 2802 3050 sed
2814 2996 3217 3051 emendandum
3230 2996 3339 3051 fuit
3354 2996 3693 3052 diuinarum.

2171 3069 2189 3093 ‘
2224 3069 2283 3122 In
2314 3067 2540 3139 cod.7ad
2574 3068 2939 3139 praebendam
2966 3068 3125 3139 bona
3142 3066 3367 3138 quidem
3418 3067 3697 3139 scriptura

2094 3155 2228 3210 cum,
2250 3139 2341 3205 ad,
2374 3138 2467 3194 sed
2498 3138 2762 3193 niendosa
2781 3155 2914 3210 cum
2947 3138 3317 3210 diplithongo.
3352 3138 3691 3210 Error'vero

2095 3209 2319 3265 ﬂuxisse
2342 3210 2563 3264 videtur
2590 3226 2659 3264 ex
2688 3209 2828 3281 male
2850 3209 3132 3265 intellecta
3160 3210 3506 3265 notariorum
3525 3209 3688 3281 sigla;

2093 3297 2219 3361 nam
2244 3299 2292 3361 ρ⁸
2309 3281 2638 3361 superducta
2661 3280 2864 3336 lineola
2890 3288 3003 3336 tam
3028 3298 3162 3352 prae
3191 3297 3361 3354 quam
3408 3298 3509 3352 pre
3538 3280 3690 3353 apud

2094 3352 2220 3409 illos
2245 3351 2545 3424 signiﬁcat.

2094 3512 2296 3567 omisso
2309 3517 2502 3579 autem,
2517 3518 2569 3565 et
2580 3508 2769 3565 addito
2783 3510 3053 3564 thesauros
3064 3516 3187 3579 post
3196 3508 3493 3579 vobis,quae
3504 3516 3694 3564 tamen

2094 3599 2203 3638 vox
2234 3581 2950 3653 omittitincit.psal.serm.
2970 3581 3055 3639 12.
3088 3579 3251 3647 2,ubi
3277 3599 3290 3635 :
3316 3579 3405 3634 sed
3429 3580 3691 3653 thesauri-

2094 3660 2211 3709 zate
2242 3654 2381 3708 vobis
2412 3653 2466 3707 in
2494 3650 2651 3708 caelo.‘
2673 3652 2790 3707 Sibi
2821 3651 3093 3722 discrepat
3122 3660 3305 3706 autem
3334 3668 3506 3719 serm,
3547 3650 3601 3717 8,
3633 3651 3688 3720 8,

2093 3726 2188 3782 cit.
2207 3726 2364 3796 psal.,
2380 3724 2625 3779 scribens
2652 3743 2662 3779 :
2680 3725 2767 3778 sed
2782 3726 3081 3779 thesaurum
3094 3724 3240 3777 vobis
3250 3724 3523 3777 conditein
3535 3724 3687 3778 ccelo.

2164 3798 2183 3830 “¹
2216 3795 2563 3851 Adamussim
2599 3794 2749 3851 legit.
2785 3794 2882 3849 lib.
2919 3812 2955 3850 11
2982 3793 3047 3849 de
3077 3793 3244 3851 Iacob
3272 3802 3328 3850 et
3360 3794 3475 3851 Vit.
3501 3794 3682 3851 beata.

2216 3810 2563 3851 Adamusmm
2600 3810 2749 3851 ιθριι.
2785 3810 2882 3849 III).
2919 3812 2955 3850 II
2982 3810 3047 3849 ue
3077 3810 3244 3851 JaCOD
3272 3810 3328 3850 et
3368 3810 3475 3851 γιῑ.
3502 3810 3605 3849 Dea

2171 3813 2180 3830 ι
2216 3813 2563 3851 Adamusmm
2600 3813 2749 3867 legit.
2785 3813 2882 3849 ιιι).
2919 3813 2955 3850 ιι
2982 3813 3047 3849 ue
3077 3813 3244 3851 Jacon
3272 3813 3328 3850 et
3370 3813 3475 3851 γιι.
3502 3813 3682 3862 beata,

2092 3867 2147 3935 5,
2175 3867 2263 3932 23,
2298 3875 2337 3921 t.
2371 3868 2415 3935 Ι,
2450 3874 2503 3922 et
2544 3866 2639 3921 lib.
2681 3884 2699 3921 1
2730 3865 2797 3921 de
2822 3865 2965 3937 Spir.
2999 3882 3172 3932 sanc.,
3205 3867 3411 3937 l._sup.
3445 3865 3543 3920 cit.
3642 3934 3679 3937 ἡ

2167 3939 2187 3971 ⁸
2218 3937 2518 3993 Mundanas
2549 3953 2795 4009 pompas,
2827 3934 2879 3992 et
2920 3937 3229 4009 superbiam
3259 3934 3430 4009 hujus
3491 3934 3683 4009 mundi

2091 4008 2405 4078 frequenter
2436 4010 2491 4065 in
2519 4007 2632 4065 suis
2661 4007 2882 4078 scriptis
2912 4007 3213 4064 detestatur
3244 4007 3598 4074 Ambrosius,
3627 4007 3685 4061 in

2131 4079 2292 4136 uibus
2320 4081 2481 4136 etiam
2514 4097 2654 4151 saepe
2684 4080 2955 4136 divitibus
2987 4079 3360 4134 humilitatem
3403 4094 3685 4151 commen-

2131 4096 2292 4136 lllDllS
2320 4096 2481 4136 etiam
2514 4097 2654 4151 saepe
2684 4096 2955 4136 divmnus
2988 4096 3360 4134 nunuutarem
3403 4096 3685 4133 commen-

2090 4096 2202 4214 dat,
2235 4159 2293 4223 et
2316 4168 2423 4223 prae
2454 4152 2767 4207 coelestibus
2803 4152 3083 4207 terrestria
3138 4166 3300 4223 quam
3358 4167 3458 4223 pro
3504 4149 3685 4223 nihilo

2090 4220 2338 4278 habenda
2369 4224 2480 4278 sint
2500 4223 2570 4277 ob
2600 4224 2789 4278 oculos
2818 4223 2994 4293 ponit,
3033 4240 3082 4277 γ.
3118 4220 3196 4292 gr.
3228 4220 3326 4275 lib.
3349 4220 3419 4276 de
3450 4220 3682 4293 Abrah.,

2089 4293 2156 4348 de
2188 4295 2353 4361 Isaac,
2381 4294 2449 4349 de
2482 4295 2638 4349 Bono
2669 4292 2883 4360 mortis,
2915 4293 3224 4365 praesertim
3249 4308 3407 4363 capp.
3462 4293 3517 4358 5,
3573 4292 3605 4347 6
3633 4301 3686 4346 et

2092 4365 2144 4430 7,
2176 4365 2241 4419 de
2271 4367 2416 4433 Fuga
2444 4365 2627 4420 smculi
2650 4365 2887 4419 maxime
2918 4362 3034 4436 cap.
3070 4365 3095 4420 1
3119 4372 3174 4420 et
3203 4362 3255 4430 4,
3278 4371 3333 4436 At:
3358 4362 3409 4431 1,
3444 4379 3548 4419 nec
3576 4379 3687 4418 non

395 4436 517 4548 Spes
545 4428 661 4475 tuas
688 4438 899 4492 augeas,
932 4424 994 4478 de
1020 4432 1163 4479 nocte
1185 4424 1482 4505 procedere,
1508 4430 1764 4483 excubare
1787 4431 1857 4483 ad
1882 4424 1979 4500 ju-l

432 4508 529 4547 tces
556 4493 801 4548 domum:
835 4501 895 4548 ut
924 4494 1102 4548 aliena
1143 4497 1397 4548 diripias-
1431 4499 1571 4548 litem
1598 4516 1806 4548 movens
1832 4517 1981 4548 παπ-

2104 4424 2148 4490 ui
2180 4424 2420 4507 psalmis,
2452 4444 2506 4491 et
2564 4437 2833 4508 praecipue
2885 4436 2943 4490 in
2976 4424 3360 4503 xxxv111,'36,
3396 4424 3454 4490 et
3513 4450 3685 4489 cxvm

2104 4522 2250 4548 mrm,
2287 4506 2319 4548 ἆ.
2372 4509 2473 4548 95-
2510 4507 2544 4548 K
2603 4507 2669 4548 97
2703 4516 2752 4548 nt
2778 4506 2845 4548 ,16
2899 4514 2922 4548 t
2984 4508 3026 4548 Π

556 4493 801 4575 domum;
835 4501 895 4548 ut
922 4494 1102 4578 aliena
1143 4493 1397 4578 diripias,
1431 4493 1571 4578 litem
1598 4516 1806 4554 moveas
1820 4493 1981 4578 pau-

390 4568 772 4634 peri,verearis
782 4568 1265 4621 exactoremtributi
1281 4586 1438 4623 :vana
1449 4568 1977 4627 estistaconturbatio.

428 4704 439 4709 Δ
469 4634 492 4671 ³
530 4636 857 4709 Ambrosius
883 4638 1251 4708 evangelicam
1279 4639 1667 4709 perfectionem
1715 4650 1984 4699 sectantes

396 4704 477 4763 sic
499 4708 803 4783 alloquitur
814 4710 871 4764 in
886 4704 1361 4783 personaapostoli
1384 4710 1527 4783 Petri
1551 4710 1608 4765 in
1630 4712 1979 4783 psal.cxv111,

394 4792 536 4848 serm
548 4822 559 4834 .
573 4778 641 4845 8,
664 4781 693 4835 7
712 4778 925 4836 :Porlib
951 4787 1041 4835 tua
1052 4798 1158 4835 non
1167 4778 1420 4837 ariditate
1438 4778 1689 4848 siccatur,
1703 4801 1808 4838 non
1818 4778 1983 4840 imbre

394 4847 649 4925 dituitur,
665 4868 772 4905 non
787 4853 988 4923 frigore
1012 4853 1214 4921 uritur,
1235 4870 1340 4908 non
1363 4860 1656 4925 tempestate
1671 4847 1978 4924 quassatur.

467 4920 490 4954 ‘
518 4920 793 5001 Pauperes
819 4920 945 5001 esse
976 4939 1072 5001 per
1100 4920 1430 5001 quos_omne
1458 4920 1709 5001 nostrum
1750 4927 1982 4984 caelesti-

392 4987 498 5068 bus
528 4987 766 5071 infertur
793 4987 1094 5071 thesauris,
1116 4987 1209 5071 seu
1238 4994 1465 5071 in‘ccelo
1492 4997 1813 5071 collocatur,
1843 5015 1984 5071 saepe

396 5061 456 5137 in
485 5061 599 5137 suis
628 5064 848 5137 scriptis
877 5065 1036 5122 docet
1065 5061 1412 5137 Ambrosius,
1451 5076 1505 5123 et
1547 5069 1737 5124 saltem
1769 5061 1979 5126 consu-

390 5130 543 5211 iendi
598 5130 882 5211 s_unf_iib.
928 5137 997 5193 de
1051 5137 1251 5211 Nabut.
1286 5130 1529 5211 Jezrael,
1573 5156 1691 5211 xiv,
1719 5141 1881 5207 58,1.
1934 5142 1976 5208 I,

387 5200 507 5275 lib._
523 5220 565 5259 11
598 5204 666 5261 de
695 5205 895 5272 0fﬁc.;
950 5223 1114 5275 xvm,
1148 5208 1269 5275 140,
1301 5226 1462 5265 serm.
1497 5200 1569 5266 de
1598 5200 1816 5268 Basilici
1869 5200 1979 5268 non

388 5273 627 5350 tra_d_en.,
659 5292 716 5350 ιι.
751 5277 838 5350 33,
871 5294 934 5333 ac
952 5273 1110 5350 epist.
1141 5278 1229 5347 38,
1257 5273 1315 5345 ’7,
1347 5288 1385 5336 t.
1423 5282 1514 5336 III.

461 5346 482 5380 ⁸
505 5346 685 5425 Ιιξξέιά
712 5348 940 5425 verbum
966 5346 1292 5425 Ambrosius
1316 5351 1411 5406 lib.
1445 5369 1463 5405 1
1493 5351 1560 5406 de
1599 5352 1741 5425 Spir.
1801 5370 1974 5421 sanc.,

390 5413 714 5495 i§,_.182,_t.
735 5418 829 5475 IV.
862 5420 924 5474 In
954 5419 1088 5495 psal:
1112 5436 1246 5475 vero
1276 5438 1450 5495 cxv111
1480 5413 1654 5478 serm:
1675 5424 1729 5491 8,
1759 5426 1813 5494 8,
1837 5435 1877 5481 t.
1902 5413 1970 5491 ΙΙΞ

385 5484 562 5561 {alite
633 5484 1115 5561 ihesaurum'vobis
1160 5493 1379 5547 condere
1410 5494 1465 5546 in
1495 5499 1659 5561 terra,
1700 5484 1753 5551 et
1799 5484 1969 5552 serm;

388 5552 492 5638 1.2,.
522 5556 590 5611 2:
624 5558 798 5638 Nolite
828 5557 1189 5638 th'esaurizare
1210 5564 1354 5618 vobis
1375 5564 1432 5618 in
1464 5570 1630 5632 terra,
1644 5552 1742 5620 ubi
1768 5584 1968 5638 wrugo,

383 5628 432 5676 et
453 5628 591 5678 tinea
618 5631 986 5685 exterminant.

455 5695 479 5729 ⁶
502 5693 774 5751 Similiter
792 5698 1116 5757 Ambrosius
1134 5703 1239 5758 l.c.
1264 5703 1332 5758 de
1360 5704 1503 5776 Spir.
1536 5721 1713 5771 sanc.,
1744 5723 1800 5762 ιι.
1818 5707 1966 5776 183.,

2090 4522 2254 4562 serm.
2287 4506 2339 4575 4,
2372 4509 2477 4569 25;
2510 4506 2578 4572 5,
2603 4507 2669 4562 27
2703 4516 2755 4562 et
2778 4506 2864 4573 36,
2899 4514 2941 4562 t.
2982 4508 3051 4562 ll.

2160 4579 2182 4612 θ
2212 4578 2291 4632 Ita
2321 4577 2375 4632 h.
2404 4578 2439 4632 l.
2472 4578 2671 4649 allegat
2707 4586 2853 4649 auct:
2872 4647 2885 4649 Α
2908 4578 3067 4649 epist.
3097 4576 3165 4632 ad
3191 4575 3681 4649 Demetriad.,col,

2087 4647 2175 4714 41,
2235 4646 2768 4720 Augustinus'epist.
2830 4647 2917 4716 30,
2941 4646 2991 4704 't.
3028 4650 3095 4715 II,
3128 4650 3238 4704 col.
3272 4648 3399 4714 383,
3431 4665 3496 4704 ac
3550 4646 3683 4720 alibi

2089 4718 2883 4792 sparsim_,___Chromat;Aqui].
2916 4720 2974 4775 in
3040 4720 3236 4792 Matth.
3265 4720 3401 4792 col,
3435 4720 3565 4787 988,
3594 4718 3681 4775 Se-

2129 4789 2275 4864 ulius
2308 4789 2432 4845 llib.
2461 4790 2518 4864 in
2550 4791 2592 4846 Ι.
2626 4789 2871 4846 Timoth.
2904 4808 2983 4860 γι,
3021 4791 3248 4864 aliique,
3297 4791 3409 4845 nisi
3439 4792 3683 4864 excipias

2089 4862 2420 4917 abundanter
2459 4863 2578 4917 loco
2605 4864 2897 4917 abundare.

2165 4932 2211 4966 ¹⁰
2232 4931 2431 5005 Itidem
2459 4933 2799 5004 Augustinus
2837 4933 2995 5005 epist.
3033 4934 3153 5000 157,
3188 4940 3227 4987 t.
3280 4933 3351 5005 II,
3385 4934 3497 4989 col.
3553 4931 3677 5005 554,

2091 5002 2190 5059 lib.
2224 5019 2242 5056 1
2281 5002 2347 5059 de
2376 5004 2496 5061 Civ.
2527 5002 2647 5071 Dei,
2699 5022 2747 5061 c.
2779 5002 2887 5071 10,—
2914 5006 3018 5061 col.
3055 5006 3139 5070 11,
3198 5011 3241 5058 t.
3293 5004 3417 5072 VII,
3478 5014 3534 5061 et
3581 5003 3672 5059 lib.

2091 5082 2237 5131 cont.
2274 5074 2546 5143 Adim.,t.
2583 5076 2729 5143 VIII,
2762 5078 2868 5133 col.
2906 5076 3027 5139 143,
3052 5083 3104 5131 et
3122 5075 3277 5131 alibi.

2166 5147 2207 5220 ξ¹
2245 5146 2535 5220 Ambrosio
2566 5154 2754 5220 nostro
2796 5154 3082 5220 consonat
3105 5146 3462 5220 Augustinus
3489 5147 3669 5220 [θρὶξῇ

2092 5215 2212 5283 130,
2247 5218 2352 5273 col.
2386 5218 2513 5285 382,
2553 5225 2594 5273 t.
2634 5219 2701 5285 Il,
2761 5227 2815 5275 et
2848 5226 3004 5274 tract.
3058 5216 3125 5273 22
3154 5215 3427 5285 in".loan.,
3481 5215 3522 5275 ξ.
3551 5215 3667 5283 ἸΠ,

2087 5288 2193 5361 col.
2227 5287 2349 5361 466,
2379 5289 2608 5361 aliisque
2640 5290 2828 5361 multis
2860 5290 2913 5361 in
2949 5290 3097 5361 locis.

2116 5359 2357 5440 “(alita
2393 5359 2483 5440 hic
2511 5358 2690 5440 sermo
2709 5359 2859 5440 desit
2892 5360 2946 5440 ip
2968 5359 3178 5439 codice,
3220 5358 3315 5431 qui
3347 5376 3419 5440 an
3444 5358 3665 5438 mutilus

2083 5429 2156 5483 sit
2177 5429 2428 5499 judicent
2454 5429 2675 5485 eruditi.
2709 5432 2877 5486 Porro
2907 5429 3255 5487 Sessorianus
3304 5431 3483 5486 codex
3538 5429 3661 5503 quin

2085 5499 2259 5553 ullum
2286 5503 2519 5581 praebeat
2564 5501 2857 5581 indicium,
2889 5518 2999 5581 quo
3026 5518 3205 5581 sermo
3242 5503 3476 5581 mutilus
3531 5517 3661 5558 cen-

2081 5579 2281 5644 seatur,
2316 5572 2369 5644 id
2404 5572 2584 5643 potius
2614 5572 2834 5628 videtur
2862 5572 3190 5644 excludere;
3224 5588 3351 5644 nam
3386 5574 3506 5629 ullo
3534 5588 3659 5644 spa—

2080 5641 2158 5695 tio
2189 5641 2520 5699 membranae
2551 5660 2724 5699 vacuo
2745 5644 2935 5699 relicto
2963 5643 3149 5699 statim
3179 5642 3409 5699 exhibet
3448 5641 3654 5701 sermo-

2075 5726 2202 5769 nem
2232 5714 2484 5785 alterum,
2510 5714 2577 5771 ad
2598 5731 2760 5788 quem
2780 5714 3200 5773 exscribendum
3225 5714 3450 5772 festino.
