3880 6198
444 309 545 365 811
1454 311 1551 365 AD
1583 310 1817 366 OPERA
1853 309 1909 366 S.
1950 308 2283 367 AMBROSII
2318 308 2699 366 APPENDIX.
3666 309 3757 365 812

446 434 503 490 in
532 434 612 492 eis
636 441 767 491 sunt
794 432 981 489 omnia
1019 434 1036 467 ¹
1079 435 1267 507 (Apoc.
1297 450 1353 503 v,
1388 434 1610 507 11-13).
1646 460 1664 483 ι
1706 435 1779 489 Et
1832 435 2032 491 iterum
2063 439 2111 497 Α
2139 435 2481 505 Benedictio,
2514 443 2573 491 et
2604 435 2796 508 gloria,
2829 443 2883 492 et
2907 435 3193 507 sapientia,
3222 443 3279 492 et
3310 435 3634 508 gratiarum
3663 454 3755 493 ac-

444 533 668 581 monet:
707 549 725 572 ι
756 521 953 595 Angeli
983 521 1201 578 stabant
1221 522 1369 579 circa
1388 522 1673 590 thronum,
1695 529 1749 577 et
1774 523 2035 591 seniores,
2145 527 2245 594 tio,
2277 535 2329 582 et
2358 525 2555 593 honor,
2587 533 2640 580 et
2670 532 2922 597 potestas,
2967 534 3021 582 et
3058 525 3238 581 uirtus
3284 527 3406 581 Deo
3458 534 3661 581 nostro
3707 528 3759 583 iu

442 625 497 673 et
526 625 765 689 quatuor
798 613 1058 670 animalia
1097 630 1108 666 :
1142 622 1196 668 et
1241 613 1598 684 prociderunt
1621 620 1747 668 ante
1775 612 2036 669 thronum
2146 614 2357 671 saecula
2398 615 2762 670 saeculorum.
2812 618 2987 669 Amen
3023 617 3044 649 ³
3085 614 3249 686 (Ibid.
3284 631 3391 682 vn,
3434 616 3527 682 11,
3586 615 3698 685 12).
3727 642 3743 662 ι

444 705 501 761 in
541 705 734 761 faciem
775 719 951 770 suam,
983 710 1038 755 et
1068 701 1436 756 adorauerunt
1464 703 1658 769 Deum,
1700 702 1722 734 ²
1750 700 1993 758 dicentes
2022 720 2034 757 :
2408 704 2669 759 Exrumr
2705 716 2728 741 ει
2762 720 2940 759 SERMO
2977 720 3165 759 SANCTI
3202 705 3487 760 Amnuosr.

511 848 530 867 '
564 840 625 893 In
654 837 824 893 cod...
860 842 1074 907 lsermo
1096 836 1178 907 sci
1206 836 1360 890 Amb.
1403 835 1581 907 Hujus
1620 836 1890 903 formulae,
1934 853 2042 907 qua
2148 848 2351 903 manet;
2401 855 2518 893 eam
2550 845 2733 893 tamen
2756 838 3069 905 formulam,
3101 837 3293 892 habita
3322 838 3643 907 spatiorum
3678 858 3758 896 ra-

442 925 622 980 sermo
668 905 1038 972 concluditur,
1089 906 1147 980 in
1177 907 1378 980 prima
1426 905 1558 963 voce
1589 907 1784 980 litteras
1814 905 2037 979 prorsus
2148 910 2315 977 tione,
2345 910 2596 980 supplere
2624 909 2769 964 haud
2815 908 3038 980 diﬂicile
3086 909 3225 976 fuit;
3263 905 3443 964 verbo
3472 910 3628 980 enim
3660 930 3763 966 e1-

441 978 771 1059 oblitteratae
803 984 952 1045 sunt,
978 985 1040 1059 et
1086 976 1295 1057 ultima:
1336 978 1605 1059 duntaxat
1636 976 1891 1059 litterai‘t
1918 995 2037 1059 quae
2141 976 2430 1052 plicitfuit—
2451 976 2717 1036 solemnis
2763 979 3006 1052 antiquis
3050 980 3191 1036 ratio
3221 979 3532 1036 claudendi
3565 982 3753 1038 libros.

442 1057 589 1107 recta
618 1048 795 1103 forma
820 1048 1019 1104 excudi
1044 1047 1260 1117 curavi,
1292 1049 1517 1105 nonnisi
1543 1050 1709 1106 breve
1739 1047 2037 1121 vestigium

517 1160 534 1240 ξ
566 1157 811 1240 Antiqua
834 1158 1025 1240 versio
1042 1156 1187 1240 apud
1212 1157 1593 1240 Sabat..addit,
1616 1160 1796 1240 subtus
1818 1166 2040 1240 terram;
2219 1160 2324 1240 in
2352 1157 2523 1240 antiq:
2557 1165 2609 1240 et
2637 1173 2783 1240 nova
2809 1173 2977 1240 vers,
2989 1157 3242 1240 claritas.
3259 1158 3387 1240 loco
3416 1160 3639 1240 gloria;

440 1229 532 1303 cui
562 1228 765 1287 accinit
802 1244 947 1285 nova
975 1228 1167 1300 Vulg,
1198 1229 1452 1301 quamvis
1484 1246 1595 1286 non
1622 1230 1826 1286 eisdem
1856 1231 2039 1287 verbis
2147 1228 2640 1303 nobiscumgtoria
2674 1228 2877 1303 retinet
2906 1228 3318 1303 S._Fulgentius
3356 1228 3433 1285 in'
3456 1230 3662 1303 fragm.
3695 1232 3762 1287 34

441 1302 604 1373 legat.
828 1372 833 1373 ί
914 1370 928 1373 _
1214 1298 1231 1301 ”
1275 1371 1283 1373 _
1322 1371 1335 1373 _
1602 1372 1607 1373 ί
1833 1371 1843 1373 _
2147 1309 2296 1359 cont.
2330 1298 2582 1373 Fabian.,
2604 1301 2709 1373 col.
2728 1300 2852 1373 646,
2875 1311 2930 1359 et
2948 1298 3170 1357 Graecus
3186 1308 3383 1358 textus
3403 1301 3509 1373 qui
3538 1298 3601 1358 in
3628 1303 3757 1370 ﬁne,

452 1441 457 1446 ,
495 1364 782 1454 v’ﬂGraacus
804 1370 1083 1454 Ambrosii
1113 1371 1290 1454 nostri
1301 1371 1547 1453 .lectioni
1586 1372 1755 1443 favet,
1800 1371 1848 1430 si
1876 1373 2039 1429 initio
2149 1381 2213 1430 ut
2242 1373 2299 1429 in
2327 1371 2536 1440 codice,
2566 1364 2727 1428 addit
2768 1364 2939 1454 Ἀμήν,

439 1444 668 1513 scribas,
696 1444 772 1500 Et
792 1459 968 1498 omnes
988 1450 1113 1498 ante
1139 1444 1331 1514 angeli.

519 1758 634 1844 IN
698 1757 1046 1845 EPIST.
1119 1760 1262 1843 EX
1313 1760 2296 1848 AMBROSIANARUM
2365 1758 2836 1847 NUMERO
2902 1756 3685 1843 SEGREGATAS.

1839 1920 2315 1991 ADMONITIO.

510 2188 764 2263 Quinque
791 2185 1049 2261 epistolas
1097 2201 1168 2242 ex
1196 2183 1685 2242 Ambrosianarum
1732 2184 1979 2258 catalogo
2028 2182 2295 2241 duximus
2328 2183 2655 2241 eximendas
2681 2226 2698 2252 ,
2748 2198 2984 2257 quarum
3021 2181 3145 2239 duas
3191 2181 3434 2255 priores,
3488 2183 3754 2239 nimirum

438 2279 528 2336 Ad
553 2294 764 2334 sacram
791 2276 1051 2348 virginem
1078 2273 1481 2343 Demetriadem,
1508 2282 1564 2331 et
1591 2274 1680 2331 Ad
1697 2273 1926 2345 virgines
1955 2289 2163 2342 sacras,
2195 2272 2254 2328 in
2284 2272 2549 2328 omnibus
2592 2287 2694 2345 ope
2715 2287 2836 2327 rum
2891 2271 3065 2328 sancti
3091 2269 3377 2327 Ambrosii
3409 2270 3756 2328 editionibus

439 2366 675 2438 vulgatae
703 2365 921 2437 fuerant
950 2382 965 2432 ;
994 2371 1107 2421 tres
1143 2380 1275 2420 vero
1302 2364 1648 2436 posteriores,
1676 2363 1937 2420 videlicet
1970 2381 1981 2419 :
2017 2363 2080 2418 de
2109 2364 2414 2441 Inventione
2436 2381 2561 2420 sane
2583 2371 2764 2419 torum
2794 2363 3038 2420 Gervasii
3064 2368 3112 2417 et
3138 2362 3384 2418 Protasii
3408 2380 3427 2426 ;
3459 2363 3529 2417 de
3564 2365 3761 2420 Inven-

441 2461 579 2516 tione
604 2466 903 2516 sanctorum
950 2459 1138 2518 Vitatis
1174 2465 1224 2516 et
1246 2459 1530 2530 Agricolae,
1562 2467 1725 2533 atque
1753 2457 1985 2532 epistola
2011 2457 2083 2513 ad
2111 2454 2433 2513 Florianum
2454 2472 2476 2519 ;
2502 2470 2534 2509 a
2566 2452 2829 2510 Romanis
2853 2451 3163 2508 editoribus
3191 2451 3442 2523 primum
3490 2451 3550 2507 in
3584 2453 3757 2508 lucem

439 2548 652 2606 emissae
680 2557 828 2605 sunt.
863 2550 941 2604 De
968 2548 1203 2621 singulis
1229 2564 1516 2605 censuram
1544 2558 1789 2606 nostram
1820 2546 2063 2605 breviter
2098 2542 2447 2616 subjicimus,
2479 2549 2542 2598 ut
2591 2542 2764 2598 lector
2796 2540 3068 2612 intelligat
3095 2539 3301 2612 quibus
3340 2541 3661 2597 momentis
3695 2539 3759 2595 ad

440 2657 532 2697 eas
566 2640 899 2697 abdicandas
927 2639 1102 2696 simus
1133 2639 1372 2697 inducti.

511 2729 813 2802 Epistolam
844 2729 1323 2785 adDemetriadem
1351 2744 1541 2786 omnes
1568 2729 1911 2785 eruditorum
1941 2725 2203 2785 centuriae
2250 2721 2543 2780 Ambrosio
2588 2718 2926 2791 abjudicant,
2958 2734 3193 2791 quorum
3230 2716 3520 2789 judicium
3556 2727 3743 2776 ratum

439 2834 555 2876 esse
583 2818 779 2874 debere
808 2817 1081 2890 quidquid
1105 2818 1412 2889 legentibus
1443 2818 1558 2875 illic
1604 2818 1865 2887 occurrit,
1898 2826 2081 2890 aperte
2110 2815 2339 2889 probat:
2374 2811 2613 2867 maxime
2657 2826 2789 2867 vero
2837 2826 2958 2883 quae
2996 2808 3355 2880 disputantur
3384 2809 3456 2866 de
3490 2810 3748 2882 Pelagia-

440 2908 528 2963 nis
555 2908 790 2963 Doctore
821 2915 1009 2962 nostro
1039 2906 1456 2978 posterioribus.
1488 2906 1754 2963 Eamdem
1785 2914 1910 2963 ante
1948 2907 2161 2980 aliquot
2205 2920 2378 2959 annos
2408 2901 2577 2957 Leoni
2623 2902 2819 2973 Magno
2861 2907 3089 2956 conatus
3115 2906 3232 2955 erat
3259 2914 3508 2955 asserere
3559 2901 3621 2956 in
3653 2918 3753 2956 sua

441 3010 669 3066 operum
712 2994 955 3065 ejusdem
1002 2995 1286 3052 Pontiﬁcis
1332 2995 1574 3051 editione
1621 2996 2007 3063 Quesnellius:
2050 2995 2109 3051 in
2152 3007 2312 3066 quem
2360 3006 2536 3062 nuper
2576 2990 2872 3045 Anselmus
2914 2988 3204 3060 insurgens
3251 2988 3472 3060 magnis
3516 2990 3749 3058 animis,

442 3081 596 3138 illam
625 3081 878 3155 populari
907 3098 1008 3139 suo
1055 3083 1319 3155 Prospero
1347 3101 1473 3141 cum
1522 3086 1648 3141 aliis
1676 3102 1789 3143 non
1819 3085 2006 3157 paucis
2052 3082 2289 3141 credidit
2322 3080 2735 3137 vindicandam.
2768 3078 3015 3146 Quilibet
3058 3096 3120 3135 ea
3149 3079 3207 3134 in
3239 3081 3603 3137 contentione
3636 3081 3749 3137 utri

440 3171 680 3227 voluerit
707 3170 850 3244 parti
877 3188 992 3227 sese
1020 3170 1279 3245 adjunget
1310 3191 1325 3242 ;
1358 3189 1457 3229 nos
1490 3173 1638 3228 enim
1664 3173 1796 3229 dum
1826 3181 2038 3230 constet
2086 3175 2367 3231 Ambrosii
2397 3191 2508 3229 non
2547 3189 2682 3242 esse,
2736 3173 2883 3229 haud
2938 3172 3359 3244 refragabimur.
3403 3172 3546 3230 Cum
3583 3191 3753 3247 porro

440 3262 629 3321 eadem
655 3263 887 3337 epistola
916 3263 1106 3321 multis
1134 3266 1192 3320 in
1233 3264 1369 3320 locis
1397 3263 1541 3336 apud
1591 3264 1729 3319 alios
1772 3263 1842 3319 ab
1884 3263 2179 3320 Ambrosio
2208 3265 2393 3321 Patres
2421 3264 2569 3321 edita
2596 3262 2784 3332 fuerit,
2832 3262 3018 3319 inutili
3061 3262 3302 3335 pondere
3331 3280 3563 3336 gravare
3595 3264 3753 3320 vide-

440 3368 628 3408 remur
656 3361 905 3409 nostrum
938 3351 1044 3409 hoc
1073 3354 1355 3422 volumen,
1386 3353 1434 3409 si
1464 3352 1647 3409 denuo
1682 3352 1855 3425 ipsam
1881 3352 2145 3408 recudere
2171 3352 2391 3408 animus
2421 3359 2581 3409 esset.

511 3440 878 3507 Quamobrem
910 3448 1144 3512 quatuor
1171 3458 1358 3497 earum
1388 3459 1523 3514 quas
1551 3442 1645 3498 hic
1672 3441 1943 3509 dabimus,
1971 3440 2223 3497 ordinem
2255 3441 2441 3509 ducet,
2468 3457 2591 3513 quas
2621 3439 2918 3511 virginibus
2969 3439 3139 3495 sacris
3169 3439 3443 3496 destinata
3472 3448 3576 3497 est.
3615 3440 3750 3499 Haec

440 3536 623 3584 autem
672 3545 799 3583 cum
849 3528 1084 3583 aliorum
1121 3530 1333 3586 calculo
1377 3530 1647 3601 rejicitur,
1698 3539 1819 3587 tum
1858 3547 1890 3586 a
1932 3530 2170 3586 Baronio
2201 3530 2320 3602 ipso
2353 3530 2447 3601 (ad
2475 3546 2677 3585 annum
2722 3528 2847 3599 32’s,
2884 3546 3031 3585 num.
3067 3527 3194 3600 107)
3223 3528 3429 3586 dicitur
3453 3547 3746 3603 perperam

440 3614 712 3670 Ambrosii
740 3614 948 3668 nomine
976 3615 1301 3685 consignata.
1329 3617 1480 3673 Unde
1510 3633 1617 3671 non
1651 3617 1846 3672 mirari
1888 3618 2136 3690 profecto
2166 3636 2277 3676 non
2320 3637 2616 3692 possumus
2651 3619 2787 3692 quid
2837 3618 2974 3675 viris
3019 3617 3377 3686 doctissimis,
3416 3624 3515 3693 qui
3557 3621 3746 3692 operis

441 3721 474 3760 a
501 3704 771 3760 Bollando
803 3704 1007 3777 incepti
1057 3707 1258 3762 molem
1307 3706 1553 3763 humeris
1606 3716 1965 3780 exceperunt,
2006 3709 2222 3765 venerit
2269 3709 2326 3764 in
2373 3718 2636 3776 mentem,
2689 3724 2814 3765 cum
2864 3723 2984 3763 eam
3032 3707 3319 3780 epistolam
3359 3708 3463 3764 sub
3492 3708 3747 3780 ejusdem

441 3794 723 3853 Ambrosii
766 3796 940 3852 nostri
976 3796 1199 3852 nomine
1234 3795 1385 3870 typis
1438 3805 1845 3869 expresserunt.
1892 3800 2191 3856 Advertere
2234 3815 2364 3856 sane
2403 3798 2711 3855 debuerant
2739 3805 3018 3853 auctorem
3067 3796 3186 3869 ejus
3225 3814 3448 3869 prorsus
3480 3799 3741 3870 ignarum

441 3885 720 3943 exstitisse
767 3886 989 3943 illorum
1046 3904 1283 3956 morum,
1330 3887 1427 3960 qui
1482 3887 1822 3960 temporibus
1881 3889 2054 3945 sancti
2093 3887 2359 3945 antistitis
2402 3889 2587 3944 Bomaa
2628 3886 2968 3944 obtinebant.
3016 3888 3153 3943 Nam
3201 3887 3413 3960 alioqui
3456 3904 3739 3960 nunquam

441 3973 766 4047 scripsisset,
808 3975 956 4048 quod
985 3975 1218 4048 legimus
1246 3976 1348 4032 sub
1378 3976 1543 4033 ﬁnem
1597 3976 1842 4049 epistolae
1876 3996 1887 4034 :
1936 3978 2322 4046 Perseveravit,
2372 3977 2574 4050 inquit,
2635 3977 2947 4034 Constantia
2980 3975 3035 4030 in
3075 3976 3401 4046 virginitate,
3431 3994 3529 4047 per
3571 3993 3742 4047 quam

442 4066 623 4119 multae
649 4066 878 4136 virgines
905 4072 954 4120 et
977 4067 1259 4122 mediocres
1296 4075 1345 4123 et
1383 4068 1582 4123 nobiles
1630 4073 1679 4121 et
1726 4067 1961 4123 illustres
2008 4085 2163 4125 sacra
2195 4069 2459 4125 velamina
2504 4075 2857 4141 susceperunt.
2906 4070 3079 4136 Quam
3119 4069 3266 4124 enim
3303 4068 3413 4125 hoc
3442 4086 3645 4124 vanum
3680 4085 3741 4124 ac

442 4149 602 4205 futile
636 4151 726 4219 sit,
748 4168 818 4207 ex
849 4154 1174 4228 Hieronymi
1221 4157 1571 4228 cognoscitur
1616 4157 1962 4225 testimonio,
1993 4158 2091 4215 ubi
2124 4158 2205 4216 sic
2248 4158 2329 4213 ait
2360 4158 2558 4230 (Epist.
2604 4158 2666 4213 de
2697 4158 2941 4213 laudibus
2970 4158 3258 4231 Marcella!)
3287 4177 3305 4214 :
3339 4159 3513 4215 Nulla
3533 4177 3588 4214 eo
3621 4165 3740 4214 tem.

436 4255 568 4310 pore
595 4239 853 4294 nobilium
878 4241 1201 4309 feminarum
1227 4253 1442 4301 voverat
1490 4247 1668 4302 Romae
1713 4247 2049 4318 propositum
2075 4249 2468 4317 monachorum,
2519 4266 2609 4303 nec
2636 4248 2860 4303 audebat
2879 4255 3100 4318 propter
3136 4247 3216 4302 rei
3260 4247 3551 4304 novitatem
3602 4249 3742 4320 igno-

440 4327 745 4396 miniosum,
774 4335 833 4383 ut
864 4335 983 4384 tunc
1001 4334 1313 4401 putabatur,
1358 4341 1407 4388 et
1435 4335 1537 4390 vile
1562 4336 1621 4389 in
1651 4336 1867 4406 populis
1897 4352 2086 4390 nomen
2123 4353 2408 4393 assumere.
2442 4338 2587 4409 Ergo
2624 4337 2670 4394 si
2701 4336 2789 4393 cui
2821 4336 3115 4393 Ambrosio
3160 4336 3459 4392 tribuenda
3494 4338 3600 4393 erit
3633 4337 3744 4393 hinc

443 4416 693 4488 epistola,
726 4434 1011 4473 censuram
1068 4422 1463 4492 amplectemur
1512 4423 1740 4479 Joannis
1785 4424 2025 4480 Bandini
2072 4425 2139 4483 ad
2186 4428 2487 4499 marginem
2544 4425 2787 4498 ejusdem
2837 4424 3080 4497 epistolas
3118 4425 3176 4480 in
3226 4425 3504 4483 Vaticano
3556 4425 3742 4482 codice

441 4514 740 4573 exaratam,
774 4506 921 4562 unde
958 4523 1076 4562 eam
1100 4509 1275 4565 amica
1308 4526 1472 4565 manu
1502 4510 1829 4584 descriptam
1865 4500 2163 4572 habuimus
2208 4517 2261 4572 in
2297 4516 2411 4572 haec
2446 4516 2613 4571 verba
2643 4534 2655 4572 :
2692 4516 2813 4572 Non
2853 4521 2929 4570 est
2978 4514 3251 4570 Ambrosii
3294 4515 3737 4582 Mediolaneusis,

441 4597 528 4651 sed
552 4596 774 4652 alterius
801 4597 1077 4666 cujusdam
1113 4598 1381 4653 Ambrosii
1414 4600 1675 4669 monachi,
1717 4601 1810 4671 qui
1849 4602 1985 4658 hunc
2008 4621 2297 4661 sermonem
2327 4604 2506 4660 Grave
2533 4603 2763 4674 scripsit.
2808 4605 3005 4659 Exstat
3024 4603 3082 4658 in
3102 4603 3412 4659 bibliotheca
3458 4604 3741 4666 Vaticana,

440 4693 489 4741 et
508 4687 843 4757 postmodum
870 4687 928 4741 in
960 4687 1198 4742 latinam
1231 4689 1463 4759 linguam
1490 4705 1766 4745 conversus
1792 4697 1866 4745 est
1896 4693 1962 4747 ab
1990 4693 2123 4750 alio.
2257 4678 2275 4694 ⁸

510 4775 669 4842 Quod
699 4784 905 4848 spectat
933 4775 1000 4831 ad
1031 4777 1268 4849 reliquas
1304 4784 1418 4834 tres
1446 4778 1589 4846 illas,
1620 4795 1754 4852 quas
1783 4780 1842 4835 in
1875 4781 2122 4837 Romana
2167 4782 2408 4839 editione
2457 4781 2698 4855 primum
2746 4781 3016 4855 prodiisse
3061 4796 3226 4853 supra
3262 4780 3546 4847 diximus,
3579 4781 3747 4854 quis—

440 4863 565 4936 quis
606 4865 820 4922 easdem
869 4882 995 4921 cum
1026 4866 1303 4940 aliquibus
1337 4883 1463 4924 vere
1493 4867 1981 4925 Ambrosianarum
2027 4873 2354 4929 contendere
2397 4872 2719 4941 instituerit,
2761 4875 2944 4929 statim
2992 4879 3248 4944 agnoscet
3296 4880 3508 4944 quanto
3536 4871 3750 4928 discri-

441 4952 590 5007 mine
611 4952 847 5010 invicem
879 4953 1227 5010 abhorreant.
1261 4957 1331 5011 Ut
1360 4973 1488 5013 vero
1517 4956 1569 5012 id
1602 4957 1844 5028 apertius
1872 4958 2185 5034 clariusque
2223 4962 2317 5031 sit,
2349 4978 2469 5035 quae
2502 4961 2558 5017 in
2600 4962 2777 5033 prima
2804 4961 3024 5018 illarum
3066 4961 3133 5017 de
3163 4960 3495 5016 inventione
3538 4977 3750 5033 corpo-

440 5059 562 5097 rum
594 5044 842 5099 Gervasii
871 5054 926 5101 et
977 5046 1208 5102 Protasii
1259 5046 1592 5113 referuntur,
1640 5064 1768 5104 cum
1815 5048 1885 5105 iis
1922 5068 2043 5123 quas
2077 5050 2145 5106 de
2191 5050 2295 5107 hac
2332 5051 2449 5122 ipsa
2501 5050 2821 5107 inventione
2862 5049 3225 5122 Augustinus,
3257 5049 3554 5116 Paulinus,
3583 5058 3746 5121 atque

440 5131 576 5187 adeo
602 5131 831 5203 ipsemet
850 5133 1177 5191 Ambrosius
1208 5144 1530 5205 memorant,
1581 5136 1957 5194 conferantur.
2003 5138 2124 5195 Non
2168 5138 2516 5195 difﬁtendum
2558 5147 2740 5195 tamen
2788 5139 2969 5195 locum
3016 5153 3086 5193 ex
3132 5135 3237 5193 hac
3279 5135 3473 5192 eadem
3516 5136 3751 5209 epistola

441 5219 499 5274 in
540 5220 846 5293 fragmento
876 5221 1155 5279 Orationis
1182 5225 1409 5281 Joannis
1454 5227 1777 5283 Damasceni
1806 5227 1868 5281 de
1897 5227 2225 5298 Imaginibus
2253 5228 2480 5284 citatum
2514 5226 2760 5298 reperiri.
2789 5226 2895 5282 Sed
2924 5225 3068 5281 nihil
3097 5223 3250 5280 aliud
3278 5239 3349 5280 ex
3380 5223 3490 5281 hoc
3518 5224 3749 5297 probare

442 5308 639 5380 possis,
666 5311 775 5367 nisi
815 5310 931 5383 jam
962 5311 1091 5369 inde
1113 5314 1182 5371 ab
1211 5323 1368 5371 aetate
1407 5314 1650 5387 ejusdem
1708 5318 1912 5386 sancti,
1943 5316 1989 5373 si
2020 5323 2200 5372 tamen
2228 5314 2347 5389 ejus
2384 5333 2511 5373 vere
2538 5316 2613 5372 sit
2662 5316 2801 5372 illud
2832 5316 3219 5388 fragmentum,
3265 5312 3421 5369 illam
3456 5314 3746 5386 epistolam

439 5399 722 5455 Ambrosii
776 5402 1006 5458 nomine
1045 5404 1396 5461 circumferri
1439 5405 1819 5461 consuevisse.
1874 5405 1986 5461 Nec
2033 5421 2165 5461 vero
2217 5406 2505 5463 obscurius
2549 5405 2771 5462 videtur
2806 5413 3121 5479 sequentem
3162 5402 3404 5477 alicujus
3436 5419 3556 5459 esse
3605 5419 3749 5459 cou-

440 5488 812 5558 sarcinatoris,
845 5492 939 5564 qui
969 5492 1250 5550 Ambrosii
1281 5493 1673 5563 narrationem,
1714 5511 1822 5568 qua
1852 5495 2053 5552 Vitalis
2081 5503 2242 5569 atque
2298 5497 2567 5569 Agricola:
2595 5506 2902 5571 martyrum
2959 5495 3343 5552 inventionem
3373 5495 3435 5551 in
3461 5495 3750 5551 Exhorta-

441 5572 578 5661 tione
615 5576 945 5648 Virginitatis
970 5579 1300 5654 descriptam
1328 5581 1576 5655 reliquit,
1629 5584 1829 5656 partim
1861 5583 2132 5650 addendo,
2160 5587 2358 5657 partim
2388 5587 2671 5657 mutando,
2725 5588 2927 5661 partim
2973 5584 3389 5657 transponendo
3434 5582 3752 5656 interpola-

441 5660 542 5716 vit.
576 5663 695 5719 Huc
721 5664 859 5720 adde
903 5666 1153 5738 Gregorii
1203 5671 1538 5728 Turonensis
1569 5674 1956 5732 auctoritatem
1994 5672 2197 5732 diserte
2224 5674 2548 5733 atﬁrmautis
2578 5674 2703 5748 (lib.
2730 5660 2758 5734 ir
2788 5675 2851 5733 de
2879 5674 3069 5735 Gloria
3096 5673 3265 5739 Mart.
3309 5688 3434 5747 cap.
3468 5671 3541 5730 44
3565 5679 3621 5730 et
3647 5669 3746 5742 47)
