3880 6198
16 364 152 420 813
947 369 1311 427 EPISTOLIE
1350 370 1453 426 EX
1495 372 1964 430 AMBROSIANIS
2000 374 2463 433 SEGREGA'I‘JE.
3248 383 3356 439 814

14 494 207 543 atate
239 504 341 543 sua
371 498 676 563 martyrum
699 492 921 565 quidem
943 494 1191 551 Gervasii
1221 504 1385 570 atque
1398 496 1633 553 Protasii
1662 498 1800 555 Acta
1818 498 2113 566 exstitisse,
2138 513 2247 553 non
2276 514 2408 555 vero
2433 499 2637 557 Vitalis
2659 510 2715 558 et
2737 502 3029 574 Agricolae.
3065 503 3351 561 Postremo

18 576 304 648 Epistula
328 594 449 651 quae
480 580 539 635 in
568 582 811 638 Romana
838 583 1082 640 editione
1110 585 1372 640 Flauiam
1403 586 1729 645 inscribitur
1764 606 1777 654 ;
1813 588 1869 642 in
1898 586 2085 643 codice
2123 596 2302 643 autem
2335 589 2512 660 Regia
2555 589 2913 647 Bibliothecae
2957 591 3055 646 vix
3098 591 3357 650 ducentis

15 665 210 721 annis
240 668 525 739 superiore
550 687 562 725 :
594 671 672 725 De
698 672 933 726 moribus
951 678 1000 726 et
1027 673 1242 728 honesta
1270 673 1382 727 vita
1409 691 1431 739 ,'
1482 674 1612 731 licet
1654 674 1948 749 utrobique
1976 676 2256 732 Ambrosii
2282 691 2482 731 nomen
2525 676 2581 732 in
2612 677 2791 734 fronte
2820 678 2977 746 ferat,
3010 678 3141 736 huic
3170 688 3354 738 tamen

18 752 218 809 titulo
238 754 488 826 ejusdem
519 759 696 830 stylus
722 776 786 817 ac
806 760 1093 832 ingenium
1128 762 1291 833 plane
1326 764 1650 819 reclamant.

1031 1065 2402 1240 EPISTOLXE.

180 1340 340 1423 EX
428 1336 1630 1425 AMBROSIANABUM
1715 1336 2275 1425 NUMERO
2370 1341 3224 1431 SEGREGAT/E.

529 1644 679 1706 479
700 1642 1053 1710 EPISTOLA
1102 1642 1146 1698 Ι.

1686 1639 1737 1699 Α
1772 1636 1939 1711 hujus
1994 1642 2188 1700 mundi
2243 1643 2470 1702 delicias
2521 1650 2924 1721 repromittere,
2953 1650 3000 1707 si
3029 1668 3361 1712 consensum

30 1757 357 1839 Antequam
376 1757 542 1839 gnte
564 1758 788 1839 virginis
808 1759 1130 1839 martyrium
1149 1754 1496 1839 describatur,
1508 1771 1664 1839 amor

115 1775 357 1827 nequam
376 1775 542 1839 agna!
564 1775 650 1812 vir
703 1776 788 1813 ms
808 1775 1130 1829 martyrium
1149 1775 1496 1820 aesmoawr,
1508 1775 1657 1811 amor

115 1828 472 1908 ineamjilii
509 1775 770 1908 ιηίιξίιῖἒρίξ
802 1830 1016 1908 ejusque
1054 1829 1657 1908 repulsa_memoratur.

118 1899 267 1971 Hinc
285 1899 547 1971 adjicitur
570 1901 797 1971 virginis
835 1900 1196 1955 condemnatio
1223 1899 1315 1971 ad,
1332 1900 1585 1971 lupanar,
1615 1903 1665 1953 et

118 1970 269 2025 inter
297 1970 561 2027 miracula
607 1970 863 2027 divinitus
900 1977 1121 2043 propter
1167 1970 1410 2043 eamdem
1423 1970 1660 2043 puellam

108 2048 453 2112 perpetrata,
482 2043 820 2098 adolescentis
835 2040 1024 2098 ἐπὶδαηὶ
1044 2041 1374 2113 depereuntis
1391 2040 1659 2113 interitus,

113 2111 285 2182 atque
316 2113 387 2168 ad
410 2114 573 2169 vitam
602 2115 883 2169 revocatio.
923 2115 1053 2169 Tum
1083 2111 1320 2182 sequitur
1345 2111 1570 2182 virginis
1598 2112 1660 2167 ob

113 2184 453 2239 ethnicorum
529 2186 832 2239 seditionem
896 2183 1254 2239 condemnatio
1322 2182 1395 2237 ad
1448 2199 1659 2253 rogum,

113 2253 345 2324 ejusque
420 2255 477 2308 in
541 2255 725 2309 mediis
788 2255 995 2326 ignibus
1059 2254 1664 2326 illmswupennanentis

114 2331 368 2397 cruenta,
388 2326 570 2380 credes.
616 2327 745 2382 Mox
771 2324 1106 2397 paganorum
1137 2325 1193 2378 in
1228 2324 1559 2397 Christianos
1591 2325 1664 2397 ad

114 2396 396 2465 Martyris
432 2397 691 2451 tumulum
730 2393 970 2451 orationi
997 2397 1250 2450 instantes
1279 2393 1466 2463 furore
1494 2395 1662 2449 decla-

116 2474 270 2531 rato,
315 2483 420 2521 nea:
477 2468 885 2535 Emerentiance,
940 2474 987 2521 et
1033 2466 1359 2522 Constantia:
1414 2466 1665 2537 Augustae

115 2538 333 2594 sanitas
362 2539 624 2603 restituta,
655 2556 746 2593 nec
796 2556 901 2593 non
919 2539 984 2593 ab
1023 2538 1200 2592 eadem
1252 2537 1494 2608 principe
1544 2544 1664 2592 tem-

109 2612 279 2681 plum
309 2609 599 2664 tiberatrici
626 2626 735 2665 sum
761 2611 1097 2681 aedificatum,
1128 2615 1176 2663 et
1200 2608 1369 2679 ipsius
1396 2625 1513 2663 cum
1538 2608 1665 2665 aliis

110 2681 375 2753 pluribus
402 2681 724 2752 virginitatis
750 2681 1084 2753 propositum
1114 2686 1424 2735 enarratur.

44 2788 672 2860 Alanosmsepiscopus
694 2804 887 2844 servus
907 2786 1115 2844 Christi
1139 2786 1449 2858 virginibus
1470 2786 1660 2843 sacris.

122 2878 178 2931 l.
223 2876 379 2931 Diem
436 2877 637 2932 festum
693 2876 1073 2954 sacratissima
1118 2874 1355 2947 virginis
1412 2875 1664 2931 celebre-

48 2982 179 3021 mus
207 2982 219 3019 :
263 2963 396 3021 hinc
428 2966 624 3037 psalmi
656 2974 932 3034 resonent,
967 2964 1095 3020 inde
1110 2972 1445 3036 concrepent
1474 2966 1661 3022 lectio-
1690 2994 1736 3054 Β

49 3069 150 3109 nes
189 3071 202 3108 :
238 3052 373 3110 hinc
400 3055 729 3126 populorum
762 3055 937 3111 turbas
970 3055 1247 3121 lzetentur,
1281 3052 1413 3109 inde
1465 3054 1661 3111 suble-

50 3153 264 3200 ventur
295 3159 555 3216 pauperes
584 3144 814 3201 Christi.
839 3144 1043 3201 Omnes
1071 3160 1199 3215 ergo
1231 3142 1574 3215 gratulemur
1601 3144 1660 3199 in

49 3233 322 3301 Domino,
379 3241 433 3289 et
483 3234 553 3290 ad
613 3234 1034 3291 aediﬁcationem
1084 3232 1366 3305 virginum
1424 3232 1662 3304 qualiter

49 3340 210 3396 passa
238 3324 317 3379 sit
352 3327 533 3397 Agnes
561 3325 894 3393 beatissima,
928 3325 997 3381 ad
1046 3313 1368 3380 memoriam
1426 3340 1663 3380 revoce-

50 3430 194 3470 mus.
232 3414 502 3486 Tempore
530 3415 627 3471 illo
657 3423 773 3470 erat
802 3415 1052 3487 quaedam
1084 3414 1243 3487 virgo
1271 3416 1455 3472 Romaa
1488 3414 1662 3470 nobi-

46 3501 200 3558 libus
240 3509 366 3557 orta
421 3504 719 3572 natalibus,
769 3505 995 3560 nomine
1043 3504 1247 3576 Agnes,
1296 3521 1418 3577 qua:
1446 3511 1661 3560 certans

49 3600 246 3648 contra
276 3592 553 3666 principes
580 3601 634 3650 et
662 3601 961 3665 potestates
1000 3594 1350 3650 tenebrarum
1398 3594 1506 3664 (1),
1536 3600 1659 3648 ter-

48 3679 357 3736 tiodecimo
394 3681 571 3737 aetatis
624 3699 736 3738 sua;
791 3698 940 3737 anno
993 3690 1227 3738 mortem
1288 3681 1547 3754 perdidit,
1605 3688 1659 3737 et

52 3769 222 3825 vitam
269 3770 489 3828 invenit
519 3790 533 3839 ;
565 3771 696 3844 quia
721 3772 900 3827 solum
941 3771 1070 3827 vitae
1100 3770 1301 3827 dilexit
1334 3771 1652 3827 Auctorem.

52 3855 297 3914 Infantia
341 3856 560 3932 quidem
608 3860 1030 3933 computabatur
1079 3861 1135 3915 in
1188 3860 1367 3929 annis,
1418 3859 1511 3915 sed
1541 3867 1657 3916 erat

52 3956 310 4004 senectus
357 3948 556 4005 mentis
600 3948 660 4004 in
699 3949 945 4005 moribus
977 3950 1059 4021 (2)
1096 3967 1107 4005 :
1158 3965 1386 4023 corpore
1430 3949 1654 4022 quidem

52 4032 375 4105 juvencula,
428 4035 523 4092 sed
586 4037 771 4093 animo
827 4053 980 4093 cana.
1048 4038 1286 4095 Pulchra
1342 4036 1502 4106 facie,
1560 4035 1655 4093 sed

56 4124 346 4196 pulchrior
374 4123 501 4193 ﬁde,
531 4132 586 4182 et
612 4125 912 4198 elegantior
938 4127 1203 4183 castitate.

120 4214 173 4272 2.
206 4214 346 4283 Quae
400 4215 532 4271 dum
571 4231 604 4270 a
656 4215 861 4272 scholis
909 4222 1297 4284 reverteretur,
1326 4232 1359 4271 a
1410 4216 1654 4288 praefecti

57 4300 214 4362 Urbis
245 4303 369 4360 ﬁlio
423 4306 727 4361 adamatur.
780 4304 950 4376 Cujus
1003 4312 1255 4376 parentes
1306 4321 1429 4360 cum
1461 4305 1655 4377 requi-

55 4391 271 4462 sissent,
333 4400 388 4449 et
416 4394 774 4461 invenissent,
824 4401 1108 4465 coeperunt
1152 4393 1385 4465 pulchra
1430 4393 1647 4462 offerre,

56 4486 105 4533 et
131 4478 455 4552 pulchriora
514 4482 833 4553 promittere
884 4482 988 4553 (3).
1037 4481 1285 4554 Denique
1339 4481 1648 4540 detulerant

57 4584 232 4626 secum
264 4568 663 4642 pretiosissima
709 4577 1054 4638 ornamenta,
1100 4586 1221 4642 quae
1250 4587 1281 4625 a
1310 4570 1467 4627 beata
1494 4573 1647 4644 Agne

59 4657 221 4712 veluti
253 4658 505 4731 quaedam
535 4665 774 4715 stercora
802 4666 932 4714 sunt
960 4665 1225 4715 recusata.
1260 4659 1412 4715 Unde
1439 4660 1644 4717 factum

58 4751 131 4799 est
157 4753 219 4801 ut
242 4743 473 4819 juvenis
513 4747 710 4819 majori
751 4755 1135 4820 perurgeretur
1163 4748 1365 4804 amoris
1393 4751 1642 4819 stimulo,

58 4839 106 4887 et
132 4842 335 4906 putans
361 4851 476 4890 eam
512 4834 738 4907 juvenis
764 4834 994 4891 meliora
1022 4836 1163 4892 velle
1203 4838 1446 4910 accipere
1474 4855 1648 4894 orna-

59 4929 256 4993 menta,
290 4940 508 4980 omnem
540 4924 776 4998 lapidem
806 4925 1107 4998 pretiosum
1152 4942 1337 4982 secum
1364 4926 1559 4995 defert,
1591 4935 1647 4983 et

61 5009 285 5079 gloriam
317 5011 397 5085 (4)
425 5033 437 5070 :
470 5023 524 5070 et
552 5031 648 5087 per
677 5032 734 5072 se
754 5016 959 5088 ipsum,
996 5021 1051 5070 et
1090 5030 1185 5086 per
1213 5015 1439 5083 amicos,
1478 5023 1532 5070 et
1550 5032 1646 5087 per

62 5108 230 5171 notos,
264 5112 320 5160 et
372 5105 583 5174 afﬁnes,
632 5106 801 5178 coepit
843 5121 1005 5161 aures
1059 5103 1293 5176 virginis
1346 5105 1643 5177 appellare,

61 5183 297 5263 divitias,
329 5192 545 5262 domos,
583 5194 976 5268 possessiones,
996 5191 1255 5263 familias,
1271 5200 1436 5267 atque
1454 5210 1645 5251 omnes

155 5398 616 5479 l)__1_‘empore_itto
633 5410 840 5479 er_at....
872 5411 922 5460 et
959 5407 1237 5479 potestates
1274 5401 1642 5467 tenebrarum,

63 5479 90 5519 e
112 5473 394 5530 Noalliano
420 5475 544 5531 cod.
569 5476 957 5532 restituuntur.

129 5539 209 5612 (2)
266 5544 470 5602 Omnes
513 5545 674 5615 edit.,
728 5546 817 5601 sed
866 5546 1054 5603 mentis
1101 5552 1330 5602 senectus
1373 5551 1490 5601 erat
1540 5545 1644 5601 im-

63 5621 229 5667 Msa
258 5631 280 5679 ;
309 5617 508 5673 melius
535 5633 668 5673 vero
695 5617 819 5675 cod.
855 5617 1035 5675 Noall.
1066 5624 1128 5675 ut
1153 5618 1210 5673 in
1235 5625 1518 5674 contextu.

131 5680 208 5752 (3)
242 5686 324 5742 Ita
366 5687 490 5745 cod.
546 5688 724 5749 Noall.
759 5706 775 5755 ;
831 5704 1024 5747 omnes
1050 5697 1233 5748 autem
1282 5688 1440 5756 edit.,
1486 5686 1640 5757 citius

1769 1746 1930 1786 suum
1962 1731 2081 1804 ejus
2117 1733 2376 1808 conjugio
2403 1754 2517 1794 non
2550 1747 2816 1812 negasset.

1841 1845 1894 1902 3.
1926 1847 2011 1903 Ad
2041 1847 2159 1905 haec
2185 1848 2345 1906 beata
2371 1852 2554 1924 Agnes
2589 1855 2696 1909 tale
2726 1855 2901 1913 fertur
2918 1856 3116 1929 juveni
3145 1859 3363 1918 dedisse

1769 1950 2088 2008 responsum
2122 1956 2133 1994 :
2180 1938 2407 1996 Discede
2449 1958 2482 1996 a
2528 1958 2636 2011 me,
2674 1943 2850 2002 fomes
2891 1948 3121 2018 peccati,
3171 1951 3363 2007 nutri-

1771 2033 2019 2081 mentum
2056 2025 2339 2098 facinoris,
2370 2029 2636 2101 pabulum
2662 2032 2858 2088 mortis
2885 2051 2897 2089 :
2926 2033 3145 2092 discede
3175 2054 3206 2093 a
3236 2054 3360 2105 me;

1769 2113 1899 2187 quia
1919 2114 2032 2186 jam
2072 2115 2141 2171 ab
2170 2117 2280 2173 alio
2321 2126 2562 2175 amatore
2605 2129 2885 2191 praeventa
2920 2141 3064 2192 sum,
3097 2126 3191 2199 qui
3222 2126 3363 2183 mihi

1769 2202 1902 2260 satis
1930 2204 2159 2261 meliora
2186 2206 2391 2263 obtulit
2419 2217 2762 2279 ornamenta,
2790 2219 2845 2267 et
2874 2214 3081 2270 annulo
3106 2214 3233 2272 ﬁdei
3251 2234 3363 2273 sua;

1771 2291 2123 2349 subarrhavit
2151 2311 2260 2363 me,
2293 2296 2451 2368 longe
2496 2305 2550 2353 te
2599 2299 2842 2355 nobilior
2870 2308 2924 2356 et
2954 2318 3147 2373 genere
3174 2311 3230 2360 et
3266 2305 3364 2360 di-

1770 2378 1996 2452 gnitate.
2038 2382 2270 2438 Ornavit
2316 2384 2691 2443 inaestimabili
2732 2389 3120 2449 dextrocherio
3161 2393 3363 2450 dexte—

1771 2488 1885 2528 ram
1919 2490 2114 2543 meam,
2155 2482 2210 2529 et
2237 2476 2441 2532 collum
2474 2494 2655 2535 meum
2699 2479 2879 2537 cinxit
2926 2483 3200 2555 lapidibus
3229 2501 3362 2557 pre-

1768 2563 1946 2620 tiosis.
1978 2565 2226 2622 Tradidit
2254 2568 2480 2624 auribus
2527 2571 2664 2626 meis
2712 2571 3120 2631 inaestimabiles
3142 2593 3363 2649 marga-

1772 2653 1927 2719 ritas,
1957 2662 2012 2711 et
2040 2655 2406 2713 circumdedit
2452 2675 2538 2714 me
2582 2662 2943 2718 vernantibus
2995 2672 3158 2737 atque
3204 2682 3361 2722 coru-

1772 2744 2058 2800 scantibus
2083 2746 2331 2816 gemmis.
2381 2747 2571 2802 Posuit
2598 2748 2815 2820 signum
2846 2752 2904 2806 in
2935 2752 3129 2808 faciem
3160 2770 3359 2823 meam,

1771 2840 1833 2887 ut
1864 2833 2079 2888 nullum
2104 2842 2298 2906 praeter
2319 2834 2498 2907 ipsum
2528 2846 2826 2894 amatorem
2847 2840 3152 2897 admittam.
3174 2843 3362 2899 Induit

1773 2934 1859 2974 me
1918 2921 2143 2992 cyclade
2197 2938 2330 2977 auro
2385 2931 2557 2993 texta,
2616 2934 2670 2981 et
2726 2927 3012 2984 immensis
3058 2929 3361 2986 monilibus

1774 3009 1994 3065 ornavit
2024 3026 2128 3065 me.
2163 3010 2417 3067 Ostendit
2446 3014 2586 3070 mihi
2626 3015 2908 3073 thesauros
2946 3018 3361 3091 incomparabi—

1771 3097 1870 3165 les,
1911 3114 2047 3170 quos
2078 3099 2215 3154 mihi
2263 3117 2319 3157 se
2362 3101 2619 3160 daturum
2668 3107 3002 3178 repromisit,
3052 3108 3097 3163 si
3136 3108 3194 3163 in
3241 3107 3360 3179 ejus

1768 3203 2187 3259 perseveravero
2222 3205 2427 3246 amore.
2475 3193 2597 3247 Non
2635 3209 2764 3265 ergo
2804 3203 2994 3265 potero
3039 3195 3107 3252 ad
3152 3205 3360 3253 contu-

1770 3279 1988 3334 meliam
2020 3279 2218 3351 prioris
2238 3281 2498 3338 amatoris
2527 3283 2614 3338 vel
2644 3284 2884 3356 aspicere
2912 3286 3081 3342 alium
3114 3295 3169 3343 et
3196 3289 3358 3345 illum

1768 3366 2079 3440 relinquere
2106 3384 2231 3424 cum
2264 3384 2373 3441 quo
2401 3386 2523 3426 sum
2554 3370 2823 3429 charitate
2866 3374 3123 3432 devincta
3155 3394 3167 3444 ;
3198 3376 3359 3449 cujus
3448 3434 3455 3441 ν

1768 3464 1850 3510 est
1871 3457 2450 3527 generositascelsior,
2493 3460 2832 3531 possibilitas
2859 3461 3081 3532 fortior,
3107 3472 3359 3537 aspectus

1771 3543 2076 3615 pulchrior,
2105 3561 2259 3601 amor
2288 3546 2530 3615 suavior,
2563 3556 2618 3603 et
2644 3553 2794 3604 omni
2822 3552 2997 3621 gratia
3033 3552 3353 3625 elegantior.

1766 3634 1815 3688 A
1844 3648 1954 3705 quo
1984 3632 2122 3688 mihi
2137 3633 2251 3705 jam
2273 3634 2547 3692 thalamus
2574 3639 2876 3695 collocatus
2904 3648 3003 3707 est,
3035 3640 3194 3713 cujus
3215 3642 3355 3698 mihi

1765 3738 1970 3794 organa
2018 3723 2314 3780 modulatis
2340 3726 2572 3782 vocibus
2602 3737 2860 3784 resonant
2887 3729 3046 3801 cujus
3075 3731 3212 3787 mihi
3238 3722 3353 3788 'vir-

1766 3813 1920 3885 gines
1942 3815 2266 3885 justissimis
2312 3817 2542 3873 vocibus
2587 3826 2832 3875 cantant.
2877 3820 2997 3875 lam
3028 3822 3133 3875 mel
3164 3829 3219 3877 et
3271 3822 3356 3878 lac

1765 3919 1835 3959 ex
1881 3920 1975 3959 ore
2018 3903 2136 3975 ejus
2187 3906 2420 3977 suscepi,
2471 3905 2585 3977 jam
2634 3908 2980 3979 amplexibus
3033 3908 3150 3980 ejus
3187 3909 3354 3965 castis

1763 3992 1990 4048 astricta
2016 3999 2163 4055 480
2207 4010 2351 4061 sum,
2387 3993 2502 4064 jam
2554 4011 2753 4067 corpus
2801 3994 2921 4065 ejus
2963 3995 3182 4068 corpori
3230 4012 3352 4052 meo

1764 4088 2032 4146 sociatum
2064 4097 2164 4156 est,
2210 4098 2265 4145 et
2306 4090 2527 4161 sanguis
2567 4089 2683 4162 ejus
2729 4090 2949 4146 ornavit
2990 4107 3153 4164 genas
3183 4109 3347 4150 meas.

1764 4176 1936 4249 Cujus
1967 4186 2141 4234 mater
2168 4179 2324 4249 virgo
2353 4187 2453 4246 est,
2486 4178 2645 4251 cujus
2673 4187 2828 4252 pater
2855 4180 3117 4236 feminam
3134 4182 3347 4251 nescit;

1760 4268 1852 4324 cui
1881 4268 2061 4339 angeli
2076 4267 2346 4336 serviunt,
2365 4267 2523 4339 cujus
2546 4269 3016 4341 pulchritudinem
3039 4273 3191 4327 solet
3220 4274 3352 4328 luna

1758 4358 2048 4426 mirantur,
2099 4357 2257 4430 cujus
2304 4359 2470 4414 odore
2515 4358 2861 4417 reviviscunt
2918 4362 3142 4430 mortui,
3192 4360 3349 4437 cujus

1754 4455 1905 4504 tactu
1956 4448 2340 4505 confortautur
2390 4448 2618 4517 inﬁrmi,
2668 4448 2826 4520 cujus
2873 4468 3002 4523 opes
3063 4467 3346 4523 nunquam

1755 4536 2040 4608 deﬁciunt,
2085 4538 2349 4613 cujusque
2401 4539 2613 4596 divitia;
2661 4557 2941 4613 nunquam
3002 4543 3343 4598 decrescunt.

1754 4627 1863 4699 Ipsi
1920 4627 2024 4683 soli
2081 4642 2257 4685 servo‘
2288 4627 2451 4684 ﬁdem
2512 4646 2709 4697 meam,
2768 4629 2871 4701 ipsi
2938 4646 3023 4684 me
3074 4636 3190 4685 tota
3242 4628 3348 4683 de-

1755 4716 1979 4773 votione
2032 4717 2338 4775 committo.
2418 4718 2591 4784 Quem
2655 4734 2782 4773 cum
2850 4734 3125 4783 amavero,
3200 4724 3347 4771 casta

1753 4822 1875 4861 sum
1918 4823 2085 4862 :cum
2136 4806 2385 4877 tetigero,
2437 4806 2643 4861 munda
2689 4822 2810 4860 sum
2846 4823 2858 4859 :
2905 4822 3030 4861 cum
3064 4820 3341 4889 accepero,

1753 4894 1909 4966 virgo
1936 4911 2079 4949 sum.
2113 4895 2223 4949 Nec
2250 4894 2483 4948 deerunt
2526 4900 2652 4964 post
2701 4892 2918 4963 nuptias
2956 4892 3180 4961 ﬁlii,ubi
3211 4908 3345 4963 par-

1753 4990 1842 5038 tus
1870 4982 1989 5037 sine
2018 4982 2206 5037 dolore
2235 4980 2499 5049 succedit,
2552 4990 2607 5037 et
2656 4980 2968 5037 fecunditas
3016 4981 3341 5054 quotidiana

1751 5071 2088 5128 cumulatur.

1823 5184 1875 5241 3.
1908 5182 2155 5240 Audiens
2184 5179 2569 5240 insanissimus
2591 5181 2836 5255 juvenis,
2885 5200 3069 5243 amore
3097 5188 3342 5261 carpitur

1746 5403 1992 5474 parentes
2033 5397 2162 5474 dum
2201 5397 2521 5474 requisisset,
2556 5404 2607 5454 et
2630 5397 2929 5467 invenisset,
2974 5401 3126 5474 capit
3150 5401 3340 5472 offerre

1746 5469 2009 5543 plurima,
2033 5476 2082 5524 et
2105 5471 2271 5543 plura
2286 5469 2619 5543 promittere.

1825 5541 1914 5613 (4)
1965 5539 2167 5614 Omnes
2198 5539 2371 5614 edit.,
2419 5541 2652 5597 omnium
2707 5542 2946 5613 lapidum
2986 5542 3340 5614 pretiosorum

1751 5611 1920 5669 secum
1955 5611 2143 5669 detulit
2157 5611 2405 5684 gloriam.
