3880 6198
506 360 613 420 815

1577 361 1674 415 AD
1712 358 1945 416 OPERA
1983 359 2038 415 S.
2078 356 2410 417 AMBROSII
2438 354 2818 412 APPENDIX.
3767 353 3853 409 816

508 502 676 556 caeco,
713 494 768 543 et
795 486 941 542 inter
989 483 1267 556 angustias
1295 482 1465 539 animi
1513 491 1568 539 et
1614 482 1859 554 corporis
1902 482 2101 539 anhelo
2131 486 2180 544 A
2212 491 2268 539 et
2303 482 2451 537 Deus
2478 479 2830 551 omnipotens
2857 485 3066 535 mentes
3093 478 3267 550 magis
3296 476 3667 548 comprobat
3702 494 3850 551 quam

509 576 859 634 cruciabatur
886 574 1104 647 spiritu.
1154 576 1302 629 Inter
1354 571 1473 627 haec
1520 573 1661 627 lecto
1709 573 2101 644 prosternitur,

510 672 565 723 et
594 683 691 739 per
718 667 828 722 alta
873 664 1109 736 suspiria
1136 679 1292 718 amor
1320 679 1351 718 a
1381 660 1611 717 medicis
1639 661 1903 734 aperitur.
1934 662 2105 717 Fiunt

510 767 643 813 nota
698 756 859 829 patri,
916 772 1036 827 quae
1096 755 1313 809 fuerant
1367 754 1593 808 inventa
1649 769 1679 808 a
1740 754 1993 822 medicis,
2052 761 2106 809 et

512 844 699 899 eadem
732 852 954 914 paterna
980 859 1132 909 voce,
1179 859 1298 915 quae
1330 842 1545 898 fuerant
1582 842 1695 913 jam
1725 844 1874 900 dicta
1898 860 1929 898 a
1964 844 2102 913 ﬁlio,

512 932 580 987 ad
608 932 927 1002 petitionem
961 930 1193 1002 virginis
1224 931 1602 987 revolvuntur.
1636 930 1884 1002 Abnegat
1925 933 2107 1003 Agnes

510 1018 846 1087 beatissima,
876 1027 930 1074 et
963 1035 1018 1073 se
1064 1020 1219 1074 nullo
1251 1028 1406 1091 pacto
1444 1021 1644 1092 prioris
1675 1021 1867 1076 asserit
1918 1021 2106 1092 sponsi

511 1106 718 1163 foedera
754 1107 980 1163 violare.
1015 1107 1260 1180 Cumque
1288 1116 1436 1179 pater
1472 1109 1679 1166 diceret
1710 1110 1764 1164 in
1791 1109 2033 1165 fascibus
2051 1126 2107 1165 se

513 1198 874 1253 constitutum
906 1206 1197 1269 praeturam
1228 1213 1382 1269 agere
1402 1198 1505 1269 (5),
1539 1206 1593 1254 et
1626 1198 1833 1254 idcirco
1854 1200 2109 1272 quemvis

514 1286 680 1342 etiam
710 1286 977 1342 illustrem
1009 1285 1190 1342 virum
1215 1287 1443 1344 minime
1474 1287 1580 1345 sibi
1607 1288 1802 1344 debere
1824 1289 2104 1360 praeferri;

513 1376 681 1448 coepit
706 1384 888 1432 tamen
939 1376 1422 1434 vehementissime
1471 1378 1749 1450 inquirere
1793 1379 1918 1451 quis
1967 1387 2109 1435 esset

514 1484 768 1539 sponsus,
800 1475 987 1523 sancta
1019 1467 1178 1539 cujus
1207 1469 1389 1539 Agnes
1444 1476 1711 1540 potestate
1755 1469 2107 1540 gloriaretur.

514 1557 669 1612 Tunc
698 1555 914 1612 exstitit
953 1556 1179 1629 quidam
1209 1573 1278 1612 ex
1308 1556 1563 1628 parasitis
1606 1554 1745 1627 ejus,
1776 1556 1871 1628 qui
1900 1557 2110 1613 diceret

514 1645 659 1703 hanc
687 1645 1046 1702 christianam
1076 1647 1275 1703 esseab
1306 1646 1561 1715 infantia,
1585 1653 1639 1701 et
1660 1646 1886 1717 magicis
1901 1646 2113 1702 artibus

518 1738 595 1793 ita
612 1745 952 1809 occupatam,
974 1745 1036 1793 ut
1053 1737 1200 1793 dicat
1219 1736 1500 1796 Christum
1514 1753 1772 1810 sponsum
1791 1753 1951 1794 suum
1971 1753 2106 1794 esse.

2211 578 2419 627 aetates.
2449 571 2590 626 Deos
2628 577 2811 625 autem
2846 577 2992 638 tuos,
3023 585 3255 641 quorum
3285 575 3489 624 motus
3526 584 3628 624 me
3660 568 3854 625 incur—

2213 676 2330 714 rere
2358 663 2493 719 481
2535 674 2645 713 non
2674 659 2781 724 vis,
2811 657 2947 730 ipsis
2973 656 3132 713 irasci
3162 657 3460 729 permitte,
3502 658 3664 729 ipsis
3716 660 3851 731 loqui

2208 753 2342 826 jube
2366 772 2378 810 :
2415 754 2519 826 ipsi
2547 754 2654 811 hoc
2682 753 2819 809 mihi
2843 754 3183 827 praecipiant,
3203 754 3311 826 ipsi
3339 753 3611 825 jubeant
3639 771 3707 810 se
3732 756 3856 822 coli,

2214 842 2318 913 ipsi
2343 839 2579 913 jubeant
2617 843 2853 898 adorari.
2888 843 3092 899 Verum
3124 843 3391 916 quoniam
3426 842 3503 898 ad
3542 842 3667 898 hoc
3699 844 3851 899 video

2216 938 2268 985 te
2302 930 2541 998 tendere,
2560 930 2703 1003 quod
2724 931 3012 1003 impetrare
3034 947 3145 986 non
3161 931 3391 1003 poteris,
3417 930 3732 1004 quidquid
3763 932 3849 987 tibi

2216 1019 2458 1087 videtur,
2501 1036 2715 1075 exerce.

2289 1109 2339 1163 7.
2377 1108 2782 1179 Symphronius
2818 1107 3113 1179 praefectus
3156 1106 3349 1165 dixit:
3410 1109 3624 1165 Unum
3675 1111 3784 1165 tibi
3826 1129 3848 1165 ει

2215 1196 2433 1252 duobus
2458 1196 2617 1267 elige,
2650 1205 2745 1253 aut
2772 1213 2897 1252 cum
2929 1196 3242 1268 virginibus
3270 1196 3390 1253 deae
3425 1198 3638 1255 Vestae
3671 1202 3846 1257 sacri-

2217 1285 2363 1353 ficia,
2390 1294 2632 1342 autcum
2668 1286 3051 1343 meretricibus
3072 1287 3487 1343 scortaberisin
3521 1291 3848 1347 contuber-

2217 1375 2311 1430 nio
2341 1375 2614 1447 lupanari.
2656 1376 2727 1432 Et
2755 1376 2915 1448 longe
2943 1384 3108 1432 erunt
3138 1391 3171 1431 a
3196 1383 3250 1432 te
3279 1375 3642 1447 Christiani,
3676 1382 3777 1451 qui
3804 1390 3845 1435 te

2219 1463 2295 1519 ita
2333 1462 2558 1535 magicis
2602 1463 2813 1520 artibus
2848 1463 3188 1532 imbuerant,
3239 1473 3302 1521 ut
3345 1465 3506 1524 hanc
3538 1469 3844 1524 calamita-

2219 1559 2327 1607 tem
2365 1551 2641 1623 intrepido
2703 1552 2890 1608 animo
2950 1560 3004 1609 te
3051 1569 3206 1625 posse
3248 1554 3503 1626 perferre
3570 1557 3842 1614 conﬁdas.

2220 1640 2393 1709 Unde,
2421 1650 2483 1697 ut
2512 1642 2656 1713 dixi,
2687 1649 2783 1699 aut
2826 1643 3074 1701 sacriﬁca
3123 1644 3239 1701 deae
3285 1645 3480 1702 Vestae
3510 1648 3596 1703 ad
3629 1648 3839 1705 laudem

2218 1732 2429 1805 generis
2449 1732 2564 1801 tui;
2588 1742 2683 1790 aut
2701 1733 2769 1789 ad
2791 1733 3153 1807 ignominiam
3174 1735 3451 1792 natalium
3472 1746 3726 1794 tuorum
3748 1740 3839 1794 er'u

586 1835 640 1892 4.
695 1835 944 1892 Audiens
1002 1835 1119 1891 haec
1151 1835 1556 1909 Symphronius
1609 1835 1898 1909 praefectus
1944 1837 2102 1892 laetus

2218 1820 2451 1893 publicae
2506 1821 2835 1894 abjectionis
2900 1833 3165 1882 scortum.
3224 1825 3382 1883 Tunc
3440 1825 3630 1884 beata
3668 1831 3837 1900 Agnes

513 1924 770 1992 efﬁcitur,
802 1916 858 1980 et
881 1923 1047 1980 missa
1073 1925 1416 1997 apparitione
1445 1942 1572 1983 cum
1621 1923 1815 1996 grandi
1849 1924 2106 1996 strepitu,

512 2012 630 2071 suis
657 2029 775 2069 eam
815 2012 1185 2070 tribunalibus
1214 2014 1472 2086 prmeepit
1499 2013 1639 2071 sisti.
1662 2014 1734 2070 Et
1762 2013 1943 2085 primo
1972 2013 2110 2086 qui-

510 2103 636 2159 dem
686 2101 905 2159 blandis
955 2118 1077 2159 eam
1127 2102 1475 2159 sermonibus
1527 2102 1791 2159 secretius
1820 2110 2105 2174 provocat,

510 2191 711 2248 deinde
762 2191 1065 2249 terroribus
1123 2193 1329 2264 pulsat.
1389 2192 1494 2248 Sed
1550 2191 1707 2264 virgo
1756 2190 1963 2249 Christi
2006 2208 2107 2249 nec

510 2279 889 2337 blandimento
917 2280 1217 2349 seducitur,
1250 2297 1353 2338 nec
1382 2288 1590 2337 terrore
1614 2281 1933 2338 concutitur
1964 2298 1975 2337 :
2009 2280 2104 2336 sed

508 2368 701 2425 eodem
727 2370 909 2438 vultu,
935 2369 1125 2426 eodem
1156 2369 1344 2426 animo
1386 2385 1764 2442 perseverans,
1799 2376 1853 2425 et
1881 2376 2107 2425 terren-

506 2465 618 2515 tem
646 2458 907 2515 similiter
950 2459 1095 2515 sicut
1141 2458 1515 2516 blandientem
1563 2460 1751 2516 animo
1796 2458 2101 2516 deridebat.

507 2548 717 2608 Videns
764 2549 949 2623 itaque
996 2550 1403 2624 Symphronius
1446 2552 1736 2624 praefectus
1780 2559 1991 2608 tantam
2044 2549 2103 2605 in

504 2638 688 2711 puella
715 2639 1103 2708 constantiam,
1125 2648 1376 2712 parentes
1401 2639 1520 2713 ejus
1543 2640 1875 2713 alloquitur:
1899 2648 1954 2696 et
1975 2638 2105 2712 quia

504 2736 661 2784 erant
679 2728 914 2798 nobiles,
938 2739 993 2786 et
1012 2731 1126 2786 vim
1148 2731 1228 2787 eis
1248 2730 1456 2787 inferre
1486 2748 1597 2787 non
1618 2738 1849 2803 poterat,
1874 2732 2098 2788 titulum

503 2817 584 2873 eis
640 2817 1066 2875 christianitatis
1112 2820 1391 2891 opposuit.
1449 2821 1719 2893 Sequente
1770 2828 1955 2877 autem
2011 2819 2102 2875 die

508 2906 719 2975 Agnem
737 2905 844 2960 sibi
867 2907 1180 2975 praesentari
1192 2907 1379 2978 jubet:
1400 2915 1454 2963 et
1474 2908 1672 2963 iterum
1695 2908 2005 2980 iterumque
2022 2925 2101 2964 re-

512 3001 722 3064 petens,
752 2994 1014 3064 replicare
1035 2994 1200 3065 coepit
1227 2995 1295 3051 de
1305 2994 1527 3067 juvenis
1555 3014 1738 3054 amore
1766 3013 2097 3054 sermonem.

576 3088 632 3145 ὕ.
691 3089 941 3161 Cumque
982 3107 1174 3148 omnes
1228 3107 1508 3149 sermones
1534 3093 1650 3166 ejus
1703 3111 1856 3153 casso
1909 3096 2099 3155 labore

2214 1929 2338 1970 cum
2369 1913 2580 1985 ingenti
2610 1915 2923 1971 constantia
2939 1915 3110 1972 dixit:
3142 1916 3200 1971 Si
3219 1916 3389 1972 scires
3421 1917 3565 1990 quis
3586 1927 3677 1974 est
3707 1920 3838 1975 Deus

2215 2018 2387 2070 meus,
2417 2018 2528 2058 non
2560 2003 2663 2059 ista
2693 2020 2763 2059 ex
2789 2020 2883 2060 ore
2913 2012 3010 2060 tuo
3037 2004 3326 2077 proferres.
3352 2006 3522 2063 Unde
3549 2024 3686 2080 ego,
3717 2010 3835 2082 quia

2214 2090 2345 2145 novi
2375 2091 2640 2147 virtutem
2660 2092 2887 2149 Domini
2909 2093 3017 2149 mei
3038 2093 3165 2150 Iesu
3194 2093 3429 2164 Christi,
3469 2113 3685 2153 secura
3714 2116 3832 2154 con-

2213 2186 2398 2236 temno
2427 2180 2604 2237 minas
2651 2188 2792 2250 tuas,
2824 2181 3056 2239 credens
3100 2182 3254 2255 quod
3297 2201 3486 2258 neque
3516 2187 3830 2244 sacriﬁcem

2214 2267 2379 2324 idolis
2410 2268 2541 2339 tuis,
2583 2286 2760 2343 neque
2786 2272 3003 2344 polluar
3029 2272 3285 2329 sordibus
3312 2274 3524 2331 alienis
3562 2294 3580 2343 ;
3619 2293 3830 2333 mecum

2213 2357 2360 2414 enim
2389 2358 2565 2416 habeo
2593 2359 2877 2416 custodem
2912 2360 3161 2434 corporis
3191 2362 3300 2418 mei
3337 2364 3619 2435 angelum
3650 2367 3834 2423 Domi-

2214 2446 2292 2503 ni.
2314 2447 2450 2503 Nam
2483 2449 2796 2520 unigenitus
2814 2450 2914 2506 Dei
2938 2451 3135 2519 Filius,
3158 2468 3322 2524 quem
3352 2451 3617 2524 ignoras,
3645 2472 3833 2511 murus

2212 2544 2294 2592 est
2332 2537 2471 2593 mihi
2527 2538 2995 2610 inexpugnabilis,
3034 2547 3089 2595 et
3133 2548 3318 2596 custos
3351 2541 3503 2598 mihi
3556 2551 3653 2599 est
3680 2560 3830 2599 nun-

2212 2640 2372 2697 quam
2420 2625 2723 2695 dormiens,
2778 2636 2834 2683 et
2875 2627 3135 2684 defensor
3190 2627 3331 2684 mihi
3377 2639 3465 2686 est
3528 2648 3819 2706 nunquam

2210 2714 2518 2772 deﬁciens:
2570 2716 2648 2772 dii
2679 2723 2862 2773 autem
2917 2717 3001 2772 tui
3049 2725 3144 2773 aut
3185 2717 3308 2773 aerei
3351 2726 3507 2787 sunt,
3563 2736 3641 2777 ex
3700 2723 3825 2795 qui-

2210 2805 2312 2861 bus
2359 2806 2545 2863 cacahi
2592 2808 2789 2863 melius
2834 2806 2978 2864 ﬁunt
3019 2807 3088 2864 ad
3133 2825 3267 2864 usus
3317 2807 3631 2867 hominum
3667 2831 3681 2868 :
3734 2821 3820 2867 aut

2211 2901 2433 2974 lapidei,
2472 2919 2542 2959 ex
2590 2904 2795 2977 quibus
2851 2905 3041 2978 platea:
3096 2906 3294 2963 melius
3345 2914 3695 2966 sternuntur
3742 2910 3814 2981 (8)

2208 2989 2275 3046 ad
2305 2990 2645 3047 evadendum
2671 2993 2870 3050 lutum.
2922 2993 3199 3051 Divinitas
3226 3001 3410 3051 autem
3445 3013 3566 3053 non
3600 2999 3664 3054 in
3694 3000 3814 3072 lapi-

2207 3079 2370 3136 dibus
2392 3081 2550 3137 vanis
2580 3081 2813 3152 habitat,
2842 3084 2938 3141 sed
2974 3084 3032 3140 in
3081 3086 3235 3142 oculis
3268 3104 3282 3142 :
3324 3103 3441 3143 non
3497 3088 3561 3144 in
3592 3106 3705 3146 ere
3732 3098 3819 3146 aut

507 3178 822 3247 deﬁcerent,
853 3179 982 3237 sisti
1017 3196 1136 3237 eam
1184 3181 1299 3238 suis
1346 3182 1719 3242 tribunalibus
1756 3184 1943 3256 jussit,
2001 3187 2093 3244 cui

2217 3170 2391 3242 aliquo
2413 3172 2654 3240 metallo,
2689 3172 2785 3228 sed
2831 3173 2888 3229 in
2938 3190 3105 3246 regno
3137 3191 3381 3248 superno
3423 3179 3714 3235 consistit.
3744 3180 3818 3235 Tu

508 3277 564 3326 et
591 3269 739 3326 dixit
772 3270 1135 3343 :Superstitio
1178 3271 1640 3341 Christianorum,
1685 3274 1753 3329 de
1779 3291 2015 3347 quorum
2047 3287 2098 3334 te

2217 3268 2393 3328 auten;
2426 3267 2479 3315 et
2508 3259 2718 3317 similes
2747 3263 2851 3330 tui,
2878 3262 2992 3318 nisi
3020 3263 3089 3319 ab
3121 3264 3355 3320 istorum
3386 3267 3619 3323 cultura
3652 3286 3817 3325 reces-

506 3358 733 3431 magicis
752 3360 964 3417 artibus
989 3358 1187 3430 jactas,
1208 3360 1314 3417 nisi
1337 3377 1368 3416 a
1396 3369 1451 3417 te
1479 3362 1646 3419 fuerit
1667 3372 1960 3435 segregata,
1986 3382 2095 3422 non

505 3448 711 3522 poteris
754 3448 1028 3505 insaniam
1065 3448 1302 3519 abjicere
1348 3452 1603 3522 pectoris,
1636 3468 1813 3525 neque
1840 3455 2100 3526 aequissi-

506 3536 614 3591 mis
642 3535 892 3591 consiliis
931 3536 1170 3607 praebere
1199 3554 1546 3596 consensum.
1581 3541 1735 3597 Unde
1765 3549 1819 3597 te
1845 3542 1915 3597 ad
1938 3560 2098 3602 vene-

507 3624 736 3680 rabilem
765 3623 923 3679 deam
949 3626 1170 3681 Vestam
1222 3642 1511 3697 properare
1553 3645 1771 3685 necesse
1817 3638 1917 3698 est,
1972 3640 2027 3688 et
2052 3633 2100 3690 si

509 3712 914 3784 perseverantia
941 3712 1280 3783 virginitatis
1316 3715 1514 3785 placet,
1550 3714 1668 3787 ejus
1705 3716 1797 3774 die
1824 3730 2097 3795 nocteque

508 3801 794 3860 sacriﬁciis
839 3801 1153 3859 reverendis
1196 3802 1434 3860 insistas.
1472 3805 1559 3861 Ad
1591 3805 1709 3863 haec
1735 3807 1894 3865 beata
1919 3812 2101 3884 Agnes

508 3891 792 3965 respondit
819 3909 832 3949 :
866 3892 923 3949 Si
954 3892 1131 3948 ﬁlium
1162 3901 1343 3962 tuum,
1398 3895 1650 3966 quamvis
1697 3896 1888 3971 iniquo
1916 3916 2101 3958 amore

509 3988 791 4051 vexatum,
822 3989 1007 4039 tamen
1046 3982 1323 4038 viventem
1353 3982 1635 4041 hominem
1665 3987 1914 4044 recusavi
1944 4006 1956 4045 :
1989 3988 2102 4045 ho-

512 4071 715 4127 minem
744 4071 936 4145 utique
965 4070 1059 4144 qui
1086 4078 1169 4127 est
1197 4070 1428 4128 rationis
1455 4089 1648 4145 capax,
1678 4075 1774 4147 qui
1804 4085 1858 4133 et
1883 4077 2098 4148 audire,

512 4166 567 4214 et
593 4159 803 4227 videre,
833 4168 887 4215 et
913 4162 1152 4232 palpare,
1183 4168 1237 4218 et
1265 4163 1545 4220 ambulare
1574 4171 1771 4235 potest,
1807 4173 1861 4221 et
1891 4166 1973 4239 (6)
1998 4167 2101 4222 ful-

515 4263 641 4320 gore
670 4247 812 4303 lucis
841 4248 1009 4320 hujus
1045 4267 1170 4306 cum
1216 4250 1378 4309 bonis
1423 4253 1631 4326 perfrui
1666 4272 1677 4309 :
1708 4254 1752 4310 si
1792 4271 1921 4327 ergo
1950 4255 2099 4314 hunc

514 4349 677 4392 causa
699 4336 900 4391 amoris
929 4336 1137 4394 Christi
1172 4340 1325 4394 nulla
1364 4356 1585 4411 possum
1616 4344 1826 4400 ratione
1855 4346 2103 4417 respice-

514 4441 573 4481 re
605 4442 619 4492 ;
653 4424 929 4496 quomodo
970 4441 1187 4496 possum
1233 4427 1380 4484 idola
1407 4440 1559 4487 muta
1588 4439 1641 4486 et
1668 4433 1853 4503 surda,
1891 4443 1945 4491 et
1985 4436 2104 4493 sine

2206 3348 2407 3417 seritis,
2430 3349 2633 3406 similis
2660 3367 2762 3407 vos
2792 3367 2954 3424 poena
2984 3353 3282 3411 concludet
3315 3372 3328 3421 ;
3358 3354 3509 3412 sicut
3535 3358 3689 3413 enim
3732 3359 3811 3414 illi

2207 3437 2331 3509 igne
2360 3438 2581 3494 conﬂati
2612 3447 2761 3509 sunt,
2795 3450 2857 3497 ut
2890 3441 3263 3498 funderentur
3290 3461 3304 3510 ;
3336 3448 3416 3501 sic
3448 3446 3699 3504 colentes
3727 3464 3814 3504 eos

2208 3537 2467 3599 perpetuo
2498 3529 2756 3586 incendio
2782 3529 3179 3587 conflahuntur
3205 3550 3218 3588 :
3251 3549 3364 3589 non
3390 3544 3454 3592 ut
3485 3535 3810 3606 fundantur,

2207 3616 2302 3672 sed
2330 3625 2391 3673 ut
2418 3617 2830 3674 confundantur
2860 3617 2919 3674 in
2956 3629 3247 3689 aeternum,
3281 3630 3336 3678 et
3367 3632 3619 3695 pereant.

2277 3714 2331 3769 8.
2365 3715 2451 3771 Ad
2481 3715 2598 3772 haec
2624 3716 2850 3773 insanus
2864 3716 3040 3789 judex
3057 3717 3225 3791 jussit
3249 3737 3371 3779 eam
3403 3726 3725 3797 exspoliari,
3754 3734 3803 3781 et

2207 3805 2412 3861 nudam
2444 3805 2511 3861 ad
2544 3806 2777 3877 lupanar
2809 3807 2958 3877 duci,
3004 3808 3107 3864 sub
3135 3826 3272 3866 voce
3319 3815 3595 3884 praeconis
3624 3817 3802 3872 dicens

2208 3895 2415 3966 Agnem
2453 3894 2771 3967 sacrilegam
2811 3896 3105 3968 virginem,
3150 3898 3280 3955 deos
3312 3899 3797 3974 blasphemantem,

2208 3989 2451 4038 scortum
2493 3983 2848 4055 lupanaribus
2877 3985 3080 4041 datam.
3118 3986 3314 4044 Statim
3347 4000 3534 4047 autem
3579 4002 3638 4048 ut
3670 4009 3800 4066 spo—

2210 4070 2338 4126 liata
2362 4077 2417 4125 et
2445 4072 2597 4127 crine
2628 4073 2807 4129 soluta
2835 4081 2935 4142 est,
2975 4081 3183 4131 tantam
3228 4075 3560 4135 densitatem
3591 4082 3802 4153 capillis

2208 4158 2327 4230 ejus
2354 4159 2545 4217 divina
2564 4162 2739 4235 gratia
2757 4165 3049 4233 concessit,
3073 4174 3135 4222 ut
3154 4166 3355 4224 melius
3384 4169 3663 4227 videretur
3679 4171 3797 4227 ﬁm-

2209 4248 2346 4304 briis
2374 4266 2583 4319 eorum,
2617 4266 2778 4324 quam
2839 4254 3085 4310 vestibus
3122 4264 3284 4313 tecta.
3329 4259 3580 4331 Ingressa
3623 4271 3793 4317 autem

2211 4337 2571 4410 turpitudinis
2602 4341 2809 4410 locum,
2840 4344 3095 4416 angelum
3125 4345 3351 4401 Domini
3385 4347 3507 4406 illic
3538 4350 3613 4406 ita
3638 4366 3796 4423 para-

2209 4435 2326 4482 tum
2358 4428 2596 4495 invenit,
2627 4438 2689 4486 ut
2718 4431 3087 4489 circumdaret
3117 4449 3236 4491 eam
3269 4436 3545 4495 immenso
3574 4441 3793 4509 lumine,

516 4529 681 4571 sensu
716 4521 772 4570 et
800 4512 919 4569 sine
947 4514 1129 4569 anima
1159 4516 1357 4585 colere,
1412 4527 1465 4573 et
1494 4522 1562 4576 ad
1607 4521 1866 4592 injuriam
1896 4526 2098 4582 summi
2129 4546 2179 4605 1)
2213 4514 2291 4570 ila
2329 4522 2390 4571 ιη
2446 4518 2634 4573 minus
2663 4528 2843 4591 ροεεεῑ
2878 4536 2995 4577 eam
3045 4538 3157 4594 ρηθ
3185 4524 3476 4596 splendore
3521 4528 3794 4601 respicerE,

516 4602 613 4660 Dei
636 4601 906 4658 cervicem
938 4617 1111 4657 meam
1144 4603 1298 4659 vanis
1333 4604 1607 4675 lapidibus
1637 4608 1901 4667 inclinare
1933 4613 1960 4669 ?

588 4692 641 4749 6.
668 4691 916 4748 Audiens
958 4690 1075 4747 haec
1122 4691 1411 4763 praefectus
1457 4694 1863 4768 Symphronius
1908 4701 2053 4757 dixit
2089 4719 2099 4759 :

518 4780 693 4853 Cupio
726 4780 964 4852 praebere
990 4783 1301 4837 consultum
1323 4782 1403 4854 (7)
1429 4782 1675 4842 infantiae
1692 4795 1819 4857 tum,
1846 4796 1901 4844 et
1925 4789 2106 4847 adhuc

518 4876 571 4926 te
595 4870 726 4926 deos
752 4868 1220 4942 blasphemantem
1278 4871 1487 4929 idcirco
1518 4873 1731 4944 differo,
1776 4876 1905 4950 quia
1931 4894 2103 4937 annos

518 4964 641 5015 tuos
673 4959 819 5015 infra
852 4976 1069 5017 sensum
1099 4962 1323 5035 aspicio.
1356 4964 1480 5019 Noli
1502 4981 1629 5037 ergo
1654 4968 1999 5040 temetipsam
2027 4971 2105 5026 ita

518 5048 815 5119 despicere,
849 5056 910 5104 ut
940 5056 1124 5104 motus
1146 5049 1374 5106 deorum
1415 5051 1681 5109 ineurras.
1734 5053 1897 5111 Beata
1920 5056 2104 5127 Agnes

517 5137 823 5208 respondit:
883 5136 1007 5192 Noli
1060 5138 1348 5195 infantiam
1406 5143 1744 5212 corporalem
1791 5144 1868 5199 ita
1909 5144 1966 5199 in
2012 5162 2101 5202 me

515 5222 811 5295 despicere,
842 5231 904 5279 ut
949 5233 1106 5295 putes
1137 5242 1224 5283 me
1269 5234 1322 5283 te
1373 5228 1515 5285 velle
1544 5228 1742 5286 habere
1772 5231 2097 5303 propitium.

516 5310 677 5368 Fides
703 5312 851 5368 enim
877 5328 989 5367 non
1043 5312 1101 5368 in
1131 5314 1313 5384 annis,
1362 5316 1456 5372 sed
1485 5316 1543 5372 in
1572 5317 1823 5374 sensibus
1852 5320 2095 5391 geritur:

585 5453 667 5535 (5)
698 5455 780 5510 Ita
807 5454 929 5511 cod.
959 5456 1136 5512 Noall.
1166 5474 1181 5524 ;
1222 5456 1355 5514 edit.
1411 5474 1563 5528 vero,
1593 5460 1652 5515 in
1694 5461 1928 5531 fascibus
1953 5480 2101 5535 pra:-

512 5520 728 5596 fectgirm
754 5543 807 5580 se
823 5543 993 5596 agere.

584 5593 664 5672 (β)
696 5593 899 5673 omnes
954 5597 1112 5673 edit.,
1160 5600 1371 5673 etiﬂore
1417 5600 1547 5656 lucis
1592 5601 1752 5673 hujus
1796 5619 1914 5660 cum
1949 5604 2098 5661 bonis

507 5657 662 5728 fru'i';
694 5664 816 5719 cod.
848 5667 1050 5736 Noall.,
1079 5657 1127 5723 et
1143 5657 1371 5740 fulpo-re,
1401 5679 1505 5727 etc.

2212 4620 2313 4659 nec
2358 4605 2698 4679 contingere,
2762 4625 2862 4665 nec
2914 4610 3121 4667 videre.
3174 4613 3440 4686 Fulgebat
3500 4617 3643 4672 enim
3688 4625 3800 4673 tota

2212 4694 2350 4749 cella
2403 4694 2521 4760 illa,
2567 4696 2719 4770 quasi
2776 4697 2996 4753 radians
3051 4701 3129 4755 sol
3181 4699 3240 4756 in
3297 4703 3509 4761 virtute
3561 4721 3697 4774 sua;
3748 4718 3801 4764 et

2212 4791 2416 4856 quanto
2460 4784 2583 4857 quis
2643 4785 2911 4842 curiosior
2981 4803 3093 4845 esse
3150 4791 3440 4861 voluisset,
3503 4802 3653 4851 tanto
3713 4798 3797 4853 sui

2211 4872 2363 4928 visus
2417 4873 2587 4928 aciem
2646 4874 3002 4932 obtundebat.
3053 4875 3302 4952 Cumque
3371 4898 3431 4937 se
3488 4883 3547 4938 in
3604 4885 3797 4941 oratio-

2211 4975 2335 5016 nem
2393 4962 2630 5019 Domino
2672 4965 3072 5035 prostravisset,
3121 4969 3376 5040 apparuit
3432 4979 3560 5028 ante
3616 4975 3799 5030 oculos

2210 5048 2328 5120 ejus
2375 5050 2514 5106 stola
2542 5051 2952 5122 candidissima,
2996 5061 3049 5109 et
3092 5056 3514 5128 apprehendens
3559 5076 3672 5117 eam
3717 5062 3797 5117 in-

2210 5139 2333 5194 duit
2382 5155 2458 5208 se,
2499 5148 2552 5195 et
2595 5138 2741 5196 dixit
2800 5159 2811 5198 :
2853 5141 3070 5198 Gratias
3102 5143 3207 5199 tibi
3241 5161 3364 5217 ago,
3412 5148 3648 5206 Domine
3672 5150 3791 5205 Iesu

2211 5228 2445 5298 Christe,
2476 5229 2570 5303 qui
2596 5247 2682 5287 me
2712 5230 2770 5287 in
2798 5248 3030 5289 numero
3057 5234 3385 5292 ancillarum
3410 5244 3632 5295 tuarum
3655 5258 3792 5298 com-

2209 5327 2427 5391 putans,
2473 5329 2675 5377 vestem
2725 5320 2867 5378 hanc
2914 5323 3056 5379 mihi
3102 5324 3293 5397 largiri
3341 5329 3672 5401 pracepisti.
3716 5332 3793 5386 lta

2208 5467 2364 5594 etc(7)
2396 5468 2476 5523 Ita
2502 5466 2623 5525 cod.
2664 5466 2841 5525 Noall.
2872 5486 2887 5537 ;

2266 5608 2364 5695 ⁹(8)
2414 5608 2617 5666 Omnes
2650 5610 2831 5695 edit.,
2887 5613 3217 5695 «unguibus
3242 5623 3561 5677 sternuntur
3593 5625 3788 5695 platea,

2208 5678 2315 5734 alia
2341 5678 2371 5734 e
2402 5689 2703 5740 memorato
2727 5683 2850 5741 cod.
2881 5678 3065 5742 addita
3092 5694 3246 5746 sunt.

2934 5476 2990 5526 at
3036 5467 3199 5543 edit.,
3259 5474 3435 5547 Cupio
3487 5479 3789 5550 consultum,
