3880 6198
91 206 210 263 817

1007 205 1371 264 EPISTOL/E
1410 204 1513 262 EX
1549 202 2018 262 AMBROSIANIS
2054 202 2518 262 SEGREGAT/E.

3299 205 3408 262 818

91 347 351 405 namque
391 331 460 388 ad
501 349 816 389 mensuram
859 333 1170 404 corpusculi
1219 332 1336 404 ejus
1374 339 1560 404 aptum
1603 341 1720 390 erat
1746 333 1796 392 A
1830 335 2059 401 aptaret,
2109 329 2261 385 dedit
2305 345 2431 385 eum
2479 331 2706 401 angelus
2749 329 2973 386 Domini
3025 329 3080 384 in
3133 329 3421 402 reprobam

96 421 531 490 indumentum,
563 431 616 478 et
654 424 731 480 ita
769 423 946 478 nimio
975 422 1210 479 candore
1241 423 1621 493 conspicuum,
1657 429 1719 477 ut

95 511 306 567 nullus
353 511 635 566 dubitaret
680 512 785 568 hoc
833 513 1096 582 angelicis
1143 511 1398 567 manibus
1439 527 1718 583 praepara-

92 608 249 655 tum.
289 601 505 656 Interea
535 602 763 672 lupanar
788 602 1022 657 efficitur
1050 601 1203 656 locus
1225 600 1510 667 orationis,
1529 601 1586 654 in
1608 615 1717 672 quo

98 707 308 744 omnes
349 691 443 763 qui
495 690 727 745 fuissent
767 690 1017 760 ingressi,
1077 689 1367 744 adorarent
1403 698 1456 744 et
1494 703 1716 743 venera-

101 786 332 845 rentur,
356 779 547 834 dantes
569 779 831 834 honorem
860 780 970 834 Deo
987 796 1085 849 pro
1106 777 1383 834 immenso
1403 778 1711 849 splendore,

95 875 151 921 et
198 867 526 923 mundiores
559 868 638 939 (9)
669 867 1058 939 egrederentur
1088 868 1252 935 foras,
1285 884 1444 940 quam
1496 866 1714 921 fuerant

96 957 262 1012 intus
294 956 545 1028 ingressi.

172 1045 230 1100 9.
267 1045 519 1116 Cumque
550 1044 667 1100 haec
696 1052 1008 1114 agerentur,
1041 1043 1284 1116 praefecti
1317 1045 1467 1100 ﬁlius
1495 1043 1590 1116 qui
1621 1059 1712 1098 au-

93 1140 225 1188 ctor
249 1141 370 1189 erat
399 1133 564 1205 hujus
593 1134 836 1201 sceleris,
877 1133 1032 1188 venit
1083 1134 1151 1189 ad
1181 1135 1360 1189 locum
1393 1151 1518 1190 cum
1560 1132 1712 1188 soda-

94 1219 251 1276 libus
283 1222 399 1278 suis
413 1221 748 1293 juvenculis,
780 1223 935 1296 quasi
966 1222 1331 1279 insultaturus
1349 1225 1561 1295 puella},
1584 1239 1708 1280 cum

95 1311 310 1384 quibus
358 1312 607 1368 libidinis
641 1330 752 1368 suae
803 1329 860 1368 se
899 1329 1057 1384 posse
1112 1312 1368 1368 credebat
1407 1313 1740 1369 ludibrium~

94 1417 392 1456 exercere:
449 1401 543 1457 sed
591 1401 868 1473 ingressus
913 1409 975 1456 ut
1032 1401 1184 1456 misit
1239 1411 1363 1456 ante
1420 1417 1475 1456 se
1515 1419 1710 1473 pueros

95 1491 382 1546 ferventes
428 1500 482 1547 et
523 1491 760 1563 turpiter
814 1491 1121 1560 saevientes,
1151 1509 1277 1548 cum
1308 1492 1482 1548 nimia
1526 1501 1706 1548 autem

98 1582 465 1637 veneratione
508 1583 624 1654 (10)
679 1589 734 1638 et
780 1582 990 1654 ingenti
1037 1582 1405 1638 admiratione
1466 1599 1708 1655 egressos

1828 436 1991 492 quam
2026 419 2315 490 conspicis,
2349 428 2602 475 mortem.

1901 509 1986 564 11.
2037 509 2185 564 Dicit
2231 509 2281 564 ei
2338 509 2662 580 praefectus:
2706 511 2768 564 In
2809 509 2914 566 hoc
2960 509 3245 582 apparebit
3293 511 3423 582 quia

1827 619 1938 658 non
1983 602 2208 674 magicis
2246 602 2455 658 artibus
2487 603 2590 657 ista
2621 602 2852 673 gessisti,
2883 602 2929 656 si
2977 601 3263 673 deprecata
3290 601 3421 658 fue—

1827 691 1901 745 ris
1951 691 2130 762 ipsum
2179 693 2454 762 angelum,
2492 699 2554 745 ut
2579 689 2826 745 restituat
2857 690 2994 744 mihi
3026 690 3203 746 ﬁlium
3235 708 3418 748 meum

1826 797 2044 835 sanum.
2079 780 2176 836 Cui
2201 779 2356 834 beata
2381 781 2560 850 Agnes
2579 779 2878 849 respondit:
2905 778 3056 833 Licet
3080 778 3215 833 ﬁdes
3237 788 3418 836 vestra

1827 868 1932 923 hoc
1968 868 2258 939 impetrare
2287 885 2395 922 non
2421 877 2692 922 mereatur
2719 884 2749 921 a
2778 867 3048 932 Domino;
3087 874 3268 922 tamen
3291 869 3419 940 quia

1826 966 2042 1029 tempus
2063 967 2143 1014 est
2174 966 2232 1013 ut
2263 959 2440 1014 virtus
2468 959 2692 1014 Domini
2724 959 2830 1013 mei
2852 959 2978 1012 Jesu
3005 957 3215 1014 Christi
3246 959 3416 1014 mani-

1824 1045 2079 1116 festetur,
2129 1048 2452 1119 egredimini
2511 1064 2701 1103 omnes
2748 1048 2915 1114 foras,
2971 1056 3030 1102 ut
3089 1048 3305 1104 solitam
3367 1050 3415 1104 ei

1823 1137 2126 1191 orationem
2179 1139 2422 1193 offeram.
2459 1138 2705 1210 Cumque
2734 1137 2977 1192 universi
3009 1137 3154 1192 foras
3182 1137 3416 1192 fuissent

1821 1226 2041 1298 egressi,
2092 1235 2439 1297 prosternens
2486 1242 2542 1281 se
2589 1225 2647 1280 in
2695 1226 2887 1280 faciem
2925 1225 3229 1297 pavimenti
3270 1225 3412 1297 (11),

1821 1333 2008 1387 rogare
2074 1317 2239 1387 coepit
2306 1317 2625 1384 Dominum,
2677 1325 2738 1371 ut
2785 1314 3045 1386 juvenem
3103 1317 3410 1371 suscitaret.

1821 1405 2025 1461 Orante
2052 1414 2234 1460 autem
2286 1406 2400 1473 illa,
2433 1404 2684 1477 apparuit
2727 1404 2776 1460 ei
2807 1406 3030 1477 angelus
3071 1406 3314 1472 Domini,
3359 1412 3414 1460 et

1821 1495 2024 1550 levavit
2070 1511 2188 1550 eam
2233 1495 2476 1562 flentem,
2524 1503 2577 1550 et
2623 1495 2939 1551 confortans
2993 1493 3238 1550 animum
3271 1493 3408 1564 ejus,

1812 1579 2073 1651 juvenem
2124 1581 2431 1637 suscitavit.
2477 1581 2582 1648 Qui
2623 1597 2868 1652 egressus
2894 1580 3056 1651 :foras
3082 1581 3248 1652 cmpit
3276 1595 3411 1636 voce

93 1673 271 1744 ccepit
302 1675 632 1746 impotentes
665 1691 912 1746 arguere,
951 1684 1113 1748 atque
1141 1691 1313 1731 vanos
1339 1683 1392 1730 et
1422 1678 1616 1732 molles
1645 1694 1708 1735 ac
1738 1689 1784 1748 B
1817 1671 2036 1742 publica
2083 1673 2317 1728 clamare
2351 1681 2406 1726 et
2439 1671 2619 1727 dicere
2646 1689 2656 1725 :
2691 1671 2842 1726 Unus
2871 1679 2953 1726 est
2991 1671 3136 1724 Deus
3168 1669 3223 1723 in
3269 1669 3410 1724 ccelo

96 1762 334 1819 miseros
375 1762 643 1835 judicare.
687 1765 757 1819 Et
805 1764 1042 1819 irridens
1096 1781 1208 1833 eos,
1262 1766 1443 1821 locum
1495 1766 1553 1821 in
1595 1783 1704 1839 quo

96 1851 262 1923 virgo
311 1852 596 1921 adorabat,
631 1853 890 1910 audacter
933 1854 1212 1925 ingressus
1243 1862 1360 1910 est:
1409 1862 1463 1909 et
1508 1856 1703 1912 videns

100 1948 322 1996 tantum
355 1942 548 1997 lumen
579 1941 729 1999 circa
755 1960 894 2011 eam,
927 1959 1038 1999 non
1077 1944 1230 1999 dedit
1263 1944 1527 2000 honorem
1548 1947 1696 2002 Deo:

99 2029 199 2085 sed
241 2031 460 2087 irruens
494 2032 552 2086 in
597 2031 777 2104 ipsum
821 2034 1027 2100 lumen,
1057 2033 1376 2106 priusquam
1412 2035 1499 2089 vel
1534 2051 1701 2091 manu

96 2135 217 2174 eam
251 2121 616 2192 contingeret,
635 2122 835 2177 cecidit
864 2123 922 2176 in
951 2122 1147 2177 faciem
1167 2139 1344 2191 suam,
1367 2131 1420 2178 et
1445 2124 1700 2195 praefoca-

97 2219 182 2266 tus
216 2227 249 2265 a
278 2209 503 2266 diabolo
524 2209 846 2282 exspiravit.
880 2211 1145 2268 Videntes
1181 2221 1362 2268 autem
1389 2213 1522 2268 socii
1558 2213 1695 2284 ejus,

99 2303 247 2374 quod
300 2319 484 2358 moras
532 2302 684 2358 intus
741 2303 1067 2369 innecteret,
1114 2305 1378 2375 putabant
1429 2305 1700 2361 obscmnis

97 2408 225 2447 eum
285 2391 546 2464 operibus
578 2401 928 2465 occupatum.
969 2396 1040 2449 Et
1095 2393 1410 2465 ingrediens
1436 2411 1581 2449 unus
1628 2411 1697 2450 ex

98 2480 419 2551 juvenibus,
453 2481 547 2552 qui
587 2481 637 2536 ei
668 2481 998 2538 familiarior
1030 2491 1166 2550 erat,
1198 2491 1259 2538 ut
1288 2483 1440 2554 quasi
1475 2500 1696 2554 congra-

100 2571 377 2625 tularetur
419 2569 764 2626 insultationi
809 2570 946 2643 ejus,
977 2578 1031 2626 et
1070 2580 1347 2626 mortuum
1380 2587 1504 2627 eum
1545 2573 1696 2628 inve-

99 2659 276 2727 niens,
331 2659 663 2715 exclamavit
708 2675 842 2716 voce
902 2676 1120 2731 magna,
1178 2659 1403 2716 dicens:
1453 2661 1693 2716 Piissimi

102 2749 354 2818 Romani,
402 2751 745 2818 succurrite;
787 2751 1013 2822 magicis
1042 2751 1255 2807 artibus
1297 2753 1404 2808 ista
1432 2755 1695 2810 meretrix

105 2839 342 2911 praefecti
401 2839 579 2896 ﬁlium
633 2840 930 2896 interfecit.
976 2841 1065 2896 Fit
1118 2849 1343 2912 repente
1396 2859 1696 2900 concursus

108 2931 427 3001 populorum
468 2930 534 2985 ad
585 2930 886 2998 theatrum,
941 2937 994 2985 et
1034 2930 1187 2986 varia
1224 2930 1460 2986 furentis
1504 2932 1692 3003 populi

107 3017 436 3072 acclamatio.
479 3017 591 3073 Alii
621 3017 878 3074 dicebant
908 3033 1138 3090 magam,
1172 3019 1268 3074 alii
1318 3019 1689 3089 innocentem,

108 3105 188 3160 alii
214 3105 536 3177 sacrilegam
567 3105 1000 3162 conclamabant.

171 3193 255 3250 10.
290 3194 584 3250 Praefectus
621 3202 826 3262 autem,
870 3194 1100 3250 audiens
1129 3195 1307 3251 ﬁlium
1335 3211 1495 3251 suum
1522 3195 1686 3251 inter-

111 3281 242 3350 iisse,
279 3298 403 3339 cum
434 3288 578 3345 482
607 3283 817 3356 ingenti
866 3285 1105 3340 tumultu
1152 3301 1215 3340 ac
1250 3285 1402 3340 luctu
1439 3284 1594 3340 venit
1619 3285 1687 3340 ad

109 3377 412 3448 theatrum;
463 3388 521 3436 et
561 3382 836 3454 ingressus
886 3383 1088 3450 locum,
1126 3383 1182 3437 in
1219 3399 1328 3455 quo
1361 3399 1557 3455 corpus
1585 3382 1684 3437 ﬁlii

111 3466 211 3538 ejus
234 3461 454 3542 jacebat
481 3470 758 3538 exanime,
799 3487 925 3526 cum
974 3487 1170 3543 magno
1208 3472 1445 3528 clamore
1474 3471 1687 3528 dicebat

113 3553 427 3614 beatissima
466 3557 707 3630 virgini:
747 3558 1141 3616 Crudelissima
1182 3560 1430 3616 omnium
1460 3561 1684 3616 femina-

114 3661 236 3715 rum,
283 3647 353 3703 ad
397 3647 574 3704 ﬁlium
623 3665 806 3705 meum
859 3651 1085 3706 voluisti
1114 3651 1379 3722 apodixin
1407 3658 1516 3707 tuae
1553 3652 1686 3708 artis

116 3737 318 3807 magicae
363 3738 779 3804 demonstrare;
811 3747 866 3794 et
911 3755 1036 3794 cum
1081 3740 1213 3796 talia
1240 3747 1400 3812 atque
1438 3739 1545 3796 alia
1588 3741 1684 3796 hu-

111 3821 398 3891 juscemodi
455 3826 777 3894 innecteret,
835 3835 889 3883 et
939 3844 1158 3884 causam
1212 3829 1406 3884 mortis
1453 3829 1570 3900 ejus
1619 3828 1686 3884 ab

115 3927 166 3966 ea
204 3914 556 3970 vehementer
595 3915 919 3988 inquireret,
969 3917 1046 3972 ait
1091 3918 1158 3973 ad
1207 3934 1332 3974 eum
1373 3917 1689 3974 beatissima

115 4001 276 4074 Agnes
300 4024 312 4062 :
336 4006 435 4061 Ille
462 4006 620 4078 cujus
649 4007 988 4062 voluntatem
1012 4008 1229 4064 volebat
1246 4008 1526 4080 perﬁcere,
1567 4008 1688 4080 ipse

118 4090 165 4147 in
213 4112 334 4153 eum
391 4105 713 4169 potestatem
771 4098 995 4170 accepit.
1043 4099 1220 4166 Quare
1270 4108 1450 4154 autem
1499 4115 1688 4155 omnes

119 4183 198 4253 qui
239 4185 306 4242 ad
354 4204 440 4242 me
482 4187 712 4260 ingressi
755 4195 904 4256 sunt,
950 4189 1068 4244 sani
1101 4189 1299 4261 egressi
1348 4197 1507 4244 sunt:
1559 4189 1690 4262 quia

123 4289 286 4334 omnes
334 4277 602 4334 dederunt
643 4279 908 4334 honorem
957 4281 1092 4347 Deo,
1131 4281 1221 4352 qui
1256 4280 1407 4335 misit
1436 4280 1686 4350 angelum

1815 1766 1870 1814 et
1901 1759 1959 1814 in
1991 1766 2131 1814 terra
2161 1767 2214 1814 et
2243 1760 2300 1813 in
2331 1758 2490 1825 mari,
2525 1758 2618 1830 qui
2649 1767 2730 1814 est
2758 1759 2903 1812 Deus
2934 1756 3404 1834 Christianorum;

1814 1867 1941 1906 nam
1979 1851 2172 1910 omnia
2220 1852 2423 1921 templa
2461 1866 2604 1904 vana
2647 1856 2809 1906 sunt:
2859 1848 2938 1903 dii
2981 1849 3075 1920 qui
3124 1849 3403 1914 coluntur,

1813 1956 2004 1996 omnes
2032 1940 2161 1995 vani
2203 1947 2352 2007 sunt,
2381 1947 2434 1995 et
2479 1939 2700 2010 penitus
2749 1954 2851 1994 nec
2883 1937 2990 1993 sibi
3020 1943 3269 2009 possunt,
3306 1951 3408 1992 nec

1811 2031 1937 2086 aliis
1969 2030 2194 2103 aliquod
2227 2031 2501 2086 auxilium
2530 2029 2811 2086 exhibere.

1886 2128 1970 2183 12.
2004 2128 2087 2183 Ad
2120 2128 2260 2185 hanc
2291 2145 2481 2185 vocem
2513 2144 2700 2184 omnes
2730 2126 3067 2198 haruspices,
3099 2131 3153 2180 et
3175 2124 3404 2196 templo-

1812 2233 1931 2272 rum
1985 2218 2272 2289 pontiﬁces
2309 2219 2803 2286 conturbabantur,
2827 2225 2880 2273 et
2909 2217 2972 2272 ﬁt
3002 2233 3097 2288 per
3123 2231 3214 2271 eos
3242 2214 3403 2270 vehe-

1811 2305 2049 2360 mentior
2099 2323 2260 2378 quam
2324 2307 2519 2374 fuerat,
2579 2306 2776 2362 seditio
2839 2307 3192 2378 populorum,
3241 2311 3403 2375 atque

1810 2409 2001 2449 omnes
2050 2410 2159 2448 una
2203 2412 2335 2450 voce
2389 2395 2731 2451 clamabant:
2791 2395 2941 2449 Tolle
2999 2410 3231 2465 magam,
3273 2392 3402 2448 tolle

1812 2483 2137 2548 maleﬁcam,
2186 2500 2305 2556 quae
2343 2492 2396 2540 et
2443 2493 2653 2539 mentes
2697 2491 2893 2552 mutat,
2935 2492 2987 2539 et
3029 2486 3243 2539 animos
3273 2483 3400 2539 alie-

1806 2582 1921 2630 nat.
1956 2575 2251 2631 Prmfectus
2270 2583 2450 2630 autem
2482 2575 2678 2630 videns
2706 2582 2860 2630 tanta
2889 2573 3182 2642 mirabilia,
3216 2575 3396 2629 obstu-

1807 2663 1962 2735 puit:
2003 2663 2097 2718 sed
2129 2664 2337 2719 veritus
2363 2663 2842 2735 proscriptionem,
2875 2662 2921 2717 si
2951 2669 3142 2716 contra
3171 2662 3397 2733 templo-

1805 2769 1929 2808 rum
1965 2753 2256 2824 pontiﬁces
2275 2761 2476 2824 ageret,
2497 2762 2550 2809 et
2579 2755 2789 2823 Agnem
2812 2759 3003 2808 contra
3031 2768 3156 2807 suas
3183 2760 3396 2808 senten-

1803 2841 1910 2896 tias
1940 2841 2269 2909 defensaret,
2302 2841 2572 2897 vicarium
2597 2859 2756 2897 suum
2780 2841 2847 2897 ad
2864 2841 3190 2897 seditionem
3208 2840 3395 2912 populi

1798 2929 2040 3001 judicem
2091 2931 2406 3004 dereliquit,
2461 2932 2574 3003 ipse
2627 2939 2813 2987 autem
2874 2929 3049 2985 tristis
3110 2929 3391 2997 abscessit,

1729 3047 1772 3108 Ο
1803 3019 1949 3090 quod
1978 3035 2093 3074 eam
2133 3036 2241 3074 non
2296 3020 2476 3091 potuit
2525 3027 2645 3091 post
2693 3017 3146 3075 resurrectionem
3174 3017 3277 3074 ﬁlii
3307 3019 3394 3073 sui

1803 3109 2057 3166 liberare.
2109 3111 2263 3166 Tunc
2302 3111 2544 3166 vicarius
2595 3110 2857 3182 Aspasius
2910 3109 3151 3178 nomine,
3203 3108 3391 3179 populi

1801 3200 2130 3256 seditionem
2161 3217 2271 3254 non
2303 3201 2482 3256 ferens
2512 3199 2653 3269 (l2),
2679 3197 2846 3269 jussit
2869 3199 2926 3252 in
2956 3205 3249 3270 conspectu
3277 3214 3390 3252 om-

1799 3287 1954 3342 nium
2001 3288 2181 3360 ignem
2221 3288 2506 3359 copiosum
2549 3286 2798 3353 accendi,
2829 3293 2882 3340 et
2911 3285 2968 3340 in
2999 3284 3240 3340 medium
3271 3301 3389 3340 eam

1800 3379 2056 3450 praecepit
2078 3377 2274 3449 jactari
2302 3377 2666 3433 flammarum.
2711 3375 2868 3443 Quod
2897 3392 3021 3432 cum
3053 3375 3245 3431 fuisset
3274 3374 3389 3431 im-

1798 3468 2030 3538 pletum,
2058 3467 2240 3522 statim
2269 3467 2326 3522 in
2358 3466 2492 3522 duas
2520 3473 2700 3538 partes
2737 3465 2930 3521 divisae
2960 3472 3089 3521 sunt
3133 3465 3386 3532 flammat,

1798 3565 1849 3612 et
1880 3556 2012 3612 hinc
2057 3565 2219 3630 atque
2253 3557 2412 3612 illinc
2461 3554 2750 3612 seditiosos
2789 3555 3021 3626 populos
3049 3553 3385 3611 exurebant:

1798 3646 1970 3717 ipsam
2008 3653 2188 3702 autem
2233 3647 2452 3718 penitus
2494 3645 2551 3700 in
2582 3644 2736 3700 nullo
2783 3643 3136 3716 contingebat
3188 3643 3388 3700 incen-

1798 3733 1974 3790 dium.
2007 3735 2076 3790 Et
2103 3735 2275 3807 magis
2304 3751 2414 3790 non
2447 3733 2550 3789 hoc
2587 3733 2886 3789 virtutibus
2914 3732 3140 3800 divinis,
3163 3732 3255 3788 sed
3277 3749 3388 3788 ma-

1799 3822 1994 3878 leﬁciis
2024 3833 2356 3895 reputantes,
2390 3823 2592 3879 dabant
2623 3823 2878 3878 fremitus
2907 3821 3050 3877 inter
3089 3836 3145 3877 se
3173 3821 3385 3892 populi,

1799 3919 1853 3967 et
1881 3912 2127 3968 inﬁnitos
2160 3913 2426 3968 clamores
2455 3911 2522 3966 ad
2551 3911 2771 3966 cmlum.

1873 4009 1957 4064 i3.
1991 4010 2145 4064 Tunc
2174 4010 2330 4065 beata
2358 4012 2557 4079 Agnes,
2590 4007 2892 4064 extendens
2937 4022 3131 4061 manus
3168 4021 3291 4061 suas
3328 4005 3386 4060 in

1800 4096 1982 4152 medio
2022 4097 2184 4168 ignis,
2222 4097 2310 4152 his
2360 4096 2541 4151 verbis
2583 4096 2885 4152 orationem
2917 4095 3062 4151 fudit
3109 4093 3176 4149 ad
3202 4093 3385 4150 Domi-

1799 4203 1971 4253 num;
2025 4186 2410 4256 Omnipotens,
2459 4185 2752 4253 adorande,
2801 4186 3048 4252 colende,
3106 4183 3386 4240 tremende

1799 4277 1958 4332 Pater
2002 4276 2223 4332 Domini
2273 4277 2380 4331 mei
2426 4277 2550 4332 Jesu
2578 4276 2806 4344 Christi,
2835 4275 3100 4332 benedico
3140 4283 3216 4343 te,
3259 4273 3388 4346 quia

122 4376 280 4436 suum,
321 4374 374 4422 et
422 4367 606 4423 induit
653 4383 741 4423 me
789 4368 892 4424 hoc
941 4368 1268 4423 indumento
1298 4368 1686 4423 misericordia:
1718 4401 1766 4458 D
1799 4383 1895 4437 per
1926 4366 2133 4422 Filium
2177 4375 2330 4422 tuum
2365 4366 2509 4422 evasi
2534 4366 2711 4422 minas
2743 4365 3031 4422 hominum
3065 4365 3385 4436 impiorum,

123 4467 233 4524 suae,
260 4466 313 4514 et
341 4459 642 4515 custodivit
671 4477 868 4532 corpus
909 4477 1112 4528 meum,
1146 4460 1291 4532 quod
1323 4459 1390 4515 ab
1421 4459 1553 4530 ipsis
1583 4475 1689 4515 cu—

125 4541 316 4602 nabulis
373 4547 593 4605 Christo
628 4557 1007 4605 consecratum
1055 4556 1137 4605 est
1179 4556 1233 4602 et
1279 4548 1546 4604 oblatum.
1576 4547 1686 4603 Vi-

127 4627 288 4692 dentes
349 4647 531 4694 autem
593 4639 938 4711 splendorem
1000 4639 1331 4711 angelicum,
1387 4638 1686 4696 adorabant

129 4732 308 4794 omnes,
355 4736 408 4782 et
451 4728 815 4784 abscedebant
861 4726 1056 4782 illaesi:
1106 4726 1198 4782 hic
1252 4736 1433 4782 autem
1494 4728 1686 4798 impu-

129 4805 241 4868 dens
265 4817 445 4886 statim
476 4827 538 4874 ut
565 4817 842 4891 ingressus
867 4826 967 4883 est,
988 4817 1180 4872 saevire
1208 4819 1372 4889 coepit
1400 4826 1454 4874 et
1477 4819 1687 4874 freme—

131 4911 206 4966 re;
254 4921 480 4980 cumque
530 4924 755 4964 manum
809 4923 962 4964 suam
1018 4904 1086 4961 ad
1132 4923 1218 4963 me
1263 4907 1685 4979 contingendam

191 5118 260 5198 (9)
285 5121 369 5178 Sic
396 5123 572 5178 Noall.
602 5123 777 5198 codex
803 5121 967 5178 :edit.
989 5128 1202 5198 autem,
1235 5121 1404 5176 omnis
1430 5121 1522 5198 qui
1543 5120 1690 5190 fuis-

134 5191 192 5269 ξεῑ
228 5191 500 5269 ingressus,
548 5196 916 5269 adorant"...
967 5193 1102 5248 dans
1151 5194 1395 5248 honorem
1441 5192 1690 5248 immenso

136 5254 313 5332 lumini,
342 5271 390 5318 et
417 5254 692 5332 mundior,
725 5273 834 5319 etc.

195 5328 306 5402 (10)
324 5336 524 5390 Omnes
544 5328 702 5402 edit.,
734 5342 780 5389 et
801 5335 1057 5405 ingressos
1085 5342 1206 5390 ante
1232 5352 1284 5389 se
1310 5333 1692 5404 furentespue—

137 5409 299 5478 {‘98,}!
325 5406 548 5478 turpiter
568 5407 839 5478 saevientes
865 5423 982 5460 cum
1009 5407 1153 5461 omni
1183 5405 1531 5474 veneratione,
1561 5415 1689 5472 etc.;

139 5423 225 5464 ινδ,
259 5423 299 5457 et
325 5423 384 5458 tu
449 5423 548 5460 uer
578 5423 824 5461 ueniente:

138 5463 288 5526 Noall.
317 5423 444 5531 cog.)
473 5485 534 5531 ut
563 5477 619 5531 in
649 5485 824 5532 textu.

201 5542 301 5615 (11)
328 5547 544 5604 Eadem
581 5548 741 5616 edit.,
778 5555 1116 5620 prosternens
1155 5567 1207 5606 se
1253 5549 1309 5604 in
1345 5546 1534 5617 faciem
1563 5549 1696 5618 pta-

1797 4464 1852 4510 et
1883 4455 2175 4528 spurcitias
2217 4455 2422 4512 diaboli
2473 4456 2766 4528 impolluto
2793 4458 2931 4513 calle
2959 4453 3212 4511 transivi.
3244 4454 3388 4509 Ecce

1795 4560 1942 4601 nunc
1989 4546 2162 4602 sancti
2207 4545 2446 4617 Spiritus
2489 4562 2611 4601 rore
2659 4545 2866 4602 caelesti
2914 4545 3150 4615 perfusa,
3181 4541 3386 4597 resolu-

1794 4641 1885 4688 tus
1915 4643 1996 4690 est
2037 4635 2200 4707 juxta
2247 4652 2333 4690 me
2363 4634 2526 4706 ignis,
2574 4633 2792 4688 flamma
2839 4632 3112 4689 dividitur
3146 4631 3284 4701 (13),
3335 4637 3389 4686 et

1795 4723 1958 4779 ardor
2014 4725 2257 4781 incendii
2309 4723 2476 4794 hujus
2504 4724 2571 4777 ad
2602 4739 2694 4777 eos
2720 4739 2751 4776 a
2777 4721 2978 4793 quibus
3021 4719 3386 4776 ministratur.

1795 4813 2117 4868 effunditur.
2153 4812 2426 4867 Benedico
2456 4819 2529 4878 te,
2553 4812 2709 4865 Pater
2724 4809 3087 4880 praedicande,
3107 4808 3201 4880 qui
3223 4807 3389 4862 etiam

1796 4901 1940 4958 inter
1955 4903 2202 4959 ﬂammas
2225 4901 2554 4972 intrepidam
2585 4914 2671 4954 me
2700 4898 2767 4954 ad
2793 4905 2848 4954 te
2876 4897 3064 4955 venire
3092 4896 3388 4971 permittis,

1795 5138 1920 5176 nam
1942 5139 1961 5184 ;
1991 5119 2162 5176 codex
2193 5118 2415 5173 Noall...
2439 5115 2495 5170 in
2523 5115 2710 5184 faciem
2730 5116 3038 5187 pavimenti.

1873 5193 1989 5263 (i2)
2023 5190 2218 5261 Populi
2258 5188 2561 5244 seditionem
2608 5205 2713 5242 non
2741 5187 2915 5258 ferens
2955 5189 3178 5247 additur
3206 5203 3235 5244 e
3264 5187 3388 5244 cod.

1797 5263 1990 5405 $0393)
2019 5334 2221 5389 Omnes
2268 5330 2425 5398 edit.,
2471 5333 2602 5386 Ecce
2629 5339 2682 5405 et
2710 5349 2849 5405 nunc
2892 5348 3016 5386 rore
3060 5331 3392 5405 ecelesti_per-

1801 5402 1953 5474 fusus
1971 5402 2066 5475 per
2099 5405 2358 5473 Spiritum
2387 5410 2625 5456 sanctum
2653 5403 2801 5473 focus
2820 5402 2986 5472 juxta
3014 5421 3092 5459 me
3121 5403 3351 5458 moritur
3371 5420 3392 5468 ,°

1802 5476 1977 5532 codex
2007 5476 2184 5532 Noall.
2219 5483 2280 5530 ut
2305 5475 2364 5530 in
2393 5490 2642 5546 corpore.
