  <div class='ocr_page' id='page_1' title='image "/cluster/home/n/w/nwhite01/storage/ocr_20150623/17/uva.x000826553/417.png"; bbox 0 0 3880 6198; ppageno 0'>
   <div class='ocr_carea' id='block_1_1' title="bbox 481 157 586 214">
    <p class='ocr_par' dir='ltr' id='par_1_1' title="bbox 481 157 586 214">
     <span class='ocr_line' id='line_1_1' title="bbox 481 157 586 214; baseline 0.019 -2"><span class='ocrx_word' id='word_1_1' title='bbox 481 157 586 214; x_wconf 87' lang='grc'>819</span> 
     </span>
    </p>
   </div>
   <div class='ocr_carea' id='block_1_2' title="bbox 1520 162 3847 220">
    <p class='ocr_par' dir='ltr' id='par_1_2' title="bbox 1520 162 3847 220">
     <span class='ocr_line' id='line_1_2' title="bbox 1520 162 3847 220; baseline -0.007 -1"><span class='ocrx_word' id='word_1_2' title='bbox 1520 166 1616 220; x_wconf 88' lang='lat' dir='ltr'>AD</span> <span class='ocrx_word' id='word_1_3' title='bbox 1655 164 1888 220; x_wconf 80' lang='lat' dir='ltr'>OPEBA</span> <span class='ocrx_word' id='word_1_4' title='bbox 1927 163 1984 220; x_wconf 91' lang='lat' dir='ltr'>S.</span> <span class='ocrx_word' id='word_1_5' title='bbox 2025 162 2357 220; x_wconf 82' lang='lat' dir='ltr'>AMBROSII</span> <span class='ocrx_word' id='word_1_6' title='bbox 2393 162 2774 220; x_wconf 82' lang='lat' dir='ltr'>APPENDIX.</span> <span class='ocrx_word' id='word_1_7' title='bbox 3779 162 3847 213; x_wconf 67' lang='lat'>$3.-</span> 
     </span>
    </p>
   </div>
   <div class='ocr_carea' id='block_1_3' title="bbox 482 285 3844 362">
    <p class='ocr_par' dir='ltr' id='par_1_3' title="bbox 482 285 3844 362">
     <span class='ocr_line' id='line_1_3' title="bbox 482 285 3844 362; baseline 0 -23"><span class='ocrx_word' id='word_1_8' title='bbox 482 285 626 340; x_wconf 88' lang='lat' dir='ltr'>Ecce</span> <span class='ocrx_word' id='word_1_9' title='bbox 653 286 766 357; x_wconf 88' lang='lat' dir='ltr'>jam</span> <span class='ocrx_word' id='word_1_10' title='bbox 820 291 965 359; x_wconf 91' lang='lat' dir='ltr'>quod</span> <span class='ocrx_word' id='word_1_11' title='bbox 1014 290 1243 357; x_wconf 87' lang='lat' dir='ltr'>credidi,</span> <span class='ocrx_word' id='word_1_12' title='bbox 1286 289 1480 345; x_wconf 91' lang='lat' dir='ltr'>video:</span> <span class='ocrx_word' id='word_1_13' title='bbox 1516 289 1661 362; x_wconf 91' lang='lat' dir='ltr'>quod</span> <span class='ocrx_word' id='word_1_14' title='bbox 1715 287 1949 359; x_wconf 80' lang='lat' dir='ltr'>Speravi,</span> <span class='ocrx_word' id='word_1_15' title='bbox 1977 287 2088 358; x_wconf 92' lang='lat' dir='ltr'>jam</span> <span class='ocrx_word' id='word_1_16' title='bbox 2119 289 2170 347; x_wconf 88' lang='lat' dir='ltr'>A</span> <span class='ocrx_word' id='word_1_17' title='bbox 2199 288 2302 344; x_wconf 91' lang='lat' dir='ltr'>bus</span> <span class='ocrx_word' id='word_1_18' title='bbox 2330 288 2444 344; x_wconf 87' lang='lat' dir='ltr'>suis</span> <span class='ocrx_word' id='word_1_19' title='bbox 2481 289 2655 345; x_wconf 82' lang='lat' dir='ltr'>dixit:</span> <span class='ocrx_word' id='word_1_20' title='bbox 2680 287 2876 346; x_wconf 83' lang='lat' dir='ltr'>Videte</span> <span class='ocrx_word' id='word_1_21' title='bbox 2906 304 2972 343; x_wconf 92' lang='lat' dir='ltr'>ne</span> <span class='ocrx_word' id='word_1_22' title='bbox 2999 304 3085 344; x_wconf 91' lang='lat' dir='ltr'>me</span> <span class='ocrx_word' id='word_1_23' title='bbox 3115 297 3398 344; x_wconf 88' lang='lat' dir='ltr'>mortuam</span> <span class='ocrx_word' id='word_1_24' title='bbox 3436 285 3750 357; x_wconf 70' lang='lat' dir='ltr'>lugeatis,</span> 
     </span>
    </p>
   </div>
   <div class='ocr_carea' id='block_1_4' title="bbox 482 375 2086 450">
    <p class='ocr_par' dir='ltr' id='par_1_4' title="bbox 482 375 2086 450">
     <span class='ocr_line' id='line_1_4' title="bbox 482 375 2086 450; baseline -0.001 -20"><span class='ocrx_word' id='word_1_25' title='bbox 482 385 678 431; x_wconf 90' lang='lat' dir='ltr'>teneo:</span> <span class='ocrx_word' id='word_1_26' title='bbox 731 377 876 447; x_wconf 90' lang='lat' dir='ltr'>quod</span> <span class='ocrx_word' id='word_1_27' title='bbox 929 379 1244 450; x_wconf 89' lang='lat' dir='ltr'>concupivi,</span> <span class='ocrx_word' id='word_1_28' title='bbox 1293 379 1646 450; x_wconf 88' lang='lat' dir='ltr'>complector.</span> <span class='ocrx_word' id='word_1_29' title='bbox 1699 377 1772 430; x_wconf 91' lang='lat' dir='ltr'>Te</span> <span class='ocrx_word' id='word_1_30' title='bbox 1819 375 2086 432; x_wconf 82' lang='lat' dir='ltr'>confiteor</span> 
     </span>
    </p>
   </div>
   <div class='ocr_carea' id='block_1_5' title="bbox 484 465 2084 536">
    <p class='ocr_par' dir='ltr' id='par_1_5' title="bbox 484 465 2084 536">
     <span class='ocr_line' id='line_1_5' title="bbox 484 465 2084 536; baseline -0.001 -15"><span class='ocrx_word' id='word_1_31' title='bbox 484 465 648 521; x_wconf 88' lang='lat' dir='ltr'>labiis</span> <span class='ocrx_word' id='word_1_32' title='bbox 689 474 742 520; x_wconf 94' lang='lat' dir='ltr'>et</span> <span class='ocrx_word' id='word_1_33' title='bbox 779 467 962 535; x_wconf 91' lang='lat' dir='ltr'>corde,</span> <span class='ocrx_word' id='word_1_34' title='bbox 995 476 1048 523; x_wconf 93' lang='lat' dir='ltr'>et</span> <span class='ocrx_word' id='word_1_35' title='bbox 1078 469 1206 524; x_wconf 86' lang='lat' dir='ltr'>totis</span> <span class='ocrx_word' id='word_1_36' title='bbox 1230 468 1534 523; x_wconf 87' lang='lat' dir='ltr'>visceribus</span> <span class='ocrx_word' id='word_1_37' title='bbox 1562 465 1912 536; x_wconf 88' lang='lat' dir='ltr'>concupisco.</span> <span class='ocrx_word' id='word_1_38' title='bbox 1946 466 2084 520; x_wconf 86' lang='lat' dir='ltr'>Ecce</span> 
     </span>
    </p>
   </div>
   <div class='ocr_carea' id='block_1_6' title="bbox 483 555 2083 630">
    <p class='ocr_par' dir='ltr' id='par_1_6' title="bbox 483 555 2083 630">
     <span class='ocr_line' id='line_1_6' title="bbox 483 555 2083 630; baseline -0.002 -18"><span class='ocrx_word' id='word_1_39' title='bbox 483 558 550 612; x_wconf 88' lang='lat' dir='ltr'>ad</span> <span class='ocrx_word' id='word_1_40' title='bbox 579 564 631 611; x_wconf 92' lang='lat' dir='ltr'>te</span> <span class='ocrx_word' id='word_1_41' title='bbox 661 558 826 611; x_wconf 87' lang='lat' dir='ltr'>venio</span> <span class='ocrx_word' id='word_1_42' title='bbox 855 559 1047 614; x_wconf 90' lang='lat' dir='ltr'>vivum</span> <span class='ocrx_word' id='word_1_43' title='bbox 1079 568 1132 614; x_wconf 91' lang='lat' dir='ltr'>et</span> <span class='ocrx_word' id='word_1_44' title='bbox 1162 576 1352 614; x_wconf 86' lang='lat' dir='ltr'>verum</span> <span class='ocrx_word' id='word_1_45' title='bbox 1391 562 1588 625; x_wconf 91' lang='lat' dir='ltr'>Deum,</span> <span class='ocrx_word' id='word_1_46' title='bbox 1623 557 1714 630; x_wconf 88' lang='lat' dir='ltr'>qui</span> <span class='ocrx_word' id='word_1_47' title='bbox 1744 574 1868 613; x_wconf 90' lang='lat' dir='ltr'>cum</span> <span class='ocrx_word' id='word_1_48' title='bbox 1899 555 2083 611; x_wconf 89' lang='lat' dir='ltr'>Domi-</span> 
     </span>
    </p>
   </div>
   <div class='ocr_carea' id='block_1_7' title="bbox 481 645 2084 718">
    <p class='ocr_par' dir='ltr' id='par_1_7' title="bbox 481 645 2084 718">
     <span class='ocr_line' id='line_1_7' title="bbox 481 645 2084 718; baseline 0.001 -17"><span class='ocrx_word' id='word_1_49' title='bbox 481 662 555 701; x_wconf 94' lang='lat' dir='ltr'>no</span> <span class='ocrx_word' id='word_1_50' title='bbox 604 646 728 700; x_wconf 85' lang='lat' dir='ltr'>Jesu</span> <span class='ocrx_word' id='word_1_51' title='bbox 776 645 1000 701; x_wconf 78' lang='lat' dir='ltr'>Christo</span> <span class='ocrx_word' id='word_1_52' title='bbox 1040 649 1183 702; x_wconf 88' lang='lat' dir='ltr'>Filio</span> <span class='ocrx_word' id='word_1_53' title='bbox 1229 654 1344 714; x_wconf 91' lang='lat' dir='ltr'>tuo,</span> <span class='ocrx_word' id='word_1_54' title='bbox 1396 655 1450 702; x_wconf 90' lang='lat' dir='ltr'>et</span> <span class='ocrx_word' id='word_1_55' title='bbox 1497 664 1621 702; x_wconf 90' lang='lat' dir='ltr'>cum</span> <span class='ocrx_word' id='word_1_56' title='bbox 1653 646 1864 718; x_wconf 77' lang='lat' dir='ltr'>Spiritu</span> <span class='ocrx_word' id='word_1_57' title='bbox 1895 653 2084 702; x_wconf 87' lang='lat' dir='ltr'>sancto</span> 
     </span>
    </p>
   </div>
   <div class='ocr_carea' id='block_1_8' title="bbox 482 734 2084 808">
    <p class='ocr_par' dir='ltr' id='par_1_8' title="bbox 482 734 2084 808">
     <span class='ocr_line' id='line_1_8' title="bbox 482 734 2084 808; baseline -0.001 -18"><span class='ocrx_word' id='word_1_58' title='bbox 482 736 630 791; x_wconf 87' lang='lat' dir='ltr'>vivis</span> <span class='ocrx_word' id='word_1_59' title='bbox 660 743 713 790; x_wconf 91' lang='lat' dir='ltr'>et</span> <span class='ocrx_word' id='word_1_60' title='bbox 741 752 932 806; x_wconf 81' lang='lat' dir='ltr'>regnas</span> <span class='ocrx_word' id='word_1_61' title='bbox 967 736 1134 792; x_wconf 85' lang='lat' dir='ltr'>modo</span> <span class='ocrx_word' id='word_1_62' title='bbox 1175 744 1228 791; x_wconf 91' lang='lat' dir='ltr'>et</span> <span class='ocrx_word' id='word_1_63' title='bbox 1257 753 1469 808; x_wconf 83' lang='lat' dir='ltr'>semper</span> <span class='ocrx_word' id='word_1_64' title='bbox 1500 753 1592 808; x_wconf 89' lang='lat' dir='ltr'>per</span> <span class='ocrx_word' id='word_1_65' title='bbox 1637 734 1854 790; x_wconf 80' lang='lat' dir='ltr'>infinita</span> <span class='ocrx_word' id='word_1_66' title='bbox 1886 735 2084 789; x_wconf 56' lang='lat' dir='ltr'>saecula</span> 
     </span>
    </p>
   </div>
   <div class='ocr_carea' id='block_1_9' title="bbox 412 826 1046 890">
    <p class='ocr_par' dir='ltr' id='par_1_9' title="bbox 412 826 1046 890">
     <span class='ocr_line' id='line_1_9' title="bbox 412 826 1046 890; baseline 0.002 -13"><span class='ocrx_word' id='word_1_67' title='bbox 412 850 415 853; x_wconf 91' lang='lat'><strong><em>-</em></strong></span> <span class='ocrx_word' id='word_1_68' title='bbox 482 826 834 890; x_wconf 59' lang='lat' dir='ltr'>saeculorum,</span> <span class='ocrx_word' id='word_1_69' title='bbox 866 839 1046 879; x_wconf 84' lang='lat' dir='ltr'>amen.</span> 
     </span>
    </p>
   </div>
   <div class='ocr_carea' id='block_1_10' title="bbox 557 911 2084 985">
    <p class='ocr_par' dir='ltr' id='par_1_10' title="bbox 557 911 2084 985">
     <span class='ocr_line' id='line_1_10' title="bbox 557 911 2084 985; baseline -0.001 -18"><span class='ocrx_word' id='word_1_70' title='bbox 557 914 641 967; x_wconf 73' lang='grc'>14.</span> <span class='ocrx_word' id='word_1_71' title='bbox 695 912 944 985; x_wconf 85' lang='lat' dir='ltr'>Cumque</span> <span class='ocrx_word' id='word_1_72' title='bbox 999 914 1324 985; x_wconf 77' lang='lat' dir='ltr'>complesset</span> <span class='ocrx_word' id='word_1_73' title='bbox 1375 913 1704 980; x_wconf 78' lang='lat' dir='ltr'>orationem,</span> <span class='ocrx_word' id='word_1_74' title='bbox 1763 914 1840 967; x_wconf 90' lang='lat' dir='ltr'>ita</span> <span class='ocrx_word' id='word_1_75' title='bbox 1900 911 2084 966; x_wconf 89' lang='lat' dir='ltr'>omnis</span> 
     </span>
    </p>
   </div>
   <div class='ocr_carea' id='block_1_11' title="bbox 484 1001 2082 1075">
    <p class='ocr_par' dir='ltr' id='par_1_11' title="bbox 484 1001 2082 1075">
     <span class='ocr_line' id='line_1_11' title="bbox 484 1001 2082 1075; baseline 0 -19"><span class='ocrx_word' id='word_1_76' title='bbox 484 1002 627 1074; x_wconf 92' lang='lat' dir='ltr'>ignis</span> <span class='ocrx_word' id='word_1_77' title='bbox 665 1003 973 1058; x_wconf 81' lang='lat' dir='ltr'>exstinctus</span> <span class='ocrx_word' id='word_1_78' title='bbox 1008 1012 1109 1070; x_wconf 91' lang='lat' dir='ltr'>est,</span> <span class='ocrx_word' id='word_1_79' title='bbox 1159 1011 1219 1057; x_wconf 91' lang='lat' dir='ltr'>ut</span> <span class='ocrx_word' id='word_1_80' title='bbox 1263 1020 1364 1059; x_wconf 91' lang='lat' dir='ltr'>nec</span> <span class='ocrx_word' id='word_1_81' title='bbox 1392 1010 1546 1074; x_wconf 90' lang='lat' dir='ltr'>tepor</span> <span class='ocrx_word' id='word_1_82' title='bbox 1584 1002 1807 1075; x_wconf 87' lang='lat' dir='ltr'>quidem</span> <span class='ocrx_word' id='word_1_83' title='bbox 1838 1001 2082 1058; x_wconf 87' lang='lat' dir='ltr'>incendii</span> 
     </span>
    </p>
   </div>
   <div class='ocr_carea' id='block_1_12' title="bbox 483 1092 2082 1166">
    <p class='ocr_par' dir='ltr' id='par_1_12' title="bbox 483 1092 2082 1166">
     <span class='ocr_line' id='line_1_12' title="bbox 483 1092 2082 1166; baseline -0.001 -19"><span class='ocrx_word' id='word_1_84' title='bbox 483 1093 854 1149; x_wconf 82' lang='lat' dir='ltr'>remansisset.</span> <span class='ocrx_word' id='word_1_85' title='bbox 898 1095 1052 1150; x_wconf 90' lang='lat' dir='ltr'>Tunc</span> <span class='ocrx_word' id='word_1_86' title='bbox 1081 1095 1367 1166; x_wconf 87' lang='lat' dir='ltr'>Aspasius,</span> <span class='ocrx_word' id='word_1_87' title='bbox 1409 1094 1562 1150; x_wconf 87' lang='lat' dir='ltr'>urbis</span> <span class='ocrx_word' id='word_1_88' title='bbox 1593 1096 1776 1151; x_wconf 60' lang='lat' dir='ltr'>Romae</span> <span class='ocrx_word' id='word_1_89' title='bbox 1818 1092 2082 1159; x_wconf 80' lang='lat' dir='ltr'>vicarius,</span> 
     </span>
    </p>
   </div>
   <div class='ocr_carea' id='block_1_13' title="bbox 483 1181 2082 1254">
    <p class='ocr_par' dir='ltr' id='par_1_13' title="bbox 483 1181 2082 1254">
     <span class='ocr_line' id='line_1_13' title="bbox 483 1181 2082 1254; baseline -0.001 -17"><span class='ocrx_word' id='word_1_90' title='bbox 483 1183 673 1254; x_wconf 91' lang='lat' dir='ltr'>populi</span> <span class='ocrx_word' id='word_1_91' title='bbox 695 1182 1018 1238; x_wconf 87' lang='lat' dir='ltr'>seditionem</span> <span class='ocrx_word' id='word_1_92' title='bbox 1049 1200 1159 1238; x_wconf 91' lang='lat' dir='ltr'>non</span> <span class='ocrx_word' id='word_1_93' title='bbox 1188 1184 1387 1248; x_wconf 89' lang='lat' dir='ltr'>ferens,</span> <span class='ocrx_word' id='word_1_94' title='bbox 1417 1183 1472 1237; x_wconf 91' lang='lat' dir='ltr'>in</span> <span class='ocrx_word' id='word_1_95' title='bbox 1492 1190 1678 1254; x_wconf 83' lang='lat' dir='ltr'>guttur</span> <span class='ocrx_word' id='word_1_96' title='bbox 1699 1182 1816 1254; x_wconf 90' lang='lat' dir='ltr'>ejus</span> <span class='ocrx_word' id='word_1_97' title='bbox 1839 1181 2082 1253; x_wconf 79' lang='lat' dir='ltr'>gladium</span> 
     </span>
    </p>
   </div>
   <div class='ocr_carea' id='block_1_14' title="bbox 482 1273 2142 1345">
    <p class='ocr_par' dir='ltr' id='par_1_14' title="bbox 482 1273 2142 1345">
     <span class='ocr_line' id='line_1_14' title="bbox 482 1273 2142 1345; baseline 0 -19"><span class='ocrx_word' id='word_1_98' title='bbox 482 1273 655 1342; x_wconf 83' lang='lat' dir='ltr'>mergi</span> <span class='ocrx_word' id='word_1_99' title='bbox 717 1273 1014 1344; x_wconf 68' lang='lat' dir='ltr'>praecepit:</span> <span class='ocrx_word' id='word_1_100' title='bbox 1067 1282 1228 1345; x_wconf 86' lang='lat' dir='ltr'>atque</span> <span class='ocrx_word' id='word_1_101' title='bbox 1263 1273 1368 1328; x_wconf 93' lang='lat' dir='ltr'>hoc</span> <span class='ocrx_word' id='word_1_102' title='bbox 1417 1273 1590 1341; x_wconf 86' lang='lat' dir='ltr'>exitu,</span> <span class='ocrx_word' id='word_1_103' title='bbox 1631 1290 1785 1328; x_wconf 91' lang='lat' dir='ltr'>roseo</span> <span class='ocrx_word' id='word_1_104' title='bbox 1815 1273 1901 1327; x_wconf 90' lang='lat' dir='ltr'>sui</span> <span class='ocrx_word' id='word_1_105' title='bbox 1951 1288 2087 1327; x_wconf 87' lang='lat' dir='ltr'>san-</span> <span class='ocrx_word' id='word_1_106' title='bbox 2130 1297 2142 1308; x_wconf 89' lang='lat'><strong>-</strong></span> 
     </span>
    </p>
   </div>
   <div class='ocr_carea' id='block_1_15' title="bbox 484 1363 2085 1438">
    <p class='ocr_par' dir='ltr' id='par_1_15' title="bbox 484 1363 2085 1438">
     <span class='ocr_line' id='line_1_15' title="bbox 484 1363 2085 1438; baseline 0.003 -21"><span class='ocrx_word' id='word_1_107' title='bbox 484 1363 665 1434; x_wconf 81' lang='lat' dir='ltr'>guinis</span> <span class='ocrx_word' id='word_1_108' title='bbox 711 1364 911 1418; x_wconf 91' lang='lat' dir='ltr'>rubore</span> <span class='ocrx_word' id='word_1_109' title='bbox 959 1365 1233 1436; x_wconf 83' lang='lat' dir='ltr'>perfusam</span> <span class='ocrx_word' id='word_1_110' title='bbox 1292 1366 1544 1422; x_wconf 87' lang='lat' dir='ltr'>Christus</span> <span class='ocrx_word' id='word_1_111' title='bbox 1581 1366 1686 1423; x_wconf 87' lang='lat' dir='ltr'>sibi</span> <span class='ocrx_word' id='word_1_112' title='bbox 1741 1383 1994 1438; x_wconf 86' lang='lat' dir='ltr'>sponsam</span> <span class='ocrx_word' id='word_1_113' title='bbox 2031 1375 2085 1422; x_wconf 92' lang='lat' dir='ltr'>et</span> 
     </span>
    </p>
   </div>
   <div class='ocr_carea' id='block_1_16' title="bbox 483 1453 2082 1525">
    <p class='ocr_par' dir='ltr' id='par_1_16' title="bbox 483 1453 2082 1525">
     <span class='ocr_line' id='line_1_16' title="bbox 483 1453 2082 1525; baseline 0.001 -18"><span class='ocrx_word' id='word_1_114' title='bbox 483 1461 783 1524; x_wconf 84' lang='lat' dir='ltr'>martyrem</span> <span class='ocrx_word' id='word_1_115' title='bbox 851 1453 1148 1510; x_wconf 84' lang='lat' dir='ltr'>dedicavit.</span> <span class='ocrx_word' id='word_1_116' title='bbox 1214 1455 1472 1510; x_wconf 89' lang='lat' dir='ltr'>Parentes</span> <span class='ocrx_word' id='word_1_117' title='bbox 1522 1473 1654 1511; x_wconf 89' lang='lat' dir='ltr'>vero</span> <span class='ocrx_word' id='word_1_118' title='bbox 1705 1453 1823 1525; x_wconf 88' lang='lat' dir='ltr'>ejus</span> <span class='ocrx_word' id='word_1_119' title='bbox 1873 1455 2082 1509; x_wconf 89' lang='lat' dir='ltr'>nullam</span> 
     </span>
    </p>
   </div>
   <div class='ocr_carea' id='block_1_17' title="bbox 481 1540 2086 1614">
    <p class='ocr_par' dir='ltr' id='par_1_17' title="bbox 481 1540 2086 1614">
     <span class='ocr_line' id='line_1_17' title="bbox 481 1540 2086 1614; baseline -0.002 -14"><span class='ocrx_word' id='word_1_120' title='bbox 481 1546 626 1602; x_wconf 83' lang='lat'>483</span> <span class='ocrx_word' id='word_1_121' title='bbox 658 1540 876 1612; x_wconf 88' lang='lat' dir='ltr'>penitus</span> <span class='ocrx_word' id='word_1_122' title='bbox 907 1541 1192 1597; x_wconf 86' lang='lat' dir='ltr'>tristitiam</span> <span class='ocrx_word' id='word_1_123' title='bbox 1224 1541 1506 1610; x_wconf 87' lang='lat' dir='ltr'>habentes,</span> <span class='ocrx_word' id='word_1_124' title='bbox 1539 1560 1664 1599; x_wconf 92' lang='lat' dir='ltr'>cum</span> <span class='ocrx_word' id='word_1_125' title='bbox 1699 1543 1852 1598; x_wconf 89' lang='lat' dir='ltr'>omni</span> <span class='ocrx_word' id='word_1_126' title='bbox 1886 1541 2086 1614; x_wconf 88' lang='lat' dir='ltr'>gaudio</span> 
     </span>
    </p>
   </div>
   <div class='ocr_carea' id='block_1_18' title="bbox 2193 375 3846 448">
    <p class='ocr_par' dir='ltr' id='par_1_18' title="bbox 2193 375 3846 448">
     <span class='ocr_line' id='line_1_18' title="bbox 2193 375 3846 448; baseline -0.002 -16"><span class='ocrx_word' id='word_1_127' title='bbox 2193 377 2528 448; x_wconf 90' lang='lat' dir='ltr'>congaudete</span> <span class='ocrx_word' id='word_1_128' title='bbox 2580 378 2718 432; x_wconf 91' lang='lat' dir='ltr'>mihi</span> <span class='ocrx_word' id='word_1_129' title='bbox 2766 385 2820 434; x_wconf 89' lang='lat' dir='ltr'>et</span> <span class='ocrx_word' id='word_1_130' title='bbox 2867 377 3358 448; x_wconf 86' lang='lat' dir='ltr'>congratulamini,</span> <span class='ocrx_word' id='word_1_131' title='bbox 3392 375 3555 447; x_wconf 89' lang='lat' dir='ltr'>quia</span> <span class='ocrx_word' id='word_1_132' title='bbox 3595 391 3748 429; x_wconf 84' lang='lat' dir='ltr'>cum</span> <span class='ocrx_word' id='word_1_133' title='bbox 3789 377 3846 429; x_wconf 62' lang='lat' dir='ltr'>ts</span> 
     </span>
    </p>
   </div>
   <div class='ocr_carea' id='block_1_19' title="bbox 2195 462 3847 536">
    <p class='ocr_par' dir='ltr' id='par_1_19' title="bbox 2195 462 3847 536">
     <span class='ocr_line' id='line_1_19' title="bbox 2195 462 3847 536; baseline -0.001 -17"><span class='ocrx_word' id='word_1_134' title='bbox 2195 466 2506 535; x_wconf 82' lang='lat' dir='ltr'>virginibus</span> <span class='ocrx_word' id='word_1_135' title='bbox 2560 467 2772 522; x_wconf 89' lang='lat' dir='ltr'>lucidas</span> <span class='ocrx_word' id='word_1_136' title='bbox 2809 466 2962 522; x_wconf 89' lang='lat' dir='ltr'>sedes</span> <span class='ocrx_word' id='word_1_137' title='bbox 2997 467 3203 536; x_wconf 91' lang='lat' dir='ltr'>accepi,</span> <span class='ocrx_word' id='word_1_138' title='bbox 3244 475 3299 521; x_wconf 90' lang='lat' dir='ltr'>et</span> <span class='ocrx_word' id='word_1_139' title='bbox 3339 464 3432 520; x_wconf 90' lang='lat' dir='ltr'>illi</span> <span class='ocrx_word' id='word_1_140' title='bbox 3483 481 3641 518; x_wconf 87' lang='lat' dir='ltr'>sum</span> <span class='ocrx_word' id='word_1_141' title='bbox 3673 462 3847 534; x_wconf 61' lang='lat' dir='ltr'>jurisz</span> 
     </span>
    </p>
   </div>
   <div class='ocr_carea' id='block_1_20' title="bbox 2196 553 3842 627">
    <p class='ocr_par' dir='ltr' id='par_1_20' title="bbox 2196 553 3842 627">
     <span class='ocr_line' id='line_1_20' title="bbox 2196 553 3842 627; baseline -0.002 -18"><span class='ocrx_word' id='word_1_142' title='bbox 2196 555 2252 610; x_wconf 92' lang='lat' dir='ltr'>in</span> <span class='ocrx_word' id='word_1_143' title='bbox 2315 555 2497 623; x_wconf 62' lang='lat' dir='ltr'>caelis,</span> <span class='ocrx_word' id='word_1_144' title='bbox 2559 572 2716 627; x_wconf 91' lang='lat' dir='ltr'>quem</span> <span class='ocrx_word' id='word_1_145' title='bbox 2778 555 2834 610; x_wconf 94' lang='lat' dir='ltr'>in</span> <span class='ocrx_word' id='word_1_146' title='bbox 2893 556 3053 610; x_wconf 90' lang='lat' dir='ltr'>terris</span> <span class='ocrx_word' id='word_1_147' title='bbox 3113 555 3290 626; x_wconf 87' lang='lat' dir='ltr'>posita</span> <span class='ocrx_word' id='word_1_148' title='bbox 3347 561 3484 610; x_wconf 83' lang='lat' dir='ltr'>tota</span> <span class='ocrx_word' id='word_1_149' title='bbox 3537 553 3842 608; x_wconf 62' lang='lat' dir='ltr'>devotisae</span> 
     </span>
    </p>
   </div>
   <div class='ocr_carea' id='block_1_21' title="bbox 2195 643 3372 717">
    <p class='ocr_par' dir='ltr' id='par_1_21' title="bbox 2195 643 3372 717">
     <span class='ocr_line' id='line_1_21' title="bbox 2195 643 3372 717; baseline -0.002 -17"><span class='ocrx_word' id='word_1_150' title='bbox 2195 645 2372 700; x_wconf 85' lang='lat' dir='ltr'>dilexi</span> <span class='ocrx_word' id='word_1_151' title='bbox 2407 646 2545 717; x_wconf 88' lang='lat'>(16).</span> <span class='ocrx_word' id='word_1_152' title='bbox 2588 647 2658 700; x_wconf 90' lang='lat' dir='ltr'>Et</span> <span class='ocrx_word' id='word_1_153' title='bbox 2687 646 2776 702; x_wconf 89' lang='lat' dir='ltr'>his</span> <span class='ocrx_word' id='word_1_154' title='bbox 2815 645 2996 712; x_wconf 91' lang='lat' dir='ltr'>dictis,</span> <span class='ocrx_word' id='word_1_155' title='bbox 3028 643 3372 717; x_wconf 88' lang='lat' dir='ltr'>pertransiit.</span> 
     </span>
    </p>
   </div>
   <div class='ocr_carea' id='block_1_22' title="bbox 2271 734 3843 809">
    <p class='ocr_par' dir='ltr' id='par_1_22' title="bbox 2271 734 3843 809">
     <span class='ocr_line' id='line_1_22' title="bbox 2271 734 3843 809; baseline -0.001 -18"><span class='ocrx_word' id='word_1_156' title='bbox 2271 738 2354 792; x_wconf 93' lang='lat'>17.</span> <span class='ocrx_word' id='word_1_157' title='bbox 2398 738 2524 792; x_wconf 67' lang='lat' dir='ltr'>Haec</span> <span class='ocrx_word' id='word_1_158' title='bbox 2552 738 2697 793; x_wconf 91' lang='lat' dir='ltr'>visio</span> <span class='ocrx_word' id='word_1_159' title='bbox 2726 737 2944 809; x_wconf 89' lang='lat' dir='ltr'>publice</span> <span class='ocrx_word' id='word_1_160' title='bbox 2973 736 3040 791; x_wconf 90' lang='lat' dir='ltr'>ab</span> <span class='ocrx_word' id='word_1_161' title='bbox 3071 736 3353 803; x_wconf 88' lang='lat' dir='ltr'>omnibus,</span> <span class='ocrx_word' id='word_1_162' title='bbox 3401 735 3522 807; x_wconf 87' lang='lat' dir='ltr'>qui</span> <span class='ocrx_word' id='word_1_163' title='bbox 3556 734 3843 790; x_wconf 67' lang='lat' dir='ltr'>videras;</span> 
     </span>
    </p>
   </div>
   <div class='ocr_carea' id='block_1_23' title="bbox 2194 825 3843 897">
    <p class='ocr_par' dir='ltr' id='par_1_23' title="bbox 2194 825 3843 897">
     <span class='ocr_line' id='line_1_23' title="bbox 2194 825 3843 897; baseline 0.001 -17"><span class='ocrx_word' id='word_1_164' title='bbox 2194 825 2483 897; x_wconf 88' lang='lat' dir='ltr'>divulgata</span> <span class='ocrx_word' id='word_1_165' title='bbox 2525 835 2627 882; x_wconf 91' lang='lat' dir='ltr'>est.</span> <span class='ocrx_word' id='word_1_166' title='bbox 2685 827 2840 882; x_wconf 89' lang='lat' dir='ltr'>Unde</span> <span class='ocrx_word' id='word_1_167' title='bbox 2890 826 3095 881; x_wconf 90' lang='lat' dir='ltr'>factum</span> <span class='ocrx_word' id='word_1_168' title='bbox 3139 833 3220 880; x_wconf 87' lang='lat' dir='ltr'>est</span> <span class='ocrx_word' id='word_1_169' title='bbox 3248 832 3310 880; x_wconf 89' lang='lat' dir='ltr'>ut</span> <span class='ocrx_word' id='word_1_170' title='bbox 3341 833 3481 896; x_wconf 91' lang='lat' dir='ltr'>post</span> <span class='ocrx_word' id='word_1_171' title='bbox 3513 826 3843 897; x_wconf 55' lang='lat' dir='ltr'>aliquantis</span> 
     </span>
    </p>
   </div>
   <div class='ocr_carea' id='block_1_24' title="bbox 2194 917 3841 991">
    <p class='ocr_par' dir='ltr' id='par_1_24' title="bbox 2194 917 3841 991">
     <span class='ocr_line' id='line_1_24' title="bbox 2194 917 3841 991; baseline 0.002 -19"><span class='ocrx_word' id='word_1_172' title='bbox 2194 934 2368 973; x_wconf 90' lang='lat' dir='ltr'>annos</span> <span class='ocrx_word' id='word_1_173' title='bbox 2396 918 2463 973; x_wconf 92' lang='lat' dir='ltr'>ad</span> <span class='ocrx_word' id='word_1_174' title='bbox 2503 917 2877 976; x_wconf 86' lang='lat' dir='ltr'>Constantiam</span> <span class='ocrx_word' id='word_1_175' title='bbox 2910 920 3142 991; x_wconf 83' lang='lat' dir='ltr'>Augusti</span> <span class='ocrx_word' id='word_1_176' title='bbox 3170 918 3345 974; x_wconf 84' lang='lat' dir='ltr'>filiam</span> <span class='ocrx_word' id='word_1_177' title='bbox 3364 919 3490 974; x_wconf 82' lang='lat' dir='ltr'>hoc</span> <span class='ocrx_word' id='word_1_178' title='bbox 3521 918 3764 973; x_wconf 83' lang='lat' dir='ltr'>factum</span> <span class='ocrx_word' id='word_1_179' title='bbox 3795 925 3841 975; x_wconf 60' lang='lat' dir='ltr'>si:</span> 
     </span>
    </p>
   </div>
   <div class='ocr_carea' id='block_1_25' title="bbox 2194 1007 3841 1081">
    <p class='ocr_par' dir='ltr' id='par_1_25' title="bbox 2194 1007 3841 1081">
     <span class='ocr_line' id='line_1_25' title="bbox 2194 1007 3841 1081; baseline 0.003 -20"><span class='ocrx_word' id='word_1_180' title='bbox 2194 1007 2280 1062; x_wconf 89' lang='lat' dir='ltr'>his</span> <span class='ocrx_word' id='word_1_181' title='bbox 2324 1009 2418 1079; x_wconf 91' lang='lat' dir='ltr'>qui</span> <span class='ocrx_word' id='word_1_182' title='bbox 2466 1008 2738 1077; x_wconf 85' lang='lat' dir='ltr'>viderant,</span> <span class='ocrx_word' id='word_1_183' title='bbox 2781 1017 3117 1065; x_wconf 88' lang='lat' dir='ltr'>narraretur.</span> <span class='ocrx_word' id='word_1_184' title='bbox 3157 1010 3292 1064; x_wconf 88' lang='lat' dir='ltr'>Erat</span> <span class='ocrx_word' id='word_1_185' title='bbox 3321 1009 3493 1064; x_wconf 89' lang='lat' dir='ltr'>enim</span> <span class='ocrx_word' id='word_1_186' title='bbox 3542 1009 3688 1081; x_wconf 85' lang='lat' dir='ltr'>ipsa</span> <span class='ocrx_word' id='word_1_187' title='bbox 3721 1013 3841 1068; x_wconf 52' lang='lat' dir='ltr'>Cum</span> 
     </span>
    </p>
   </div>
   <div class='ocr_carea' id='block_1_26' title="bbox 2194 1099 3839 1172">
    <p class='ocr_par' dir='ltr' id='par_1_26' title="bbox 2194 1099 3839 1172">
     <span class='ocr_line' id='line_1_26' title="bbox 2194 1099 3839 1172; baseline 0.003 -19"><span class='ocrx_word' id='word_1_188' title='bbox 2194 1099 2396 1154; x_wconf 85' lang='lat' dir='ltr'>stantia</span> <span class='ocrx_word' id='word_1_189' title='bbox 2430 1100 2586 1172; x_wconf 91' lang='lat' dir='ltr'>virgo</span> <span class='ocrx_word' id='word_1_190' title='bbox 2617 1101 3067 1172; x_wconf 88' lang='lat' dir='ltr'>prudentissima,</span> <span class='ocrx_word' id='word_1_191' title='bbox 3095 1102 3190 1158; x_wconf 90' lang='lat' dir='ltr'>sed</span> <span class='ocrx_word' id='word_1_192' title='bbox 3211 1102 3287 1156; x_wconf 88' lang='lat' dir='ltr'>ita</span> <span class='ocrx_word' id='word_1_193' title='bbox 3307 1102 3558 1157; x_wconf 85' lang='lat' dir='ltr'>obsessa</span> <span class='ocrx_word' id='word_1_194' title='bbox 3597 1104 3839 1158; x_wconf 68' lang='lat' dir='ltr'>vulneri-</span> 
     </span>
    </p>
   </div>
   <div class='ocr_carea' id='block_1_27' title="bbox 2191 1188 3834 1264">
    <p class='ocr_par' dir='ltr' id='par_1_27' title="bbox 2191 1188 3834 1264">
     <span class='ocr_line' id='line_1_27' title="bbox 2191 1188 3834 1264; baseline 0.002 -20"><span class='ocrx_word' id='word_1_195' title='bbox 2191 1188 2314 1254; x_wconf 88' lang='lat' dir='ltr'>bus,</span> <span class='ocrx_word' id='word_1_196' title='bbox 2354 1196 2416 1244; x_wconf 91' lang='lat' dir='ltr'>ut</span> <span class='ocrx_word' id='word_1_197' title='bbox 2460 1205 2492 1244; x_wconf 91' lang='lat' dir='ltr'>a</span> <span class='ocrx_word' id='word_1_198' title='bbox 2518 1190 2694 1261; x_wconf 86' lang='lat' dir='ltr'>capite</span> <span class='ocrx_word' id='word_1_199' title='bbox 2734 1207 2906 1264; x_wconf 88' lang='lat' dir='ltr'>usque</span> <span class='ocrx_word' id='word_1_200' title='bbox 2929 1191 2996 1247; x_wconf 90' lang='lat' dir='ltr'>ad</span> <span class='ocrx_word' id='word_1_201' title='bbox 3043 1190 3206 1262; x_wconf 88' lang='lat' dir='ltr'>pedes</span> <span class='ocrx_word' id='word_1_202' title='bbox 3233 1192 3396 1246; x_wconf 90' lang='lat' dir='ltr'>nulla</span> <span class='ocrx_word' id='word_1_203' title='bbox 3431 1192 3834 1247; x_wconf 67' lang='lat' dir='ltr'>membrorum</span> 
     </span>
    </p>
   </div>
   <div class='ocr_carea' id='block_1_28' title="bbox 2194 1278 3836 1354">
    <p class='ocr_par' dir='ltr' id='par_1_28' title="bbox 2194 1278 3836 1354">
     <span class='ocr_line' id='line_1_28' title="bbox 2194 1278 3836 1354; baseline 0.004 -23"><span class='ocrx_word' id='word_1_204' title='bbox 2194 1292 2318 1347; x_wconf 92' lang='lat' dir='ltr'>pars</span> <span class='ocrx_word' id='word_1_205' title='bbox 2369 1278 2542 1333; x_wconf 89' lang='lat' dir='ltr'>libera</span> <span class='ocrx_word' id='word_1_206' title='bbox 2585 1287 2909 1336; x_wconf 88' lang='lat' dir='ltr'>remaneret.</span> <span class='ocrx_word' id='word_1_207' title='bbox 2959 1280 3199 1352; x_wconf 90' lang='lat' dir='ltr'>Accepta</span> <span class='ocrx_word' id='word_1_208' title='bbox 3239 1289 3426 1336; x_wconf 88' lang='lat' dir='ltr'>autem</span> <span class='ocrx_word' id='word_1_209' title='bbox 3466 1298 3579 1352; x_wconf 87' lang='lat' dir='ltr'>spe</span> <span class='ocrx_word' id='word_1_210' title='bbox 3617 1299 3836 1354; x_wconf 44' lang='lat' dir='ltr'>recup.»</span> 
     </span>
    </p>
   </div>
   <div class='ocr_carea' id='block_1_29' title="bbox 2193 1365 3829 1442">
    <p class='ocr_par' dir='ltr' id='par_1_29' title="bbox 2193 1365 3829 1442">
     <span class='ocr_line' id='line_1_29' title="bbox 2193 1365 3829 1442; baseline 0.004 -22"><span class='ocrx_word' id='word_1_211' title='bbox 2193 1365 2376 1422; x_wconf 71' lang='lat' dir='ltr'>randze</span> <span class='ocrx_word' id='word_1_212' title='bbox 2406 1368 2618 1436; x_wconf 89' lang='lat' dir='ltr'>salutis,</span> <span class='ocrx_word' id='word_1_213' title='bbox 2649 1370 2804 1425; x_wconf 89' lang='lat' dir='ltr'>venit</span> <span class='ocrx_word' id='word_1_214' title='bbox 2831 1369 2900 1425; x_wconf 92' lang='lat' dir='ltr'>ad</span> <span class='ocrx_word' id='word_1_215' title='bbox 2948 1369 3259 1441; x_wconf 85' lang='lat' dir='ltr'>sepulcrum</span> <span class='ocrx_word' id='word_1_216' title='bbox 3302 1371 3599 1442; x_wconf 79' lang='lat' dir='ltr'>martyris</span> <span class='ocrx_word' id='word_1_217' title='bbox 3635 1383 3829 1428; x_wconf 71' lang='lat' dir='ltr'>nocte.</span> 
     </span>
    </p>
   </div>
   <div class='ocr_carea' id='block_1_30' title="bbox 2193 1454 3829 1526">
    <p class='ocr_par' dir='ltr' id='par_1_30' title="bbox 2193 1454 3829 1526">
     <span class='ocr_line' id='line_1_30' title="bbox 2193 1454 3829 1526; baseline 0.002 -18"><span class='ocrx_word' id='word_1_218' title='bbox 2193 1459 2247 1508; x_wconf 90' lang='lat' dir='ltr'>et</span> <span class='ocrx_word' id='word_1_219' title='bbox 2293 1454 2419 1510; x_wconf 90' lang='lat' dir='ltr'>licet</span> <span class='ocrx_word' id='word_1_220' title='bbox 2471 1472 2701 1526; x_wconf 83' lang='lat' dir='ltr'>pagana,</span> <span class='ocrx_word' id='word_1_221' title='bbox 2758 1464 2938 1513; x_wconf 90' lang='lat' dir='ltr'>tamen</span> <span class='ocrx_word' id='word_1_222' title='bbox 2984 1457 3208 1514; x_wconf 89' lang='lat' dir='ltr'>credula</span> <span class='ocrx_word' id='word_1_223' title='bbox 3263 1456 3443 1513; x_wconf 89' lang='lat' dir='ltr'>animi</span> <span class='ocrx_word' id='word_1_224' title='bbox 3513 1459 3829 1515; x_wconf 55' lang='lat' dir='ltr'>intentione</span> 
     </span>
    </p>
   </div>
   <div class='ocr_carea' id='block_1_31' title="bbox 2193 1541 3827 1621">
    <p class='ocr_par' dir='ltr' id='par_1_31' title="bbox 2193 1541 3827 1621">
     <span class='ocr_line' id='line_1_31' title="bbox 2193 1541 3827 1621; baseline 0.004 -26"><span class='ocrx_word' id='word_1_225' title='bbox 2193 1556 2382 1611; x_wconf 87' lang='lat' dir='ltr'>preces</span> <span class='ocrx_word' id='word_1_226' title='bbox 2412 1541 2651 1599; x_wconf 82' lang='lat' dir='ltr'>fideliter</span> <span class='ocrx_word' id='word_1_227' title='bbox 2690 1545 2973 1602; x_wconf 86' lang='lat' dir='ltr'>fundebat.</span> <span class='ocrx_word' id='word_1_228' title='bbox 3007 1545 3164 1613; x_wconf 88' lang='lat' dir='ltr'>Quod</span> <span class='ocrx_word' id='word_1_229' title='bbox 3192 1563 3316 1602; x_wconf 91' lang='lat' dir='ltr'>cum</span> <span class='ocrx_word' id='word_1_230' title='bbox 3348 1547 3585 1604; x_wconf 85' lang='lat' dir='ltr'>faceret</span> <span class='ocrx_word' id='word_1_231' title='bbox 3613 1561 3827 1621; x_wconf 65' lang='lat' dir='ltr'>repente</span> 
     </span>
    </p>
   </div>
   <div class='ocr_carea' id='block_1_32' title="bbox 483 1631 3820 1712">
    <p class='ocr_par' dir='ltr' id='par_1_32' title="bbox 483 1631 3820 1712">
     <span class='ocr_line' id='line_1_32' title="bbox 483 1631 3820 1712; baseline -0.001 -18"><span class='ocrx_word' id='word_1_232' title='bbox 483 1639 828 1694; x_wconf 84' lang='lat' dir='ltr'>abstulerunt</span> <span class='ocrx_word' id='word_1_233' title='bbox 857 1655 1054 1709; x_wconf 89' lang='lat' dir='ltr'>corpus</span> <span class='ocrx_word' id='word_1_234' title='bbox 1078 1639 1215 1710; x_wconf 91' lang='lat' dir='ltr'>ejus,</span> <span class='ocrx_word' id='word_1_235' title='bbox 1238 1647 1294 1696; x_wconf 91' lang='lat' dir='ltr'>et</span> <span class='ocrx_word' id='word_1_236' title='bbox 1315 1649 1613 1712; x_wconf 88' lang='lat' dir='ltr'>posuerunt</span> <span class='ocrx_word' id='word_1_237' title='bbox 1635 1640 1774 1695; x_wconf 88' lang='lat' dir='ltr'>illud</span> <span class='ocrx_word' id='word_1_238' title='bbox 1795 1639 1850 1694; x_wconf 92' lang='lat' dir='ltr'>in</span> <span class='ocrx_word' id='word_1_239' title='bbox 1872 1639 2078 1711; x_wconf 69' lang='grc' dir='ltr'>ιπωάίο</span> <span class='ocrx_word' id='word_1_240' title='bbox 2113 1643 2158 1703; x_wconf 92' lang='grc' dir='ltr'>Β</span> <span class='ocrx_word' id='word_1_241' title='bbox 2197 1631 2374 1685; x_wconf 75' lang='lat' dir='ltr'>somni</span> <span class='ocrx_word' id='word_1_242' title='bbox 2405 1632 2675 1690; x_wconf 74' lang='lat' dir='ltr'>suaVilate</span> <span class='ocrx_word' id='word_1_243' title='bbox 2707 1635 3026 1706; x_wconf 84' lang='lat' dir='ltr'>corripitur,</span> <span class='ocrx_word' id='word_1_244' title='bbox 3056 1642 3110 1690; x_wconf 84' lang='lat' dir='ltr'>et</span> <span class='ocrx_word' id='word_1_245' title='bbox 3148 1636 3302 1692; x_wconf 85' lang='lat' dir='ltr'>videt</span> <span class='ocrx_word' id='word_1_246' title='bbox 3331 1652 3434 1708; x_wconf 89' lang='lat' dir='ltr'>per</span> <span class='ocrx_word' id='word_1_247' title='bbox 3471 1638 3682 1694; x_wconf 83' lang='lat' dir='ltr'>visum</span> <span class='ocrx_word' id='word_1_248' title='bbox 3723 1639 3820 1693; x_wconf 59' lang='lat' dir='ltr'>tes-</span> 
     </span>
    </p>
   </div>
   <div class='ocr_carea' id='block_1_33' title="bbox 483 1727 2080 1801">
    <p class='ocr_par' dir='ltr' id='par_1_33' title="bbox 483 1727 2080 1801">
     <span class='ocr_line' id='line_1_33' title="bbox 483 1727 2080 1801; baseline 0.001 -20"><span class='ocrx_word' id='word_1_249' title='bbox 483 1744 584 1782; x_wconf 93' lang='lat' dir='ltr'>suo</span> <span class='ocrx_word' id='word_1_250' title='bbox 616 1743 725 1781; x_wconf 90' lang='lat' dir='ltr'>non</span> <span class='ocrx_word' id='word_1_251' title='bbox 759 1728 919 1797; x_wconf 87' lang='lat' dir='ltr'>longe</span> <span class='ocrx_word' id='word_1_252' title='bbox 951 1728 1019 1781; x_wconf 89' lang='lat' dir='ltr'>ab</span> <span class='ocrx_word' id='word_1_253' title='bbox 1052 1727 1214 1795; x_wconf 85' lang='lat' dir='ltr'>Urbe,</span> <span class='ocrx_word' id='word_1_254' title='bbox 1240 1730 1329 1785; x_wconf 86' lang='lat' dir='ltr'>via</span> <span class='ocrx_word' id='word_1_255' title='bbox 1350 1746 1470 1801; x_wconf 63' lang='lat' dir='ltr'>quae</span> <span class='ocrx_word' id='word_1_256' title='bbox 1493 1730 1697 1785; x_wconf 88' lang='lat' dir='ltr'>dicitur</span> <span class='ocrx_word' id='word_1_257' title='bbox 1717 1730 2080 1784; x_wconf 84' lang='lat' dir='ltr'>Numentana.</span> 
     </span>
    </p>
   </div>
   <div class='ocr_carea' id='block_1_34' title="bbox 483 1815 2081 1884">
    <p class='ocr_par' dir='ltr' id='par_1_34' title="bbox 483 1815 2081 1884">
     <span class='ocr_line' id='line_1_34' title="bbox 483 1815 2081 1884; baseline 0 -13"><span class='ocrx_word' id='word_1_258' title='bbox 483 1815 586 1871; x_wconf 87' lang='lat' dir='ltr'>Ubi</span> <span class='ocrx_word' id='word_1_259' title='bbox 638 1832 762 1871; x_wconf 91' lang='lat' dir='ltr'>cum</span> <span class='ocrx_word' id='word_1_260' title='bbox 811 1815 996 1870; x_wconf 89' lang='lat' dir='ltr'>omnis</span> <span class='ocrx_word' id='word_1_261' title='bbox 1047 1817 1208 1872; x_wconf 90' lang='lat' dir='ltr'>turba</span> <span class='ocrx_word' id='word_1_262' title='bbox 1240 1818 1680 1875; x_wconf 89' lang='lat' dir='ltr'>Christianorum</span> <span class='ocrx_word' id='word_1_263' title='bbox 1713 1824 2081 1884; x_wconf 84' lang='lat' dir='ltr'>concurreret,</span> 
     </span>
    </p>
   </div>
   <div class='ocr_carea' id='block_1_35' title="bbox 485 1905 2084 1980">
    <p class='ocr_par' dir='ltr' id='par_1_35' title="bbox 485 1905 2084 1980">
     <span class='ocr_line' id='line_1_35' title="bbox 485 1905 2084 1980; baseline 0.001 -19"><span class='ocrx_word' id='word_1_264' title='bbox 485 1905 714 1961; x_wconf 85' lang='lat' dir='ltr'>insidias</span> <span class='ocrx_word' id='word_1_265' title='bbox 743 1922 775 1960; x_wconf 92' lang='lat' dir='ltr'>a</span> <span class='ocrx_word' id='word_1_266' title='bbox 807 1906 1032 1976; x_wconf 85' lang='lat' dir='ltr'>paganis</span> <span class='ocrx_word' id='word_1_267' title='bbox 1063 1909 1298 1978; x_wconf 88' lang='lat' dir='ltr'>perpessi</span> <span class='ocrx_word' id='word_1_268' title='bbox 1343 1919 1506 1964; x_wconf 91' lang='lat' dir='ltr'>sunt:</span> <span class='ocrx_word' id='word_1_269' title='bbox 1538 1917 1591 1965; x_wconf 91' lang='lat' dir='ltr'>et</span> <span class='ocrx_word' id='word_1_270' title='bbox 1619 1909 1869 1964; x_wconf 84' lang='lat' dir='ltr'>videntes</span> <span class='ocrx_word' id='word_1_271' title='bbox 1899 1925 2084 1980; x_wconf 91' lang='lat' dir='ltr'>popu-</span> 
     </span>
    </p>
   </div>
   <div class='ocr_carea' id='block_1_36' title="bbox 485 1993 2083 2066">
    <p class='ocr_par' dir='ltr' id='par_1_36' title="bbox 485 1993 2083 2066">
     <span class='ocr_line' id='line_1_36' title="bbox 485 1993 2083 2066; baseline 0.002 -17"><span class='ocrx_word' id='word_1_272' title='bbox 485 1995 600 2049; x_wconf 89' lang='lat' dir='ltr'>lum</span> <span class='ocrx_word' id='word_1_273' title='bbox 656 1993 966 2048; x_wconf 82' lang='lat' dir='ltr'>inﬁdelium</span> <span class='ocrx_word' id='word_1_274' title='bbox 1025 1996 1505 2066; x_wconf 86' lang='lat' dir='ltr'>supervenientem</span> <span class='ocrx_word' id='word_1_275' title='bbox 1554 2007 1844 2065; x_wconf 88' lang='lat' dir='ltr'>armatum,</span> <span class='ocrx_word' id='word_1_276' title='bbox 1892 2013 2083 2052; x_wconf 90' lang='lat' dir='ltr'>omnes</span> 
     </span>
    </p>
   </div>
   <div class='ocr_carea' id='block_1_37' title="bbox 485 2082 2083 2158">
    <p class='ocr_par' dir='ltr' id='par_1_37' title="bbox 485 2082 2083 2158">
     <span class='ocr_line' id='line_1_37' title="bbox 485 2082 2083 2158; baseline 0.002 -21"><span class='ocrx_word' id='word_1_277' title='bbox 485 2082 778 2153; x_wconf 88' lang='lat' dir='ltr'>fugerunt;</span> <span class='ocrx_word' id='word_1_278' title='bbox 812 2083 1078 2156; x_wconf 90' lang='lat' dir='ltr'>aliquanti</span> <span class='ocrx_word' id='word_1_279' title='bbox 1109 2101 1240 2141; x_wconf 92' lang='lat' dir='ltr'>vero</span> <span class='ocrx_word' id='word_1_280' title='bbox 1274 2086 1517 2158; x_wconf 89' lang='lat' dir='ltr'>lapidum</span> <span class='ocrx_word' id='word_1_281' title='bbox 1550 2087 1751 2143; x_wconf 88' lang='lat' dir='ltr'>ictibus</span> <span class='ocrx_word' id='word_1_282' title='bbox 1782 2087 1894 2143; x_wconf 77' lang='lat' dir='ltr'>laesi</span> <span class='ocrx_word' id='word_1_283' title='bbox 1943 2101 2083 2140; x_wconf 88' lang='lat' dir='ltr'>eva—</span> 
     </span>
    </p>
   </div>
   <div class='ocr_carea' id='block_1_38' title="bbox 484 2179 693 2228">
    <p class='ocr_par' dir='ltr' id='par_1_38' title="bbox 484 2179 693 2228">
     <span class='ocr_line' id='line_1_38' title="bbox 484 2179 693 2228; baseline -0.005 0"><span class='ocrx_word' id='word_1_284' title='bbox 484 2179 693 2228; x_wconf 87' lang='lat' dir='ltr'>serunt.</span> 
     </span>
    </p>
   </div>
   <div class='ocr_carea' id='block_1_39' title="bbox 558 2262 2082 2337">
    <p class='ocr_par' dir='ltr' id='par_1_39' title="bbox 558 2262 2082 2337">
     <span class='ocr_line' id='line_1_39' title="bbox 558 2262 2082 2337; baseline 0.002 -21"><span class='ocrx_word' id='word_1_285' title='bbox 558 2262 643 2316; x_wconf 77' lang='lat'>15.</span> <span class='ocrx_word' id='word_1_286' title='bbox 678 2263 820 2316; x_wconf 90' lang='lat' dir='ltr'>Dum</span> <span class='ocrx_word' id='word_1_287' title='bbox 853 2269 973 2318; x_wconf 89' lang='lat' dir='ltr'>orat</span> <span class='ocrx_word' id='word_1_288' title='bbox 1006 2263 1149 2319; x_wconf 89' lang='lat' dir='ltr'>inter</span> <span class='ocrx_word' id='word_1_289' title='bbox 1177 2271 1329 2321; x_wconf 87' lang='lat' dir='ltr'>tanta</span> <span class='ocrx_word' id='word_1_290' title='bbox 1357 2266 1574 2337; x_wconf 87' lang='lat' dir='ltr'>agmina</span> <span class='ocrx_word' id='word_1_291' title='bbox 1598 2265 1935 2322; x_wconf 91' lang='lat' dir='ltr'>collactanea</span> <span class='ocrx_word' id='word_1_292' title='bbox 1963 2263 2082 2335; x_wconf 88' lang='lat' dir='ltr'>ejus</span> 
     </span>
    </p>
   </div>
   <div class='ocr_carea' id='block_1_40' title="bbox 485 2352 2082 2423">
    <p class='ocr_par' dir='ltr' id='par_1_40' title="bbox 485 2352 2082 2423">
     <span class='ocr_line' id='line_1_40' title="bbox 485 2352 2082 2423; baseline 0.003 -17"><span class='ocrx_word' id='word_1_293' title='bbox 485 2352 642 2423; x_wconf 87' lang='lat' dir='ltr'>virgo</span> <span class='ocrx_word' id='word_1_294' title='bbox 693 2353 1060 2421; x_wconf 86' lang='lat' dir='ltr'>sanctissima,</span> <span class='ocrx_word' id='word_1_295' title='bbox 1120 2355 1525 2422; x_wconf 90' lang='lat' dir='ltr'>Emerentiana,</span> <span class='ocrx_word' id='word_1_296' title='bbox 1591 2363 1848 2412; x_wconf 89' lang='lat' dir='ltr'>constans</span> <span class='ocrx_word' id='word_1_297' title='bbox 1904 2353 2082 2410; x_wconf 86' lang='lat' dir='ltr'>stabat</span> 
     </span>
    </p>
   </div>
   <div class='ocr_carea' id='block_1_41' title="bbox 485 2443 2073 2519">
    <p class='ocr_par' dir='ltr' id='par_1_41' title="bbox 485 2443 2073 2519">
     <span class='ocr_line' id='line_1_41' title="bbox 485 2443 2073 2519; baseline -0.002 -15"><span class='ocrx_word' id='word_1_298' title='bbox 485 2443 787 2500; x_wconf 81' lang='lat' dir='ltr'>immobilis</span> <span class='ocrx_word' id='word_1_299' title='bbox 811 2443 952 2516; x_wconf 73' lang='grc'>(14),</span> <span class='ocrx_word' id='word_1_300' title='bbox 975 2458 1028 2506; x_wconf 92' lang='lat' dir='ltr'>et</span> <span class='ocrx_word' id='word_1_301' title='bbox 1049 2447 1136 2504; x_wconf 91' lang='lat' dir='ltr'>his</span> <span class='ocrx_word' id='word_1_302' title='bbox 1167 2448 1348 2504; x_wconf 87' lang='lat' dir='ltr'>verbis</span> <span class='ocrx_word' id='word_1_303' title='bbox 1373 2447 1738 2519; x_wconf 82' lang='lat' dir='ltr'>exprobrabat</span> <span class='ocrx_word' id='word_1_304' title='bbox 1760 2447 1838 2502; x_wconf 92' lang='lat' dir='ltr'>eis</span> <span class='ocrx_word' id='word_1_305' title='bbox 1853 2445 2073 2502; x_wconf 88' lang='lat' dir='ltr'>dicens:</span> 
     </span>
    </p>
   </div>
   <div class='ocr_carea' id='block_1_42' title="bbox 484 2537 2078 2614">
    <p class='ocr_par' dir='ltr' id='par_1_42' title="bbox 484 2537 2078 2614">
     <span class='ocr_line' id='line_1_42' title="bbox 484 2537 2078 2614; baseline -0.005 -16"><span class='ocrx_word' id='word_1_306' title='bbox 484 2542 778 2614; x_wconf 88' lang='lat' dir='ltr'>Superﬂui,</span> <span class='ocrx_word' id='word_1_307' title='bbox 829 2541 1038 2608; x_wconf 87' lang='lat' dir='ltr'>miseri,</span> <span class='ocrx_word' id='word_1_308' title='bbox 1069 2539 1284 2607; x_wconf 90' lang='lat' dir='ltr'>caduci,</span> <span class='ocrx_word' id='word_1_309' title='bbox 1314 2546 1477 2610; x_wconf 89' lang='lat' dir='ltr'>atque</span> <span class='ocrx_word' id='word_1_310' title='bbox 1523 2537 1873 2603; x_wconf 87' lang='lat' dir='ltr'>atrocissimi,</span> <span class='ocrx_word' id='word_1_311' title='bbox 1903 2538 2078 2591; x_wconf 90' lang='lat' dir='ltr'>Deum</span> 
     </span>
    </p>
   </div>
   <div class='ocr_carea' id='block_1_43' title="bbox 485 2625 2080 2704">
    <p class='ocr_par' dir='ltr' id='par_1_43' title="bbox 485 2625 2080 2704">
     <span class='ocr_line' id='line_1_43' title="bbox 485 2625 2080 2704; baseline -0.007 -15"><span class='ocrx_word' id='word_1_312' title='bbox 485 2633 921 2704; x_wconf 89' lang='lat' dir='ltr'>omnipotentem</span> <span class='ocrx_word' id='word_1_313' title='bbox 961 2632 1204 2687; x_wconf 89' lang='lat' dir='ltr'>colentes</span> <span class='ocrx_word' id='word_1_314' title='bbox 1242 2628 1517 2694; x_wconf 87' lang='lat' dir='ltr'>occiditis,</span> <span class='ocrx_word' id='word_1_315' title='bbox 1549 2635 1602 2682; x_wconf 90' lang='lat' dir='ltr'>et</span> <span class='ocrx_word' id='word_1_316' title='bbox 1638 2642 1734 2697; x_wconf 89' lang='lat' dir='ltr'>pro</span> <span class='ocrx_word' id='word_1_317' title='bbox 1763 2625 2080 2681; x_wconf 86' lang='lat' dir='ltr'>defensione</span> 
     </span>
    </p>
   </div>
   <div class='ocr_carea' id='block_1_44' title="bbox 485 2712 2079 2793">
    <p class='ocr_par' dir='ltr' id='par_1_44' title="bbox 485 2712 2079 2793">
     <span class='ocr_line' id='line_1_44' title="bbox 485 2712 2079 2793; baseline -0.005 -16"><span class='ocrx_word' id='word_1_318' title='bbox 485 2722 729 2793; x_wconf 88' lang='lat' dir='ltr'>lapidum</span> <span class='ocrx_word' id='word_1_319' title='bbox 781 2721 1034 2776; x_wconf 89' lang='lat' dir='ltr'>homines</span> <span class='ocrx_word' id='word_1_320' title='bbox 1077 2719 1398 2774; x_wconf 89' lang='lat' dir='ltr'>innocentes</span> <span class='ocrx_word' id='word_1_321' title='bbox 1430 2715 1714 2788; x_wconf 90' lang='lat' dir='ltr'>jugulatis.</span> <span class='ocrx_word' id='word_1_322' title='bbox 1760 2715 1886 2770; x_wconf 50' lang='lat' dir='ltr'>Haec</span> <span class='ocrx_word' id='word_1_323' title='bbox 1910 2721 1963 2768; x_wconf 89' lang='lat' dir='ltr'>et</span> <span class='ocrx_word' id='word_1_324' title='bbox 1991 2712 2079 2769; x_wconf 89' lang='lat' dir='ltr'>his</span> 
     </span>
    </p>
   </div>
   <div class='ocr_carea' id='block_1_45' title="bbox 483 2804 2078 2875">
    <p class='ocr_par' dir='ltr' id='par_1_45' title="bbox 483 2804 2078 2875">
     <span class='ocr_line' id='line_1_45' title="bbox 483 2804 2078 2875; baseline -0.004 -11"><span class='ocrx_word' id='word_1_325' title='bbox 483 2811 689 2865; x_wconf 89' lang='lat' dir='ltr'>similia</span> <span class='ocrx_word' id='word_1_326' title='bbox 717 2809 849 2865; x_wconf 90' lang='lat' dir='ltr'>dum</span> <span class='ocrx_word' id='word_1_327' title='bbox 885 2810 1064 2864; x_wconf 89' lang='lat' dir='ltr'>turbis</span> <span class='ocrx_word' id='word_1_328' title='bbox 1107 2806 1420 2862; x_wconf 90' lang='lat' dir='ltr'>furentibus</span> <span class='ocrx_word' id='word_1_329' title='bbox 1459 2806 1683 2870; x_wconf 87' lang='lat' dir='ltr'>diceret,</span> <span class='ocrx_word' id='word_1_330' title='bbox 1733 2804 1969 2875; x_wconf 85' lang='lat' dir='ltr'>lapidata</span> <span class='ocrx_word' id='word_1_331' title='bbox 1997 2810 2078 2858; x_wconf 89' lang='lat' dir='ltr'>est</span> 
     </span>
    </p>
   </div>
   <div class='ocr_carea' id='block_1_46' title="bbox 483 2893 2077 2967">
    <p class='ocr_par' dir='ltr' id='par_1_46' title="bbox 483 2893 2077 2967">
     <span class='ocr_line' id='line_1_46' title="bbox 483 2893 2077 2967; baseline -0.004 -14"><span class='ocrx_word' id='word_1_332' title='bbox 483 2899 551 2953; x_wconf 91' lang='lat' dir='ltr'>ab</span> <span class='ocrx_word' id='word_1_333' title='bbox 598 2899 696 2965; x_wconf 91' lang='lat' dir='ltr'>eis,</span> <span class='ocrx_word' id='word_1_334' title='bbox 730 2905 782 2951; x_wconf 90' lang='lat' dir='ltr'>et</span> <span class='ocrx_word' id='word_1_335' title='bbox 812 2914 974 2952; x_wconf 87' lang='lat' dir='ltr'>orans</span> <span class='ocrx_word' id='word_1_336' title='bbox 998 2896 1159 2967; x_wconf 84' lang='lat' dir='ltr'>juxta</span> <span class='ocrx_word' id='word_1_337' title='bbox 1199 2896 1509 2966; x_wconf 89' lang='lat' dir='ltr'>sepulcrum</span> <span class='ocrx_word' id='word_1_338' title='bbox 1551 2893 1875 2949; x_wconf 63' lang='lat' dir='ltr'>beatissima</span> <span class='ocrx_word' id='word_1_339' title='bbox 1909 2896 2077 2962; x_wconf 67' lang='lat' dir='ltr'>Agna)</span> 
     </span>
    </p>
   </div>
   <div class='ocr_carea' id='block_1_47' title="bbox 2194 1718 3817 1797">
    <p class='ocr_par' dir='ltr' id='par_1_47' title="bbox 2194 1718 3817 1797">
     <span class='ocr_line' id='line_1_47' title="bbox 2194 1718 3817 1797; baseline 0.005 -24"><span class='ocrx_word' id='word_1_340' title='bbox 2194 1718 2462 1774; x_wconf 88' lang='lat' dir='ltr'>tissimam</span> <span class='ocrx_word' id='word_1_341' title='bbox 2510 1724 2720 1792; x_wconf 87' lang='lat' dir='ltr'>Agnem</span> <span class='ocrx_word' id='word_1_342' title='bbox 2773 1723 2906 1779; x_wconf 87' lang='lat' dir='ltr'>talia</span> <span class='ocrx_word' id='word_1_343' title='bbox 2946 1723 3050 1779; x_wconf 92' lang='lat' dir='ltr'>sibi</span> <span class='ocrx_word' id='word_1_344' title='bbox 3099 1724 3311 1780; x_wconf 87' lang='lat' dir='ltr'>monita</span> <span class='ocrx_word' id='word_1_345' title='bbox 3376 1727 3817 1797; x_wconf 68' lang='lat' dir='ltr'>praeferentem:</span> 
     </span>
    </p>
   </div>
   <div class='ocr_carea' id='block_1_48' title="bbox 2196 1807 3817 1881">
    <p class='ocr_par' dir='ltr' id='par_1_48' title="bbox 2196 1807 3817 1881">
     <span class='ocr_line' id='line_1_48' title="bbox 2196 1807 3817 1881; baseline 0.004 -16"><span class='ocrx_word' id='word_1_346' title='bbox 2196 1807 2520 1865; x_wconf 88' lang='lat' dir='ltr'>Constanter</span> <span class='ocrx_word' id='word_1_347' title='bbox 2578 1827 2695 1881; x_wconf 88' lang='lat' dir='ltr'>age,</span> <span class='ocrx_word' id='word_1_348' title='bbox 2758 1813 3099 1880; x_wconf 87' lang='lat' dir='ltr'>Constantia,</span> <span class='ocrx_word' id='word_1_349' title='bbox 3151 1823 3205 1871; x_wconf 92' lang='lat' dir='ltr'>et</span> <span class='ocrx_word' id='word_1_350' title='bbox 3265 1816 3436 1872; x_wconf 87' lang='lat' dir='ltr'>crede</span> <span class='ocrx_word' id='word_1_351' title='bbox 3513 1818 3817 1873; x_wconf 75' lang='lat' dir='ltr'>Dominum</span> 
     </span>
    </p>
   </div>
   <div class='ocr_carea' id='block_1_49' title="bbox 2193 1898 3817 1969">
    <p class='ocr_par' dir='ltr' id='par_1_49' title="bbox 2193 1898 3817 1969">
     <span class='ocr_line' id='line_1_49' title="bbox 2193 1898 3817 1969; baseline 0.004 -16"><span class='ocrx_word' id='word_1_352' title='bbox 2193 1898 2374 1954; x_wconf 85' lang='lat' dir='ltr'>Jesum</span> <span class='ocrx_word' id='word_1_353' title='bbox 2407 1899 2689 1956; x_wconf 87' lang='lat' dir='ltr'>Christum</span> <span class='ocrx_word' id='word_1_354' title='bbox 2727 1901 2907 1957; x_wconf 86' lang='lat' dir='ltr'>ﬁlium</span> <span class='ocrx_word' id='word_1_355' title='bbox 2947 1903 3045 1958; x_wconf 92' lang='lat' dir='ltr'>Dei</span> <span class='ocrx_word' id='word_1_356' title='bbox 3086 1919 3201 1959; x_wconf 89' lang='lat' dir='ltr'>esse</span> <span class='ocrx_word' id='word_1_357' title='bbox 3231 1903 3606 1960; x_wconf 85' lang='lat' dir='ltr'>Salvatorern</span> <span class='ocrx_word' id='word_1_358' title='bbox 3653 1915 3817 1969; x_wconf 81' lang='lat' dir='ltr'>tuum,</span> 
     </span>
    </p>
   </div>
   <div class='ocr_carea' id='block_1_50' title="bbox 2192 1989 3814 2064">
    <p class='ocr_par' dir='ltr' id='par_1_50' title="bbox 2192 1989 3814 2064">
     <span class='ocr_line' id='line_1_50' title="bbox 2192 1989 3814 2064; baseline 0.004 -23"><span class='ocrx_word' id='word_1_359' title='bbox 2192 2002 2288 2058; x_wconf 93' lang='lat' dir='ltr'>per</span> <span class='ocrx_word' id='word_1_360' title='bbox 2308 2003 2467 2059; x_wconf 90' lang='lat' dir='ltr'>quem</span> <span class='ocrx_word' id='word_1_361' title='bbox 2491 1989 2656 2045; x_wconf 91' lang='lat' dir='ltr'>modo</span> <span class='ocrx_word' id='word_1_362' title='bbox 2677 1991 3030 2063; x_wconf 89' lang='lat' dir='ltr'>consequeris</span> <span class='ocrx_word' id='word_1_363' title='bbox 3054 1991 3306 2046; x_wconf 89' lang='lat' dir='ltr'>omnium</span> <span class='ocrx_word' id='word_1_364' title='bbox 3327 1992 3683 2059; x_wconf 82' lang='lat' dir='ltr'>vulnerum,</span> <span class='ocrx_word' id='word_1_365' title='bbox 3709 2010 3814 2064; x_wconf 66' lang='lat' dir='ltr'>qua</span> 
     </span>
    </p>
   </div>
   <div class='ocr_carea' id='block_1_51' title="bbox 2192 2076 3811 2152">
    <p class='ocr_par' dir='ltr' id='par_1_51' title="bbox 2192 2076 3811 2152">
     <span class='ocr_line' id='line_1_51' title="bbox 2192 2076 3811 2152; baseline 0.003 -21"><span class='ocrx_word' id='word_1_366' title='bbox 2192 2076 2251 2131; x_wconf 90' lang='lat' dir='ltr'>in</span> <span class='ocrx_word' id='word_1_367' title='bbox 2279 2093 2505 2149; x_wconf 91' lang='lat' dir='ltr'>corpore</span> <span class='ocrx_word' id='word_1_368' title='bbox 2543 2087 2639 2136; x_wconf 93' lang='lat' dir='ltr'>tuo</span> <span class='ocrx_word' id='word_1_369' title='bbox 2667 2082 2888 2152; x_wconf 92' lang='lat' dir='ltr'>pateris,</span> <span class='ocrx_word' id='word_1_370' title='bbox 2938 2082 3248 2137; x_wconf 87' lang='lat' dir='ltr'>sanitatem.</span> <span class='ocrx_word' id='word_1_371' title='bbox 3283 2081 3371 2137; x_wconf 88' lang='lat' dir='ltr'>Ad</span> <span class='ocrx_word' id='word_1_372' title='bbox 3418 2083 3583 2138; x_wconf 87' lang='lat' dir='ltr'>hanc</span> <span class='ocrx_word' id='word_1_373' title='bbox 3635 2099 3811 2138; x_wconf 79' lang='lat' dir='ltr'>vocem</span> 
     </span>
    </p>
   </div>
   <div class='ocr_carea' id='block_1_52' title="bbox 2194 2167 3809 2244">
    <p class='ocr_par' dir='ltr' id='par_1_52' title="bbox 2194 2167 3809 2244">
     <span class='ocr_line' id='line_1_52' title="bbox 2194 2167 3809 2244; baseline -0.001 -17"><span class='ocrx_word' id='word_1_374' title='bbox 2194 2167 2520 2228; x_wconf 85' lang='lat' dir='ltr'>Constantia</span> <span class='ocrx_word' id='word_1_375' title='bbox 2548 2171 2774 2242; x_wconf 84' lang='lat' dir='ltr'>evigilat</span> <span class='ocrx_word' id='word_1_376' title='bbox 2805 2189 2954 2240; x_wconf 90' lang='lat' dir='ltr'>sana,</span> <span class='ocrx_word' id='word_1_377' title='bbox 2986 2181 3040 2229; x_wconf 89' lang='lat' dir='ltr'>et</span> <span class='ocrx_word' id='word_1_378' title='bbox 3066 2172 3147 2228; x_wconf 92' lang='lat' dir='ltr'>sic</span> <span class='ocrx_word' id='word_1_379' title='bbox 3170 2188 3322 2239; x_wconf 89' lang='lat' dir='ltr'>sana,</span> <span class='ocrx_word' id='word_1_380' title='bbox 3352 2179 3420 2227; x_wconf 91' lang='lat' dir='ltr'>ut</span> <span class='ocrx_word' id='word_1_381' title='bbox 3451 2189 3570 2229; x_wconf 86' lang='lat' dir='ltr'>nec</span> <span class='ocrx_word' id='word_1_382' title='bbox 3602 2174 3809 2244; x_wconf 82' lang='lat' dir='ltr'>signum</span> 
     </span>
    </p>
   </div>
   <div class='ocr_carea' id='block_1_53' title="bbox 2192 2260 3809 2332">
    <p class='ocr_par' dir='ltr' id='par_1_53' title="bbox 2192 2260 3809 2332">
     <span class='ocr_line' id='line_1_53' title="bbox 2192 2260 3809 2332; baseline -0.002 -13"><span class='ocrx_word' id='word_1_383' title='bbox 2192 2265 2251 2320; x_wconf 91' lang='lat' dir='ltr'>in</span> <span class='ocrx_word' id='word_1_384' title='bbox 2290 2261 2404 2317; x_wconf 88' lang='lat' dir='ltr'>suis</span> <span class='ocrx_word' id='word_1_385' title='bbox 2450 2260 2713 2316; x_wconf 90' lang='lat' dir='ltr'>membris</span> <span class='ocrx_word' id='word_1_386' title='bbox 2741 2260 2977 2332; x_wconf 89' lang='lat' dir='ltr'>alicujus</span> <span class='ocrx_word' id='word_1_387' title='bbox 3023 2261 3272 2317; x_wconf 90' lang='lat' dir='ltr'>vulneris</span> <span class='ocrx_word' id='word_1_388' title='bbox 3303 2272 3660 2318; x_wconf 87' lang='lat' dir='ltr'>remaneret.</span> <span class='ocrx_word' id='word_1_389' title='bbox 3712 2265 3809 2317; x_wconf 81' lang='lat' dir='ltr'>Re—</span> 
     </span>
    </p>
   </div>
   <div class='ocr_carea' id='block_1_54' title="bbox 2191 2353 3806 2426">
    <p class='ocr_par' dir='ltr' id='par_1_54' title="bbox 2191 2353 3806 2426">
     <span class='ocr_line' id='line_1_54' title="bbox 2191 2353 3806 2426; baseline -0.002 -14"><span class='ocrx_word' id='word_1_390' title='bbox 2191 2372 2349 2412; x_wconf 90' lang='lat' dir='ltr'>versa</span> <span class='ocrx_word' id='word_1_391' title='bbox 2389 2355 2558 2426; x_wconf 90' lang='lat' dir='ltr'>igitur</span> <span class='ocrx_word' id='word_1_392' title='bbox 2596 2353 2664 2408; x_wconf 92' lang='lat' dir='ltr'>ad</span> <span class='ocrx_word' id='word_1_393' title='bbox 2702 2353 2968 2425; x_wconf 90' lang='lat' dir='ltr'>palatium</span> <span class='ocrx_word' id='word_1_394' title='bbox 3020 2353 3331 2422; x_wconf 90' lang='lat' dir='ltr'>sanissima,</span> <span class='ocrx_word' id='word_1_395' title='bbox 3361 2355 3510 2410; x_wconf 86' lang='lat' dir='ltr'>facit</span> <span class='ocrx_word' id='word_1_396' title='bbox 3553 2354 3806 2425; x_wconf 81' lang='lat' dir='ltr'>gaudium</span> 
     </span>
    </p>
   </div>
   <div class='ocr_carea' id='block_1_55' title="bbox 2191 2442 3800 2520">
    <p class='ocr_par' dir='ltr' id='par_1_55' title="bbox 2191 2442 3800 2520">
     <span class='ocr_line' id='line_1_55' title="bbox 2191 2442 3800 2520; baseline -0.004 -15"><span class='ocrx_word' id='word_1_397' title='bbox 2191 2457 2245 2505; x_wconf 90' lang='lat' dir='ltr'>et</span> <span class='ocrx_word' id='word_1_398' title='bbox 2281 2445 2422 2520; x_wconf 88' lang='lat' dir='ltr'>patri</span> <span class='ocrx_word' id='word_1_399' title='bbox 2452 2462 2551 2500; x_wconf 92' lang='lat' dir='ltr'>suo</span> <span class='ocrx_word' id='word_1_400' title='bbox 2582 2446 2848 2516; x_wconf 89' lang='lat' dir='ltr'>Augusto,</span> <span class='ocrx_word' id='word_1_401' title='bbox 2894 2452 2949 2499; x_wconf 91' lang='lat' dir='ltr'>et</span> <span class='ocrx_word' id='word_1_402' title='bbox 2991 2444 3252 2500; x_wconf 80' lang='lat' dir='ltr'>fratribus</span> <span class='ocrx_word' id='word_1_403' title='bbox 3292 2445 3414 2500; x_wconf 90' lang='lat' dir='ltr'>suis</span> <span class='ocrx_word' id='word_1_404' title='bbox 3454 2442 3800 2517; x_wconf 82' lang='lat' dir='ltr'>imperatori-</span> 
     </span>
    </p>
   </div>
   <div class='ocr_carea' id='block_1_56' title="bbox 2188 2533 3799 2599">
    <p class='ocr_par' dir='ltr' id='par_1_56' title="bbox 2188 2533 3799 2599">
     <span class='ocr_line' id='line_1_56' title="bbox 2188 2533 3799 2599; baseline -0.004 -4"><span class='ocrx_word' id='word_1_405' title='bbox 2188 2539 2314 2594; x_wconf 91' lang='lat' dir='ltr'>bus.</span> <span class='ocrx_word' id='word_1_406' title='bbox 2367 2535 2675 2593; x_wconf 90' lang='lat' dir='ltr'>Coronatur</span> <span class='ocrx_word' id='word_1_407' title='bbox 2719 2534 2918 2590; x_wconf 86' lang='lat' dir='ltr'>civitas</span> <span class='ocrx_word' id='word_1_408' title='bbox 2946 2541 3080 2599; x_wconf 88' lang='lat' dir='ltr'>tota,</span> <span class='ocrx_word' id='word_1_409' title='bbox 3108 2533 3171 2589; x_wconf 87' lang='lat' dir='ltr'>ﬁt</span> <span class='ocrx_word' id='word_1_410' title='bbox 3201 2534 3401 2590; x_wconf 66' lang='lat' dir='ltr'>laetitia</span> <span class='ocrx_word' id='word_1_411' title='bbox 3433 2535 3728 2590; x_wconf 85' lang='lat' dir='ltr'>militibus</span> <span class='ocrx_word' id='word_1_412' title='bbox 3757 2541 3799 2588; x_wconf 85' lang='lat' dir='ltr'>et</span> 
     </span>
    </p>
   </div>
   <div class='ocr_carea' id='block_1_57' title="bbox 2190 2623 3797 2699">
    <p class='ocr_par' dir='ltr' id='par_1_57' title="bbox 2190 2623 3797 2699">
     <span class='ocr_line' id='line_1_57' title="bbox 2190 2623 3797 2699; baseline -0.002 -18"><span class='ocrx_word' id='word_1_413' title='bbox 2190 2625 2519 2699; x_wconf 89' lang='lat' dir='ltr'>primatibus</span> <span class='ocrx_word' id='word_1_414' title='bbox 2557 2625 2674 2694; x_wconf 88' lang='grc'>(17)</span> <span class='ocrx_word' id='word_1_415' title='bbox 2723 2624 2858 2692; x_wconf 89' lang='lat' dir='ltr'>suis,</span> <span class='ocrx_word' id='word_1_416' title='bbox 2909 2631 3072 2695; x_wconf 90' lang='lat' dir='ltr'>atque</span> <span class='ocrx_word' id='word_1_417' title='bbox 3117 2623 3398 2679; x_wconf 89' lang='lat' dir='ltr'>universis</span> <span class='ocrx_word' id='word_1_418' title='bbox 3439 2623 3797 2679; x_wconf 81' lang='lat' dir='ltr'>audientibus</span> 
     </span>
    </p>
   </div>
   <div class='ocr_carea' id='block_1_58' title="bbox 2189 2711 3797 2784">
    <p class='ocr_par' dir='ltr' id='par_1_58' title="bbox 2189 2711 3797 2784">
     <span class='ocr_line' id='line_1_58' title="bbox 2189 2711 3797 2784; baseline -0.002 -13"><span class='ocrx_word' id='word_1_419' title='bbox 2189 2715 2328 2782; x_wconf 68' lang='lat' dir='ltr'>haec,</span> <span class='ocrx_word' id='word_1_420' title='bbox 2394 2713 2692 2770; x_wconf 82' lang='lat' dir='ltr'>infidelitas</span> <span class='ocrx_word' id='word_1_421' title='bbox 2751 2712 2997 2784; x_wconf 88' lang='lat' dir='ltr'>gentium</span> <span class='ocrx_word' id='word_1_422' title='bbox 3049 2711 3528 2782; x_wconf 87' lang='lat' dir='ltr'>confundehatur,</span> <span class='ocrx_word' id='word_1_423' title='bbox 3580 2721 3638 2768; x_wconf 87' lang='lat' dir='ltr'>et</span> <span class='ocrx_word' id='word_1_424' title='bbox 3677 2713 3797 2768; x_wconf 77' lang='lat' dir='ltr'>ﬁdes</span> 
     </span>
    </p>
   </div>
   <div class='ocr_carea' id='block_1_59' title="bbox 2187 2803 2822 2861">
    <p class='ocr_par' dir='ltr' id='par_1_59' title="bbox 2187 2803 2822 2861">
     <span class='ocr_line' id='line_1_59' title="bbox 2187 2803 2822 2861; baseline -0.006 0"><span class='ocrx_word' id='word_1_425' title='bbox 2187 2804 2476 2861; x_wconf 89' lang='lat' dir='ltr'>Dominica</span> <span class='ocrx_word' id='word_1_426' title='bbox 2515 2803 2822 2859; x_wconf 63' lang='lat' dir='ltr'>laetabatur.</span> 
     </span>
    </p>
   </div>
   <div class='ocr_carea' id='block_1_60' title="bbox 2263 2894 3797 2967">
    <p class='ocr_par' dir='ltr' id='par_1_60' title="bbox 2263 2894 3797 2967">
     <span class='ocr_line' id='line_1_60' title="bbox 2263 2894 3797 2967; baseline -0.003 -15"><span class='ocrx_word' id='word_1_427' title='bbox 2263 2897 2346 2952; x_wconf 91' lang='grc'>18.</span> <span class='ocrx_word' id='word_1_428' title='bbox 2384 2899 2591 2952; x_wconf 85' lang='lat' dir='ltr'>[nterea</span> <span class='ocrx_word' id='word_1_429' title='bbox 2631 2903 2839 2967; x_wconf 87' lang='lat' dir='ltr'>patrem</span> <span class='ocrx_word' id='word_1_430' title='bbox 2887 2901 2941 2949; x_wconf 92' lang='lat' dir='ltr'>et</span> <span class='ocrx_word' id='word_1_431' title='bbox 2986 2894 3180 2948; x_wconf 87' lang='lat' dir='ltr'>fratres</span> <span class='ocrx_word' id='word_1_432' title='bbox 3209 2895 3502 2966; x_wconf 86' lang='lat' dir='ltr'>Augustos</span> <span class='ocrx_word' id='word_1_433' title='bbox 3527 2903 3706 2964; x_wconf 82' lang='lat' dir='ltr'>rogat,</span> <span class='ocrx_word' id='word_1_434' title='bbox 3744 2905 3797 2948; x_wconf 88' lang='lat' dir='ltr'>ut</span> 
     </span>
    </p>
   </div>
   <div class='ocr_carea' id='block_1_61' title="bbox 481 2982 3796 3060">
    <p class='ocr_par' dir='ltr' id='par_1_61' title="bbox 481 2982 3796 3060">
     <span class='ocr_line' id='line_1_61' title="bbox 481 2982 3796 3060; baseline -0.001 -18"><span class='ocrx_word' id='word_1_435' title='bbox 481 2987 738 3058; x_wconf 89' lang='lat' dir='ltr'>virginis,</span> <span class='ocrx_word' id='word_1_436' title='bbox 779 2985 964 3040; x_wconf 92' lang='lat' dir='ltr'>emisit</span> <span class='ocrx_word' id='word_1_437' title='bbox 991 2984 1268 3056; x_wconf 77' lang='lat' dir='ltr'>spiritum.</span> <span class='ocrx_word' id='word_1_438' title='bbox 1300 2985 1420 3040; x_wconf 81' lang='lat' dir='ltr'>Non</span> <span class='ocrx_word' id='word_1_439' title='bbox 1451 2983 1680 3039; x_wconf 89' lang='lat' dir='ltr'>dubium</span> <span class='ocrx_word' id='word_1_440' title='bbox 1721 2991 1803 3039; x_wconf 90' lang='lat' dir='ltr'>est</span> <span class='ocrx_word' id='word_1_441' title='bbox 1837 2983 1982 3054; x_wconf 92' lang='lat' dir='ltr'>quod</span> <span class='ocrx_word' id='word_1_442' title='bbox 2018 2983 2074 3038; x_wconf 92' lang='lat' dir='ltr'>in</span> <span class='ocrx_word' id='word_1_443' title='bbox 2108 3000 2150 3060; x_wconf 72' lang='grc' dir='ltr'>ο</span> <span class='ocrx_word' id='word_1_444' title='bbox 2187 2985 2468 3042; x_wconf 90' lang='lat' dir='ltr'>basilicam</span> <span class='ocrx_word' id='word_1_445' title='bbox 2515 2984 2686 3041; x_wconf 75' lang='lat' dir='ltr'>beatae</span> <span class='ocrx_word' id='word_1_446' title='bbox 2729 2984 2898 3054; x_wconf 71' lang='lat' dir='ltr'>Agna:</span> <span class='ocrx_word' id='word_1_447' title='bbox 2941 2990 3346 3048; x_wconf 89' lang='lat' dir='ltr'>construerent,</span> <span class='ocrx_word' id='word_1_448' title='bbox 3405 2990 3464 3037; x_wconf 90' lang='lat' dir='ltr'>et</span> <span class='ocrx_word' id='word_1_449' title='bbox 3524 2984 3635 3038; x_wconf 90' lang='lat' dir='ltr'>sibi</span> <span class='ocrx_word' id='word_1_450' title='bbox 3690 2982 3796 3038; x_wconf 84' lang='lat' dir='ltr'>illic</span> 
     </span>
    </p>
   </div>
   <div class='ocr_carea' id='block_1_62' title="bbox 482 3071 2072 3146">
    <p class='ocr_par' dir='ltr' id='par_1_62' title="bbox 482 3071 2072 3146">
     <span class='ocr_line' id='line_1_62' title="bbox 482 3071 2072 3146; baseline -0.003 -16"><span class='ocrx_word' id='word_1_451' title='bbox 482 3092 582 3131; x_wconf 93' lang='lat' dir='ltr'>suo</span> <span class='ocrx_word' id='word_1_452' title='bbox 646 3075 909 3145; x_wconf 84' lang='lat' dir='ltr'>sanguine</span> <span class='ocrx_word' id='word_1_453' title='bbox 966 3073 1037 3130; x_wconf 93' lang='lat' dir='ltr'>sit</span> <span class='ocrx_word' id='word_1_454' title='bbox 1091 3073 1381 3146; x_wconf 90' lang='lat' dir='ltr'>baptizata,</span> <span class='ocrx_word' id='word_1_455' title='bbox 1432 3089 1552 3146; x_wconf 65' lang='lat' dir='ltr'>quae</span> <span class='ocrx_word' id='word_1_456' title='bbox 1600 3089 1698 3144; x_wconf 93' lang='lat' dir='ltr'>pro</span> <span class='ocrx_word' id='word_1_457' title='bbox 1757 3071 2072 3127; x_wconf 88' lang='lat' dir='ltr'>defensione</span> 
     </span>
    </p>
   </div>
   <div class='ocr_carea' id='block_1_63' title="bbox 476 3163 2077 3238">
    <p class='ocr_par' dir='ltr' id='par_1_63' title="bbox 476 3163 2077 3238">
     <span class='ocr_line' id='line_1_63' title="bbox 476 3163 2077 3238; baseline -0.005 -17"><span class='ocrx_word' id='word_1_458' title='bbox 476 3165 725 3238; x_wconf 68' lang='lat' dir='ltr'>justitiae,</span> <span class='ocrx_word' id='word_1_459' title='bbox 758 3165 889 3220; x_wconf 91' lang='lat' dir='ltr'>dum</span> <span class='ocrx_word' id='word_1_460' title='bbox 924 3165 1278 3221; x_wconf 84' lang='lat' dir='ltr'>confiteretur</span> <span class='ocrx_word' id='word_1_461' title='bbox 1322 3163 1640 3228; x_wconf 91' lang='lat' dir='ltr'>Dominum,</span> <span class='ocrx_word' id='word_1_462' title='bbox 1677 3169 1906 3216; x_wconf 90' lang='lat' dir='ltr'>mortem</span> <span class='ocrx_word' id='word_1_463' title='bbox 1933 3176 2077 3214; x_wconf 92' lang='lat' dir='ltr'>con-</span> 
     </span>
    </p>
   </div>
   <div class='ocr_carea' id='block_1_64' title="bbox 481 3248 2075 3328">
    <p class='ocr_par' dir='ltr' id='par_1_64' title="bbox 481 3248 2075 3328">
     <span class='ocr_line' id='line_1_64' title="bbox 481 3248 2075 3328; baseline -0.007 -14"><span class='ocrx_word' id='word_1_464' title='bbox 481 3264 690 3314; x_wconf 88' lang='lat' dir='ltr'>stanter</span> <span class='ocrx_word' id='word_1_465' title='bbox 715 3256 950 3328; x_wconf 89' lang='lat' dir='ltr'>excepit.</span> <span class='ocrx_word' id='word_1_466' title='bbox 984 3254 1186 3310; x_wconf 89' lang='lat' dir='ltr'>Eadem</span> <span class='ocrx_word' id='word_1_467' title='bbox 1211 3254 1447 3324; x_wconf 92' lang='lat' dir='ltr'>denique</span> <span class='ocrx_word' id='word_1_468' title='bbox 1477 3251 1610 3305; x_wconf 91' lang='lat' dir='ltr'>hora</span> <span class='ocrx_word' id='word_1_469' title='bbox 1630 3248 1693 3304; x_wconf 84' lang='lat' dir='ltr'>ﬁt</span> <span class='ocrx_word' id='word_1_470' title='bbox 1713 3255 1870 3303; x_wconf 67' lang='lat' dir='ltr'>terrae</span> <span class='ocrx_word' id='word_1_471' title='bbox 1895 3254 2075 3303; x_wconf 91' lang='lat' dir='ltr'>motus</span> 
     </span>
    </p>
   </div>
   <div class='ocr_carea' id='block_1_65' title="bbox 481 3335 2073 3408">
    <p class='ocr_par' dir='ltr' id='par_1_65' title="bbox 481 3335 2073 3408">
     <span class='ocr_line' id='line_1_65' title="bbox 481 3335 2073 3408; baseline -0.007 -8"><span class='ocrx_word' id='word_1_472' title='bbox 481 3344 998 3400; x_wconf 84' lang='lat' dir='ltr'>vehementissimus</span> <span class='ocrx_word' id='word_1_473' title='bbox 1027 3362 1039 3408; x_wconf 89' lang='lat'>;</span> <span class='ocrx_word' id='word_1_474' title='bbox 1091 3350 1144 3397; x_wconf 91' lang='lat' dir='ltr'>et</span> <span class='ocrx_word' id='word_1_475' title='bbox 1190 3358 1314 3397; x_wconf 91' lang='lat' dir='ltr'>cum</span> <span class='ocrx_word' id='word_1_476' title='bbox 1349 3339 1520 3395; x_wconf 85' lang='lat' dir='ltr'>nimia</span> <span class='ocrx_word' id='word_1_477' title='bbox 1548 3345 1687 3393; x_wconf 88' lang='lat' dir='ltr'>esset</span> <span class='ocrx_word' id='word_1_478' title='bbox 1717 3336 1838 3392; x_wconf 87' lang='lat' dir='ltr'>coeli</span> <span class='ocrx_word' id='word_1_479' title='bbox 1873 3335 2073 3391; x_wconf 87' lang='lat' dir='ltr'>sereni-</span> 
     </span>
    </p>
   </div>
   <div class='ocr_carea' id='block_1_66' title="bbox 480 3425 2076 3499">
    <p class='ocr_par' dir='ltr' id='par_1_66' title="bbox 480 3425 2076 3499">
     <span class='ocr_line' id='line_1_66' title="bbox 480 3425 2076 3499; baseline -0.006 -12"><span class='ocrx_word' id='word_1_480' title='bbox 480 3441 584 3499; x_wconf 89' lang='lat' dir='ltr'>tas,</span> <span class='ocrx_word' id='word_1_481' title='bbox 613 3441 777 3487; x_wconf 73' lang='lat' dir='ltr'>tantze</span> <span class='ocrx_word' id='word_1_482' title='bbox 815 3431 1239 3493; x_wconf 83' lang='lat' dir='ltr'>coruscationes,</span> <span class='ocrx_word' id='word_1_483' title='bbox 1285 3436 1544 3499; x_wconf 85' lang='lat' dir='ltr'>tantaque</span> <span class='ocrx_word' id='word_1_484' title='bbox 1584 3428 1801 3497; x_wconf 87' lang='lat' dir='ltr'>fulgura</span> <span class='ocrx_word' id='word_1_485' title='bbox 1831 3434 1883 3480; x_wconf 91' lang='lat' dir='ltr'>et</span> <span class='ocrx_word' id='word_1_486' title='bbox 1920 3425 2076 3478; x_wconf 91' lang='lat' dir='ltr'>toni-</span> 
     </span>
    </p>
   </div>
   <div class='ocr_carea' id='block_1_67' title="bbox 479 3512 2074 3586">
    <p class='ocr_par' dir='ltr' id='par_1_67' title="bbox 479 3512 2074 3586">
     <span class='ocr_line' id='line_1_67' title="bbox 479 3512 2074 3586; baseline -0.004 -13"><span class='ocrx_word' id='word_1_487' title='bbox 479 3526 606 3574; x_wconf 88' lang='lat' dir='ltr'>trua</span> <span class='ocrx_word' id='word_1_488' title='bbox 660 3519 1010 3584; x_wconf 88' lang='lat' dir='ltr'>exstiterunt,</span> <span class='ocrx_word' id='word_1_489' title='bbox 1070 3526 1132 3572; x_wconf 92' lang='lat' dir='ltr'>ut</span> <span class='ocrx_word' id='word_1_490' title='bbox 1185 3533 1311 3586; x_wconf 88' lang='lat' dir='ltr'>pars</span> <span class='ocrx_word' id='word_1_491' title='bbox 1350 3515 1593 3570; x_wconf 87' lang='lat' dir='ltr'>maxima</span> <span class='ocrx_word' id='word_1_492' title='bbox 1653 3512 1833 3569; x_wconf 90' lang='lat' dir='ltr'>insani</span> <span class='ocrx_word' id='word_1_493' title='bbox 1886 3513 2074 3584; x_wconf 90' lang='lat' dir='ltr'>populi</span> 
     </span>
    </p>
   </div>
   <div class='ocr_carea' id='block_1_68' title="bbox 481 3602 2076 3676">
    <p class='ocr_par' dir='ltr' id='par_1_68' title="bbox 481 3602 2076 3676">
     <span class='ocr_line' id='line_1_68' title="bbox 481 3602 2076 3676; baseline -0.003 -14"><span class='ocrx_word' id='word_1_494' title='bbox 481 3605 802 3676; x_wconf 83' lang='lat' dir='ltr'>exspiraret.</span> <span class='ocrx_word' id='word_1_495' title='bbox 837 3605 991 3660; x_wconf 91' lang='lat' dir='ltr'>Unde</span> <span class='ocrx_word' id='word_1_496' title='bbox 1020 3605 1226 3660; x_wconf 89' lang='lat' dir='ltr'>factum</span> <span class='ocrx_word' id='word_1_497' title='bbox 1260 3611 1422 3658; x_wconf 89' lang='lat' dir='ltr'>estut</span> <span class='ocrx_word' id='word_1_498' title='bbox 1450 3604 1637 3657; x_wconf 91' lang='lat' dir='ltr'>nullus</span> <span class='ocrx_word' id='word_1_499' title='bbox 1668 3602 1886 3672; x_wconf 89' lang='lat' dir='ltr'>penitus</span> <span class='ocrx_word' id='word_1_500' title='bbox 1914 3618 1983 3657; x_wconf 87' lang='lat' dir='ltr'>ex</span> <span class='ocrx_word' id='word_1_501' title='bbox 2011 3619 2076 3658; x_wconf 91' lang='lat' dir='ltr'>eo</span> 
     </span>
    </p>
   </div>
   <div class='ocr_carea' id='block_1_69' title="bbox 479 3692 2075 3764">
    <p class='ocr_par' dir='ltr' id='par_1_69' title="bbox 479 3692 2075 3764">
     <span class='ocr_line' id='line_1_69' title="bbox 479 3692 2075 3764; baseline -0.002 -14"><span class='ocrx_word' id='word_1_502' title='bbox 479 3692 907 3750; x_wconf 89' lang='lat' dir='ltr'>advenientibus</span> <span class='ocrx_word' id='word_1_503' title='bbox 955 3694 1023 3749; x_wconf 91' lang='lat' dir='ltr'>ad</span> <span class='ocrx_word' id='word_1_504' title='bbox 1071 3692 1319 3764; x_wconf 90' lang='lat' dir='ltr'>sepulcra</span> <span class='ocrx_word' id='word_1_505' title='bbox 1357 3698 1669 3747; x_wconf 88' lang='lat' dir='ltr'>sanctorum</span> <span class='ocrx_word' id='word_1_506' title='bbox 1697 3692 1910 3763; x_wconf 81' lang='lat' dir='ltr'>aliquas</span> <span class='ocrx_word' id='word_1_507' title='bbox 1947 3709 2075 3747; x_wconf 88' lang='lat' dir='ltr'>mo—</span> 
     </span>
    </p>
   </div>
   <div class='ocr_carea' id='block_1_70' title="bbox 480 3782 2074 3852">
    <p class='ocr_par' dir='ltr' id='par_1_70' title="bbox 480 3782 2074 3852">
     <span class='ocr_line' id='line_1_70' title="bbox 480 3782 2074 3852; baseline -0.003 -11"><span class='ocrx_word' id='word_1_508' title='bbox 480 3784 666 3841; x_wconf 89' lang='lat' dir='ltr'>lestias</span> <span class='ocrx_word' id='word_1_509' title='bbox 712 3785 997 3840; x_wconf 85' lang='lat' dir='ltr'>excitaret.</span> <span class='ocrx_word' id='word_1_510' title='bbox 1047 3783 1345 3841; x_wconf 85' lang='lat' dir='ltr'>Venientes</span> <span class='ocrx_word' id='word_1_511' title='bbox 1387 3789 1566 3836; x_wconf 90' lang='lat' dir='ltr'>autem</span> <span class='ocrx_word' id='word_1_512' title='bbox 1611 3789 1860 3852; x_wconf 85' lang='lat' dir='ltr'>parentes</span> <span class='ocrx_word' id='word_1_513' title='bbox 1906 3782 2074 3837; x_wconf 67' lang='lat' dir='ltr'>beatas</span> 
     </span>
    </p>
   </div>
   <div class='ocr_carea' id='block_1_71' title="bbox 479 3870 2074 3945">
    <p class='ocr_par' dir='ltr' id='par_1_71' title="bbox 479 3870 2074 3945">
     <span class='ocr_line' id='line_1_71' title="bbox 479 3870 2074 3945; baseline -0.001 -17"><span class='ocrx_word' id='word_1_514' title='bbox 479 3877 647 3945; x_wconf 76' lang='lat' dir='ltr'>Agnae</span> <span class='ocrx_word' id='word_1_515' title='bbox 677 3872 910 3945; x_wconf 85' lang='lat' dir='ltr'>virginis</span> <span class='ocrx_word' id='word_1_516' title='bbox 939 3890 1065 3930; x_wconf 89' lang='lat' dir='ltr'>cum</span> <span class='ocrx_word' id='word_1_517' title='bbox 1095 3870 1473 3928; x_wconf 88' lang='lat' dir='ltr'>sacerdotibus</span> <span class='ocrx_word' id='word_1_518' title='bbox 1508 3876 1688 3937; x_wconf 88' lang='lat' dir='ltr'>nocte,</span> <span class='ocrx_word' id='word_1_519' title='bbox 1728 3870 2074 3926; x_wconf 90' lang='lat' dir='ltr'>abstulerunt</span> 
     </span>
    </p>
   </div>
   <div class='ocr_carea' id='block_1_72' title="bbox 477 3958 2074 4033">
    <p class='ocr_par' dir='ltr' id='par_1_72' title="bbox 477 3958 2074 4033">
     <span class='ocr_line' id='line_1_72' title="bbox 477 3958 2074 4033; baseline -0.004 -13"><span class='ocrx_word' id='word_1_520' title='bbox 477 3979 677 4033; x_wconf 87' lang='lat' dir='ltr'>corpus</span> <span class='ocrx_word' id='word_1_521' title='bbox 723 3963 1126 4019; x_wconf 68' lang='lat' dir='ltr'>Emerentianaa</span> <span class='ocrx_word' id='word_1_522' title='bbox 1169 3961 1310 4033; x_wconf 83' lang='lat'>(15),</span> <span class='ocrx_word' id='word_1_523' title='bbox 1359 3968 1412 4018; x_wconf 90' lang='lat' dir='ltr'>et</span> <span class='ocrx_word' id='word_1_524' title='bbox 1463 3958 1795 4031; x_wconf 89' lang='lat' dir='ltr'>sepelierunt</span> <span class='ocrx_word' id='word_1_525' title='bbox 1837 3959 1975 4015; x_wconf 92' lang='lat' dir='ltr'>illud</span> <span class='ocrx_word' id='word_1_526' title='bbox 2015 3959 2074 4014; x_wconf 90' lang='lat' dir='ltr'>in</span> 
     </span>
    </p>
   </div>
   <div class='ocr_carea' id='block_1_73' title="bbox 478 4048 1751 4121">
    <p class='ocr_par' dir='ltr' id='par_1_73' title="bbox 478 4048 1751 4121">
     <span class='ocr_line' id='line_1_73' title="bbox 478 4048 1751 4121; baseline -0.003 -14"><span class='ocrx_word' id='word_1_527' title='bbox 478 4051 720 4107; x_wconf 81' lang='lat' dir='ltr'>confinio</span> <span class='ocrx_word' id='word_1_528' title='bbox 749 4052 909 4121; x_wconf 87' lang='lat' dir='ltr'>agelli</span> <span class='ocrx_word' id='word_1_529' title='bbox 939 4050 1271 4107; x_wconf 61' lang='lat' dir='ltr'>beatissima</span> <span class='ocrx_word' id='word_1_530' title='bbox 1299 4048 1535 4121; x_wconf 90' lang='lat' dir='ltr'>virginis</span> <span class='ocrx_word' id='word_1_531' title='bbox 1564 4052 1751 4120; x_wconf 65' lang='lat' dir='ltr'>Agnae.</span> 
     </span>
    </p>
   </div>
   <div class='ocr_carea' id='block_1_74' title="bbox 553 4150 2073 4223">
    <p class='ocr_par' dir='ltr' id='par_1_74' title="bbox 553 4150 2073 4223">
     <span class='ocr_line' id='line_1_74' title="bbox 553 4150 2073 4223; baseline 0.003 -21"><span class='ocrx_word' id='word_1_532' title='bbox 553 4150 639 4204; x_wconf 88' lang='lat'>16.</span> <span class='ocrx_word' id='word_1_533' title='bbox 666 4150 839 4219; x_wconf 86' lang='lat' dir='ltr'>Igitur</span> <span class='ocrx_word' id='word_1_534' title='bbox 859 4151 989 4206; x_wconf 91' lang='lat' dir='ltr'>dum</span> <span class='ocrx_word' id='word_1_535' title='bbox 1019 4160 1268 4223; x_wconf 88' lang='lat' dir='ltr'>parentes</span> <span class='ocrx_word' id='word_1_536' title='bbox 1283 4159 1484 4208; x_wconf 75' lang='lat' dir='ltr'>sanctae</span> <span class='ocrx_word' id='word_1_537' title='bbox 1503 4151 1673 4223; x_wconf 67' lang='lat' dir='ltr'>Agnae</span> <span class='ocrx_word' id='word_1_538' title='bbox 1705 4151 1942 4208; x_wconf 88' lang='lat' dir='ltr'>assiduis</span> <span class='ocrx_word' id='word_1_539' title='bbox 1957 4167 2073 4222; x_wconf 87' lang='lat' dir='ltr'>per-</span> 
     </span>
    </p>
   </div>
   <div class='ocr_carea' id='block_1_75' title="bbox 479 4236 2074 4312">
    <p class='ocr_par' dir='ltr' id='par_1_75' title="bbox 479 4236 2074 4312">
     <span class='ocr_line' id='line_1_75' title="bbox 479 4236 2074 4312; baseline 0.003 -20"><span class='ocrx_word' id='word_1_540' title='bbox 479 4236 887 4292; x_wconf 87' lang='lat' dir='ltr'>noctationibus</span> <span class='ocrx_word' id='word_1_541' title='bbox 929 4240 1222 4309; x_wconf 86' lang='lat' dir='ltr'>vigilarent</span> <span class='ocrx_word' id='word_1_542' title='bbox 1270 4240 1339 4294; x_wconf 90' lang='lat' dir='ltr'>ad</span> <span class='ocrx_word' id='word_1_543' title='bbox 1368 4241 1679 4311; x_wconf 91' lang='lat' dir='ltr'>sepulcrum</span> <span class='ocrx_word' id='word_1_544' title='bbox 1710 4240 1851 4312; x_wconf 90' lang='lat' dir='ltr'>ejus,</span> <span class='ocrx_word' id='word_1_545' title='bbox 1883 4240 2074 4296; x_wconf 89' lang='lat' dir='ltr'>vident</span> 
     </span>
    </p>
   </div>
   <div class='ocr_carea' id='block_1_76' title="bbox 477 4323 2149 4415">
    <p class='ocr_par' dir='ltr' id='par_1_76' title="bbox 477 4323 2149 4415">
     <span class='ocr_line' id='line_1_76' title="bbox 477 4323 2149 4415; baseline 0.005 -37"><span class='ocrx_word' id='word_1_546' title='bbox 477 4323 538 4378; x_wconf 92' lang='lat' dir='ltr'>in</span> <span class='ocrx_word' id='word_1_547' title='bbox 570 4323 752 4379; x_wconf 90' lang='lat' dir='ltr'>medio</span> <span class='ocrx_word' id='word_1_548' title='bbox 806 4324 987 4379; x_wconf 90' lang='lat' dir='ltr'>noctis</span> <span class='ocrx_word' id='word_1_549' title='bbox 1032 4326 1254 4382; x_wconf 90' lang='lat' dir='ltr'>silentio</span> <span class='ocrx_word' id='word_1_550' title='bbox 1283 4329 1588 4383; x_wconf 90' lang='lat' dir='ltr'>exercitum</span> <span class='ocrx_word' id='word_1_551' title='bbox 1618 4328 1918 4400; x_wconf 84' lang='lat' dir='ltr'>virginum,</span> <span class='ocrx_word' id='word_1_552' title='bbox 1952 4347 2071 4402; x_wconf 65' lang='lat' dir='ltr'>quae</span> <span class='ocrx_word' id='word_1_553' title='bbox 2101 4357 2149 4415; x_wconf 71' lang='grc' dir='ltr'>Β</span> 
     </span>
    </p>
   </div>
   <div class='ocr_carea' id='block_1_77' title="bbox 477 4413 2071 4490">
    <p class='ocr_par' dir='ltr' id='par_1_77' title="bbox 477 4413 2071 4490">
     <span class='ocr_line' id='line_1_77' title="bbox 477 4413 2071 4490; baseline 0.004 -22"><span class='ocrx_word' id='word_1_554' title='bbox 477 4427 668 4469; x_wconf 90' lang='lat' dir='ltr'>omnes</span> <span class='ocrx_word' id='word_1_555' title='bbox 715 4427 852 4467; x_wconf 88' lang='lat' dir='ltr'>auro</span> <span class='ocrx_word' id='word_1_556' title='bbox 898 4413 1127 4469; x_wconf 90' lang='lat' dir='ltr'>intextis</span> <span class='ocrx_word' id='word_1_557' title='bbox 1175 4414 1419 4485; x_wconf 88' lang='lat' dir='ltr'>cycladis</span> <span class='ocrx_word' id='word_1_558' title='bbox 1451 4415 1656 4470; x_wconf 69' lang='lat' dir='ltr'>indutae</span> <span class='ocrx_word' id='word_1_559' title='bbox 1703 4433 1828 4472; x_wconf 90' lang='lat' dir='ltr'>cum</span> <span class='ocrx_word' id='word_1_560' title='bbox 1861 4418 2071 4490; x_wconf 89' lang='lat' dir='ltr'>ingenti</span> 
     </span>
    </p>
   </div>
   <div class='ocr_carea' id='block_1_78' title="bbox 477 4501 2068 4574">
    <p class='ocr_par' dir='ltr' id='par_1_78' title="bbox 477 4501 2068 4574">
     <span class='ocr_line' id='line_1_78' title="bbox 477 4501 2068 4574; baseline 0.004 -18"><span class='ocrx_word' id='word_1_561' title='bbox 477 4501 686 4557; x_wconf 90' lang='lat' dir='ltr'>lumine</span> <span class='ocrx_word' id='word_1_562' title='bbox 733 4502 1126 4573; x_wconf 78' lang='lat' dir='ltr'>praeteribant:</span> <span class='ocrx_word' id='word_1_563' title='bbox 1173 4503 1317 4558; x_wconf 91' lang='lat' dir='ltr'>inter</span> <span class='ocrx_word' id='word_1_564' title='bbox 1355 4519 1489 4574; x_wconf 89' lang='lat' dir='ltr'>quas</span> <span class='ocrx_word' id='word_1_565' title='bbox 1531 4504 1695 4559; x_wconf 90' lang='lat' dir='ltr'>etiam</span> <span class='ocrx_word' id='word_1_566' title='bbox 1724 4504 1917 4560; x_wconf 90' lang='lat' dir='ltr'>vident</span> <span class='ocrx_word' id='word_1_567' title='bbox 1947 4507 2068 4563; x_wconf 86' lang='lat' dir='ltr'>bea-</span> 
     </span>
    </p>
   </div>
   <div class='ocr_carea' id='block_1_79' title="bbox 472 4591 2067 4664">
    <p class='ocr_par' dir='ltr' id='par_1_79' title="bbox 472 4591 2067 4664">
     <span class='ocr_line' id='line_1_79' title="bbox 472 4591 2067 4664; baseline 0.004 -17"><span class='ocrx_word' id='word_1_568' title='bbox 472 4591 744 4649; x_wconf 87' lang='lat' dir='ltr'>tissimam</span> <span class='ocrx_word' id='word_1_569' title='bbox 773 4591 987 4663; x_wconf 89' lang='lat' dir='ltr'>Agnem</span> <span class='ocrx_word' id='word_1_570' title='bbox 1031 4591 1289 4648; x_wconf 88' lang='lat' dir='ltr'>similiter</span> <span class='ocrx_word' id='word_1_571' title='bbox 1327 4592 1654 4664; x_wconf 85' lang='lat' dir='ltr'>fulgentem,</span> <span class='ocrx_word' id='word_1_572' title='bbox 1686 4601 1741 4648; x_wconf 90' lang='lat' dir='ltr'>et</span> <span class='ocrx_word' id='word_1_573' title='bbox 1779 4594 1848 4650; x_wconf 89' lang='lat' dir='ltr'>ad</span> <span class='ocrx_word' id='word_1_574' title='bbox 1879 4596 2067 4654; x_wconf 87' lang='lat' dir='ltr'>dexte-</span> 
     </span>
    </p>
   </div>
   <div class='ocr_carea' id='block_1_80' title="bbox 472 4683 2067 4759">
    <p class='ocr_par' dir='ltr' id='par_1_80' title="bbox 472 4683 2067 4759">
     <span class='ocr_line' id='line_1_80' title="bbox 472 4683 2067 4759; baseline 0.004 -21"><span class='ocrx_word' id='word_1_575' title='bbox 472 4699 588 4740; x_wconf 89' lang='lat' dir='ltr'>ram</span> <span class='ocrx_word' id='word_1_576' title='bbox 626 4683 744 4755; x_wconf 88' lang='lat' dir='ltr'>ejns</span> <span class='ocrx_word' id='word_1_577' title='bbox 780 4685 999 4756; x_wconf 89' lang='lat' dir='ltr'>Agnum</span> <span class='ocrx_word' id='word_1_578' title='bbox 1043 4691 1295 4740; x_wconf 89' lang='lat' dir='ltr'>stantem.</span> <span class='ocrx_word' id='word_1_579' title='bbox 1345 4684 1472 4740; x_wconf 65' lang='lat' dir='ltr'>Haec</span> <span class='ocrx_word' id='word_1_580' title='bbox 1508 4683 1640 4740; x_wconf 90' lang='lat' dir='ltr'>dum</span> <span class='ocrx_word' id='word_1_581' title='bbox 1671 4684 1923 4743; x_wconf 89' lang='lat' dir='ltr'>viderent</span> <span class='ocrx_word' id='word_1_582' title='bbox 1971 4703 2067 4759; x_wconf 87' lang='lat' dir='ltr'>pa-</span> 
     </span>
    </p>
   </div>
   <div class='ocr_carea' id='block_1_81' title="bbox 470 4773 2065 4848">
    <p class='ocr_par' dir='ltr' id='par_1_81' title="bbox 470 4773 2065 4848">
     <span class='ocr_line' id='line_1_81' title="bbox 470 4773 2065 4848; baseline 0.004 -20"><span class='ocrx_word' id='word_1_583' title='bbox 470 4781 652 4829; x_wconf 88' lang='lat' dir='ltr'>rentes</span> <span class='ocrx_word' id='word_1_584' title='bbox 703 4773 843 4845; x_wconf 90' lang='lat' dir='ltr'>ejus,</span> <span class='ocrx_word' id='word_1_585' title='bbox 904 4780 958 4830; x_wconf 90' lang='lat' dir='ltr'>et</span> <span class='ocrx_word' id='word_1_586' title='bbox 1023 4773 1119 4847; x_wconf 91' lang='lat' dir='ltr'>qui</span> <span class='ocrx_word' id='word_1_587' title='bbox 1177 4774 1341 4830; x_wconf 88' lang='lat' dir='ltr'>simul</span> <span class='ocrx_word' id='word_1_588' title='bbox 1403 4782 1576 4843; x_wconf 89' lang='lat' dir='ltr'>erant,</span> <span class='ocrx_word' id='word_1_589' title='bbox 1640 4775 1794 4848; x_wconf 89' lang='lat' dir='ltr'>quasi</span> <span class='ocrx_word' id='word_1_590' title='bbox 1843 4783 2065 4848; x_wconf 89' lang='lat' dir='ltr'>stupore</span> 
     </span>
    </p>
   </div>
   <div class='ocr_carea' id='block_1_82' title="bbox 469 4862 2064 4938">
    <p class='ocr_par' dir='ltr' id='par_1_82' title="bbox 469 4862 2064 4938">
     <span class='ocr_line' id='line_1_82' title="bbox 469 4862 2064 4938; baseline 0.003 -20"><span class='ocrx_word' id='word_1_591' title='bbox 469 4864 672 4919; x_wconf 88' lang='lat' dir='ltr'>mentis</span> <span class='ocrx_word' id='word_1_592' title='bbox 706 4862 912 4919; x_wconf 90' lang='lat' dir='ltr'>detenti</span> <span class='ocrx_word' id='word_1_593' title='bbox 941 4871 1089 4919; x_wconf 89' lang='lat' dir='ltr'>sunt.</span> <span class='ocrx_word' id='word_1_594' title='bbox 1117 4864 1222 4921; x_wconf 92' lang='lat' dir='ltr'>Sed</span> <span class='ocrx_word' id='word_1_595' title='bbox 1250 4864 1408 4921; x_wconf 88' lang='lat' dir='ltr'>beata</span> <span class='ocrx_word' id='word_1_596' title='bbox 1440 4865 1622 4936; x_wconf 86' lang='lat' dir='ltr'>Agnes</span> <span class='ocrx_word' id='word_1_597' title='bbox 1651 4872 1806 4938; x_wconf 86' lang='lat' dir='ltr'>rogat</span> <span class='ocrx_word' id='word_1_598' title='bbox 1844 4874 2064 4923; x_wconf 87' lang='lat' dir='ltr'>sanctas</span> 
     </span>
    </p>
   </div>
   <div class='ocr_carea' id='block_1_83' title="bbox 469 4950 2062 5027">
    <p class='ocr_par' dir='ltr' id='par_1_83' title="bbox 469 4950 2062 5027">
     <span class='ocr_line' id='line_1_83' title="bbox 469 4950 2062 5027; baseline 0.004 -22"><span class='ocrx_word' id='word_1_599' title='bbox 469 4950 712 5023; x_wconf 81' lang='lat' dir='ltr'>virgines</span> <span class='ocrx_word' id='word_1_600' title='bbox 755 4968 1049 5026; x_wconf 89' lang='lat' dir='ltr'>parumper</span> <span class='ocrx_word' id='word_1_601' title='bbox 1094 4953 1319 5026; x_wconf 86' lang='lat' dir='ltr'>gradum</span> <span class='ocrx_word' id='word_1_602' title='bbox 1351 4953 1536 5026; x_wconf 83' lang='lat' dir='ltr'>ﬁgere,</span> <span class='ocrx_word' id='word_1_603' title='bbox 1566 4961 1622 5011; x_wconf 91' lang='lat' dir='ltr'>et</span> <span class='ocrx_word' id='word_1_604' title='bbox 1649 4962 1799 5011; x_wconf 87' lang='lat' dir='ltr'>stans</span> <span class='ocrx_word' id='word_1_605' title='bbox 1828 4955 2062 5027; x_wconf 87' lang='lat' dir='ltr'>parenti-</span> 
     </span>
    </p>
   </div>
   <div class='ocr_carea' id='block_1_84' title="bbox 497 5157 2056 5238">
    <p class='ocr_par' dir='ltr' id='par_1_84' title="bbox 497 5157 2056 5238">
     <span class='ocr_line' id='line_1_84' title="bbox 497 5157 2056 5238; baseline 0.003 -26"><span class='ocrx_word' id='word_1_606' title='bbox 497 5227 507 5238; x_wconf 43' lang='lat'><em>.</em></span> <span class='ocrx_word' id='word_1_607' title='bbox 541 5157 657 5229; x_wconf 77' lang='grc'>(14)</span> <span class='ocrx_word' id='word_1_608' title='bbox 690 5158 772 5238; x_wconf 76' lang='lat' dir='ltr'>Ita</span> <span class='ocrx_word' id='word_1_609' title='bbox 791 5157 965 5214; x_wconf 83' lang='lat' dir='ltr'>codex</span> <span class='ocrx_word' id='word_1_610' title='bbox 993 5159 1149 5238; x_wconf 81' lang='lat' dir='ltr'>N_oal.</span> <span class='ocrx_word' id='word_1_611' title='bbox 1173 5177 1187 5238; x_wconf 82' lang='lat'>;</span> <span class='ocrx_word' id='word_1_612' title='bbox 1212 5177 1402 5238; x_wconf 82' lang='lat' dir='ltr'>omnes</span> <span class='ocrx_word' id='word_1_613' title='bbox 1421 5169 1609 5238; x_wconf 78' lang='lat' dir='ltr'>autem</span> <span class='ocrx_word' id='word_1_614' title='bbox 1629 5162 1761 5218; x_wconf 90' lang='lat' dir='ltr'>edit.</span> <span class='ocrx_word' id='word_1_615' title='bbox 1771 5205 1786 5238; x_wconf 81' lang='lat'>,</span> <span class='ocrx_word' id='word_1_616' title='bbox 1809 5165 2056 5219; x_wconf 77' lang='lat' dir='ltr'>Emeren~</span> 
     </span>
    </p>
   </div>
   <div class='ocr_carea' id='block_1_85' title="bbox 467 5229 2057 5304">
    <p class='ocr_par' dir='ltr' id='par_1_85' title="bbox 467 5229 2057 5304">
     <span class='ocr_line' id='line_1_85' title="bbox 467 5229 2057 5304; baseline 0.005 -23"><span class='ocrx_word' id='word_1_617' title='bbox 467 5229 614 5304; x_wconf 67' lang='lat' dir='ltr'>tiana</span> <span class='ocrx_word' id='word_1_618' title='bbox 642 5236 835 5304; x_wconf 74' lang='lat' dir='ltr'>autem,</span> <span class='ocrx_word' id='word_1_619' title='bbox 865 5247 982 5299; x_wconf 72' lang='lat' dir='ltr'>qua:</span> <span class='ocrx_word' id='word_1_620' title='bbox 1012 5229 1190 5304; x_wconf 77' lang='lat' dir='ltr'>fuerat</span> <span class='ocrx_word' id='word_1_621' title='bbox 1216 5234 1537 5287; x_wconf 81' lang='lat' dir='ltr'>collactanea</span> <span class='ocrx_word' id='word_1_622' title='bbox 1562 5234 1694 5302; x_wconf 85' lang='lat' dir='ltr'>ejus,</span> <span class='ocrx_word' id='word_1_623' title='bbox 1730 5234 1878 5304; x_wconf 83' lang='lat' dir='ltr'>virgo</span> <span class='ocrx_word' id='word_1_624' title='bbox 1910 5251 2057 5289; x_wconf 85' lang='lat' dir='ltr'>sanc-</span> 
     </span>
    </p>
   </div>
   <div class='ocr_carea' id='block_1_86' title="bbox 468 5299 2056 5373">
    <p class='ocr_par' dir='ltr' id='par_1_86' title="bbox 468 5299 2056 5373">
     <span class='ocr_line' id='line_1_86' title="bbox 468 5299 2056 5373; baseline 0.005 -21"><span class='ocrx_word' id='word_1_625' title='bbox 468 5299 716 5373; x_wconf 60' lang='lat' dir='ltr'>tissima,</span> <span class='ocrx_word' id='word_1_626' title='bbox 743 5301 1271 5373; x_wconf 15' lang='lat' dir='ltr'>liceticatechumena,</span> <span class='ocrx_word' id='word_1_627' title='bbox 1321 5299 1618 5358; x_wconf 60' lang='lat' dir='ltr'>constanter</span> <span class='ocrx_word' id='word_1_628' title='bbox 1649 5299 1842 5373; x_wconf 65' lang='lat' dir='ltr'>stabat,</span> <span class='ocrx_word' id='word_1_629' title='bbox 1881 5305 2056 5360; x_wconf 76' lang='lat' dir='ltr'>intre-</span> 
     </span>
    </p>
   </div>
   <div class='ocr_carea' id='block_1_87' title="bbox 459 5369 997 5438">
    <p class='ocr_par' dir='ltr' id='par_1_87' title="bbox 459 5369 997 5438">
     <span class='ocr_line' id='line_1_87' title="bbox 459 5369 997 5438; baseline 0.007 -15"><span class='ocrx_word' id='word_1_630' title='bbox 459 5369 591 5438; x_wconf 79' lang='lat' dir='ltr'>pida</span> <span class='ocrx_word' id='word_1_631' title='bbox 618 5378 666 5424; x_wconf 89' lang='lat' dir='ltr'>et</span> <span class='ocrx_word' id='word_1_632' title='bbox 699 5372 997 5427; x_wconf 75' lang='lat' dir='ltr'>immobilis.</span> 
     </span>
    </p>
   </div>
   <div class='ocr_carea' id='block_1_88' title="bbox 538 5440 1771 5582">
    <p class='ocr_par' dir='ltr' id='par_1_88' title="bbox 538 5440 1771 5582">
     <span class='ocr_line' id='line_1_88' title="bbox 538 5440 1771 5582; baseline 0.007 -88"><span class='ocrx_word' id='word_1_633' title='bbox 538 5440 654 5582; x_wconf 48' lang='grc' dir='ltr'>(ὣς</span> <span class='ocrx_word' id='word_1_634' title='bbox 688 5441 862 5507; x_wconf 90' lang='lat' dir='ltr'>Edit.,</span> <span class='ocrx_word' id='word_1_635' title='bbox 893 5449 1084 5523; x_wconf 61' lang='lat' dir='ltr'>sancta</span> <span class='ocrx_word' id='word_1_636' title='bbox 1112 5444 1501 5524; x_wconf 71' lang='lat' dir='ltr'>Emerentianae</span> <span class='ocrx_word' id='word_1_637' title='bbox 1528 5445 1771 5515; x_wconf 80' lang='lat' dir='ltr'>virginis.</span> 
     </span>
     <span class='ocr_line' id='line_1_89' title="bbox 566 5510 1771 5582; baseline 0.007 -18"><span class='ocrx_word' id='word_1_638' title='bbox 566 5510 631 5565; x_wconf 86' lang='lat'>16</span> <span class='ocrx_word' id='word_1_639' title='bbox 685 5510 901 5567; x_wconf 77' lang='lat' dir='ltr'>Eaedem</span> <span class='ocrx_word' id='word_1_640' title='bbox 943 5513 1100 5582; x_wconf 77' lang='lat' dir='ltr'>edit.,</span> <span class='ocrx_word' id='word_1_641' title='bbox 1137 5519 1243 5572; x_wconf 82' lang='lat' dir='ltr'>tota</span> <span class='ocrx_word' id='word_1_642' title='bbox 1269 5531 1435 5571; x_wconf 65' lang='lat' dir='ltr'>animi</span> <span class='ocrx_word' id='word_1_643' title='bbox 1458 5516 1771 5576; x_wconf 58' lang='lat' dir='ltr'>intentione.</span> 
     </span>
    </p>
   </div>
   <div class='ocr_carea' id='block_1_89' title="bbox 566 5510 1949 5582">
    <p class='ocr_par' dir='ltr' id='par_1_89' title="bbox 566 5510 1949 5582">
     <span class='ocr_line' id='line_1_90' title="bbox 566 5510 1949 5582; baseline 0.007 -18"><span class='ocrx_word' id='word_1_644' title='bbox 566 5510 654 5582; x_wconf 84' lang='lat'>16)</span> <span class='ocrx_word' id='word_1_645' title='bbox 685 5510 901 5567; x_wconf 58' lang='lat' dir='ltr'>Eadem</span> <span class='ocrx_word' id='word_1_646' title='bbox 943 5513 1076 5570; x_wconf 85' lang='lat' dir='ltr'>edit.</span> <span class='ocrx_word' id='word_1_647' title='bbox 1085 5557 1100 5582; x_wconf 92' lang='lat'>,</span> <span class='ocrx_word' id='word_1_648' title='bbox 1137 5519 1243 5572; x_wconf 75' lang='lat' dir='ltr'>tota</span> <span class='ocrx_word' id='word_1_649' title='bbox 1269 5515 1436 5571; x_wconf 79' lang='lat' dir='ltr'>animi</span> <span class='ocrx_word' id='word_1_650' title='bbox 1458 5510 1739 5576; x_wconf 55' lang='lat' dir='ltr'>intentione</span> <span class='ocrx_word' id='word_1_651' title='bbox 1765 5518 1949 5577; x_wconf 68' lang='lat' dir='ltr'>dilexi.</span> 
     </span>
    </p>
   </div>
   <div class='ocr_carea' id='block_1_90' title="bbox 2186 3072 3790 3145">
    <p class='ocr_par' dir='ltr' id='par_1_90' title="bbox 2186 3072 3790 3145">
     <span class='ocr_line' id='line_1_91' title="bbox 2186 3072 3790 3145; baseline 0 -16"><span class='ocrx_word' id='word_1_652' title='bbox 2186 3075 2531 3130; x_wconf 90' lang='lat' dir='ltr'>mansionem</span> <span class='ocrx_word' id='word_1_653' title='bbox 2565 3074 2821 3130; x_wconf 88' lang='lat' dir='ltr'>collocari</span> <span class='ocrx_word' id='word_1_654' title='bbox 2852 3074 3109 3145; x_wconf 61' lang='lat' dir='ltr'>praecepit</span> <span class='ocrx_word' id='word_1_655' title='bbox 3141 3074 3281 3145; x_wconf 89' lang='grc'>(18).</span> <span class='ocrx_word' id='word_1_656' title='bbox 3316 3072 3594 3129; x_wconf 89' lang='lat' dir='ltr'>Cucurrit</span> <span class='ocrx_word' id='word_1_657' title='bbox 3621 3084 3790 3130; x_wconf 82' lang='lat' dir='ltr'>autem</span> 
     </span>
    </p>
   </div>
   <div class='ocr_carea' id='block_1_91' title="bbox 2183 3161 3790 3235">
    <p class='ocr_par' dir='ltr' id='par_1_91' title="bbox 2183 3161 3790 3235">
     <span class='ocr_line' id='line_1_92' title="bbox 2183 3161 3790 3235; baseline 0 -17"><span class='ocrx_word' id='word_1_658' title='bbox 2183 3163 2303 3219; x_wconf 80' lang='lat' dir='ltr'>haec</span> <span class='ocrx_word' id='word_1_659' title='bbox 2329 3164 2522 3235; x_wconf 89' lang='lat' dir='ltr'>opinio</span> <span class='ocrx_word' id='word_1_660' title='bbox 2548 3163 2616 3218; x_wconf 89' lang='lat' dir='ltr'>ad</span> <span class='ocrx_word' id='word_1_661' title='bbox 2649 3179 2858 3230; x_wconf 87' lang='lat' dir='ltr'>omnes,</span> <span class='ocrx_word' id='word_1_662' title='bbox 2891 3171 2946 3218; x_wconf 85' lang='lat' dir='ltr'>et</span> <span class='ocrx_word' id='word_1_663' title='bbox 2969 3170 3240 3235; x_wconf 88' lang='lat' dir='ltr'>quotquot</span> <span class='ocrx_word' id='word_1_664' title='bbox 3267 3161 3567 3218; x_wconf 88' lang='lat' dir='ltr'>credentes</span> <span class='ocrx_word' id='word_1_665' title='bbox 3596 3163 3664 3218; x_wconf 85' lang='lat' dir='ltr'>ad</span> <span class='ocrx_word' id='word_1_666' title='bbox 3685 3165 3790 3235; x_wconf 80' lang='lat' dir='ltr'>ejus</span> 
     </span>
    </p>
   </div>
   <div class='ocr_carea' id='block_1_92' title="bbox 2184 3250 3788 3325">
    <p class='ocr_par' dir='ltr' id='par_1_92' title="bbox 2184 3250 3788 3325">
     <span class='ocr_line' id='line_1_93' title="bbox 2184 3250 3788 3325; baseline 0.001 -18"><span class='ocrx_word' id='word_1_667' title='bbox 2184 3253 2494 3323; x_wconf 89' lang='lat' dir='ltr'>sepulcrum</span> <span class='ocrx_word' id='word_1_668' title='bbox 2581 3250 2954 3319; x_wconf 87' lang='lat' dir='ltr'>advenissent,</span> <span class='ocrx_word' id='word_1_669' title='bbox 3020 3250 3394 3318; x_wconf 85' lang='lat' dir='ltr'>salvabantur,</span> <span class='ocrx_word' id='word_1_670' title='bbox 3470 3269 3788 3325; x_wconf 83' lang='lat' dir='ltr'>quacunque</span> 
     </span>
    </p>
   </div>
   <div class='ocr_carea' id='block_1_93' title="bbox 2185 3339 3782 3406">
    <p class='ocr_par' dir='ltr' id='par_1_93' title="bbox 2185 3339 3782 3406">
     <span class='ocr_line' id='line_1_94' title="bbox 2185 3339 3782 3406; baseline 0 -11"><span class='ocrx_word' id='word_1_671' title='bbox 2185 3340 2506 3395; x_wconf 85' lang='lat' dir='ltr'>infirmitate</span> <span class='ocrx_word' id='word_1_672' title='bbox 2557 3339 2768 3396; x_wconf 91' lang='lat' dir='ltr'>detenti</span> <span class='ocrx_word' id='word_1_673' title='bbox 2823 3347 3024 3395; x_wconf 87' lang='lat' dir='ltr'>essent.</span> <span class='ocrx_word' id='word_1_674' title='bbox 3075 3339 3233 3406; x_wconf 88' lang='lat' dir='ltr'>Quod</span> <span class='ocrx_word' id='word_1_675' title='bbox 3278 3340 3462 3396; x_wconf 88' lang='lat' dir='ltr'>facere</span> <span class='ocrx_word' id='word_1_676' title='bbox 3513 3341 3782 3397; x_wconf 88' lang='lat' dir='ltr'>Christum</span> 
     </span>
    </p>
   </div>
   <div class='ocr_carea' id='block_1_94' title="bbox 2185 3428 3782 3500">
    <p class='ocr_par' dir='ltr' id='par_1_94' title="bbox 2185 3428 3782 3500">
     <span class='ocr_line' id='line_1_95' title="bbox 2185 3428 3782 3500; baseline 0.002 -16"><span class='ocrx_word' id='word_1_677' title='bbox 2185 3429 2372 3484; x_wconf 90' lang='lat' dir='ltr'>nullus</span> <span class='ocrx_word' id='word_1_678' title='bbox 2411 3429 2629 3485; x_wconf 89' lang='lat' dir='ltr'>dubitat</span> <span class='ocrx_word' id='word_1_679' title='bbox 2668 3445 2841 3500; x_wconf 89' lang='lat' dir='ltr'>usque</span> <span class='ocrx_word' id='word_1_680' title='bbox 2888 3428 2943 3484; x_wconf 91' lang='lat' dir='ltr'>in</span> <span class='ocrx_word' id='word_1_681' title='bbox 2986 3428 3317 3484; x_wconf 90' lang='lat' dir='ltr'>hodiernum</span> <span class='ocrx_word' id='word_1_682' title='bbox 3362 3429 3542 3486; x_wconf 85' lang='lat' dir='ltr'>diem.</span> <span class='ocrx_word' id='word_1_683' title='bbox 3599 3433 3782 3487; x_wconf 85' lang='lat' dir='ltr'>Perse-</span> 
     </span>
    </p>
   </div>
   <div class='ocr_carea' id='block_1_95' title="bbox 2185 3519 3776 3591">
    <p class='ocr_par' dir='ltr' id='par_1_95' title="bbox 2185 3519 3776 3591">
     <span class='ocr_line' id='line_1_96' title="bbox 2185 3519 3776 3591; baseline 0.002 -17"><span class='ocrx_word' id='word_1_684' title='bbox 2185 3521 2398 3576; x_wconf 90' lang='lat' dir='ltr'>veravit</span> <span class='ocrx_word' id='word_1_685' title='bbox 2455 3527 2638 3575; x_wconf 91' lang='lat' dir='ltr'>autem</span> <span class='ocrx_word' id='word_1_686' title='bbox 2697 3520 2815 3591; x_wconf 90' lang='lat' dir='ltr'>ipsa</span> <span class='ocrx_word' id='word_1_687' title='bbox 2879 3519 3200 3576; x_wconf 90' lang='lat' dir='ltr'>Constantia</span> <span class='ocrx_word' id='word_1_688' title='bbox 3253 3520 3496 3591; x_wconf 86' lang='lat' dir='ltr'>Augusti</span> <span class='ocrx_word' id='word_1_689' title='bbox 3567 3521 3679 3577; x_wconf 82' lang='lat' dir='ltr'>ﬁlia</span> <span class='ocrx_word' id='word_1_690' title='bbox 3727 3523 3776 3576; x_wconf 88' lang='lat' dir='ltr'>in</span> 
     </span>
    </p>
   </div>
   <div class='ocr_carea' id='block_1_96' title="bbox 2189 3607 3771 3680">
    <p class='ocr_par' dir='ltr' id='par_1_96' title="bbox 2189 3607 3771 3680">
     <span class='ocr_line' id='line_1_97' title="bbox 2189 3607 3771 3680; baseline 0.002 -18"><span class='ocrx_word' id='word_1_691' title='bbox 2189 3608 2530 3680; x_wconf 85' lang='lat' dir='ltr'>virginitate,</span> <span class='ocrx_word' id='word_1_692' title='bbox 2562 3624 2657 3680; x_wconf 92' lang='lat' dir='ltr'>per</span> <span class='ocrx_word' id='word_1_693' title='bbox 2687 3623 2850 3680; x_wconf 90' lang='lat' dir='ltr'>quam</span> <span class='ocrx_word' id='word_1_694' title='bbox 2882 3609 3069 3663; x_wconf 62' lang='lat' dir='ltr'>multae</span> <span class='ocrx_word' id='word_1_695' title='bbox 3098 3607 3346 3679; x_wconf 88' lang='lat' dir='ltr'>virgines</span> <span class='ocrx_word' id='word_1_696' title='bbox 3377 3616 3434 3664; x_wconf 88' lang='lat' dir='ltr'>et</span> <span class='ocrx_word' id='word_1_697' title='bbox 3462 3609 3771 3676; x_wconf 84' lang='lat' dir='ltr'>mediocres,</span> 
     </span>
    </p>
   </div>
   <div class='ocr_carea' id='block_1_97' title="bbox 2184 3697 3766 3770">
    <p class='ocr_par' dir='ltr' id='par_1_97' title="bbox 2184 3697 3766 3770">
     <span class='ocr_line' id='line_1_98' title="bbox 2184 3697 3766 3770; baseline 0 -17"><span class='ocrx_word' id='word_1_698' title='bbox 2184 3705 2238 3753; x_wconf 89' lang='lat' dir='ltr'>et</span> <span class='ocrx_word' id='word_1_699' title='bbox 2265 3697 2500 3763; x_wconf 90' lang='lat' dir='ltr'>nobiles,</span> <span class='ocrx_word' id='word_1_700' title='bbox 2531 3706 2584 3753; x_wconf 92' lang='lat' dir='ltr'>et</span> <span class='ocrx_word' id='word_1_701' title='bbox 2614 3697 2859 3752; x_wconf 91' lang='lat' dir='ltr'>illustres</span> <span class='ocrx_word' id='word_1_702' title='bbox 2896 3713 3049 3752; x_wconf 87' lang='lat' dir='ltr'>sacra</span> <span class='ocrx_word' id='word_1_703' title='bbox 3076 3697 3356 3751; x_wconf 88' lang='lat' dir='ltr'>velamina</span> <span class='ocrx_word' id='word_1_704' title='bbox 3402 3707 3766 3770; x_wconf 87' lang='lat' dir='ltr'>susceperunt.</span> 
     </span>
    </p>
   </div>
   <div class='ocr_carea' id='block_1_98' title="bbox 2183 3785 3766 3860">
    <p class='ocr_par' dir='ltr' id='par_1_98' title="bbox 2183 3785 3766 3860">
     <span class='ocr_line' id='line_1_99' title="bbox 2183 3785 3766 3860; baseline 0.001 -19"><span class='ocrx_word' id='word_1_705' title='bbox 2183 3787 2254 3841; x_wconf 91' lang='lat' dir='ltr'>Et</span> <span class='ocrx_word' id='word_1_706' title='bbox 2280 3785 2410 3858; x_wconf 90' lang='lat' dir='ltr'>quia</span> <span class='ocrx_word' id='word_1_707' title='bbox 2450 3785 2585 3841; x_wconf 88' lang='lat' dir='ltr'>ﬁdes</span> <span class='ocrx_word' id='word_1_708' title='bbox 2611 3787 2803 3842; x_wconf 90' lang='lat' dir='ltr'>mortis</span> <span class='ocrx_word' id='word_1_709' title='bbox 2839 3785 3038 3840; x_wconf 89' lang='lat' dir='ltr'>damna</span> <span class='ocrx_word' id='word_1_710' title='bbox 3075 3801 3187 3840; x_wconf 92' lang='lat' dir='ltr'>non</span> <span class='ocrx_word' id='word_1_711' title='bbox 3219 3785 3452 3857; x_wconf 89' lang='lat' dir='ltr'>patitur,</span> <span class='ocrx_word' id='word_1_712' title='bbox 3506 3804 3672 3860; x_wconf 73' lang='lat' dir='ltr'>usque</span> <span class='ocrx_word' id='word_1_713' title='bbox 3717 3788 3766 3842; x_wconf 87' lang='lat' dir='ltr'>in</span> 
     </span>
    </p>
   </div>
   <div class='ocr_carea' id='block_1_99' title="bbox 2183 3875 3764 3949">
    <p class='ocr_par' dir='ltr' id='par_1_99' title="bbox 2183 3875 3764 3949">
     <span class='ocr_line' id='line_1_100' title="bbox 2183 3875 3764 3949; baseline 0.001 -19"><span class='ocrx_word' id='word_1_714' title='bbox 2183 3875 2510 3931; x_wconf 90' lang='lat' dir='ltr'>hodiernum</span> <span class='ocrx_word' id='word_1_715' title='bbox 2556 3875 2702 3931; x_wconf 90' lang='lat' dir='ltr'>diem</span> <span class='ocrx_word' id='word_1_716' title='bbox 2773 3876 2960 3932; x_wconf 70' lang='lat' dir='ltr'>multae</span> <span class='ocrx_word' id='word_1_717' title='bbox 3025 3875 3267 3946; x_wconf 84' lang='lat' dir='ltr'>virgines</span> <span class='ocrx_word' id='word_1_718' title='bbox 3322 3876 3516 3932; x_wconf 70' lang='lat' dir='ltr'>Romae</span> <span class='ocrx_word' id='word_1_719' title='bbox 3575 3879 3764 3949; x_wconf 88' lang='lat' dir='ltr'>Agnem</span> 
     </span>
    </p>
   </div>
   <div class='ocr_carea' id='block_1_100' title="bbox 2182 3965 3760 4038">
    <p class='ocr_par' dir='ltr' id='par_1_100' title="bbox 2182 3965 3760 4038">
     <span class='ocr_line' id='line_1_101' title="bbox 2182 3965 3760 4038; baseline -0.001 -17"><span class='ocrx_word' id='word_1_720' title='bbox 2182 3965 2553 4021; x_wconf 91' lang='lat' dir='ltr'>beatissimam</span> <span class='ocrx_word' id='word_1_721' title='bbox 2583 3965 2737 4037; x_wconf 89' lang='lat' dir='ltr'>quasi</span> <span class='ocrx_word' id='word_1_722' title='bbox 2770 3965 2828 4020; x_wconf 93' lang='lat' dir='ltr'>in</span> <span class='ocrx_word' id='word_1_723' title='bbox 2873 3981 3100 4036; x_wconf 89' lang='lat' dir='ltr'>corpore</span> <span class='ocrx_word' id='word_1_724' title='bbox 3140 3973 3458 4021; x_wconf 90' lang='lat' dir='ltr'>manentem</span> <span class='ocrx_word' id='word_1_725' title='bbox 3485 3968 3760 4038; x_wconf 86' lang='lat' dir='ltr'>aspiciunt,</span> 
     </span>
    </p>
   </div>
   <div class='ocr_carea' id='block_1_101' title="bbox 2182 4054 3758 4128">
    <p class='ocr_par' dir='ltr' id='par_1_101' title="bbox 2182 4054 3758 4128">
     <span class='ocr_line' id='line_1_102' title="bbox 2182 4054 3758 4128; baseline 0.001 -17"><span class='ocrx_word' id='word_1_726' title='bbox 2182 4062 2236 4111; x_wconf 90' lang='lat' dir='ltr'>et</span> <span class='ocrx_word' id='word_1_727' title='bbox 2266 4054 2382 4126; x_wconf 87' lang='lat' dir='ltr'>ejus</span> <span class='ocrx_word' id='word_1_728' title='bbox 2427 4055 2747 4127; x_wconf 86' lang='lat' dir='ltr'>exemplum</span> <span class='ocrx_word' id='word_1_729' title='bbox 2779 4063 3018 4126; x_wconf 89' lang='lat' dir='ltr'>agentes,</span> <span class='ocrx_word' id='word_1_730' title='bbox 3051 4054 3292 4112; x_wconf 89' lang='lat' dir='ltr'>viriliter</span> <span class='ocrx_word' id='word_1_731' title='bbox 3319 4064 3378 4111; x_wconf 90' lang='lat' dir='ltr'>et</span> <span class='ocrx_word' id='word_1_732' title='bbox 3406 4056 3614 4127; x_wconf 89' lang='lat' dir='ltr'>integre</span> <span class='ocrx_word' id='word_1_733' title='bbox 3641 4073 3758 4128; x_wconf 87' lang='lat' dir='ltr'>per-</span> 
     </span>
    </p>
   </div>
   <div class='ocr_carea' id='block_1_102' title="bbox 2182 4143 3757 4218">
    <p class='ocr_par' dir='ltr' id='par_1_102' title="bbox 2182 4143 3757 4218">
     <span class='ocr_line' id='line_1_103' title="bbox 2182 4143 3757 4218; baseline 0.002 -18"><span class='ocrx_word' id='word_1_734' title='bbox 2182 4151 2454 4212; x_wconf 88' lang='lat' dir='ltr'>severant,</span> <span class='ocrx_word' id='word_1_735' title='bbox 2502 4143 2785 4200; x_wconf 90' lang='lat' dir='ltr'>credentes</span> <span class='ocrx_word' id='word_1_736' title='bbox 2829 4143 2948 4200; x_wconf 90' lang='lat' dir='ltr'>sine</span> <span class='ocrx_word' id='word_1_737' title='bbox 2991 4143 3163 4200; x_wconf 92' lang='lat' dir='ltr'>dubio</span> <span class='ocrx_word' id='word_1_738' title='bbox 3192 4145 3340 4217; x_wconf 91' lang='lat' dir='ltr'>quod</span> <span class='ocrx_word' id='word_1_739' title='bbox 3372 4154 3757 4218; x_wconf 79' lang='lat' dir='ltr'>perseverantes</span> 
     </span>
    </p>
   </div>
   <div class='ocr_carea' id='block_1_103' title="bbox 2181 4231 3350 4306">
    <p class='ocr_par' dir='ltr' id='par_1_103' title="bbox 2181 4231 3350 4306">
     <span class='ocr_line' id='line_1_104' title="bbox 2181 4231 3350 4306; baseline -0.002 -17"><span class='ocrx_word' id='word_1_740' title='bbox 2181 4241 2455 4306; x_wconf 82' lang='lat' dir='ltr'>perpetuae</span> <span class='ocrx_word' id='word_1_741' title='bbox 2492 4232 2739 4289; x_wconf 65' lang='lat' dir='ltr'>victoria:</span> <span class='ocrx_word' id='word_1_742' title='bbox 2768 4231 3005 4304; x_wconf 91' lang='lat' dir='ltr'>palmam</span> <span class='ocrx_word' id='word_1_743' title='bbox 3037 4233 3350 4304; x_wconf 89' lang='lat' dir='ltr'>acquirant.</span> 
     </span>
    </p>
   </div>
   <div class='ocr_carea' id='block_1_104' title="bbox 2255 4320 3751 4392">
    <p class='ocr_par' dir='ltr' id='par_1_104' title="bbox 2255 4320 3751 4392">
     <span class='ocr_line' id='line_1_105' title="bbox 2255 4320 3751 4392; baseline 0 -16"><span class='ocrx_word' id='word_1_744' title='bbox 2255 4323 2339 4378; x_wconf 90' lang='lat'>19.</span> <span class='ocrx_word' id='word_1_745' title='bbox 2388 4321 2513 4376; x_wconf 71' lang='lat' dir='ltr'>Haec</span> <span class='ocrx_word' id='word_1_746' title='bbox 2557 4337 2655 4392; x_wconf 90' lang='lat' dir='ltr'>ego</span> <span class='ocrx_word' id='word_1_747' title='bbox 2689 4320 3015 4377; x_wconf 90' lang='lat' dir='ltr'>Ambrosius</span> <span class='ocrx_word' id='word_1_748' title='bbox 3044 4337 3236 4377; x_wconf 91' lang='lat' dir='ltr'>servus</span> <span class='ocrx_word' id='word_1_749' title='bbox 3279 4320 3510 4390; x_wconf 88' lang='lat' dir='ltr'>Christi,</span> <span class='ocrx_word' id='word_1_750' title='bbox 3557 4322 3677 4378; x_wconf 89' lang='lat' dir='ltr'>dum</span> <span class='ocrx_word' id='word_1_751' title='bbox 3701 4322 3751 4377; x_wconf 90' lang='lat' dir='ltr'>in</span> 
     </span>
    </p>
   </div>
   <div class='ocr_carea' id='block_1_105' title="bbox 2183 4408 3752 4483">
    <p class='ocr_par' dir='ltr' id='par_1_105' title="bbox 2183 4408 3752 4483">
     <span class='ocr_line' id='line_1_106' title="bbox 2183 4408 3752 4483; baseline 0.001 -18"><span class='ocrx_word' id='word_1_752' title='bbox 2183 4409 2564 4465; x_wconf 90' lang='lat' dir='ltr'>voluminibus</span> <span class='ocrx_word' id='word_1_753' title='bbox 2591 4413 2741 4470; x_wconf 84' lang='lat'><strong>484</strong></span> <span class='ocrx_word' id='word_1_754' title='bbox 2765 4408 2966 4464; x_wconf 88' lang='lat' dir='ltr'>abditis</span> <span class='ocrx_word' id='word_1_755' title='bbox 2993 4409 3328 4465; x_wconf 88' lang='lat' dir='ltr'>invenissem</span> <span class='ocrx_word' id='word_1_756' title='bbox 3352 4410 3638 4483; x_wconf 87' lang='lat' dir='ltr'>descripta,</span> <span class='ocrx_word' id='word_1_757' title='bbox 3655 4428 3752 4467; x_wconf 90' lang='lat' dir='ltr'>non</span> 
     </span>
    </p>
   </div>
   <div class='ocr_carea' id='block_1_106' title="bbox 2184 4505 3753 4578">
    <p class='ocr_par' dir='ltr' id='par_1_106' title="bbox 2184 4505 3753 4578">
     <span class='ocr_line' id='line_1_107' title="bbox 2184 4505 3753 4578; baseline 0.003 -17"><span class='ocrx_word' id='word_1_758' title='bbox 2184 4523 2307 4562; x_wconf 91' lang='lat' dir='ltr'>sum</span> <span class='ocrx_word' id='word_1_759' title='bbox 2351 4522 2540 4578; x_wconf 91' lang='lat' dir='ltr'>passus</span> <span class='ocrx_word' id='word_1_760' title='bbox 2581 4506 2924 4563; x_wconf 89' lang='lat' dir='ltr'>infructuosa</span> <span class='ocrx_word' id='word_1_761' title='bbox 2969 4505 3192 4561; x_wconf 90' lang='lat' dir='ltr'>silentio</span> <span class='ocrx_word' id='word_1_762' title='bbox 3223 4506 3351 4578; x_wconf 91' lang='lat' dir='ltr'>tegi.</span> <span class='ocrx_word' id='word_1_763' title='bbox 3389 4507 3478 4563; x_wconf 88' lang='lat' dir='ltr'>Ad</span> <span class='ocrx_word' id='word_1_764' title='bbox 3515 4507 3753 4565; x_wconf 86' lang='lat' dir='ltr'>honorem</span> 
     </span>
    </p>
   </div>
   <div class='ocr_carea' id='block_1_107' title="bbox 2183 4595 3753 4669">
    <p class='ocr_par' dir='ltr' id='par_1_107' title="bbox 2183 4595 3753 4669">
     <span class='ocr_line' id='line_1_108' title="bbox 2183 4595 3753 4669; baseline 0.001 -18"><span class='ocrx_word' id='word_1_765' title='bbox 2183 4595 2351 4666; x_wconf 89' lang='lat' dir='ltr'>igitur</span> <span class='ocrx_word' id='word_1_766' title='bbox 2378 4603 2546 4652; x_wconf 60' lang='lat' dir='ltr'>tantae</span> <span class='ocrx_word' id='word_1_767' title='bbox 2576 4595 2842 4668; x_wconf 88' lang='lat' dir='ltr'>martyris</span> <span class='ocrx_word' id='word_1_768' title='bbox 2881 4595 3024 4651; x_wconf 89' lang='lat' dir='ltr'>sicut</span> <span class='ocrx_word' id='word_1_769' title='bbox 3053 4603 3203 4666; x_wconf 90' lang='lat' dir='ltr'>gesta</span> <span class='ocrx_word' id='word_1_770' title='bbox 3229 4596 3347 4667; x_wconf 90' lang='lat' dir='ltr'>ejus</span> <span class='ocrx_word' id='word_1_771' title='bbox 3384 4599 3598 4669; x_wconf 88' lang='lat' dir='ltr'>agnovi,</span> <span class='ocrx_word' id='word_1_772' title='bbox 3625 4615 3753 4654; x_wconf 81' lang='lat' dir='ltr'>con—</span> 
     </span>
    </p>
   </div>
   <div class='ocr_carea' id='block_1_108' title="bbox 2180 4685 3752 4761">
    <p class='ocr_par' dir='ltr' id='par_1_108' title="bbox 2180 4685 3752 4761">
     <span class='ocr_line' id='line_1_109' title="bbox 2180 4685 3752 4761; baseline 0.002 -20"><span class='ocrx_word' id='word_1_773' title='bbox 2180 4685 2406 4756; x_wconf 89' lang='lat' dir='ltr'>scripsi;</span> <span class='ocrx_word' id='word_1_774' title='bbox 2461 4693 2516 4741; x_wconf 89' lang='lat' dir='ltr'>et</span> <span class='ocrx_word' id='word_1_775' title='bbox 2568 4685 2634 4740; x_wconf 90' lang='lat' dir='ltr'>ad</span> <span class='ocrx_word' id='word_1_776' title='bbox 2680 4685 3102 4742; x_wconf 76' lang='lat' dir='ltr'>aedificationem</span> <span class='ocrx_word' id='word_1_777' title='bbox 3151 4694 3416 4754; x_wconf 88' lang='lat' dir='ltr'>vestram,</span> <span class='ocrx_word' id='word_1_778' title='bbox 3463 4705 3497 4742; x_wconf 91' lang='grc' dir='ltr'>ο</span> <span class='ocrx_word' id='word_1_779' title='bbox 3538 4688 3752 4761; x_wconf 85' lang='lat' dir='ltr'>virgines</span> 
     </span>
    </p>
   </div>
   <div class='ocr_carea' id='block_1_109' title="bbox 2179 4775 3747 4847">
    <p class='ocr_par' dir='ltr' id='par_1_109' title="bbox 2179 4775 3747 4847">
     <span class='ocr_line' id='line_1_110' title="bbox 2179 4775 3747 4847; baseline 0.001 -15"><span class='ocrx_word' id='word_1_780' title='bbox 2179 4775 2408 4843; x_wconf 90' lang='lat' dir='ltr'>Christi,</span> <span class='ocrx_word' id='word_1_781' title='bbox 2440 4782 2657 4832; x_wconf 90' lang='lat' dir='ltr'>textum</span> <span class='ocrx_word' id='word_1_782' title='bbox 2696 4776 2966 4847; x_wconf 89' lang='lat' dir='ltr'>passionis</span> <span class='ocrx_word' id='word_1_783' title='bbox 2985 4775 3105 4846; x_wconf 88' lang='lat' dir='ltr'>ejus</span> <span class='ocrx_word' id='word_1_784' title='bbox 3126 4775 3338 4832; x_wconf 89' lang='lat' dir='ltr'>credidi</span> <span class='ocrx_word' id='word_1_785' title='bbox 3363 4777 3747 4846; x_wconf 80' lang='lat' dir='ltr'>destinandum,</span> 
     </span>
    </p>
   </div>
   <div class='ocr_carea' id='block_1_110' title="bbox 2177 4864 3751 4936">
    <p class='ocr_par' dir='ltr' id='par_1_110' title="bbox 2177 4864 3751 4936">
     <span class='ocr_line' id='line_1_111' title="bbox 2177 4864 3751 4936; baseline 0.002 -15"><span class='ocrx_word' id='word_1_786' title='bbox 2177 4864 2464 4922; x_wconf 89' lang='lat' dir='ltr'>obsecrans</span> <span class='ocrx_word' id='word_1_787' title='bbox 2491 4865 2757 4922; x_wconf 88' lang='lat' dir='ltr'>virtutem</span> <span class='ocrx_word' id='word_1_788' title='bbox 2804 4866 3046 4936; x_wconf 88' lang='lat' dir='ltr'>Spiritus</span> <span class='ocrx_word' id='word_1_789' title='bbox 3089 4866 3289 4933; x_wconf 89' lang='lat' dir='ltr'>sancti,</span> <span class='ocrx_word' id='word_1_790' title='bbox 3322 4874 3382 4921; x_wconf 91' lang='lat' dir='ltr'>ut</span> <span class='ocrx_word' id='word_1_791' title='bbox 3414 4867 3563 4924; x_wconf 90' lang='lat' dir='ltr'>labor</span> <span class='ocrx_word' id='word_1_792' title='bbox 3587 4877 3751 4924; x_wconf 87' lang='lat' dir='ltr'>noster</span> 
     </span>
    </p>
   </div>
   <div class='ocr_carea' id='block_1_111' title="bbox 2174 4953 3743 5029">
    <p class='ocr_par' dir='ltr' id='par_1_111' title="bbox 2174 4953 3743 5029">
     <span class='ocr_line' id='line_1_112' title="bbox 2174 4953 3743 5029; baseline 0.003 -18"><span class='ocrx_word' id='word_1_793' title='bbox 2174 4955 2242 5011; x_wconf 88' lang='lat' dir='ltr'>ad</span> <span class='ocrx_word' id='word_1_794' title='bbox 2272 4963 2506 5012; x_wconf 87' lang='lat' dir='ltr'>vestram</span> <span class='ocrx_word' id='word_1_795' title='bbox 2547 4954 2919 5012; x_wconf 89' lang='lat' dir='ltr'>imitationem</span> <span class='ocrx_word' id='word_1_796' title='bbox 2951 4953 3194 5011; x_wconf 88' lang='lat' dir='ltr'>fructum</span> <span class='ocrx_word' id='word_1_797' title='bbox 3248 4954 3309 5010; x_wconf 92' lang='lat' dir='ltr'>in</span> <span class='ocrx_word' id='word_1_798' title='bbox 3333 4964 3622 5029; x_wconf 89' lang='lat' dir='ltr'>conspectu</span> <span class='ocrx_word' id='word_1_799' title='bbox 3661 4961 3743 5019; x_wconf 83' lang='lat' dir='ltr'>Dei</span> 
     </span>
    </p>
   </div>
   <div class='ocr_carea' id='block_1_112' title="bbox 2244 5163 3736 5247">
    <p class='ocr_par' dir='ltr' id='par_1_112' title="bbox 2244 5163 3736 5247">
     <span class='ocr_line' id='line_1_113' title="bbox 2244 5163 3736 5247; baseline -0.002 -24"><span class='ocrx_word' id='word_1_800' title='bbox 2244 5165 2678 5247; x_wconf 25' lang='lat' dir='ltr'>(17)llta_codex</span> <span class='ocrx_word' id='word_1_801' title='bbox 2707 5167 2921 5247; x_wconf 77' lang='lat' dir='ltr'>Noall.;</span> <span class='ocrx_word' id='word_1_802' title='bbox 2965 5163 3097 5247; x_wconf 73' lang='lat' dir='ltr'>edit.</span> <span class='ocrx_word' id='word_1_803' title='bbox 3131 5165 3736 5247; x_wconf 41' lang='lat' dir='ltr'>vero,mi§tanti‘busut-</span> 
     </span>
    </p>
   </div>
   <div class='ocr_carea' id='block_1_113' title="bbox 2168 5235 3734 5320">
    <p class='ocr_par' dir='ltr' id='par_1_113' title="bbox 2168 5235 3734 5320">
     <span class='ocr_line' id='line_1_114' title="bbox 2168 5235 3734 5320; baseline 0 -27"><span class='ocrx_word' id='word_1_804' title='bbox 2168 5235 2266 5320; x_wconf 71' lang='lat' dir='ltr'>gae</span> <span class='ocrx_word' id='word_1_805' title='bbox 2290 5235 2538 5320; x_wconf 59' lang='lat' dir='ltr'>privatis.</span> <span class='ocrx_word' id='word_1_806' title='bbox 2571 5239 2650 5293; x_wconf 88' lang='lat' dir='ltr'>De</span> <span class='ocrx_word' id='word_1_807' title='bbox 2684 5239 2944 5320; x_wconf 83' lang='lat' dir='ltr'>quo_l_oco</span> <span class='ocrx_word' id='word_1_808' title='bbox 2975 5235 3177 5292; x_wconf 85' lang='lat' dir='ltr'>videsis</span> <span class='ocrx_word' id='word_1_809' title='bbox 3207 5245 3367 5293; x_wconf 79' lang='lat' dir='ltr'>notas</span> <span class='ocrx_word' id='word_1_810' title='bbox 3391 5236 3734 5295; x_wconf 88' lang='lat' dir='ltr'>Casauboniin</span> 
     </span>
    </p>
   </div>
   <div class='ocr_carea' id='block_1_114' title="bbox 2168 5308 3730 5448">
    <p class='ocr_par' dir='ltr' id='par_1_114' title="bbox 2168 5308 3730 5448">
     <span class='ocr_line' id='line_1_115' title="bbox 2168 5308 3566 5435; baseline -0.005 -70"><span class='ocrx_word' id='word_1_811' title='bbox 2168 5308 2570 5435; x_wconf 55' lang='lat' dir='ltr'>Lampridium,</span> <span class='ocrx_word' id='word_1_812' title='bbox 2594 5308 2716 5380; x_wconf 84' lang='lat' dir='ltr'>pag.</span> <span class='ocrx_word' id='word_1_813' title='bbox 2761 5308 2900 5389; x_wconf 38' lang='lat'>17.4..</span> <span class='ocrx_word' id='word_1_814' title='bbox 3556 5381 3566 5389; x_wconf 74' lang='lat'><em>_</em></span> 
     </span>
     <span class='ocr_line' id='line_1_116' title="bbox 2241 5380 3730 5448; baseline -0.001 -12"><span class='ocrx_word' id='word_1_815' title='bbox 2241 5381 2290 5448; x_wconf 95' lang='lat'>(1</span> <span class='ocrx_word' id='word_1_816' title='bbox 2336 5381 2354 5448; x_wconf 89' lang='lat'><strong>)</strong></span> <span class='ocrx_word' id='word_1_817' title='bbox 2385 5380 2560 5444; x_wconf 88' lang='lat' dir='ltr'>Edit.,</span> <span class='ocrx_word' id='word_1_818' title='bbox 2596 5381 2669 5435; x_wconf 90' lang='lat' dir='ltr'>Et</span> <span class='ocrx_word' id='word_1_819' title='bbox 2688 5380 2788 5434; x_wconf 75' lang='lat' dir='ltr'>sibi</span> <span class='ocrx_word' id='word_1_820' title='bbox 2815 5381 2926 5434; x_wconf 74' lang='lat' dir='ltr'>tllzc</span> <span class='ocrx_word' id='word_1_821' title='bbox 2954 5381 3281 5434; x_wconf 81' lang='lat' dir='ltr'>mausoleum</span> <span class='ocrx_word' id='word_1_822' title='bbox 3319 5380 3580 5434; x_wconf 72' lang='lat' dir='ltr'>collocari.</span> <span class='ocrx_word' id='word_1_823' title='bbox 3613 5380 3730 5436; x_wconf 84' lang='lat' dir='ltr'>Con-</span> 
     </span>
    </p>
   </div>
   <div class='ocr_carea' id='block_1_115' title="bbox 2166 5449 3655 5524">
    <p class='ocr_par' dir='ltr' id='par_1_115' title="bbox 2166 5449 3655 5524">
     <span class='ocr_line' id='line_1_117' title="bbox 2166 5449 3655 5524; baseline -0.001 -16"><span class='ocrx_word' id='word_1_824' title='bbox 2166 5452 2284 5508; x_wconf 88' lang='lat' dir='ltr'>sule</span> <span class='ocrx_word' id='word_1_825' title='bbox 2307 5452 2446 5509; x_wconf 86' lang='lat' dir='ltr'>Acta</span> <span class='ocrx_word' id='word_1_826' title='bbox 2473 5451 2678 5507; x_wconf 89' lang='lat' dir='ltr'>Liberii</span> <span class='ocrx_word' id='word_1_827' title='bbox 2709 5451 2768 5508; x_wconf 92' lang='lat' dir='ltr'>in</span> <span class='ocrx_word' id='word_1_828' title='bbox 2797 5449 3064 5507; x_wconf 89' lang='lat' dir='ltr'>Conciliis</span> <span class='ocrx_word' id='word_1_829' title='bbox 3091 5450 3238 5506; x_wconf 79' lang='lat' dir='ltr'>Phil.</span> <span class='ocrx_word' id='word_1_830' title='bbox 3269 5449 3479 5520; x_wconf 64' lang='lat' dir='ltr'>Labai,</span> <span class='ocrx_word' id='word_1_831' title='bbox 3510 5450 3655 5524; x_wconf 86' lang='lat' dir='ltr'>p.37.</span> 
     </span>
    </p>
   </div>
  </div>
