3880 6198
103 217 227 277 821

110 344 328 401 valeat
387 344 675 418 invenire,
721 347 812 405 cui
866 347 1047 409 honor
1108 358 1164 410 et
1208 352 1384 425 gloria
1432 353 1491 409 in
1534 356 1753 426 saecula,

112 448 306 490 amen
339 434 486 511 (19).

555 581 899 640 EPISTOLA
926 584 966 639 ll
999 584 1180 657 (Alias
1207 586 1376 661 LIII).

127 683 287 740 Cum
325 687 576 765 beneﬁcia
600 694 701 748 Dei
730 697 940 764 tegenda
970 714 1075 751 non
1103 698 1231 764 sint,
1258 698 1508 753 visionem
1534 706 1750 765 narrat,

207 773 341 826 qua
373 762 474 836 sibi
483 780 580 836 per
597 762 1063 836 Quadragesimam
1086 762 1368 824 Gervasius
1386 788 1447 824 ac
1466 762 1753 826 Protasius

200 833 387 885 semel
434 839 481 886 et
521 835 733 901 iterum,
781 833 940 893 tertia
979 847 1152 893 autem
1197 841 1305 895 vice
1352 843 1509 897 etiam
1547 844 1753 897 Paulus

200 911 582 983 apparuerat,
599 913 660 960 ut
674 908 748 961 eis
756 916 878 979 post
900 911 1211 983 eahumatas
1232 912 1468 981 ipsorum
1496 913 1752 983 reliquias

198 972 444 1053 ecclesia
471 972 883 1053 construerétur,
936 981 1223 1052 imperans.
1247 972 1423 1038 .Addit
1459 972 1751 1039 convocatis

198 1046 546 1125 coepiscopis
570 1047 784 1105 inventa
814 1046 919 1106 esse
936 1046 1237 1107 sanctorum
1258 1070 1504 1125 corpora,
1525 1072 1748 1126 quorum

196 1128 639 1186 conversionem,
686 1137 856 1176 necem
907 1140 970 1177 ac
1022 1125 1351 1186 sepulturam
1388 1143 1453 1181 ea:
1508 1125 1752 1182 schedula

197 1182 333 1269 iure
368 1186 569 1269 detecta
592 1182 1012 1269 rapi-eoum:
1049 1182 1237 1252 νιιαιίε
1263 1213 1325 1251 ac
1361 1197 1584 1255 Valeriae
1608 1214 1748 1253 mar-

199 1260 429 1325 tyrium
451 1260 609 1315 etiam
639 1263 915 1321 inseritur.

115 1380 745 1467 Annnosrus__servus_
777 1391 984 1467 Christi
1053 1393 1337 1467 fratribus,
1380 1410 1477 1467 per
1530 1413 1750 1454 omnem

390 1457 607 1514 Italiam
630 1460 690 1516 in
713 1463 951 1520 Domino
982 1474 1239 1522 aeternam
1266 1457 1518 1525 salutem.

202 1561 261 1617 1.
295 1563 368 1618 In
398 1565 610 1624 divinis
640 1571 1021 1630 voluminibus
1062 1592 1187 1631 reus
1238 1576 1627 1646 subscribitur,
1655 1577 1750 1650 qui

117 1664 240 1705 non
307 1652 599 1712 studuerit
626 1658 755 1716 dare
785 1662 954 1734 gratis
983 1663 1131 1737 quod
1161 1664 1277 1736 ipse
1316 1665 1486 1737 gratis
1514 1666 1745 1738 accepit;

124 1739 429 1813 quidquid
485 1745 632 1801 enim
676 1749 937 1806 Ecclesia:
973 1752 1198 1808 Domini
1226 1754 1577 1825 profuturum
1607 1762 1744 1823 erat,

119 1826 497 1888 subtraxisse
526 1836 794 1906 arguitur,
825 1855 950 1894 cum
982 1841 1222 1898 noluerit
1245 1842 1459 1898 tradere
1488 1842 1747 1899 omnibus

123 1918 282 1989 quod
302 1920 434 1992 ipse
454 1939 565 1979 non
585 1926 872 1983 celandum
901 1931 1192 2003 acceperit.
1228 1932 1382 1989 Unde
1404 1933 1745 2004 Psalmogra-

120 2006 277 2079 phus
310 2019 477 2067 vates
509 2013 657 2071 canit
690 2033 701 2071 :
763 2040 782 2064 ι
827 2018 1107 2075 Justitiam
1155 2029 1306 2076 tuam
1334 2038 1445 2077 non
1484 2020 1747 2078 abscondi

126 2094 187 2152 in
240 2100 427 2157 corde
474 2119 644 2159 meo:
694 2106 979 2165 veritatem
1026 2117 1177 2167 tuam
1227 2120 1281 2167 et
1323 2114 1559 2170 salutare
1590 2122 1745 2170 tuum

119 2186 271 2243 dixi.
313 2190 449 2245 Non
500 2192 674 2248 celavi
725 2196 1158 2255 misericordiam
1192 2208 1345 2257 tuam
1402 2201 1460 2257 in
1505 2203 1747 2259 concilio

124 2277 457 2333 multorum
496 2279 669 2351 (Psat.
719 2300 920 2353 χχχιχ,
956 2286 1067 2359 11).
1119 2311 1139 2335 ι
1205 2289 1278 2345 Ει
1307 2305 1407 2361 pro
1452 2290 1557 2348 hoc
1584 2307 1747 2363 opere

125 2366 291 2438 quasi
317 2367 771 2428 vicissitudinem
806 2390 837 2428 a
869 2375 982 2431 Deo
1010 2377 1293 2448 postulans
1319 2377 1521 2450 adjecit
1552 2397 1565 2435 :
1616 2404 1634 2427 ι
1664 2380 1747 2436 Τιι

128 2462 349 2522 autem,
381 2459 643 2527 Domine,
704 2477 772 2517 ne
801 2462 1020 2535 elonges
1060 2466 1492 2524 misericordiam
1532 2475 1684 2524 tuam
1713 2485 1746 2524 a

131 2561 220 2601 me
253 2546 434 2618 (Ibid.
477 2547 592 2620 l2).
625 2574 642 2598 ι
685 2550 853 2618 Quasi
882 2552 1092 2612 diceret
1119 2559 1232 2613 Deo
1266 2576 1277 2613 :
1311 2557 1454 2614 sicut
1491 2574 1590 2631 ego
1639 2559 1744 2617 feci

131 2633 273 2691 alios
307 2635 754 2694 misericordiam
780 2640 1050 2712 invenire,
1075 2644 1151 2700 ita
1165 2652 1220 2700 et
1248 2645 1364 2718 ipse
1392 2663 1504 2703 non
1520 2647 1746 2720 patiaris

138 2722 302 2796 longe
353 2723 483 2780 ﬁeri
544 2726 946 2786 misericordias
998 2740 1119 2789 tuas
1164 2750 1198 2789 a
1251 2751 1358 2790 me.
1414 2736 1743 2808 Aperiamus

138 2828 267 2884 ergo
297 2830 405 2869 cur
447 2814 558 2870 ista
599 2819 987 2888 praemisimus,
1030 2831 1084 2878 et
1130 2831 1342 2880 vestros
1390 2825 1607 2881 animos
1648 2826 1744 2898 qui

137 2901 223 2972 pie
260 2902 330 2958 de
362 2904 610 2960 Domino
659 2908 876 2965 sentitis
912 2916 967 2964 et
1010 2910 1255 2980 creditis,
1300 2912 1369 2969 de
1422 2913 1743 2971 inventione

136 2998 457 3048 sanctorum
490 3010 787 3067 corporum
812 2996 881 3052 ad
920 2998 1170 3055 laetitiam
1200 3000 1522 3057 invitemus.

1042 224 1407 283 EPISTOLIE
1446 226 1547 283 EX
1584 226 2056 286 AMBROSIANIS
2092 228 2556 290 SEGREGATAS.

3346 235 3457 297 822
3514 216 3517 219 “

1782 359 1835 419 Α
1868 389 2080 437 tantum
2108 390 2172 438 ut
2209 383 2324 456 ipse
2349 401 2588 455 mecum,
2620 388 2735 446 illis
2768 390 3104 460 tacentibus,
3136 393 3453 466 loqueretur

1861 471 2085 528 dicens:
2119 473 2211 528 lsti
2241 481 2371 529 sunt
2408 476 2526 547 qui,
2558 477 2770 535 monita
2795 496 2915 538 mea
2950 480 3147 550 secuti,
3176 483 3381 554 praedia
3399 491 3467 539 et

1860 559 2090 617 divitias
2126 571 2461 633 respuentes,
2493 567 2667 622 secuti
2699 576 2828 625 sunt
2858 571 3083 626 Domini
3123 572 3297 626 nostri
3324 572 3453 628 Jesu

1863 648 2071 707 Christi
2103 650 2352 723 vestigia,
2397 652 2542 709 nihil
2590 662 2893 725 terrenum,
2933 658 3186 730 nihilque
3233 662 3453 717 carnale

1860 738 2331 809 concupiscentes,
2356 738 2412 794 in
2434 741 2617 797 media
2646 743 2748 800 hac
2776 745 3168 802 Mediolanensi
3198 748 3335 804 urbe
3358 767 3452 821 per

1861 826 2048 883 decem
2099 843 2273 884 annos
2328 829 2386 884 in
2432 830 2532 885 Dei
2564 831 2795 888 servitio
2836 835 3215 905 perdurantes,
3247 840 3315 894 ad
3344 839 3453 895 hoc

1860 917 2169 988 pertingere
2217 926 2557 987 meruerunt,
2599 927 2663 975 ut
2705 920 2911 977 Christi
2962 932 3229 996 martyres
3276 927 3450 983 eﬂice-

1862 1013 2074 1060 rentur.
2125 1006 2367 1072 Quorum
2413 1024 2643 1079 corpora
2686 1010 2746 1064 in
2776 1010 2968 1066 eodem
3009 1013 3132 1068 loco
3177 1014 3447 1083 invenies,

1860 1092 1919 1147 in
1964 1101 2223 1165 quostas
2272 1103 2325 1151 et
2362 1111 2505 1152 oras.
2557 1097 2861 1155 Duodecim
2902 1100 3101 1172 pedum
3149 1103 3449 1161 altitudine

1860 1191 2006 1239 terra
2040 1193 2351 1256 coopertam
2394 1201 2575 1244 arcam
2626 1188 2895 1258 invenies,
2937 1207 3100 1264 quam
3144 1208 3325 1249 arcam
3357 1211 3450 1251 su-

1860 1273 2047 1344 perius
2076 1275 2368 1345 exaltabis,
2398 1284 2453 1332 et
2478 1276 2535 1331 in
2565 1280 2791 1335 nomine
2819 1296 3009 1336 eorum
3044 1283 3330 1339 ecclesiam
3361 1285 3448 1340 fa-

1857 1360 2119 1419 bricabis.
2152 1364 2401 1438 Cumque
2428 1364 2496 1422 ab
2525 1383 2590 1422 eo
2619 1384 2810 1424 eorum
2832 1370 3060 1426 nomina
3090 1374 3447 1444 requirerem,

1859 1453 2007 1509 dixit
2043 1454 2222 1511 mihi:
2254 1456 2341 1512 Ad
2365 1464 2529 1529 caput
2559 1474 2748 1514 eorum
2781 1459 3031 1516 libellum
3070 1463 3335 1535 scriptum
3368 1465 3449 1521 in-

1859 1542 2070 1611 venies,
2106 1543 2165 1598 in
2184 1560 2293 1617 quo
2322 1554 2376 1601 et
2400 1553 2554 1603 ortus
2582 1563 2794 1616 eorum,
2826 1555 2881 1603 et
2924 1548 3052 1605 ﬁnis
3079 1553 3316 1624 scriptus
3344 1561 3446 1610 est.

1929 1631 1983 1687 5.
2017 1632 2340 1690 Convocans
2362 1628 2560 1708 itaque
2584 1653 2775 1693 omnes
2804 1653 2901 1709 per
2925 1638 3222 1696 circuitum
3255 1642 3449 1698 fratres

1779 1712 1826 1773 B
1856 1728 1911 1776 et
1947 1721 2233 1793 episcopos
2276 1723 2499 1779 urbium
2548 1725 2880 1793 vicinarum,
2922 1727 3164 1783 referens
3191 1729 3452 1785 universa

1854 1825 1977 1883 quas
2036 1810 2281 1866 videram
2309 1853 2326 1880 ,
2396 1828 2625 1885 quaeque
2675 1813 2956 1870 audieram
2983 1857 2999 1883 ,
3073 1817 3209 1887 ipsis
3264 1833 3448 1874 coram

1855 1897 2075 1969 positis,
2124 1897 2336 1971 primus
2381 1914 2480 1972 ego
2530 1908 2687 1956 terra:
2735 1900 2913 1956 fossor
2949 1902 3151 1959 accessi
3203 1921 3215 1959 :
3262 1905 3450 1960 οδςιθτὶ

1854 2001 1987 2042 vero
2030 1987 2272 2060 episcOpi
2316 1988 2615 2060 prosecuti,
2654 1988 2929 2047 fodientes
2979 1991 3337 2064 pervenimus
3377 1994 3447 2050 ad

1854 2092 2056 2145 arcam,
2107 2092 2272 2149 quam
2328 2085 2552 2133 sanctus
2597 2079 2923 2151 promiserat
2984 2081 3232 2138 Paulus:
3283 2098 3446 2155 quam

1854 2166 2178 2237 aperientes,
2230 2167 2545 2224 invenimus
2594 2168 2748 2241 quasi
2797 2169 2857 2225 in
2899 2170 3020 2242 ipsa
3055 2169 3192 2227 hora
3242 2172 3450 2245 positos

1852 2258 2000 2316 485
2052 2272 2292 2332 sanctos,
2346 2265 2488 2321 miro
2528 2266 2696 2323 odore
2750 2267 3072 2340 fragrantes.
3104 2268 3191 2325 Ad
3254 2285 3446 2327 eorum

1852 2360 2019 2422 caput
2061 2351 2312 2407 libellum
2351 2353 2691 2423 invenimus,
2729 2355 2788 2411 in
2826 2373 2936 2430 quo
2983 2366 3140 2414 erant
3185 2357 3303 2415 haec
3353 2374 3449 2431 per

1853 2438 2101 2494 ordinem
2133 2440 2393 2497 universa
2422 2444 2733 2514 conscripta
2767 2460 2779 2498 :

1923 2527 1977 2583 6.
2022 2529 2138 2600 Ego
2180 2544 2375 2585 servus
2413 2528 2621 2586 Christi
2674 2530 2963 2603 Philippus
3024 2532 3171 2588 intra
3215 2534 3444 2590 domum

1852 2631 2029 2672 meam
2077 2624 2390 2673 sanctorum
2443 2634 2694 2690 corpora,
2739 2636 2861 2691 quae
2889 2636 3014 2675 cum
3046 2620 3163 2676 ﬁlio
3207 2637 3328 2677 meo
3364 2638 3447 2677 ra-

1852 2705 1969 2777 pui,
2002 2707 2253 2778 sepelivi.
2287 2707 2532 2775 Quorum
2557 2715 2730 2763 mater
2743 2708 2964 2765 Valeria
2984 2716 3038 2766 et
3069 2717 3222 2781 pater
3244 2710 3446 2768 Vitalis

1851 2802 1982 2851 sunt
2027 2795 2163 2853 dicti
2213 2815 2226 2853 :
2278 2813 2414 2870 quos
2469 2814 2582 2853 uno
2623 2804 2749 2853 ortu
2789 2798 3045 2870 geminos
3083 2814 3340 2870 genuere,
3389 2807 3446 2856 et

1851 2897 2025 2939 unum
2082 2884 2390 2941 Protasium
2414 2928 2429 2953 ,
2496 2886 2731 2943 alterum
2802 2885 3126 2942 Gervasium
3198 2902 3446 2943 vocave-

1850 2982 1982 3029 runt
2022 2973 2161 3045 (2i).

204 3078 257 3135 2.
288 3081 353 3136 In
394 3055 609 3138 diebus.
641 3082 826 3157 itaque
870 3093 1158 3144 transacta
1206 3055 1384 3161 nuper
1418 3055 1742 3164 Quadrage-
1774 3055 1819 3117 θ
1862 3162 1874 3164 _
1918 3073 1977 3164 ‘7-
2019 3073 2263 3164 Quom")
2309 3072 2694 3164 Pilteivltalis
2740 3074 2901 3131 miles
2945 3075 3274 3145 consularis,
3307 3093 3439 3135 cum

133 3165 306 3237 simae,
356 3187 489 3227 cum
524 3172 795 3229 Dominus
823 3174 1079 3231 donasset
1112 3176 1252 3233 mihi
1281 3186 1343 3234 ut
1364 3178 1740 3251 jejunantium

137 3266 189 3313 et
215 3261 503 3316 orantium
521 3262 732 3335 (20)me
762 3264 965 3322 faceret
995 3282 1110 3323 esse
1135 3269 1484 3342 participem,
1517 3269 1577 3325 in
1609 3286 1742 3326 ora-

137 3346 285 3403 tione
321 3351 574 3422 positum
620 3352 699 3408 ita
726 3369 811 3409 me
848 3371 1077 3411 somnus
1098 3360 1389 3428 oppressit,
1423 3365 1484 3414 ut
1513 3374 1615 3416 nec
1643 3359 1740 3414 vi-

140 3436 313 3507 gilans
345 3448 563 3513 aperte,
581 3457 683 3498 nec
710 3442 991 3501 dormiens
1019 3445 1252 3519 integre,
1274 3446 1519 3503 viderem
1539 3446 1740 3520 apertis

137 3526 311 3583 oculis
339 3545 567 3585 mecum
596 3529 735 3588 duos
766 3530 1002 3603 juvenes
1037 3533 1280 3606 ephebos
1321 3535 1568 3592 vestibus
1615 3551 1738 3592 can-

139 3614 460 3693 didissimis,
514 3620 572 3677 id
602 3630 705 3692 est,
740 3622 961 3681 colobia
993 3634 1047 3681 et
1090 3625 1262 3698 pallio
1306 3626 1554 3696 indutos,
1607 3627 1739 3685 cali-

142 3705 278 3775 gulis
305 3709 606 3780 calceatus,
636 3712 893 3769 manibus
938 3714 1182 3770 extensis
1229 3723 1471 3771 orantes.
1517 3717 1737 3773 Nullam

144 3794 359 3866 quidem
392 3800 753 3872 gravedinem
776 3803 1013 3874 patiens,
1036 3805 1187 3878 loqui
1216 3820 1343 3861 cum
1366 3806 1445 3861 eis
1465 3822 1576 3861 non
1588 3814 1735 3878 pote-

144 3897 253 3938 ram
287 3903 299 3940 :
332 3887 428 3943 sed
456 3888 613 3962 quia,
642 3896 705 3945 ut
730 3889 873 3960 dixi,
902 3907 1027 3963 pars
1057 3893 1114 3947 in
1139 3909 1226 3949 me
1252 3894 1433 3949 somni
1456 3893 1736 3950 incumbe-

144 3969 251 4040 bat,
298 3991 418 4048 qua:
468 3994 563 4034 me
616 3978 684 4034 ad
730 3995 919 4036 eorum
963 3981 1453 4055 interrogationem
1498 3982 1733 4039 verbum

149 4062 380 4130 proferre
409 4083 527 4123 non
557 4068 779 4125 sineret.
831 4070 998 4126 Plene
1036 4080 1217 4128 autem
1281 4072 1567 4145 evigilanti
1595 4071 1738 4129 visio

150 4170 329 4213 eorum
363 4160 431 4217 ab
462 4161 647 4218 oculis
677 4164 815 4220 meis
840 4165 1024 4237 elapsa
1051 4172 1153 4221 est.

216 4243 266 4299 3.
295 4246 525 4307 Factum
557 4259 639 4307 est
667 4252 897 4324 proinde
944 4262 1007 4309 ut
1050 4271 1293 4327 rogarem
1323 4254 1547 4311 Domini
1578 4253 1737 4313 mise-

154 4331 458 4408 ricordiam,
494 4348 563 4396 ut
602 4341 648 4397 si
680 4340 986 4399 ludiﬁcatio
1010 4342 1324 4399 dmmonum
1359 4352 1521 4411 esset,
1550 4343 1735 4401 absce-

1850 3161 2044 3217 fuisset
2072 3178 2198 3218 cum
2229 3161 2462 3218 Paulino
2472 3161 2659 3234 judice
2678 3179 2779 3219 suo
2807 3164 3121 3220 Ravennam
3145 3164 3440 3236 ingressus,

1849 3257 1903 3305 et
1931 3250 2182 3322 cmpisset
2227 3250 2491 3307 Paulinus
2537 3250 2871 3307 christianos
2910 3251 2978 3307 ad
3018 3251 3441 3311 sacriﬁcandum

1850 3340 2150 3412 requirere,
2183 3339 2400 3396 oblatus
2427 3348 2509 3397 est
2523 3340 2574 3396 ei
2604 3339 2827 3413 quidam
2853 3339 3202 3397 Christianus
3216 3343 3444 3399 nomine

1850 3427 2152 3495 Ursicinus,
2182 3435 2297 3484 arte
2325 3428 2593 3496 medicus,
2625 3428 2849 3484 natione
2882 3428 3067 3501 Ligur.
3105 3429 3441 3502 Tuucjussit

1849 3532 1974 3572 eum
2004 3516 2269 3573 Paulinus
2313 3517 2373 3573 in
2420 3526 2719 3589 conspectu
2763 3533 2863 3573 suo
2905 3519 3174 3591 torqueri,
3202 3517 3436 3577 dicens:

1847 3604 2126 3675 Sacriﬁca,
2176 3605 2445 3674 Ursicino,
2487 3605 2595 3662 diis
2650 3604 3077 3662 immortalibus.
3127 3607 3228 3663 Ille
3256 3616 3440 3665 autem

1848 3701 2201 3772 respondens,
2240 3700 2389 3757 dixit
2434 3700 2504 3757 ad
2548 3716 2713 3756 eum:
2747 3701 2868 3758 Non
2898 3700 3217 3759 sacriﬁcabo
3258 3702 3441 3760 surdis

1846 3798 1901 3846 et
1930 3791 2122 3861 mutis,
2151 3791 2246 3848 sed
2275 3791 2597 3849 sacriﬁcabo
2625 3793 2865 3848 Domino
2895 3808 3018 3849 meo
3047 3793 3175 3849 Iesu
3195 3792 3436 3849 Christo.

1845 3880 1918 3937 Et
1970 3898 2096 3939 cum
2151 3881 2379 3939 vidisset
2436 3882 2583 3955 quod
2632 3898 2757 3937 eum
2819 3889 3030 3938 mutare
3094 3898 3206 3939 non
3258 3890 3440 3955 posset

1846 3972 2207 4028 aconstantia
2225 3988 2342 4039 sua,
2378 3980 2500 4045 post
2530 3972 2704 4028 nimia
2750 3980 3046 4041 tormenta,
3086 3973 3252 4045 jussit
3308 3990 3438 4030 eum

1846 4062 2134 4133 capitalem
2158 4062 2344 4118 subire
2373 4062 2721 4117 sententiam.
2754 4061 2931 4119 Locus
2968 4070 3151 4120 autem
3194 4063 3311 4133 ille,
3341 4063 3437 4121 ubi

1846 4151 2263 4209 decollabantur
2300 4150 2625 4221 Christiani,
2669 4151 2776 4210 hoc
2806 4152 3041 4210 habebat
3083 4154 3436 4224 vocabulum,

1847 4248 1909 4297 ut
1956 4240 2261 4309 diceretur,
2321 4240 2391 4297 ad
2441 4240 2705 4299 Palmam.
2771 4242 2951 4299 Arbor
2999 4242 3147 4299 enim
3212 4243 3439 4318 antiqua

1845 4333 2040 4405 palmae
2072 4332 2189 4389 illic
2208 4340 2342 4389 erat.

154 4420 295 4484 deret
326 4446 337 4483 :
370 4429 418 4485 si
448 4447 584 4487 vero
624 4440 766 4488 esset
796 4433 1021 4502 veritas,
1062 4433 1286 4505 plenius
1313 4409 1615 4506 appareret.
1648 4432 1735 4489 Ad
1764 4409 1813 4469 D
1913 4432 1969 4488 8.
2011 4430 2185 4504 Igitur
2211 4448 2359 4503 cum,
2390 4439 2453 4489 ut
2495 4431 2764 4502 diximus,
2795 4440 2919 4506 post
2948 4432 3125 4489 nimia
3156 4439 3434 4489 tormenta

155 4508 550 4584 impetrandum
593 4538 724 4578 vero
769 4539 890 4596 quae
936 4521 1223 4595 poscebam
1279 4518 1311 4578 a
1353 4521 1591 4579 Domino
1643 4539 1734 4578 au-

160 4608 421 4669 gmentavi
447 4609 762 4681 jejunium:
795 4612 1076 4685 similique
1106 4612 1288 4681 modo,
1320 4621 1548 4670 canente
1569 4613 1733 4685 gallo,

160 4702 362 4751 orantes
382 4714 593 4757 mecum
622 4701 787 4758 iidem
814 4702 1047 4773 juvenes
1068 4712 1458 4775 apparuerunt.

224 4778 273 4836 li.
302 4785 364 4839 In
400 4790 561 4846 tertia
589 4807 720 4848 vero
749 4802 927 4860 nocte,
969 4791 1183 4849 defecto
1212 4791 1443 4865 jejuniis
1484 4807 1733 4864 corpore,

163 4880 263 4923 non
307 4872 626 4949 dormienti,
680 4880 777 4938 sed
831 4880 1097 4953 stupenti,
1143 4897 1268 4937 cuin
1317 4880 1551 4953 quadam
1595 4879 1734 4935 mihi

162 4959 312 5043 tertia
356 4980 651 5038 apparuere
698 4987 950 5043 persona,
1002 4987 1122 5042 quae
1172 4969 1373 5026 similis
1415 4976 1532 5025 erat
1576 4967 1736 5023 beato

166 5039 321 5103 Paulo
335 5056 597 5129 apostolo,
610 5039 771 5131 cujus
795 5075 879 5115 me
908 5039 1122 5115 vultum
1142 5058 1356 5132 pictura
1383 5056 1736 5125 docuerat,in

233 5187 342 5273 “9)
389 5197 605 5273 Eaedem
633 5201 791 5267 edit.,
825 5203 1101 5257 obsecrans
1146 5201 1453 5273 charitatem
1503 5200 1736 5273 Spiritus

168 5268 340 5335 ξαηιέιὶ,
382 5274 439 5321 ut
469 5271 619 5326 labor
646 5279 825 5328 noster
850 5273 909 5328 in
949 5279 1127 5329 vestra
1168 5271 1463 5328 imitatione
1500 5268 1737 5343 fructum

169 5343 219 5379 ιη
254 5346 510 5411 conspectu
554 5344 773 5399 Domini
813 5346 985 5400 valeat
1023 5343 1279 5411 invenire,
1308 5361 1459 5400 amen
1491 5361 1504 5400 :
1562 5342 1736 5400 codex

174 5411 292 5472 vero
318 5406 490 5466 Noall.
522 5424 583 5471 ut
615 5432 716 5470 nos
744 5414 803 5469 in
836 5421 1013 5472 textu.

235 5470 347 5617 £20;
374 5479 532 5539 Deest
557 5485 615 5542 in
641 5487 798 5543 Rom.
832 5470 1066 5553 edit.,ﬁet
1093 5485 1383 5544 orantium.

259 5541 320 5600 21
378 5549 531 5611 Rom.
560 5557 721 5617 edit.,
751 5566 1084 5617 vocaverunt.
1128 5575 1346 5617 eumque

259 5541 347 5617 21)
378 5549 531 5611 Rom.
560 5541 721 5627 edit.,
751 5541 1346 5631 vocaveruntpeumqrue
1372 5541 1456 5617 ab
1494 5558 1735 5616 intestato

1844 4519 2201 4578 decollandus
2231 4522 2476 4579 venisset
2508 4532 2730 4580 sanctus
2760 4522 3047 4580 Ursicinus
3074 4520 3143 4577 ad
3167 4521 3433 4589 Palmam,

1843 4611 2069 4683 expavit
2100 4629 2111 4666 :
2141 4619 2196 4667 et
2219 4612 2351 4668 dum
2382 4612 2551 4668 vellet
2579 4613 2721 4667 male
2749 4610 2997 4678 evadere,
3030 4610 3433 4668 exclamavitS.

1842 4699 2045 4758 Vitalis
2089 4701 2319 4758 dicens:
2367 4700 2527 4767 Noli,
2569 4700 2705 4768 noli,
2751 4699 3000 4756 Ursicino
3052 4696 3285 4766 medice,
3339 4699 3435 4771 qui

1843 4790 1981 4846 alios
2027 4806 2218 4848 curare
2270 4787 2630 4853 consuevisti,
2683 4794 2735 4843 te
2783 4787 2963 4858 ipsum
2993 4795 3211 4843 aeternae
3240 4787 3437 4843 mortis

1837 4878 2027 4951 jaculo
2055 4879 2346 4934 vulnerare
2372 4894 2386 4943 ;
2437 4884 2492 4932 et
2536 4877 2632 4948 qui
2662 4892 2757 4947 per
2784 4876 3064 4947 passiones
3092 4875 3293 4932 nimias
3330 4891 3435 4932 ve-

1844 4967 1977 5024 nisti
2030 4967 2101 5023 ad
2147 4967 2406 5039 palmam,
2449 4981 2706 5021 coronam
2738 4964 2855 5021 noli
2890 4965 3114 5038 perdere
3140 4982 3172 5022 a
3197 4964 3434 5022 Domino

1844 5064 2225 5131 praeparatam.
2257 5054 2505 5111 Audiens
2537 5054 2655 5111 haec
2683 5062 2905 5112 sanctus
2952 5054 3258 5125 Ursicinus,
3292 5071 3434 5129 genu

1848 5200 2133 5258 Gervasius
2178 5204 2225 5253 et
2252 5199 2553 5268 Protasius,
2605 5200 2700 5255 hoc
2734 5206 2826 5268 est,
2857 5207 3011 5272 patre
3049 5208 3229 5257 sancto
3267 5203 3435 5261 Vitale

1841 5278 2099 5342 martyre,
2122 5276 2171 5326 et
2185 5274 2354 5343 matre
2380 5278 2574 5343 sanctas
2600 5273 2864 5328 memoria:
2906 5274 3118 5331 Valeria
3147 5273 3431 5343 defunctis,

1843 5340 2053 5416 utrique
2106 5340 2426 5416 patrimonio
2477 5344 2857 5416 successissent,
2878 5346 3089 5399 domum
3126 5340 3428 5416 propriam,

1843 5411 2089 5488 ethNos
2107 5411 2415 5488 ;vpro_duos
2444 5414 2660 5488 codices
2692 5411 3147 5488 Longipontinos,
3177 5411 3428 5488 quimarl

1844 5484 2054 5559 tyrium
2099 5485 2194 5561 SS.
2233 5482 2432 5539 Vitalis
2476 5503 2540 5543 ac
2572 5482 2964 5545 Valeriaehuic
2989 5482 3235 5561 epistolae
3277 5486 3433 5544 inse-

1844 5554 1993 5627 runt,
2025 5554 2198 5614 secuti
2225 5570 2434 5612 sumus.
