3880 6198
565 239 673 297 823

1586 241 1683 295 A'D
1721 239 1954 295 OPERA
1991 239 2048 295 S.
2088 236 2421 295 AMBROSII
2460 236 2841 296 APPENDIX.
3708 246 3756 301 82$

556 336 761 439 posuit,
794 370 848 419 et
876 363 1286 435 spiculatorem,
1320 372 1381 421 ut
1410 364 1620 430 feriret,
1650 363 1936 431 hortatus;
1984 379 2149 435 agens
2177 373 2226 431 Α
2255 364 2433 421 stiana
2459 382 2605 435 sum,
2638 382 2750 422 non
2773 365 2905 423 licet
2926 367 3069 423 mihi
3087 366 3155 422 de
3193 366 3416 423 Silvani
3447 368 3599 426 vestri
3620 373 3755 429 sacrit.

556 453 939 530 pmnitentiam
980 453 1127 526 quod
1174 454 1504 526 expavisset.
1534 454 1705 521 Quem
1735 453 2034 524 spiculator
2062 452 2154 508 fe-

555 544 724 612 riens,
776 542 985 600 Christi
1040 550 1341 614 martyrem
1383 543 1531 598 fecit.
1571 541 1876 615 Statimque
1933 549 2153 598 sanctus

554 632 759 690 Vitalis
779 648 978 702 corpus
1004 631 1264 702 martyris
1290 630 1527 703 rapiens,
1543 631 1687 686 intra
1706 631 2149 688 Ravennensium

550 722 744 778 urbem
772 721 1029 792 sepelivit
1059 736 1185 776 cum
1203 722 1356 775 omni
1377 721 1661 777 honestate
1685 721 1915 792 martyri
1938 720 2147 787 debita,

550 821 606 869 et
633 812 703 868 ad
727 811 971 882 judicem
1006 812 1153 867 ultra
1183 820 1405 868 sanctus
1424 812 1626 868 Vitalis
1647 813 1836 868 venire
1864 820 2149 885 contemp-

550 900 642 956 sit.
674 899 847 965 Quem
876 899 1139 954 Paulinus
1183 899 1489 955 consularis
1535 899 1660 955 ideo
1703 901 1943 956 maxime
1974 901 2148 957 teneri

551 988 871 1056 mandavit;
904 1005 1017 1045 non
1045 997 1259 1044 tantum
1292 990 1421 1061 quia
1450 990 1785 1061 contempsit
1811 989 1880 1044 ad
1909 1006 2034 1045 eum
2067 1005 2146 1044 re-

549 1079 691 1148 dire,
723 1094 916 1133 verum
947 1086 1216 1152 quantum
1243 1078 1312 1135 ob
1343 1078 1448 1135 hoc
1477 1079 1624 1153 quod
1657 1078 1993 1137 christianus
2009 1084 2149 1133 esset

550 1166 803 1225 detectus

621 1258 675 1314 9.
718 1256 871 1312 Tunc
900 1256 1143 1314 ministri
1172 1256 1289 1329 ejus
1311 1258 1583 1331 rapientes
1607 1274 1731 1314 eum
1764 1257 1821 1312 in
1848 1264 2149 1330 conspectu

550 1346 669 1419 ejus
714 1346 1086 1404 adduxerunt.
1132 1349 1205 1404 Et
1244 1348 1440 1405 videns
1488 1365 1612 1403 eum
1656 1348 1941 1417 Paulinus,
1974 1349 2051 1405 ait
2078 1348 2147 1405 ad

550 1457 677 1497 eum
713 1458 723 1497 :
765 1440 1051 1508 Quomodo
1083 1441 1372 1497 maleﬁciis
1411 1443 1674 1513 deceptus
1724 1458 1801 1508 es,
1835 1440 2057 1510 Vitalis,
2085 1447 2148 1496 ut

550 1546 663 1587 non
689 1529 962 1587 sacriﬁces
992 1529 1139 1586 diis?
1184 1530 1287 1588 Cui
1333 1529 1427 1585 ille
1476 1529 1800 1601 respondit:
1838 1531 1959 1586 Non
1986 1529 2149 1587 sacri-

551 1620 658 1678 ﬁco
690 1619 872 1676 surdis
902 1627 955 1675 et
985 1620 1175 1688 mutis,
1204 1620 1298 1677 sed
1326 1620 1577 1678 sacriﬁco
1599 1621 1712 1675 Deo
1739 1635 1882 1689 meo,
1907 1619 2147 1692 quifecit

2265 454 2368 509 ciis
2397 454 2749 521 manducare,
2779 455 2966 511 statim
2999 455 3082 511 illi
3102 455 3228 512 haec
3249 455 3552 525 audientes,
3571 466 3755 517 tantaean

2262 542 2409 599 caede
2459 553 2856 612 mactaverunt,
2888 552 2950 600 ut
2980 546 3075 602 vix
3104 562 3232 601 eam
3264 545 3586 603 seminecem
3618 550 3680 604 sui
3699 550 3756 607 bo-

2263 631 2438 687 mines
2478 631 2548 687 ad
2598 632 3090 690 Mediolanensium
3134 633 3340 688 urbem
3388 634 3705 705 perducerent,
3721 642 3756 694 in

2260 729 2322 776 ut
2350 721 2495 777 intra
2520 722 2770 779 triduum
2811 722 3071 795 migraret
3096 721 3170 777 ad
3201 721 3509 778 Christum.

2333 809 2418 865 13.
2460 810 2531 865 Εῐ
2579 820 2932 883 posteaquam
2989 816 3141 882 pater
3180 826 3383 865 eorum
3428 810 3599 867 beatus
3638 814 3755 869 Vitalis

2261 898 2528 971 martyrio
2573 908 2654 956 est
2707 906 3039 965 coronatus,
3097 908 3270 971 atque
3323 899 3616 956 beatissima
3656 914 3755 957 male:

2260 986 2480 1042 Valeria
2525 988 2782 1062 migravit
2832 987 2903 1043 ad
2957 986 3268 1056 Christum,
3320 988 3389 1044 ab
3436 990 3655 1044 intestato
3685 990 3753 1059 jure

2260 1074 2552 1134 Gervasius
2608 1087 2661 1134 et
2718 1076 2998 1137 Protasius
3042 1075 3371 1148 parentibus
3424 1079 3753 1143 successissent;

2259 1162 2484 1220 domum
2526 1167 2803 1249 propriam
2852 1171 2911 1227 in
2955 1188 3063 1246 qua
3106 1172 3231 1228 nati
3279 1172 3512 1241 fuerant,
3536 1175 3753 1229 etresnni-

2260 1269 2445 1313 versas
2475 1266 2784 1328 parentum,
2813 1268 2869 1318 et
2910 1262 3204 1319 casellulas
3252 1262 3638 1330 venumdantes,
3659 1263 3753 1318 dede-

2260 1353 2391 1401 runt
2421 1362 2584 1403 omne
2613 1348 2853 1419 pretium
2882 1350 3244 1423 pauperibus,
3276 1360 3331 1407 et
3350 1350 3635 1406 familiolam
3659 1368 3747 1406 suam

2259 1430 2552 1506 ingenuam
2601 1436 2851 1495 fecerunt
2896 1458 2907 1495 :
2955 1439 3174 1513 ipsique
3225 1457 3282 1497 se
3324 1439 3383 1495 in
3427 1457 3529 1495 uno
3565 1441 3749 1495 cenaculo

2257 1525 2668 1594 concluserunt,
2690 1535 2743 1583 et
2762 1543 2858 1599 per
2872 1528 3059 1584 decem
3084 1534 3268 1586 annos
3287 1528 3507 1586 lectioni
3530 1536 3575 1584 et
3597 1530 3745 1583 orationi

2256 1619 2533 1681 vacantes,
2591 1611 2698 1670 hoc
2753 1615 2950 1671 ordine
3004 1615 3063 1672 in
3125 1634 3277 1672 anno
3319 1616 3656 1674 conversionis
3686 1633 3745 1671 sua

550 1711 752 1769 coelum
781 1718 835 1767 et
863 1718 1085 1779 terram,
1120 1725 1268 1766 mare
1293 1718 1347 1766 et
1375 1712 1562 1767 omnia
1589 1727 1711 1783 quae
1742 1710 1801 1766 in
1832 1711 1911 1766 eis
1930 1716 2150 1777 sunt,et
2176 1724 2223 1785 Β
2256 1700 2551 1759 undecimo
2578 1702 2647 1758 ad
2678 1704 2918 1775 palmam
2949 1705 3209 1778 martyrii
3239 1713 3584 1778 pervenerunt
3609 1706 3704 1776 (22).

550 1802 679 1858 Iesu
707 1799 930 1859 Christo
963 1799 1079 1855 ﬁlio
1105 1798 1244 1871 ejus,
1268 1800 1505 1873 quicum
1536 1818 1599 1857 eo
1633 1809 1686 1857 et
1716 1800 1925 1873 Spiritu
1957 1808 2146 1856 sancto

553 1890 696 1947 vivit
723 1899 778 1947 et
806 1897 1018 1963 regnat.
1045 1890 1200 1945 Tunc
1228 1889 1494 1945 Paulinus
1516 1889 1682 1961 jussit
1718 1906 1843 1945 eum
1878 1889 2049 1945 levari
2087 1890 2146 1945 in

553 1979 806 2052 equuleo,
840 1987 903 2035 ut
934 1995 1029 2051 per
1056 1986 1348 2047 tormenta,
1381 1978 1499 2050 ejus
1527 1994 1854 2035 consensum
1886 1980 1953 2034 ad
1984 1978 2147 2035 sacri-

552 2068 832 2126 ﬁcandum
874 2068 1249 2140 compelleret.
1282 2066 1388 2124 Sed
1418 2075 1639 2125 sanctus
1669 2068 1869 2126 Vitalis
1911 2067 2143 2137 studuit,

553 2164 617 2214 ut
643 2159 758 2214 Deo
800 2156 1051 2214 redderet
1099 2173 1367 2230 geminam
1400 2155 1714 2229 pretiosam.
1767 2173 1931 2230 quam
1961 2173 2148 2229 rapere

554 2246 810 2303 diabolus
835 2244 1107 2303 studebat.
1131 2246 1203 2301 Et
1232 2246 1566 2318 respondens
1594 2246 1671 2301 ait
1692 2246 1740 2302 ei
1762 2264 1773 2300 :
1793 2245 2015 2303 Inﬁnita
2044 2245 2148 2302 tibi

555 2335 875 2392 dominatur
904 2336 1142 2394 stultitia
1174 2354 1186 2393 :
1241 2344 1335 2392 aut
1379 2346 1537 2409 putas
1573 2337 1958 2410 memetipsum
1992 2354 2149 2409 posse

554 2423 824 2497 decipere,
843 2424 938 2498 qui
968 2426 1106 2482 alios
1136 2443 1167 2482 a
1195 2426 1445 2499 periculo
1473 2426 1667 2484 mortis
1693 2427 1779 2483 vel
1810 2426 2150 2500 deceptionis

559 2512 790 2569 liberare
819 2513 1058 2570 studui?

632 2604 717 2661 10.
769 2605 924 2662 Tunc
970 2605 1236 2661 Paulinus
1284 2604 1589 2662 consularis
1622 2605 1772 2661 dixit
1821 2605 1891 2661 ad
1934 2605 2148 2665 Oﬁicia-

557 2693 703 2751 rium
729 2713 739 2750 :
773 2694 974 2751 Ducite
1003 2711 1131 2750 eum
1153 2693 1221 2750 ad
1253 2695 1520 2762 Palmam,
1550 2702 1605 2750 et
1644 2693 1819 2749 nolite
1851 2693 2145 2761 decollare,

556 2785 602 2841 si
635 2784 943 2843 sacriﬁcare
993 2786 1435 2857 contempserit:
1486 2785 1581 2841 sed
1629 2785 1789 2841 facite
1836 2784 2051 2839 foveam
2090 2784 2149 2838 in

555 2882 721 2941 terra,
772 2873 969 2929 tandiu
1012 2889 1122 2945 quo
1163 2889 1335 2945 usque
1370 2873 1702 2945 perveniatis
1738 2872 1806 2929 ad
1848 2889 2066 2945 aquam,
2097 2879 2152 2927 et

558 2960 638 3016 ibi
666 2976 792 3015 eum
821 2960 1082 3031 supinum
1113 2959 1393 3031 deponite,
1425 2968 1479 3016 et
1506 2968 1651 3016 terra
1677 2970 1841 3033 atque
1875 2959 2150 3031 lapidibus

2328 1790 2412 1845 14.
2458 1792 2887 1864 Superveniente
2935 1794 3143 1851 comite
3177 1794 3415 1862 Astasio,
3466 1793 3549 1867 qui
3590 1794 3742 1864 proﬁcis-

2254 1879 2478 1935 cebatur
2505 1880 2575 1936 ad
2605 1880 2837 1949 bellum,
2869 1882 3018 1956 quod
3046 1898 3078 1937 a
3103 1882 3464 1940 Marcomanis
3491 1881 3635 1938 fuerat
3656 1882 3740 1937 exci-

2255 1976 2451 2039 tatum,
2473 1979 2832 2027 occurrerunt
2866 1972 2917 2026 ei
2947 1973 3285 2047 templorum
3311 1975 3533 2030 cultores
3558 1974 3646 2044 (23)
3666 1988 3739 2027 cum

2256 2058 2631 2116 sacerdotibus
2650 2060 2786 2129 suis,
2813 2060 3059 2118 dicentes
3082 2081 3094 2119 :
3122 2063 3180 2118 Si
3202 2062 3288 2118 vis
3304 2063 3455 2118 laetus
3481 2062 3540 2118 ad
3560 2062 3738 2132 Augustos

2257 2157 2473 2205 nostros
2519 2148 2724 2205 reverti
2755 2157 2809 2205 et
2838 2150 3041 2217 victor,
3073 2151 3399 2208 Gervasium
3442 2160 3491 2207 et
3527 2149 3737 2207 Protasium

2256 2237 2365 2294 diis
2394 2238 2598 2294 nostris
2625 2238 2936 2296 sacriﬁcare
2962 2241 3272 2314 compello;
3316 2240 3623 2297 vehementer
3647 2236 3736 2291 enim

2258 2326 2336 2382 dii
2362 2327 2537 2383 nostri
2562 2327 2629 2383 de
2654 2344 2842 2384 eorum
2871 2339 3197 2404 contemptu
3223 2329 3497 2398 commoti,
3514 2340 3735 2399 responsum

2257 2416 2419 2473 nobis
2445 2416 2573 2473 dare
2602 2426 2985 2475 contemnunt.

2329 2514 2414 2571 15.
2448 2513 2692 2571 Audiens
2712 2514 2829 2572 haec
2858 2516 3114 2572 Astasius
3146 2531 3332 2575 comes
3346 2514 3496 2588 jussit
3519 2508 3733 2573 eosteneri,

2256 2610 2311 2657 et
2338 2602 2407 2658 ad
2439 2619 2494 2659 se
2523 2602 2744 2659 adduci.
2778 2602 2991 2671 Quibus
3019 2603 3173 2660 dixit
3215 2622 3228 2661 :
3277 2606 3468 2661 Hortor
3497 2617 3576 2656 vos
3597 2605 3643 2653 ut
3661 2596 3734 2652 deo-

2258 2707 2381 2747 rum
2413 2700 2731 2748 nostrorum
2765 2692 2997 2764 injurias
3025 2700 3411 2767 temperantes,
3438 2690 3499 2747 ad
3523 2686 3731 2745 immolan-

2257 2781 2389 2838 dum
2419 2781 2499 2837 eis
2526 2781 2713 2838 devoti
2734 2782 2998 2839 studeatis
3025 2781 3319 2852 insistere;
3345 2790 3401 2839 ut
3430 2775 3648 2852 expeditio
3661 2786 3732 2826 mea

2259 2869 2511 2941 gnaviter
2539 2870 2864 2927 celebretur.
2896 2872 3095 2929 Beatus
3124 2872 3410 2930 Gervasius
3435 2867 3589 2926 dixit:
3613 2862 3730 2918 Victo-

2258 2958 2394 3013 riam
2422 2959 2489 3014 de
2529 2959 2668 3015 cmlo
2697 2959 2863 3016 debes
2890 2960 2958 3016 ab
2990 2962 3370 3034 omnipotente
3397 2961 3493 3015 Deo
3525 2950 3729 3025 requirere,

557 3047 846 3115 obrutum,
875 3045 954 3102 ibi
974 3046 1425 3115 dimittite.Quod
1452 3063 1578 3105 cum
1607 3048 1803 3104 fuisset
1837 3048 2149 3119 impletum,
2191 3081 2235 3142 ο
2259 3063 2370 3104 non
2413 3048 2480 3104 de
2518 3049 2830 3105 simulacris
2880 3050 3191 3108 immundis
3220 3058 3272 3107 et
3299 3048 3459 3115 vanis,
3492 3059 3586 3117 quae
3607 3036 3728 3133 oculos

556 3137 703 3194 Deus
751 3135 858 3192 sibi
903 3143 1155 3192 sanctum
1201 3136 1441 3193 Vitalem
1481 3137 1559 3193 ita
1600 3146 1898 3208 martyrem
1947 3150 2151 3191 conse-

556 3227 754 3296 oravit,
768 3234 829 3284 ut
856 3226 1110 3284 sacerdos
1130 3228 1410 3301 Apollinis
1438 3228 1534 3301 qui
1565 3228 1669 3285 hoc
1687 3225 1984 3284 consilium
2014 3226 2149 3281 Pau-

558 3316 674 3374 lino
716 3316 895 3390 judici
942 3316 1186 3388 dederat,
1240 3317 1460 3374 diabolo
1508 3318 1772 3389 repletus,
1819 3331 1914 3388 per
1943 3322 2147 3386 septem

556 3405 677 3462 dies
726 3421 1129 3475 energumenus
1179 3406 1440 3461 clamaret
1485 3405 1585 3473 ibi,
1647 3404 1742 3461 ubi
1794 3404 2023 3460 obrutus
2069 3411 2150 3459 est

557 3501 779 3548 sanctus
821 3491 1022 3547 Vitalis
1052 3490 1241 3546 dicens
1276 3510 1287 3546 :
1323 3491 1575 3547 Incendis
1618 3508 1724 3561 me,
1758 3499 1989 3563 martyr,
2028 3507 2147 3548 cru-

556 3578 670 3648 cias
696 3593 805 3645 me,
836 3586 1041 3633 sancte.
1073 3578 1203 3632 Post
1235 3585 1442 3649 septem
1470 3594 1603 3635 vero
1631 3579 1749 3635 dies
1777 3579 2149 3651 przecipitatus

510 3653 591 3721 \a
644 3664 864 3721 diabolo
904 3664 963 3719 in
1011 3664 1262 3733 flumine,
1309 3665 1631 3736 exspiravit.
1682 3666 1913 3725 Sanctus
1965 3675 2148 3724 autem

559 3753 759 3813 Vitalis
808 3755 1080 3828 gloriosus
1124 3762 1336 3827 martyr
1382 3752 1609 3821 Christi,
1664 3752 1828 3825 juxta
1866 3755 2148 3812 civitatem

557 3844 1005 3902 Ravennensium
1052 3850 1273 3917 praestat
1315 3841 1659 3899 orationibus
1688 3843 1774 3898 vel
1805 3843 2148 3909 intercessio-

557 3933 723 3990 nibus
777 3932 891 3990 suis
934 3930 1200 3989 beneﬁcia
1255 3930 1514 3988 omnibus
1568 3931 1920 3989 credentibus
1963 3933 2147 3990 Iesum

557 4022 839 4080 Christum
872 4040 1046 4097 usque
1066 4023 1125 4078 in
1156 4021 1487 4079 hodiernum
1518 4021 1686 4079 diem.

630 4110 716 4164 11.
754 4110 975 4167 Valeria
1004 4120 1187 4168 autem
1224 4111 1430 4185 conjux
1476 4112 1616 4185 ejus,
1663 4113 1798 4169 dum
1837 4114 2003 4171 vellet
2032 4130 2147 4171 cor-

556 4211 659 4267 pus
702 4197 879 4253 sancti
907 4199 1117 4254 Vitalis
1145 4194 1379 4269 auferre,
1413 4217 1445 4257 a
1490 4201 1820 4260 Christianis
1866 4202 2148 4275 prohibita

555 4291 658 4352 est,
705 4292 759 4339 et
801 4284 862 4339 in
909 4285 1219 4343 visionibus
1260 4305 1402 4360 saepe
1433 4290 1738 4359 admonita,
1785 4306 1853 4346 ne
1892 4298 2145 4348 sanctum

555 4389 756 4446 corpus
784 4390 817 4429 a
849 4374 997 4430 malo
1034 4375 1259 4432 homine
1288 4378 1426 4434 bene
1456 4381 1696 4451 positum
1740 4381 1991 4438 violaret.
2038 4382 2143 4439 Sed

553 4463 651 4520 illa
693 4464 751 4519 in
770 4462 1081 4519 intentione
1100 4465 1450 4535 perdurante,
1473 4469 1784 4526 evidentius
1808 4470 1858 4527 ei
1890 4473 2143 4544 apparuit

551 4560 773 4610 sanctus
805 4552 1028 4623 Vitalis,
1068 4552 1258 4611 dicens
1285 4554 1352 4610 ad
1387 4571 1505 4611 eam
1544 4574 1555 4614 :
1589 4558 1714 4614 Noli
1746 4558 1885 4614 mihi
1916 4560 2145 4618 molesta

550 4660 687 4714 esse,
722 4644 958 4709 mulier;
1007 4644 1137 4719 quia
1165 4660 1447 4718 nunquam
1492 4644 1630 4701 mihi
1680 4654 1790 4702 tam
1839 4647 2139 4718 gloriosum

548 4734 754 4807 poteris
782 4749 972 4807 parare
1006 4734 1338 4807 sepulcrum,
1379 4735 1539 4810 quale
1567 4733 1707 4791 mihi
1740 4735 2011 4793 Dominus
2037 4738 2137 4794 Je-

547 4838 640 4879 sus
662 4822 913 4882 Christus
938 4823 1059 4879 ﬁeri
1082 4822 1269 4896 jussit.

620 4912 707 4969 12.
742 4914 865 4986 Ipsa
912 4921 1096 4970 autem
1126 4913 1258 4971 dum
1290 4921 1655 4971 reverteretur
1683 4913 1751 4971 ad
1790 4914 1983 4971 urbem
2012 4915 2139 4973 Me-

544 4999 973 5071 diolanensium,
1008 5001 1250 5059 incurrit
1278 5002 1530 5060 homines
1559 5002 1878 5060 idololatras
1906 5003 2135 5061 Silvano

542 5090 912 5149 sacriﬁcantes
960 5092 1020 5148 in
1065 5093 1303 5162 itsnere;
1349 5109 1511 5167 quam
1550 5110 1677 5151 cum
1725 5093 2014 5163 vidissent,
2044 5094 2136 5152 de-

541 5186 807 5251 ponentes
847 5197 968 5237 eam
1009 5180 1076 5237 de
1116 5181 1397 5249 vehiculo,
1443 5187 1590 5245 486
1634 5181 2002 5239 hortabantur
2052 5200 2134 5240 se-

538 5290 669 5332 cum
696 5277 924 5349 epulari.
965 5275 1214 5351 Cumque
1239 5276 1337 5333 illa
1371 5277 1646 5349 resistens,
1676 5279 1884 5338 diceret
1929 5299 1942 5338 :
1978 5280 2135 5338 Chri-

612 5430 730 5505 (22)
780 5433 940 5505 Rom.
994 5432 1153 5501 edit.,
1198 5432 1347 5505 idola
1387 5441 1705 5505 respuentes,
1767 5437 1861 5491 sub
1918 5436 2133 5493 Astasio

537 5501 719 5555 comite
788 5503 845 5557 in
919 5504 1307 5561 Mediolanensi
1359 5501 1567 5560 civitate
1619 5506 1703 5560 die
1755 5507 2135 5563 Kalendarum

528 5569 815 5638 juniarum
853 5573 1086 5644 feliciter
1126 5581 1499 5646 pervenerunt.
1542 5576 1672 5634 Nam
1700 5594 1757 5635 eo
1792 5584 2018 5650 tempore
2046 5594 2130 5635 su-

2259 3136 2462 3192 babent
2498 3136 2617 3193 sine
2654 3138 2883 3207 lumine,
2934 3155 3092 3196 aures
3141 3140 3259 3195 sine
3297 3137 3488 3202 auditu,
3512 3144 3633 3187 nares
3650 3127 3725 3180 sine

2256 3222 2507 3293 odoratu,
2547 3241 2607 3281 os
2642 3226 2760 3281 sine
2789 3243 3058 3295 sermone,
3095 3243 3291 3282 manus
3318 3224 3426 3279 sine
3453 3224 3587 3280 tactu.
3622 3209 3723 3284 Ρθδεδ

2258 3312 2375 3369 sine
2404 3329 2612 3385 gressu,
2642 3322 2695 3370 et
2715 3322 2962 3370 ventrem
2994 3314 3201 3388 absque
3227 3308 3543 3370 interioribus
3571 3300 3722 3375 prob”

2257 3409 2349 3458 tur
2369 3400 2589 3470 habere,
2629 3410 2682 3457 et
2711 3403 2832 3458 sine
2860 3402 2993 3459 ﬂatu
3030 3420 3149 3460 esse
3176 3409 3476 3458 noscuntur.
3494 3392 3721 3477 Indigna}!s

2257 3504 2439 3547 comes
2466 3489 2715 3546 Astasius
2738 3488 2904 3561 jussit
2946 3506 3075 3546 eum
3104 3489 3296 3553 tandiu
3322 3479 3574 3561 plumbatis
3601 3470 3717 3534 tondi,

2258 3576 2504 3652 quandiu
2536 3577 2818 3634 exhalaret
2844 3578 3095 3651 spiritus.
3172 3589 3182 3598 '

2331 3676 2416 3731 16.
2446 3675 2566 3743 Quo
2594 3682 2798 3743 amoto,
2841 3674 3009 3747 jussit
3037 3676 3147 3733 sibi
3189 3683 3354 3731 astare
3384 3661 3715 3726 Protasium,cm

2257 3763 2403 3820 dixit
2435 3781 2447 3818 :
2481 3763 2664 3832 Miser,
2686 3764 2774 3819 vel
2800 3771 2861 3820 tu
2881 3763 3069 3820 vivere
3093 3763 3272 3832 stude,
3300 3766 3353 3816 et
3374 3753 3474 3814 noli
3490 3752 3714 3833 βιωθένατσς

2256 3856 2398 3926 fieri,
2445 3859 2590 3915 sicut
2631 3865 2685 3915 et
2731 3858 2902 3914 frater
2940 3868 3088 3917 tuus.
3136 3860 3235 3919 Cui
3286 3851 3525 3913 Protasius
3561 3848 3713 3910 κερου-

2257 3945 2411 4015 dens,
2459 3946 2537 4002 ait
2578 3965 2590 4003 :
2629 3947 2764 4016 Quis
2816 3954 2897 4004 est
2942 3942 3129 4019 miser,
3158 3964 3254 4020 ego
3279 3943 3369 4019 qui
3398 3953 3493 3996 non
3516 3932 3712 4020 time,

2256 4042 2317 4090 tu
2347 4012 2442 4106 qui
2475 4050 2560 4090 me
2588 4012 2783 4094 timere
2812 4035 3061 4108 probaris
3081 4012 3126 4093 ἲν
3162 4012 3346 4093 (Ζόωὲδ
3384 4024 3508 4084 dixit
3532 4036 3541 4073 :
3572 4015 3652 4083 E80
3679 4012 3710 4108 ις

2256 4089 2779 4193 quoinodotimeo‘i
3143 4089 3407 4196 respondit
3437 4131 3447 4168 :
3480 4112 3531 4167 In
3552 4119 3599 4199 φ
3618 4089 3707 4199 qui)?

2256 4192 2309 4265 te
2346 4210 2509 4268 times
2553 4212 2701 4282 laedi,
2747 4213 2794 4270 si
2822 4231 2935 4270 non
2983 4192 3390 4273 sacriﬁcavero;
3435 4201 3476 4257 si
3514 4193 3622 4251 enim
3639 4192 3705 4237 110n

2254 4297 2477 4355 timeres
2505 4307 2558 4356 te
2589 4300 2716 4358 laedi
2758 4319 2790 4358 a
2831 4319 2939 4373 me,
2970 4320 3058 4360 me
3086 4303 3155 4360 ad
3191 4294 3491 4358 sacriﬁcium
3514 4294 3598 4339 non

2254 4387 2503 4458 pelleres.
2532 4388 2649 4462 Ego
2682 4398 2864 4447 autem
2894 4368 2947 4448 te
2977 4409 3089 4449 non
3117 4392 3311 4448 timens
3337 4384 3577 4441 contemno
3594 4368 3706 4462 W3}

2252 4457 2392 4544 illas:
2429 4484 2483 4533 et
2511 4457 2701 4534 omnia
2728 4478 2875 4536 idola
2896 4489 3012 4550 tua,
3043 4479 3195 4555 quasi
3223 4484 3440 4533 stercora
3464 4457 3705 4529 campum”

2249 4568 2423 4623 Deum
2452 4569 2632 4625 solum
2662 4570 2757 4643 qui
2779 4581 2969 4644 regnat
2998 4572 3056 4628 in
3086 4569 3253 4637 caelis,
3283 4563 3449 4621 adoro.
3552 4633 3567 4644 _
3612 4624 3639 4644 Δ

2332 4620 2423 4713 ii:
2450 4620 3373 4729 Χιὲᾶἷέηἷῐεὲἔ’Ᾰὲιὲιέίῖιῖἶῖιεείι
3410 4655 3514 4700 eum
3546 4620 3707 4729 regis:

2247 4744 2405 4801 caedi.
2437 4746 2632 4804 Postea
2662 4763 2796 4803 vero
2825 4756 3008 4805 erecto
3036 4714 3181 4805 dixit
3210 4714 3239 4798 ε’
3254 4740 3421 4835 Miser,
3450 4735 3499 4785 ιιι
3516 4714 3706 4841 ﬁliis:

2246 4833 2513 4906 superbus
2558 4843 2612 4892 et
2656 4843 2770 4892 tam
2820 4837 3040 4894 rebellis
3087 4829 3319 4893 existis?
3346 4824 3420 4880 vis
3437 4812 3593 4908 ρςτξξθι

2244 4892 2401 4977 tuum
2457 4922 2701 4994 probasti
2748 4892 3117 4996 germanum?
3145 4914 3402 4979 Protasius
3432 4898 3550 4962 (Ῑίιίί

2242 5009 2347 5066 tibi
2380 4979 2605 5081 irascor,
2652 4979 2777 5071 πιθοῦ
2802 5031 2921 5088 θεο,
2968 5030 3068 5072 τιθῦ
3108 5014 3220 5086 ipsa
3257 4979 3702 5088 iusti“?

2243 5113 2414 5155 caecos
2439 5100 2519 5156 tui
2549 5101 2731 5158 cordis
2761 5069 2949 5160 oculos
2977 5069 3228 5160 attendo:
3266 5069 3700 5195 incredulin‘af“?

2243 5203 2364 5260 qua
2397 5188 2459 5248 in
2495 5190 2608 5247 tuis
2651 5191 2904 5249 sensibus
2957 5196 3162 5265 regnat,
3193 5197 3318 5278 ῐιοη.
3334 5183 3380 5231 ιθ
3408 5155 3699 5293 Wﬁlin};

2240 5259 2369 5336 dere
2411 5279 2558 5354 quod
2596 5280 2700 5338 Dei
2746 5289 2849 5339 est.
2895 5259 3045 5339 Nam.
3077 5290 3130 5338 et
3172 5268 3417 5335 Dominus
3453 5259 3576 5311 ωθιίδ

2235 5439 2582 5509 perveniente,
2610 5446 2720 5496 etc.

2309 5463 2840 5583 aeg'ﬁnaiiééwoha,
2858 5510 3196 5568 occurrerunt
3229 5498 3273 5558 ei
3296 5491 3490 5552 οαῖεονθδ
3508 5463 3694 5529 ωθΙΜ
