3880 6198
183 301 298 360 825

1097 297 1461 357 EPISTOLIE
1498 298 1600 354 EX
1632 295 2101 356 AMBROSIANlS
2137 295 2605 356 SEGREGATIE.

3389 295 3497 354 826

182 424 462 494 Christus,
493 423 876 497 cruciﬁgentes
903 439 960 480 se
988 439 1100 480 non
1130 422 1454 480 maledixit:
1487 422 1581 479 sed
1603 423 1788 495 potius
1814 427 1865 485 Α
1894 429 2041 478 terra
2066 429 2254 477 nostra
2285 422 2468 494 (Cant.
2504 441 2564 493 ιι,
2590 423 2703 497 12).
2726 449 2745 472 ι
2779 423 3203 497 Respondebant
3231 423 3495 482 Christia-

183 523 253 571 ut
283 516 361 571 eis
390 514 792 587 indulgeretur,
821 513 1023 583 oravit,
1056 513 1261 570 addens
1285 520 1339 569 et
1367 512 1495 579 hoc,
1526 512 1656 585 quia
1682 529 1789 569 ne-

183 605 397 662 scirent
418 605 552 681 quid
572 605 838 662 facerent.
871 604 1026 662 Unde
1047 611 1101 660 et
1129 620 1228 675 ego
1257 603 1339 660 tui
1365 602 1646 672 misereor,
1661 601 1791 675 quia

183 696 371 751 nescis
399 695 535 768 quid
566 694 753 751 facias.
796 694 909 765 Age
938 710 1066 766 ergo
1098 693 1247 766 quod
1281 692 1521 765 cmpisti,
1556 699 1619 747 ut
1648 692 1789 748 mihi

183 783 370 856 possit
416 800 543 840 cum
596 800 719 839 meo
767 783 936 839 fratre
981 781 1245 839 Gervasio
1279 781 1445 838 hodie
1482 781 1791 855 benignitas

185 874 498 931 Salvatoris
526 873 699 929 nostri
721 889 1027 930 occurrere.

266 961 353 1018 18.
385 962 540 1017 Tunc
577 978 760 1017 comes
797 961 1049 1016 Astasius
1072 960 1238 1032 jussit
1263 976 1390 1015 eum
1421 961 1598 1032 capite
1633 959 1787 1017 caedi.

184 1050 352 1118 Quod
379 1067 505 1107 cum
533 1050 740 1107 factum
766 1057 927 1118 esset,
964 1066 1065 1122 ego
1092 1050 1382 1122 Philippus
1420 1050 1625 1106 abstuli
1664 1066 1791 1105 cum

186 1140 312 1196 ﬁlio
337 1155 459 1194 meo
483 1138 676 1195 furtim
724 1146 886 1196 nocte
930 1147 1244 1196 sanctorum
1285 1139 1516 1194 istorum
1542 1153 1789 1210 corpora,

186 1235 245 1283 et
281 1228 339 1283 in
368 1226 533 1283 domo
559 1242 698 1296 mea,
740 1228 853 1283 Deo
882 1229 1001 1283 solo
1030 1235 1189 1296 teste,
1240 1226 1301 1282 in
1331 1226 1437 1283 ista
1475 1242 1601 1283 arca
1631 1241 1797 1282 saxea

187 1315 447 1388 sepelivi,
494 1316 722 1372 credens
773 1332 859 1371 me
907 1316 1252 1373 orationibus
1294 1332 1485 1372 eorum
1533 1314 1795 1387 consequi

186 1406 624 1464 misericordiam
657 1406 883 1464 Domini
912 1407 1088 1465 nostri
1117 1409 1245 1464 Jesu
1275 1406 1505 1476 Christi,
1538 1406 1633 1480 qui
1663 1422 1792 1463 cum

186 1497 353 1552 Patre
384 1504 439 1552 et
476 1496 687 1569 Spiritu
733 1505 923 1556 sancto
969 1499 1114 1555 vivit
1155 1506 1211 1555 et
1254 1505 1443 1571 regnat
1493 1500 1552 1553 in
1600 1495 1799 1552 saecula

189 1587 548 1657 saeculorum,
572 1603 754 1644 amen.

478 1734 625 1792 487
650 1730 994 1787 EPISTOLA
1032 1730 1107 1785 111
1141 1729 1321 1802 (Alias
1358 1728 1501 1801 LV).

184 1832 498 1900 Martyrum
556 1828 741 1887 Vitalis
786 1834 835 1883 et
877 1828 1163 1899 Agricolae,
1211 1828 1305 1898 qui
1349 1825 1605 1900 Bononia:
1653 1824 1794 1879 inter

267 1897 496 1957 tumulos
550 1900 856 1956 Judceorum
921 1897 1113 1971 sepulti
1173 1897 1345 1965 emant,
1379 1897 1614 1971 factam
1678 1912 1795 1949 cum

260 1974 461 2043 plausu
505 1971 950 2037 Christianorum,
974 1969 1288 2043 Iudaeorum
1322 1969 1713 2043 admiratione,
1734 1983 1796 2021 ac

261 2038 540 2097 miraculis
569 2059 673 2097 non
710 2042 899 2113 paucis
940 2042 1290 2096 inventionem
1328 2040 1515 2113 refert.
1566 2038 1796 2113 Eosdem

262 2121 316 2170 et
340 2133 376 2169 a
406 2114 614 2168 nomine
657 2110 781 2168 et'a
827 2114 1122 2168 constantia
1164 2113 1221 2166 in
1257 2111 1532 2183 suppliciis
1571 2110 1792 2183 laudat:

262 2186 483 2310 (liliaque
501 2183 758 2240 nonnulla
789 2183 1002 2253 subjicit
1018 2184 1092 2239 ad
1118 2181 1489 2239 eamdem—rem
1515 2181 1797 2254 pertinen-

294 2275 369 2312 ia.

189 2377 545 2443 AMBROSIUS,
573 2390 763 2430 servus
792 2374 919 2431 Jesu
954 2372 1186 2443 Christi,
1226 2381 1453 2431 vocatus
1490 2372 1799 2445 episcopus,

269 2462 654 2521 dilectissimis
687 2463 971 2531 fratribus,
1019 2471 1074 2519 et
1121 2462 1398 2519 universis
1425 2462 1683 2535 plebibus
1707 2476 1803 2534 per

274 2556 515 2624 Italiam,
546 2562 805 2611 aeternam
835 2554 891 2609 in
917 2553 1156 2611 Domino
1185 2554 1419 2610 salutem
1443 2553 1585 2626 (24).

281 2655 332 2709 1.
362 2653 557 2724 Magna
594 2659 759 2723 atque
803 2652 1062 2722 praecelsa
1104 2658 1413 2723 martyrum
1462 2650 1802 2718 testimonia,

200 2744 277 2801 de
299 2741 500 2815 quibus
526 2739 685 2796 vobis
715 2740 1021 2813 scripturus
1054 2757 1198 2808 sum,
1230 2749 1417 2797 noster
1445 2741 1630 2812 potius
1655 2748 1806 2797 atte-

198 2838 339 2889 nuat
367 2846 528 2903 quam
556 2828 797 2901 explicat
829 2845 1028 2885 sermo.
1056 2830 1262 2887 Verum
1292 2829 1439 2902 quod
1467 2847 1648 2887 sermo
1671 2837 1804 2887 atte-

198 2928 360 2989 nuat,
383 2920 561 2977 virtus
579 2920 845 2993 adauget;
880 2920 1088 2977 idcirco
1108 2921 1256 2995 quod
1286 2922 1345 2977 in
1376 2938 1463 2979 me
1494 2922 1679 2978 minus
1701 2930 1802 2992 est,

200 3009 268 3065 in
304 3007 645 3080 martyribus
674 3009 983 3065 luculenter
1011 3009 1341 3082 resplendet.

1898 512 1957 568 ni
1987 529 1999 567 :
2048 535 2067 559 ι
2092 512 2329 585 Tempus
2365 512 2651 570 incisionis
2677 512 2902 570 advenit
2924 513 3138 586 (Ibid.).
3162 538 3181 561 ι
3215 513 3327 569 Alii
3350 514 3496 570 dice-

1896 602 2066 659 bant:
2101 602 2215 658 Alii
2243 604 2677 671 seminaverunt,
2719 612 2772 660 et
2810 620 2909 660 nos
2956 604 3015 659 in
3062 620 3251 661 eorum
3282 603 3498 662 labores

1898 693 2215 763 introimus,
2283 703 2337 751 et
2401 706 2708 767 martyrum
2769 695 2981 751 fructus
3042 694 3384 768 recipimus;
3434 703 3499 752 ut

1899 781 2046 855 quod
2075 782 2337 853 scriptum
2368 789 2449 838 est
2476 782 2789 855 impleatur,
2848 782 2997 855 quod
3026 784 3121 856 qui
3155 784 3411 852 seminat,
3442 791 3498 841 et

1900 871 1995 944 qui
2038 870 2218 937 metit,
2259 871 2566 927 mercedem
2596 871 2797 943 accipit
2827 871 3009 941 (Joan.
3048 888 3125 939 ιγ,
3149 872 3263 943 36).
3295 871 3494 939 Judaei,

1900 959 2183 1015 audientes
2211 975 2372 1016 voces
2403 960 2719 1032 plaudentis
2745 959 3025 1025 Ecclesiae,
3058 959 3298 1015 ridentes
3336 960 3500 1016 dice-

1899 1047 2068 1104 bant:
2108 1072 2125 1095 ι
2144 1049 2266 1105 Vox
2292 1048 2526 1105 turturis
2558 1048 2841 1104 auditaest
2860 1047 2919 1102 in
2940 1057 3085 1103 terra
3100 1057 3287 1104 nostra
3306 1048 3493 1119 (Cant.

1903 1154 1963 1204 ιι,
2015 1138 2145 1209 i2);
2184 1163 2203 1185 ι
2259 1136 2559 1195 Christiani
2607 1136 2901 1193 dicebant:
2949 1160 2968 1182 ι
3009 1136 3199 1193 Vineae
3241 1136 3500 1193 ﬂorentes

1902 1227 2174 1283 dederunt
2198 1226 2421 1282 odorem
2451 1241 2611 1281 suum
2646 1224 2811 1294 (Ibid.
2847 1223 2960 1292 13).
2994 1249 3012 1271 ι
3058 1224 3211 1280 Unde
3236 1224 3372 1280 bene
3402 1241 3500 1297 per

1904 1319 2230 1392 Pr0phetam
2256 1318 2497 1375 dicitur:
2533 1339 2561 1368 «
2591 1318 2720 1374 Dies
2748 1316 2858 1373 diei
2886 1324 3098 1373 eructat
3146 1316 3401 1385 verbum,
3444 1324 3502 1374 et

1905 1424 2016 1464 nox
2047 1408 2194 1465 nocti
2228 1406 2433 1463 indicat
2462 1406 2748 1463 scientiam
2786 1407 2960 1477 (Psal.
2987 1423 3150 1471 xvm,
3181 1405 3261 1475 3).
3284 1429 3302 1453 ι
3334 1406 3500 1473 Quasi

1905 1495 2053 1552 dicat
2076 1515 2088 1552 :
2111 1520 2128 1543 ι
2156 1496 2287 1552 Dies
2323 1495 2454 1564 diei,
2480 1521 2497 1544 μ
2522 1495 2629 1551 hoc
2647 1504 2748 1563 est,
2781 1493 3130 1551 Christianus
3158 1493 3498 1561 Christiano;

1907 1593 1954 1642 et
1971 1604 2081 1641 non:
2106 1586 2244 1641 nocti
2272 1629 2289 1655 ,
2321 1585 2427 1643 hoc
2455 1592 2555 1653 est,
2578 1585 2799 1641 Iudaeus
2827 1584 3036 1641 Iudaeo.

1980 1700 2032 1756 4.
2066 1700 2223 1757 Certe
2250 1708 2304 1756 et
2327 1700 2433 1772 ipsi
2462 1700 2741 1757 daemones
2770 1699 3196 1768 conﬁtebantur,
3228 1707 3283 1754 et
3310 1700 3377 1755 ab
3404 1698 3502 1755 ho-

1824 1781 1871 1842 B
1905 1791 2118 1847 minum
2160 1791 2485 1863 corporibus
2542 1792 2695 1847 illico
2732 1790 3173 1862 egrediebantur.
3222 1790 3294 1845 Et
3340 1791 3503 1846 multi

1903 1878 1998 1951 qui
2046 1878 2216 1934 variis
2273 1878 2623 1934 vexabantur
2685 1877 3129 1951 aagritudinibus,
3187 1885 3502 1934 sanctorum

1901 1975 2184 2041 tangentes
2237 1966 2477 2035 sudaria,
2534 1966 2799 2023 continuo
2846 1965 3202 2034 sanabantur,
3251 1973 3305 2021 et
3349 1966 3507 2038 plura
3544 1977 3567 1994 ⁶

1903 2074 2000 2130 per
2027 2065 2243 2113 sanctos
2270 2072 2398 2113 suos
2428 2054 2703 2111 mirabilia
2733 2055 2788 2110 in
2821 2054 3009 2128 populi
3036 2053 3346 2127 praesentia,
3369 2054 3501 2111 dum

1905 2162 2056 2203 sacra
2074 2145 2407 2201 veherentur
2429 2142 2677 2216 pignora,
2709 2151 2964 2217 operatus
2993 2151 3076 2200 est
3105 2143 3397 2200 Dominus.

1976 2235 2030 2291 5.
2061 2233 2336 2306 Colligant
2364 2248 2491 2305 ergo
2524 2232 2618 2288 alii
2659 2249 2854 2289 aurum
2896 2241 3059 2305 atque
3098 2239 3405 2305 argentum,
3451 2238 3507 2287 et

1908 2323 1976 2379 de
2014 2322 2311 2379 latentibus
2356 2329 2551 2377 eruant
2588 2322 2771 2399 venis,
2820 2322 3004 2393 legant
3043 2320 3287 2394 pretiosa
3330 2318 3506 2376 moni-

1909 2411 2049 2468 lium
2079 2421 2249 2468 serta:
2285 2412 2602 2484 temporalis
2637 2412 2739 2467 iste
2774 2410 3067 2466 thesaurus
3092 2417 3195 2477 est,
3224 2416 3278 2465 et
3303 2409 3508 2465 haben-

1909 2496 2058 2553 tibus
2100 2514 2209 2553 non
2263 2498 2641 2571 infrequenter
2694 2496 3054 2568 perniciosus.
3109 2495 3220 2550 Nos
3276 2495 3509 2566 legimus

1913 2597 2219 2661 martyrum
2249 2588 2464 2654 clavos;
2521 2595 2575 2643 et
2616 2588 2799 2659 plures
2828 2586 3074 2659 quidem,
3106 2586 3235 2657 quia
3264 2586 3421 2658 plura
3448 2585 3508 2641 in

1912 2679 1991 2735 eis
2016 2678 2245 2734 vulnera
2275 2694 2437 2750 quam
2470 2677 2711 2732 membra
2740 2676 2984 2731 fuerunt.
3017 2674 3341 2747 Colligimus
3370 2691 3508 2730 san-

1913 2769 2134 2842 guinem
2165 2766 2579 2839 triumphalem,
2636 2773 2690 2821 et
2740 2765 2920 2822 crucis
2970 2766 3203 2836 lignum.
3259 2766 3507 2838 Namque

1913 2860 2056 2916 sicut
2075 2858 2169 2932 qui
2199 2858 2267 2913 ad
2296 2856 2615 2913 convivium
2640 2872 2894 2927 magnum
2919 2855 3248 2923 invitantur,
3265 2854 3507 2927 apopho-

1914 2955 2030 3004 reta
2061 2961 2246 3003 secum
2274 2946 2474 3002 referre
2513 2951 2870 3011 consuerunt,
2908 2943 2985 2998 ita
3022 2959 3122 2999 nos
3151 2959 3219 2998 ex
3244 2941 3508 2999 convivio

1916 3035 2247 3093 Bononiensi
2303 3033 2637 3107 apophoreta
2685 3032 2870 3105 gratiae
2904 3039 2960 3088 et
2995 3031 3303 3089 sanctitatis
3349 3032 3508 3106 plena

278 3098 332 3153 2.
374 3096 645 3154 Invitatus
695 3096 882 3170 itaque
928 3113 960 3153 a
1007 3097 1164 3169 plebe
1210 3097 1566 3166 Bononiensi,
1611 3113 1807 3170 negare
1840 3133 1885 3195 ο
1916 3126 2074 3183 nobis
2103 3096 2380 3181 reservalie
2409 3096 2746 3180 gumwmu's.

202 3185 553 3260 praesentiam
587 3201 786 3254 meam,
814 3186 1053 3243 Domino
1099 3196 1443 3260 suggerente,
1490 3187 1808 3242 nullatenus

202 3275 402 3348 potui;
436 3272 698 3347 quoniam
730 3282 949 3347 tempus
995 3275 1201 3343 aderat,
1231 3283 1294 3332 ut
1322 3292 1422 3331 sua
1466 3291 1587 3348 quas
1634 3273 1809 3332 Chri-

201 3369 327 3419 stus
351 3360 489 3416 solet
520 3359 818 3429 mirabilia,
863 3360 979 3417 suis
1015 3361 1273 3418 ﬁdelibus
1311 3362 1643 3418 ostenderet.
1671 3362 1807 3418 Nam

203 3450 541 3507 Diocletiani
570 3457 625 3505 et
651 3449 975 3505 Maximiani
1027 3450 1422 3523 imperatorum
1469 3450 1809 3524 temporibus

204 3539 322 3596 duo
352 3537 478 3600 viri.
511 3537 713 3595 Vitalis
750 3554 945 3611 nempe
975 3547 1031 3596 et
1065 3539 1342 3612 Agricola,
1374 3557 1471 3612 pro
1503 3540 1723 3599 Christo
1751 3540 1809 3595 in

204 3627 443 3686 civitate
488 3627 749 3684 Bononiae
796 3628 1129 3701 martyrium
1173 3628 1319 3701 passi
1357 3637 1526 3697 sunt;
1574 3645 1808 3700 quorum

205 3730 463 3788 corpora,
499 3732 566 3771 ne
594 3731 625 3770 a
654 3714 912 3771 ﬁdelibus
950 3716 1343 3789 reperirentur,
1397 3716 1541 3773 inter
1584 3717 1811 3774 ladano-

207 3820 336 3860 rum
394 3803 643 3876 sepulcra
702 3802 984 3861 recondita
1030 3805 1266 3862 fuerant.
1313 3803 1595 3863 Christum
1644 3806 1812 3878 igitur

205 3891 561 3960 conﬁtentes,
593 3899 650 3948 et
680 3908 778 3964 pro
806 3890 924 3963 ejus
961 3892 1136 3966 gloria
1181 3894 1498 3962 morientes,
1539 3894 1683 3951 inter
1720 3911 1814 3952 eos

208 3984 311 4058 qui
339 4000 466 4040 eum
495 3991 857 4057 negaverunt,
897 3982 1152 4041 indecore
1190 3985 1390 4057 sepulti
1425 3993 1573 4043 sunt.
1604 3988 1811 4045 Locum

208 4079 418 4140 autem,
451 4072 545 4144 qui
578 4089 773 4129 omnes
801 4072 1026 4139 latebat,
1057 4072 1310 4130 Christus
1338 4075 1608 4132 Dominus
1628 4084 1813 4133 noster

210 4159 358 4216 mihi
388 4161 629 4216 revelare
659 4160 916 4233 dignatus
958 4168 1059 4217 est.
1112 4160 1215 4218 Ubi
1253 4160 1481 4234 jejuniis
1528 4171 1581 4219 et
1614 4162 1811 4219 oratio-

209 4252 382 4310 nibus
411 4253 593 4325 plures
618 4253 881 4310 habentes
908 4251 1193 4321 excubias,
1236 4251 1551 4309 invenimus
1588 4253 1809 4309 tandem

210 4342 446 4416 pignora
474 4349 801 4414 martyrum,
833 4350 996 4414 prout
1026 4340 1163 4396 mihi
1203 4340 1476 4397 Dominus
1517 4342 1811 4398 revelave-

210 4440 324 4499 rat,
356 4439 616 4504 tanquam
648 4431 792 4487 inter
816 4429 1002 4505 spinas
1031 4445 1211 4486 rosam
1249 4430 1510 4503 legentes,
1551 4438 1606 4485 et
1635 4430 1811 4487 omni-

212 4521 323 4578 bus
353 4521 530 4592 palam
560 4521 907 4577 manifestata
935 4528 1085 4577 sunt.

290 4612 344 4669 3.
376 4611 581 4669 Aderat
611 4611 845 4684 populus
874 4610 1222 4669 Christianus
1247 4626 1372 4667 cum
1402 4610 1599 4683 plausu
1626 4618 1681 4667 et
1708 4610 1816 4667 Ιω-

212 4699 365 4757 titia.
395 4700 570 4757 Judaei
605 4700 855 4757 ludentes
874 4698 1165 4758 dicebant:
1201 4720 1221 4746 ι
1250 4699 1436 4756 Flores
1460 4698 1566 4755 visi
1596 4708 1726 4757 sunt
1755 4699 1813 4756 in

292 4844 413 4918 (24)
469 4845 652 4903 Codex
709 4847 839 4918 Reg.
880 4851 928 4901 et
981 4845 1244 4901 universae
1285 4845 1429 4918 plebi
1480 4852 1732 4902 teternam
1762 4846 1817 4901 in

210 4917 448 4989 Domino
474 4919 731 4989 salutem.
776 4917 971 4989 Magia!
1014 4923 1169 4986 atque
1209 4917 1464 4988 priecelsa
1514 4924 1817 4989 martyrum

216 4988 541 5055 testimonia,
570 5006 687 5059 qua:
718 4988 955 5061 attenuat
997 4995 1185 5061 noster
1214 4988 1392 5061 potius
1433 5005 1594 5059 quam
1635 4988 1818 5061 cmpli-

215 5064 307 5113 cat
334 5076 523 5114 sermo.
556 5061 733 5130 Igitur
768 5060 1021 5115 invitatus
1062 5078 1098 5114 a
1128 5060 1276 5129 plebe
1327 5060 1670 5127 Bononiensi,
1702 5060 1819 5115 ne-

216 5146 348 5201 gare
376 5131 717 5201 prmsentiam
768 5148 937 5186 meam
987 5131 1293 5185 nullatenus
1325 5130 1512 5201 potui:
1563 5130 1821 5200 quoniam

219 5200 424 5272 tempus
458 5202 665 5270 aderat,
694 5208 753 5257 ut
779 5218 877 5257 sua
906 5202 1164 5259 Dominus
1198 5200 1495 5268 mirabilia,
1526 5217 1643 5271 quce
1668 5202 1818 5270 solet,

221 5272 531 5344 ostenderet.
592 5273 927 5344 Apophoreta
972 5273 1182 5344 quidem
1227 5274 1390 5343 plena
1433 5272 1728 5327 sanctitatis
1773 5278 1822 5327 et

286 5343 412 5398 utile
434 5360 639 5416 mecum
664 5343 828 5416 detuli
858 5361 871 5416 ς
920 5345 1242 5416 apophoreta
1293 5348 1466 5416 autem
1513 5344 1690 5416 solent
1723 5344 1819 5397 ha-

254 5412 1115 5496 ςνο.ενίανηρ¹ιοξ..ρνῖεηςίραῇι.-Ει
1142 5416 1248 5496 haec
1267 5414 1589 5496 ampliorem
1620 5412 1822 5496 ξνίιιηετ

1839 4492 1889 4551 D

1985 3233 2038 3289 6.
2069 3232 2392 3289 Sanctorum
2438 3229 2607 3301 igitur
2653 3236 2965 3303 martyrum
3021 3230 3119 3286 uni
3175 3245 3379 3286 nomen
3428 3236 3510 3285 est

1915 3321 2137 3391 Vitalis,
2207 3318 2463 3392 Agricola
2526 3333 2728 3374 nomen
2810 3320 2967 3376 alteri
3030 3319 3252 3393 utrique
3307 3333 3508 3373 nomen

1916 3419 2137 3484 aptum;
2170 3419 2232 3468 ut
2262 3408 2528 3482 martyrio
2550 3408 2662 3481 jam
2704 3406 2975 3481 designati
3018 3407 3153 3481 ipsis
3192 3408 3357 3464 etiam
3398 3423 3509 3462 vo-

1916 3501 2130 3560 cabulis
2185 3509 2565 3558 noscerentur.
2623 3501 2756 3557 Nam
2814 3500 2908 3555 ille
2946 3499 3145 3555 Vitatis
3188 3498 3369 3555 dictus
3405 3506 3509 3566 est,

1918 3591 2071 3665 quasi
2094 3608 2188 3663 per
2216 3590 2377 3648 istius
2406 3590 2536 3647 vita).
2566 3596 2965 3661 contemptum,
2996 3587 3169 3644 vitam
3194 3586 3359 3642 aliam
3390 3601 3512 3658 quas

1917 3689 2119 3738 zeterna
2146 3689 2247 3749 est,
2278 3680 2386 3737 sibi
2413 3687 2758 3751 compararet
2786 3695 2798 3734 :
2832 3677 2935 3733 iste
2966 3693 3097 3734 vero
3116 3676 3399 3749 Agricola,
3413 3674 3511 3748 qui

1917 3772 2091 3828 bonos
2123 3769 2387 3842 spiritalis
2434 3769 2620 3842 gratia:
2667 3769 2882 3826 fructus
2913 3774 3134 3832 sereret,
3166 3773 3221 3821 et
3261 3764 3346 3821 sui
3376 3778 3513 3820 san-

1919 3861 2101 3935 guinis
2154 3860 2421 3917 effusione
2474 3858 2799 3916 meritorum
2847 3867 2901 3915 et
2956 3858 3229 3913 virtutum
3286 3869 3510 3910 suarum

1918 3952 2191 4025 plantaria
2220 3951 2441 4024 rigaret.
3039 3966 3043 3970 ι

1993 4070 2044 4124 7.
2092 4068 2326 4124 Sanctus
2367 4067 2588 4135 Vitalis,
2655 4083 2781 4124 cum
2845 4083 2877 4123 a
2935 4064 3396 4139 persecutoribus,
3450 4073 3514 4121 ut

1920 4157 2202 4215 Christum
2232 4165 2475 4231 negaret,
2510 4156 2895 4230 imperaretur,
2943 4164 2998 4213 et
3043 4156 3138 4213 ille
3172 4156 3516 4214 constantius

1919 4246 2301 4313 conﬁteretur;
2332 4245 2468 4302 adeo
2497 4246 2652 4301 omni
2697 4253 3096 4303 tormentorum
3137 4262 3333 4320 genere
3377 4262 3515 4303 cru-

1918 4335 2095 4391 ciatus
2123 4343 2227 4402 est,
2256 4340 2319 4389 ut
2354 4333 2542 4389 nullus
2581 4333 2700 4407 (25)
2748 4333 2809 4390 in
2848 4333 2968 4407 ejus
2996 4351 3223 4408 corpore
3248 4334 3367 4391 sine
3395 4334 3515 4389 vul-

1920 4448 2049 4489 nere
2094 4440 2234 4488 esset
2275 4431 2448 4488 locus.
2502 4430 2681 4499 Quare
2723 4431 2866 4490 hanc
2911 4431 2980 4488 ad
3026 4431 3324 4489 Dominum
3367 4426 3517 4485 488

1921 4523 2224 4580 orationem
2276 4521 2492 4590 effudit,
2552 4521 2787 4580 dicens:
2836 4522 3072 4578 Domine
3123 4522 3250 4578 Jesu
3295 4521 3516 4578 Christe

1923 4610 2171 4668 Salvator
2200 4627 2355 4667 meus
2387 4618 2441 4667 et
2469 4612 2616 4667 Deus
2642 4628 2814 4679 meus,
2846 4609 2981 4681 jube
3020 4609 3223 4681 suscipi
3252 4608 3511 4681 spiritum

1924 4715 2140 4770 meum;
2179 4699 2308 4774 quia
2330 4699 2445 4773 jam
2480 4698 2728 4757 desidero
2765 4698 3009 4771 accipere
3042 4714 3302 4756 coronam
3342 4712 3512 4771 quam

1927 4847 2107 4903 Sancti
2147 4846 2404 4917 martyris
2456 4861 2644 4917 nomen
2699 4843 2950 4917 Agricola
2988 4849 3080 4898 est.
3128 4842 3337 4901 Caetera
3382 4860 3517 4917 vero

1924 4917 2113 4973 eadem
2156 4913 2318 4984 serie,
2353 4931 2416 4971 ac
2456 4915 2652 4986 iisdem
2683 4913 2887 4986 verbis,
2918 4920 3149 4986 excepta
3172 4930 3282 4986 una
3315 4922 3411 4971 aut
3442 4915 3516 4971 al-

1923 4995 2041 5043 tera
2064 4986 2357 5054 sententia,
2391 4984 2661 5058 habentur
2690 4985 2748 5040 in
2780 4984 3073 5058 Exhortat.
3100 4985 3367 5058 Virgin._a
3393 5002 3513 5058 cap.

1928 5058 1978 5127 1,
2012 5074 2167 5130 num.
2208 5058 2262 5130 2,
2302 5073 2473 5130 usque
2510 5055 2580 5112 ad
2633 5056 2859 5130 cap,‘2,
2908 5055 3340 5130 num._10.‘_Sed
3394 5055 3520 5130 post

1927 5126 2093 5184 verba
2126 5129 2282 5200 rhodie
2324 5126 2624 5200 dedicamus
2667 5126 3020 5200 subjungitur
3066 5127 3164 5200 illa
3211 5126 3516 5197 invocatio,

1927 5216 2090 5272 quam
2120 5199 2179 5254 in
2227 5200 2333 5272 lib._
2359 5199 2466 5272 _cit.
2511 5215 2628 5272 cap.
2682 5199 2780 5269 14,
2825 5199 2979 5255 num.
3030 5199 3119 5269 94,
3166 5200 3341 5272 legere
3386 5207 3513 5257 est:

1928 5269 2215 5396 pogitquam
2272 5269 2495 5329 additur
2547 5269 2827 5328 clausula:
2870 5272 3029 5328 Passi
3070 5269 3391 5341 sunt,'etc.,
3456 5278 3519 5327 ut

1928 5359 1985 5396 in
2014 5358 2092 5396 ra.

1928 5358 2092 5397 intra.

2169 5414 2337 5495 Reg.“
2358 5412 2554 5495 codex,
2607 5415 2949 5495 proﬁteretur
3002 5413 3289 5495 Dominum
3341 5412 3520 5469 Iesum

216 5486 413 5567 phalia
440 5483 600 5567 sunt;
632 5483 834 5567 Cbristi
860 5483 1015 5567 cnim
1048 5486 1243 5567 nostri
1262 5483 1525 5566 principis
1568 5484 1825 5567 triumphi
1934 5483 2222 5567 Christum,
2254 5483 2372 5567 illis
2403 5483 2635 5567 omnium
2683 5483 3061 5567 tormentorum
3114 5486 3172 5542 in
3223 5501 3281 5541 eo
3328 5500 3520 5557 genera

220 5555 347 5612 sunt
371 5563 669 5626 martyrum
690 5556 926 5638 palma.
963 5559 1109 5629 Ergo
1133 5555 1279 5638 _qu_i_a
1324 5555 1378 5610 in
1404 5571 1485 5638 me
1513 5555 1819 5638 minusest.

222 5644 388 5701 quam
416 5624 864 5701 prdsumebatur,
902 5626 964 5684 in
1003 5624 1329 5702 martyribus
1362 5627 1491 5700 plus
1535 5624 1823 5699 reperitur,

1931 5555 2305 5626 exercentibus,
2332 5556 2409 5615 ita
2435 5564 2494 5614 ut
2525 5573 2631 5615 non
2657 5562 2805 5625 esset,
2836 5563 2938 5614 etc.
