3880 6198
418 243 525 300 827

1446 240 1544 293 AD
1583 234 1817 293 OPERA
1853 233 1910 289 S.
1951 230 2284 289 AMBROSII
2321 229 2702 286 APPENDIX.

3650 222 3749 278 828

420 377 644 427 sanctus
680 367 906 439 angelus
951 372 1081 421 tuus
1130 362 1267 418 mihi
1317 360 1577 418 ostendit.
1640 360 1711 415 Et
1747 358 2019 431 completa
2044 359 2095 418 A
2193 357 2245 413 2.
2279 355 2399 411 Non
2430 360 2582 425 potes
2615 352 2753 408 iram
2782 351 2976 420 vitare,
3008 350 3194 407 saltem
3226 357 3510 421 tempera.
3544 348 3745 418 Magna

421 459 694 527 oratione,
728 456 914 513 emisit
939 452 1215 527 spiritum.

492 553 549 609 8.
578 553 811 609 Sanctus
840 566 971 604 vero
1007 547 1265 619 Agricola
1306 542 1622 600 mitioribus
1653 540 1728 595 ita
1758 538 2021 611 praeditus

421 651 538 699 erat
566 640 833 706 moribus,
862 646 921 693 ut
973 636 1040 691 ab
1086 634 1345 692 omnibus
1383 634 1625 704 impense
1656 629 2014 702 diligeretur:

421 732 655 804 ideoque
696 730 815 801 ejus
862 727 1167 799 passionem
1200 724 1545 779 differebant.
1580 724 1785 779 Verum
1830 738 2020 793 perse—

421 829 676 876 cutorum
720 810 837 873 haec
868 813 1231 886 indulgentia,
1264 814 1517 885 quapiam
1548 813 1714 867 etiam
1749 810 2019 867 immani-

419 917 529 964 tate
561 908 791 979 martyri
832 905 1122 961 videbatur
1168 902 1447 970 acerbior;
1499 920 1598 958 nec
1635 902 1782 957 enim
1825 918 2014 957 eorum

418 996 703 1052 blanditia:
732 994 1063 1061 sedulitatis,
1105 993 1198 1049 sed
1236 992 1445 1048 fraudis
1473 1000 1659 1047 erant:
1693 988 2018 1046 differebant

420 1086 621 1158 quippe
650 1099 931 1140 coronam.
974 1082 1117 1139 Hinc
1145 1098 1382 1153 namque
1411 1088 1681 1137 tormenta
1711 1078 2017 1152 supplicia-

420 1191 525 1249 que
557 1174 714 1247 plura
756 1173 814 1228 in
858 1180 1046 1228 sancto
1092 1188 1383 1229 exercuere
1411 1171 1615 1238 Vitale,
1657 1176 1720 1225 ut
1764 1178 2011 1225 sanctum

420 1274 688 1323 terrerent
716 1265 1028 1337 Agricolam
1062 1280 1075 1319 :
1117 1262 1211 1318 sed
1240 1261 1510 1318 Dominus
1538 1261 1634 1316 illa
1664 1260 1721 1316 in
1753 1258 2015 1331 majorem

418 1355 537 1427 ejus
559 1353 923 1411 constantiam
956 1353 1141 1408 vertit.
1172 1352 1421 1423 Denique
1444 1351 1696 1406 videntes
1725 1348 1867 1404 nihil
1895 1364 2014 1420 pro-

417 1445 604 1513 ﬁcere,
646 1461 770 1502 eum
820 1444 1040 1501 tandem
1088 1442 1240 1500 cruci
1290 1443 1617 1510 aﬂixerunt;
1668 1441 1856 1514 sicque
1901 1442 2014 1497 Deo

420 1535 681 1607 spiritum
713 1533 974 1590 reddidit.

489 1623 545 1680 9.
579 1624 810 1679 Sanctus
830 1621 1032 1678 Vitalis
1071 1621 1243 1676 sancti
1276 1620 1545 1693 Agricolae
1583 1636 1773 1676 servus
1815 1619 2012 1684 fuerat,

420 1732 553 1772 mox
582 1714 700 1788 ejus
734 1715 792 1770 in
822 1714 1070 1787 passione
1119 1713 1323 1778 socius,
1371 1728 1519 1768 nunc
1556 1711 1741 1783 gloriae
1790 1727 2015 1767 consors

419 1807 599 1863 factus
626 1812 726 1860 est.
756 1804 950 1860 Merito
979 1811 1160 1859 autem
1200 1811 1420 1859 sanctus
1447 1801 1649 1858 Vitalis
1678 1800 1855 1873 primo
1886 1817 2020 1873 pas-

329 1955 351 1971 .
419 1912 514 1952 sus
541 1903 644 1964 est,
672 1902 724 1950 et
752 1902 814 1950 ut
840 1910 1031 1950 servus
1061 1893 1356 1964 praecessit,
1387 1890 1517 1964 quia
1543 1890 1770 1945 domino
1796 1889 2019 1962 parabat

420 1988 604 2041 locum
640 2002 652 2041 :
694 1991 913 2040 secutus
960 1991 1043 2039 est
1087 1982 1363 2047 dominus,
1417 1987 1480 2035 ut
1524 1979 1669 2036 servi
1731 1978 2018 2051 prudentis

417 2078 584 2133 fidem
616 2074 891 2149 probaret.
934 2073 1119 2129 Passio
1151 2073 1295 2127 servi
1326 2070 1620 2143 disciplina
1650 2077 1730 2125 est
1759 2069 1972 2124 domini
2000 2086 2012 2124 :

417 2165 511 2223 hic
538 2166 803 2233 instituit,
834 2163 928 2219 ille
959 2163 1242 2235 implevit;
1297 2160 1439 2216 nihil
1487 2160 1569 2215 illi
1618 2159 1883 2216 servitute
1912 2159 2019 2216 de-

416 2257 680 2330 cerpitur.
714 2254 1003 2323 Quomodo
1032 2261 1213 2309 autem
1245 2250 1424 2307 minui
1454 2258 1651 2323 potest,
1683 2248 1829 2321 quod
1858 2242 2015 2307 Chri-

416 2353 534 2404 stus
560 2345 787 2401 donavit
812 2344 1023 2417 egregie
1049 2343 1061 2399 l
1096 2343 1193 2400 Ille
1220 2341 1442 2415 quidem
1474 2338 1689 2396 homini
1718 2337 2017 2394 serviendo

417 2433 618 2491 didicit
683 2433 958 2507 quomodo
1005 2432 1241 2505 placeret
1281 2429 1547 2488 Christo:
1600 2427 1695 2484 hic
1742 2427 2016 2500 geminam

417 2522 716 2596 acquisivit
746 2521 962 2578 laudem
992 2521 1049 2576 in
1082 2520 1180 2576 illo
1214 2517 1533 2591 magisterii,
1567 2516 1621 2572 in
1653 2533 1708 2572 se
1737 2513 2012 2587 martyrii.

418 2611 711 2669 Beneﬁciis
775 2619 970 2667 mutuo
1018 2616 1389 2675 certaverunt,
1443 2615 1730 2680 postquam
1782 2605 2017 2678 aequales

416 2718 531 2758 esse
563 2708 880 2758 meruerunt
914 2719 926 2757 :
959 2698 1052 2756 hic
1080 2699 1237 2755 illum
1265 2696 1334 2753 ad
1362 2695 1687 2769 martyrium
1727 2694 2013 2768 praemisit,

418 2790 514 2846 ille
542 2790 712 2845 istum
741 2788 1050 2845 accersivit.
1101 2787 1253 2844 Nihil
1284 2802 1412 2857 ergo
1442 2785 1509 2841 ad
1539 2783 1793 2838 meritum
1824 2782 2015 2837 homi-

408 2868 506 2937 ‘nis
552 2879 801 2935 conditio
855 2876 1117 2945 detraxit,
1163 2876 1306 2931 nihil
1363 2874 1602 2946 dignitas
1658 2873 1859 2928 auxit:
1920 2871 2013 2927 sed

418 2977 714 3041 utrumque
738 2966 875 3022 ﬁdes
910 2964 1336 3022 consummavit.
1383 2963 1519 3018 Nam
1573 2962 1837 3034 scriptum
1880 2969 1963 3017 est
1996 2980 2008 3017 :

2131 443 2303 516 gloria
2341 451 2422 498 est
2456 442 2523 510 si,
2550 441 2640 499 cui
2672 441 2897 513 potuisti
2937 455 3152 509 nocere,
3195 454 3430 509 parcas;
3488 439 3746 509 peccanti

2131 534 2189 589 in
2217 542 2270 588 te
2301 548 2411 588 non
2444 531 2713 587 retribuas
2752 528 3052 586 secundum
3094 528 3342 599 culpam,
3383 527 3580 583 sciens
3614 528 3672 582 in
3702 536 3749 582 te

2129 631 2424 679 venturum
2454 638 2567 677 esse
2593 620 2888 693 judicium.
2920 619 3053 674 Nam
3096 635 3205 672 non
3253 618 3494 673 habebis
3543 617 3745 672 indul-

2128 710 2388 782 gentiam,
2423 708 2531 765 nisi
2565 709 2720 764 alteri
2750 707 3041 763 donaveris
3072 706 3210 777 (Jac.
3253 723 3314 773 ιι,
3350 705 3442 776 13)
3475 723 3489 772 ;
3545 705 3741 761 odium

2127 797 2273 853 enim
2307 796 2586 852 hominem
2618 804 2830 867 separat
2857 812 2888 849 a
2917 811 3104 867 regno,
3133 811 3165 849 a
3192 794 3335 849 coelo
3364 792 3686 858 subtrahit,
3716 811 3743 848 a

2129 886 2379 960 paradiso
2407 883 2615 955 dejicit.

2197 990 2251 1046 3.
2283 992 2347 1045 In
2375 990 2631 1047 omnibus
2663 989 2879 1047 actibus
2917 988 3026 1043 tuis
3053 987 3275 1043 imitare
3317 986 3524 1054 bonos,
3568 1002 3742 1042 aemu-

2126 1081 2237 1135 lare
2274 1088 2512 1148 sanctos,
2560 1079 2756 1136 habeto
2802 1086 2927 1133 ante
2975 1078 3164 1133 oculos
3210 1077 3470 1148 exempla
3517 1085 3740 1133 sancta

2124 1185 2287 1224 rum:
2324 1168 2501 1225 socios
2545 1168 2647 1224 tibi
2691 1167 2865 1223 bonos
2907 1164 3201 1237 conjunge,
3252 1165 3385 1237 quia
3440 1165 3492 1221 si
3553 1166 3743 1222 socius

2123 1257 2297 1313 fueris
2323 1256 2777 1323 conversationis,
2828 1254 2937 1311 eris
2987 1262 3041 1310 et
3081 1254 3310 1309 virtutis
3359 1256 3541 1324 (Psal.
3595 1272 3741 1322 xvii,

2124 1344 2239 1417 26).
2270 1345 2644 1402 Periculosum
2667 1352 2749 1401 est
2775 1362 2902 1401 cum
2932 1344 3020 1399 his
3047 1343 3141 1417 qui
3171 1344 3313 1398 male
3342 1343 3576 1413 vivunt,
3610 1360 3738 1400 con-

2123 1437 2351 1493 versari.
2381 1437 2577 1493 Melius
2619 1444 2701 1492 est
2741 1452 2869 1508 ergo
2915 1434 3118 1491 habere
3174 1435 3448 1492 malorum
3510 1435 3734 1504 odium,

2123 1541 2287 1598 quam
2316 1526 2678 1582 consortium.

2194 1621 2246 1677 4.
2281 1623 2471 1680 Vanus
2499 1639 2678 1678 sermo
2717 1622 2828 1677 cito
2871 1621 3073 1694 polluit
3122 1628 3400 1688 mentem;
3458 1629 3520 1678 et
3577 1622 3735 1678 facile

2043 1719 2089 1780 Β
2122 1712 2302 1783 agitur
2353 1712 2503 1785 quod
2554 1711 2790 1768 libenter
2842 1710 3085 1766 auditur.
3142 1712 3258 1767 Hoc
3300 1712 3628 1783 proferatur
3671 1729 3735 1768 ex

2129 1799 2288 1855 labiis
2314 1800 2463 1872 quod
2491 1816 2651 1855 aures
2675 1816 2788 1855 non
2818 1800 3029 1871 polluat
3056 1799 3352 1856 audientis.
3398 1802 3587 1856 Mores
3629 1801 3735 1856 ho-

2127 1890 2293 1946 minis
2324 1891 2441 1962 (26)
2476 1891 2664 1962 lingua
2692 1891 2903 1964 pandit,
2937 1900 2992 1947 et
3020 1891 3199 1965 qualis
3241 1909 3428 1949 sermo
3474 1895 3733 1950 ostendi-

2125 1988 2236 2051 tur,
2271 1982 2395 2038 talis
2440 1983 2661 2039 animus
2707 1983 3144 2055 comprobatur:
3193 2008 3212 2031 ι
3256 1984 3345 2039 Ex
3389 1984 3732 2041 abundantia

2124 2071 2271 2127 enim
2300 2072 2484 2128 cordis
2511 2088 2574 2128 os
2601 2072 2867 2145 loquitur,
2901 2097 2920 2121 ι
2964 2083 3028 2129 ιιι
3056 2072 3325 2146 scriptum
3376 2083 3462 2131 est
3516 2076 3727 2143 (Matth.

2124 2176 2227 2229 xu,
2260 2161 2377 2232 34).
2392 2162 2586 2218 Retine
2607 2162 2836 2218 verbum
2858 2164 3007 2236 quod
3027 2178 3140 2219 non
3160 2163 3398 2219 aediﬁcat
3411 2164 3726 2235 audientes,

2125 2248 2253 2320 quia
2299 2249 2395 2321 qui
2438 2250 2676 2306 otiosum
2718 2251 2947 2308 verbum
2995 2267 3107 2308 non
3160 2251 3435 2323 reprimit,
3498 2254 3613 2311 cito
3664 2256 3727 2311 ad

2124 2337 2294 2392 noxia
2323 2337 2521 2394 transit
2560 2339 2703 2412 (27).

2203 2443 2350 2501 489
2378 2449 2433 2505 5.
2464 2449 2542 2505 De
2570 2448 2753 2504 alieno
2780 2449 2925 2505 malo
2954 2465 3016 2505 os
3045 2458 3202 2506 tuum
3233 2465 3345 2506 non
3372 2451 3725 2526 coinquines:

2124 2553 2405 2610 nunquam
2434 2537 2687 2595 detrahas
2717 2539 2986 2611 peccanti,
3015 2538 3110 2595 sed
3139 2539 3371 2597 condole
3409 2559 3423 2597 :
3474 2542 3629 2615 quod
3675 2543 3727 2597 in

2123 2625 2247 2681 aliis
2290 2626 2555 2696 detrahis,
2606 2627 2665 2683 in
2712 2636 2766 2685 te
2815 2629 3000 2700 potius
3046 2628 3390 2700 pertimesce.
3434 2631 3725 2702 Nunquam

2123 2717 2367 2788 profecto
2415 2717 2689 2788 detrahes,
2738 2719 2781 2775 si
2839 2728 2895 2775 te
2943 2719 3124 2791 ipsum
3170 2719 3310 2775 bene
3358 2722 3724 2794 perspexeris.

2122 2804 2357 2861 Tantum
2394 2823 2527 2862 cura
2550 2807 2823 2881 corrigere
2851 2808 3020 2864 vitam
3053 2816 3228 2876 tuam,
3276 2816 3552 2881 quantum
3596 2827 3727 2882 pro-

2118 2893 2286 2965 spicis
2309 2894 2566 2951 alienam.
2599 2896 2703 2951 Per
2729 2897 2938 2952 nullam
2974 2896 3248 2953 fallaciam
3273 2897 3454 2953 vitam
3488 2897 3726 2969 alicujus

2122 2981 2406 3040 defendas.

429 3082 447 3105 ‘
476 3058 602 3114 Sive
823 3056 940 3112 δίνθ
986 3071 1198 3157 “Tim,
1235 3053 1527 3157 Omnes-vi"
1574 3051 1792 3154 Chrism
1839 3068 2010 3157 “nu”:
2046 3074 2091 3135 C
2199 3083 2252 3139 6.
2277 3085 2387 3140 Nec
2425 3083 2599 3155 plaga,
2634 3098 2734 3139 nec
2763 3098 2912 3138 mors
2940 3089 2994 3138 te
3021 3082 3275 3150 terrebit,
3308 3082 3353 3138 si
3386 3082 3530 3139 bene
3559 3092 3616 3140 et
3639 3085 3721 3157 pie

412 3165 603 3206 sumus
647 3148 855 3219 (Galat.
900 3165 983 3213 ιιι,
1022 3146 1115 3218 28)
1152 3165 1165 3215 ;
1217 3153 1316 3202 et:
1363 3170 1381 3193 ι
1430 3144 1814 3217 Unusquisque
1863 3143 2008 3216 quod

416 3238 609 3295 fecerit
646 3238 873 3307 bonum,
907 3238 1013 3293 hoc
1041 3236 1268 3309 recipiet
1309 3252 1341 3291 a
1387 3235 1624 3292 Domino
1669 3233 1887 3305 (Ephes.
1928 3252 2007 3303 γι,

410 3329 492 3402 8).
516 3353 534 3375 ι
577 3328 738 3402 Apud
766 3330 1065 3385 Dominum
1094 3329 1240 3384 enim
1265 3326 1503 3383 servitus
1530 3334 1584 3381 et
1614 3324 1836 3380 libertas
1856 3340 2012 3395 aequa

411 3420 567 3476 lance
623 3419 983 3491 penduntur:
1035 3435 1159 3474 cum
1210 3417 1363 3472 nulla
1404 3415 1476 3471 sit
1528 3413 1702 3485 major
1748 3413 2010 3485 dignitas,

410 3523 576 3581 quam
606 3506 813 3562 servire
843 3506 1082 3572 Christo,
1110 3506 1203 3577 qui
1254 3506 1395 3560 tanti
1442 3520 1543 3559 nos
1585 3500 1900 3569 aestimavit,
1948 3507 2011 3556 ut

411 3596 650 3651 animam
684 3610 838 3649 suam
869 3611 967 3665 pro
1000 3593 1158 3649 nobis
1187 3592 1445 3649 traderet.

485 3682 570 3738 10.
604 3682 733 3738 Haec
758 3681 920 3738 vobis
948 3697 1121 3754 pauca
1149 3689 1203 3737 et
1228 3678 1661 3753 compendiario,
1702 3678 2010 3736 dilectissi—

410 3769 487 3824 mi
508 3768 723 3838 fratres,
745 3768 813 3825 de
833 3784 1123 3841 corporum
1146 3774 1460 3824 sanctorum
1489 3774 1793 3837 martyrum
1819 3765 2009 3822 inven-

408 3858 560 3915 tione
587 3857 898 3931 signiﬁcare
927 3857 1244 3915 curavimus
1268 3875 1282 3925 ;
1317 3864 1379 3913 ut
1408 3855 1653 3928 ipsorum
1686 3855 2006 3912 memoriam

410 3947 469 4004 in
508 3949 774 4006 Ecclesiis
800 3949 978 4006 facere
1005 3947 1253 4005 valeatis.
1286 3945 1435 4002 Passi
1465 3951 1595 4000 sunt
1621 3952 1802 4000 autem
1833 3945 2008 4002 sancti

408 4047 677 4112 martyres
705 4040 808 4096 sub
830 4040 1176 4098 Diocletiano
1204 4047 1259 4096 et
1286 4038 1623 4095 Maximiano
1653 4036 2009 4110 imperatori-

408 4129 532 4196 bus,
563 4128 623 4184 in
659 4129 883 4186 civitate
909 4130 1246 4187 Bononiensi
1276 4127 1579 4201 provinciae
1607 4127 1798 4197 Italiaa,
1830 4128 2008 4200 pridie

409 4219 592 4275 Nonas
646 4218 996 4287 Novembris,
1041 4229 1302 4292 regnante
1337 4221 1466 4276 Jesu
1510 4217 1732 4275 Christo
1769 4219 2007 4276 Domino

409 4313 621 4376 nostro,
649 4308 741 4364 cui
770 4317 853 4365 est
877 4309 1059 4366 omnis
1087 4309 1266 4366 honor
1293 4317 1348 4365 et
1377 4309 1551 4381 gloria
1587 4309 1646 4365 in
1676 4309 1875 4367 saecula
1902 4326 2007 4366 sa-

406 4397 682 4465 culorum,
714 4411 894 4454 amen.

736 4511 1078 4569 EPISTOLA
1122 4512 1200 4570 Iv
1240 4512 1420 4586 (Alias
1449 4511 1684 4586 XXIX).

410 4626 730 4704 Glorianum
770 4624 860 4704 ad_
881 4629 1151 4704 maturam
1200 4628 1248 4704 et
1299 4621 1604 4704 continuam
1644 4620 2008 4704 pmn‘itentiam

476 4699 733 4766 excitans,
767 4696 896 4766 quid
924 4694 1029 4767 ipsi
1064 4694 1170 4749 sive
1214 4694 1272 4749 in
1300 4693 1452 4748 dictis
1492 4693 1601 4767 sive
1635 4692 1693 4748 in
1734 4692 1891 4764 factis
1933 4711 2006 4750 se-

477 4764 741 4841 quendum
769 4764 1137 4840 fugiendumve
1161 4766 1247 4833 sit,
1276 4764 1594 4838 prtem-ibit.

727 4877 1047 4932 Ansnosws
1070 4873 1357 4947 episcopus
1378 4874 1683 4930 FLORIANO.

482 4972 533 5029 ι.
567 4973 782 5031 Dilecte
809 4973 913 5041 ﬁli,
944 4972 1114 5043 dilige
1142 4972 1433 5043 lacrymas,
1475 4971 1589 5027 noli
1631 4970 1852 5028 differre
1893 4987 2003 5030 eas.

413 5061 646 5118 Tantum
681 5073 967 5136 promptus
995 5069 1111 5117 esto
1137 5061 1205 5117 ad
1234 5062 1494 5130 lamenta,
1535 5068 1801 5134 quantum
1849 5053 2004 5117 fuisti

407 5161 696 5224 promptus
725 5159 779 5208 et
807 5167 1013 5224 pronus
1042 5150 1112 5206 ad
1138 5151 1378 5222 culpam.
1419 5150 1583 5206 Nulla
1630 5167 1717 5207 res
1752 5149 1820 5207 de
1869 5166 2007 5223 pec-

406 5250 533 5299 cato
570 5248 623 5299 te
652 5256 907 5298 securum
936 5239 1102 5297 faciat
1131 5240 1325 5310 (Eccli.
1360 5256 1415 5308 v,
1440 5240 1523 5311 ὕ).

502 5419 599 5553 26)
626 5420 789 5477 Rom.
823 5417 981 5487 edit.,
1009 5420 1231 5478 Mentem
1260 5417 1507 5485 hominis,
1538 5426 1645 5475 etc.

505 5490 574 5545 27
630 5490 833 5545 Eadem
857 5489 1014 5553 edit.,
1045 5489 1118 5545 ad
1144 5489 1362 5545 noxiam
1392 5489 1574 5545 trahit.

505 5489 599 5553 27)
630 5490 833 5545 Eadem
857 5489 1014 5559 edit.,
1045 5489 1118 5545 ad
1144 5489 1362 5545 noxiam
1392 5489 1574 5545 trahit.

484 5559 601 5631 (28)
631 5560 761 5632 Reg.
795 5559 1005 5629 Codex,
1028 5566 1283 5633 perpetua
1307 5577 1466 5632 poma
1495 5560 1822 5632 constringit.

2119 3172 2349 3230 vixeris.
2382 3173 2684 3231 Curiositas
2713 3174 3019 3246 periculosa
3057 3173 3414 3246 praesumptio
3453 3182 3558 3230 est.
3599 3177 3719 3231 Plus

2119 3258 2288 3332 dilige
2318 3260 2509 3317 audire
2553 3278 2717 3335 quam
2763 3261 2981 3319 dicere:
3033 3262 3157 3333 plus
3193 3261 3510 3318 auscultare
3558 3279 3715 3335 quam

2120 3349 2291 3422 loqui.
2321 3350 2427 3417 Qui
2466 3350 2807 3422 obtemperat
2835 3350 2890 3406 in
2927 3350 3090 3417 malo,
3140 3349 3340 3405 similis
3384 3357 3471 3405 est
3506 3352 3581 3419 ei,
3630 3352 3715 3423 qui

2119 3438 2254 3494 facit
2280 3440 2509 3494 malum.
2553 3439 2867 3496 Facientem
2897 3446 2951 3495 et
2981 3438 3372 3512 obsequentem
3419 3455 3522 3511 par
3555 3440 3715 3512 poeni-

2119 3528 2292 3583 tentia
2320 3528 2650 3600 constringit
2690 3527 2830 3600 (28).
2873 3526 3156 3601 Quidquid
3184 3526 3316 3583 boni
3346 3543 3478 3583 curn
3507 3527 3716 3584 discre-

2118 3616 2268 3673 tione
2296 3616 2510 3686 feceris,
2543 3616 2721 3672 virtus
2746 3625 2830 3673 est
2862 3633 2874 3673 :
2915 3617 3102 3672 virtus
3130 3632 3263 3672 vero
3293 3615 3595 3673 indiscreta
3625 3633 3713 3689 pro

2117 3705 2257 3761 vitio
2287 3705 2601 3778 deputatur.

2189 3804 2239 3859 7.
2268 3803 2669 3860 Testimonium
2710 3810 2865 3859 tuum
2898 3802 3041 3859 nulli
3071 3811 3266 3860 noceat
3299 3821 3312 3859 :
3365 3819 3550 3859 sermo
3595 3810 3710 3859 tuus

2116 3908 2229 3948 non
2258 3891 2330 3948 sit
2361 3891 2830 3965 reprehensihilis,
2863 3891 2957 3948 sed
2985 3891 3053 3948 ab
3084 3892 3344 3949 omnibus
3393 3891 3469 3948 sit
3517 3909 3707 3964 accep-

2115 3990 2204 4039 tus
2233 3990 2397 4055 atque
2426 3982 2739 4040 laudabilis.
2770 3982 2990 4038 Nullius
3012 3998 3256 4055 personae
3277 3982 3483 4038 affectu
3511 3998 3544 4037 a
3574 3990 3708 4038 recto

2109 4069 2327 4144 judicio
2354 4070 2681 4139 deﬂectaris,
2712 4087 2782 4126 an
2813 4070 2990 4139 dives,
3020 4087 3089 4126 an
3122 4087 3327 4143 pauper
3357 4071 3460 4140 sit;
3498 4087 3703 4128 causam

2117 4159 2349 4232 respice,
2380 4176 2496 4216 non
2534 4175 2842 4231 personam.
2888 4159 3170 4216 Justitiam
3217 4177 3315 4233 pro
3359 4162 3481 4217 sola
3521 4170 3706 4218 aeterna

2119 4247 2481 4304 retributione
2527 4247 2835 4315 distribue;
2882 4248 2977 4321 qui
3025 4247 3175 4304 enim
3231 4249 3526 4321 praesentia
3575 4250 3705 4305 dona

2117 4338 2352 4408 affectat,
2381 4338 2623 4394 futuram
2654 4339 2883 4410 gloriam
2914 4355 3026 4395 non
3052 4340 3271 4412 quaerit,
3304 4340 3391 4394 vel
3423 4348 3622 4411 sperat.
3651 4340 3703 4395 In

2034 4426 2084 4484 D
2108 4427 2325 4500 judicio
2353 4445 2633 4502 nunquam
2653 4428 3086 4485 misericordiam
3107 4429 3354 4486 deseras:
3389 4429 3566 4502 impia
3594 4430 3705 4501 (29)

2110 4518 2331 4592 justitia
2360 4527 2442 4574 est
2471 4518 2729 4575 humanas
2758 4518 3045 4591 fragilitati
3086 4535 3200 4575 non
3243 4518 3548 4591 ignoscere.
3590 4520 3701 4577 Nul-

2118 4609 2233 4665 lum
2299 4615 2426 4665 ante
2472 4607 2748 4682 judicium
2799 4608 3131 4665 condemnes
3172 4627 3185 4666 :
3237 4609 3454 4665 nullum
3503 4608 3704 4682 judices

2066 4752 2067 4755 η
2117 4698 2448 4772 suspicionis
2464 4698 2711 4756 arbitrio.

2185 4798 2241 4854 8.
2278 4798 2424 4856 Cave
2480 4797 2738 4866 honores,
2793 4813 2930 4870 quos
2979 4804 3164 4853 tenere
3215 4797 3336 4854 sine
3385 4798 3554 4870 culpa
3605 4814 3705 4854 non

2114 4897 2291 4961 potes.
2323 4886 2649 4944 Sublimitas
2686 4886 2956 4943 honorum
3001 4886 3121 4942 sine
3150 4902 3316 4942 onere
3359 4888 3574 4958 peccati
3617 4887 3705 4942 vix

2114 4984 2376 5045 tenetur;
2413 4976 2536 5033 ideo
2556 4975 2695 5033 dicit
2721 4975 3020 5048 Apostolus
3052 4993 3064 5030 :
3109 4999 3129 5023 ι
3164 4976 3277 5032 Nec
3313 4983 3620 5048 quaerentes
3644 4974 3705 5030 ab

2117 5066 2439 5124 hominibus
2464 5067 2693 5140 gloriam
2722 5067 2780 5139 (Ι
2812 5067 2990 5123 Thess.
3017 5083 3077 5134 ιι,
3111 5066 3169 5137 6)
3206 5083 3219 5122 :
3251 5065 3312 5121 in
3338 5064 3536 5137 majori
3566 5065 3701 5123 enim

2114 5158 2286 5230 gradu
2319 5156 2438 5230 (30)
2481 5155 2655 5228 major
2696 5156 2817 5213 sine
2848 5153 3022 5212 dubio
3062 5155 3225 5229 culpa
3251 5162 3372 5212 est:
3402 5154 3502 5228 qui
3531 5155 3703 5211 minor

2112 5258 2213 5317 est,
2246 5248 2423 5304 veniae
2449 5246 2739 5321 proximus
2763 5254 2863 5304 est.

2186 5415 2303 5561 (29;
2327 5418 2515 5475 Codex
2538 5418 2694 5490 Reg,
2727 5418 2896 5501 impia
2920 5431 3063 5472 mens
3081 5421 3175 5479 est,
3204 5423 3310 5473 etc.
3439 5489 3450 5499 _

2186 5487 2279 5573 (30
2336 5490 2485 5573 Idem
2512 5488 2633 5572 cod.
2668 5490 3014 5573 Syrunm-atus
3035 5488 3284 5544 honorem
3321 5488 3579 5563 agmtudo
3605 5494 3690 5556 est,

2110 5561 2358 5618 scelerum
2390 5579 2409 5616 :
2434 5562 2493 5619 in
2523 5561 2721 5633 majori
2745 5562 2940 5635 gradu,
2966 5567 3077 5618 etc.

2327 5418 2515 5501 Codex
2538 5418 2706 5501 Reg,
2727 5418 2896 5501 impia
2918 5431 3063 5501 mens
3081 5421 3175 5479 est,
3204 5423 3310 5473 etc.
