3880 6198
242 273 354 330 829

1551 268 2034 329 PBECATIONES
2066 270 2236 326 DUIE
2247 313 2260 326 .

3437 270 3544 329 830

317 411 371 466 9.
414 409 610 464 Nullus
649 408 768 464 sine
814 411 1025 480 peccati
1058 408 1303 481 periculo
1335 415 1575 464 terrenas
1611 423 1695 464 res
1725 408 1841 481 (3f)
1875 411 1924 469 Α
2028 407 2113 463 10.
2155 406 2428 462 Omnibus
2451 408 2632 465 tribue
2665 427 2677 464 :
2730 425 2838 465 non
2867 410 3038 482 eligas
3064 410 3154 465 cui
3193 409 3539 478 miserearis;

241 497 631 554 administrat:
669 497 826 552 valde
856 513 1042 552 rarum
1072 506 1172 565 est,
1206 504 1267 552 ut
1293 497 1388 570 qui
1417 495 1641 552 divitias
1673 497 1840 568 possi-

240 585 339 641 det
368 585 434 640 ad
466 586 708 657 requiem
732 585 939 641 tendat.
975 587 1128 642 Unde
1157 586 1420 657 scriptum
1452 593 1567 640 est:
1616 608 1633 630 ι
1666 585 1839 639 Amen

243 674 374 730 dico
421 675 580 730 vobis
613 676 760 748 quod
801 675 958 731 dives
987 676 1210 732 difﬁcile
1256 675 1485 730 intrabit
1523 674 1581 728 in
1614 690 1839 746 regnum

237 765 510 818 caelorum
555 764 769 833 (Matth.
806 781 926 828 xrx,
957 765 1074 834 23).
1110 788 1125 809 ι
1188 764 1293 830 Qui
1331 764 1480 819 curis
1523 763 1754 819 terrenis
1785 779 1839 818 se

238 849 514 922 implicat,
551 867 583 905 a
623 851 860 906 Domino
898 869 954 906 se
1005 860 1218 923 separat
1267 852 1407 923 (32).
1458 852 1630 906 Nemo
1661 859 1838 923 potest

237 939 498 1009 amplecti
539 939 638 993 Dei
681 941 909 1010 gratiam
957 942 1124 996 simul
1156 951 1211 997 et
1239 941 1446 998 saeculi.
1492 941 1728 998 Difﬁcile
1759 949 1840 997 est

235 1028 555 1084 caelestibus
572 1036 625 1082 et
639 1029 870 1084 terrenis
881 1031 1028 1086 curis
1041 1030 1206 1085 simul
1221 1029 1493 1086 insistere.
1509 1031 1744 1087 Difﬁcile
1757 1041 1837 1087 est

233 1119 416 1173 Deum
449 1117 617 1172 simul
648 1126 702 1173 et
735 1118 1002 1173 mundum
1048 1119 1295 1191 diligere.
1346 1121 1484 1175 Toto
1528 1121 1715 1176 animo
1743 1120 1836 1176 odi

235 1218 298 1264 et
324 1209 523 1263 damna
555 1209 704 1279 quod
739 1209 923 1282 diligit
951 1213 1209 1268 mundus.
1244 1213 1523 1286 Tanquam
1565 1223 1835 1279 mortuus,

233 1315 271 1353 a
303 1297 422 1352 labe
449 1305 504 1352 et
531 1297 729 1353 affectu
771 1297 929 1354 istius
964 1301 1155 1356 mundi
1203 1309 1254 1357 te
1281 1318 1471 1374 separa
1506 1321 1517 1357 :
1572 1302 1714 1358 sicut
1743 1319 1839 1357 se-

235 1388 450 1459 pultus,
494 1387 702 1441 nullam
738 1386 938 1443 habeas
969 1405 1156 1444 curam
1197 1390 1263 1446 de
1294 1390 1400 1446 hoc
1425 1393 1625 1446 saeculo
1659 1409 1670 1446 :
1708 1400 1838 1446 tan-

233 1492 403 1548 quam
433 1475 750 1544 defunctus,
781 1477 850 1532 ab
881 1479 1033 1533 omni
1063 1487 1282 1535 terreno
1311 1490 1363 1536 te
1408 1483 1566 1553 priva
1595 1481 1832 1554 negotio.

235 1565 541 1622 Contemne
575 1565 764 1621 vivens
799 1581 920 1639 qua:
947 1575 1069 1640 post
1113 1577 1343 1625 mortem
1376 1569 1576 1627 habere
1605 1586 1716 1626 non
1747 1587 1838 1643 po-

235 1654 390 1709 teris.

1951 511 2020 550 ne
2050 495 2192 550 forte
2222 504 2506 566 praetereas
2537 496 2696 553 illum
2724 498 2840 570 (35)
2865 498 2960 571 qui
2994 505 3233 553 meretur
3261 497 3539 568 accipere:

1952 583 2222 639 incertum
2257 592 2339 640 est
2363 585 2511 640 enim
2543 602 2642 656 pro
2669 603 2777 658 quo
2815 587 3024 658 placeas
3054 586 3225 657 magis
3257 587 3389 641 Deo.
3422 587 3542 642 Non

1949 675 2166 731 auferas
2199 675 2297 729 uni
2341 675 2487 730 unde
2529 675 2740 731 tribuas
2779 677 2975 742 alteri;
3031 693 3097 731 ne
3143 678 3324 732 alieno
3364 679 3543 750 spolio

1951 763 2360 820 misericordem
2416 774 2468 820 te
2520 765 2777 821 ostendas
2822 783 2833 820 :
2881 765 3211 822 condemnat
3259 766 3538 823 miseratio

1950 850 2075 917 ista,
2104 866 2216 904 non
2248 851 2484 922 proﬁcit.

2023 948 2107 1001 11.
2151 948 2364 1002 Bonum
2418 949 2566 1020 quod
2615 950 2770 1010 facis.
2833 948 3244 1015 misericordiae,
3303 965 3414 1004 non
3462 950 3542 1021 ja-

1948 1037 2166 1093 ctantiaa
2196 1054 2357 1093 causa
2389 1037 2557 1094 facias
2583 1057 2596 1097 :
2648 1040 2692 1094 si
2723 1040 2869 1094 enim
2902 1040 2992 1095 hic
3023 1041 3140 1094 laus
3169 1040 3454 1111 quaeritur,
3486 1041 3541 1096 in

1948 1125 2086 1181 caalo
2143 1127 2513 1182 remuneratio
2562 1127 2856 1183 amittitur.
2907 1131 2984 1183 De
3026 1128 3112 1182 his
3153 1128 3361 1183 dicitur
3391 1129 3538 1201 (34):

1962 1218 2186 1270 «Amen
2237 1213 2362 1270 dico
2410 1213 2586 1281 vobis,
2646 1223 2968 1287 receperunt
3025 1217 3328 1272 mercedem
3386 1234 3539 1272 suam
3611 1267 3614 1274 .

1952 1302 2162 1373 (Matth.
2194 1321 2274 1368 vr,
2297 1303 2374 1376 2).
2404 1329 2422 1351 ι
2463 1304 2633 1360 Justis
2659 1304 2714 1358 in
2741 1307 2900 1374 coelo,
2933 1321 3042 1360 non
3073 1305 3131 1360 in
3162 1313 3305 1361 terra
3337 1322 3542 1362 merces

1948 1392 2312 1462 promittitur.

2022 1490 2106 1545 t2.
2152 1492 2287 1563 Lege
2336 1492 2481 1565 quod
2525 1492 2873 1564 scripserim;
2920 1501 2973 1548 et
3005 1492 3130 1548 vide
3174 1509 3241 1549 ne
3289 1493 3435 1565 quod
3467 1494 3538 1550 le-

1949 1579 2124 1650 gendo
2156 1580 2393 1648 miraris,
2424 1582 2667 1637 vivendo
2695 1591 3036 1639 contemnas.
3067 1582 3223 1650 Vale,
3251 1591 3304 1638 et
3330 1598 3431 1638 nos
3460 1582 3541 1638 di-

1949 1667 2076 1739 lige,
2111 1670 2242 1742 quia
2271 1677 2326 1725 te
2356 1679 2416 1725 ut
2449 1671 2628 1726 ﬁlium
2664 1687 2765 1726 nos
2791 1671 3094 1743 diligimus.

1869 1765 1916 1824 B

461 1823 660 1904 Ijegius
688 1823 1254 1904 eodexhsinepeccato
1293 1831 1528 1904 terrenas
1558 1839 1660 1889 res,
1691 1831 1796 1904 etc.
1870 1821 1899 1824 “
1945 1828 2186 1904 Matthaai
2236 1831 2356 1886 loco
2395 1830 2453 1904 in
2503 1833 2632 1902 Reg.
2678 1831 2800 1904 cod.
2847 1832 3230 1904 desiderantur
3263 1849 3277 1904 ξ
3327 1833 3384 1904 in
3415 1849 3541 1904 quo

313 1895 429 1972 (Ei?)
467 1895 624 1972 ΒΟΨ.
657 1896 816 1972 edit_._.
851 1895 997 1972 ab_eo
1030 1900 1076 1972 te
1101 1895 1499 1972 separa.ll_f_inus
1528 1893 1832 1972 commode.
1944 1899 2109 1972 etiam
2162 1911 2282 1970 post
2329 1901 2556 1956 verbum
2583 1893 2937 1972 vpromittitur
2979 1903 3208 1972 epistola
3249 1893 3539 1957 desinit‘in

316 1965 432 2043 (39)
467 1965 669 2043 Eadem
719 1967 850 2021 edit.
899 1966 1149 2022 Omnibus
1200 1972 1243 2020 te
1278 1966 1562 2020 tribue.....
1610 1983 1671 2018 ne
1699 1965 1838 2035 forte
1945 1970 2094 2026 hunc
2126 1965 2350 2027 modum
2385 1991 2396 2028 :
2460 1974 2584 2029 Vide
2603 1965 2852 2042 quisquis
2889 1975 2981 2026 hoc
3013 1965 3158 2042 legis,
3208 1990 3271 2026 ne
3299 1975 3440 2043 quod
3474 1975 3540 2028 le-

230 2035 707 2116 ρνφίςζαίίιιᾳτη,
739 2046 850 2116 (μοί
1024 2108 1036 2116 ·
1288 2107 1302 2116 _
1656 2107 1671 2116 _
1698 2105 1709 2116 .
1788 2115 1791 2116 ν
1942 2043 2105 2114 gendo
2134 2043 2370 2114 respicis,
2417 2035 2639 2099 vivendo
2665 2035 2980 2100 cmitemnas.
3017 2035 3158 2099 Laus
3190 2035 3324 2099 Deo:
3351 2045 3536 2100 Amen.

321 2107 438 2177 (34)
480 2109 557 2163 De
601 2109 681 2162 his
727 2108 962 2174 dicitur;
1024 2108 1141 2164 haec
1192 2107 1358 2163 verba
1408 2123 1534 2163 cum
1590 2107 1837 2178 subjecto

1623 2390 2151 2466 MONITUM.

308 2754 608 2824 Sequentes
636 2751 758 2807 dua:
788 2752 1127 2824 precationes
1158 2753 1215 2808 in
1245 2751 1503 2808 omnibus
1533 2751 1752 2824 quidem
1776 2749 2163 2808 Ambrosianis
2189 2748 2535 2820 editionibus
2557 2748 2991 2819 reperiebantur:
3016 2745 3109 2802 sed
3129 2747 3334 2818 scripta
3350 2764 3534 2805 earum

230 2842 574 2913 exemplaria
602 2857 698 2914 per
741 2859 903 2914 quam
947 2859 1067 2897 rara
1096 2852 1244 2909 sunt,
1284 2850 1338 2897 et
1370 2843 1600 2898 inventu
1635 2841 1904 2897 difﬁcilia.
1949 2839 2117 2895 Nobis
2147 2839 2414 2910 profecto,
2472 2838 2667 2892 forulis
2706 2838 3042 2892 nobiliorum
3077 2837 3536 2894 bibliothecarum

226 2947 341 2986 non
375 2931 729 3002 indiligenter
771 2931 1139 3002 perlustratis,
1190 2932 1624 3004 manuscriptum
1669 2933 1869 3004 prioris
1912 2928 2178 2986 orationis
2229 2927 2476 2994 nullum,
2522 2925 2841 2997 posterioris
2889 2943 3020 2981 vero
3066 2935 3277 2982 tantum
3311 2926 3536 2982 unicum

224 3018 480 3089 detegere
510 3019 687 3074 licuit.
721 3019 880 3085 Quod
926 3027 1309 3090 argumentum
1340 3028 1420 3075 est
1447 3019 1594 3076 haud
1622 3019 1894 3076 mediocre
1928 3018 2052 3072 illos
2082 3033 2113 3072 a
2142 3015 2353 3088 quibus
2387 3017 2532 3070 inter
2577 3014 2854 3070 Ambrosii
2901 3015 3078 3086 Opera
3108 3015 3346 3086 primum
3378 3014 3538 3070 edita)

226 3116 382 3174 sunt,
419 3123 528 3162 non
561 3107 928 3179 frequentium
955 3107 1353 3180 exemplarium
1379 3109 1702 3164 auctoritate
1725 3109 1826 3164 niti
1859 3107 2118 3180 potuisse.
2151 3107 2271 3161 Non
2303 3104 2510 3158 mirum
2541 3104 2710 3175 igitur
2743 3103 2785 3158 si
2810 3121 2840 3158 a
2859 3103 3142 3175 judicibus
3169 3103 3540 3174 sagacioribus

226 3205 461 3270 utraque
489 3206 676 3268 partus
705 3198 1002 3253 adulterini
1035 3199 1154 3254 loco
1186 3198 1372 3253 habita
1403 3199 1606 3264 fuerit;
1639 3199 1853 3255 etiamsi
1883 3197 2026 3254 enim
2063 3195 2240 3268 prima
2267 3212 2376 3250 non
2401 3195 2589 3266 paucis
2617 3197 2862 3250 Doctore
2895 3203 3083 3250 nostro
3109 3195 3225 3250 visa
3251 3195 3324 3248 sit
3351 3195 3535 3266 digna,

227 3291 413 3339 tamen
448 3285 712 3340 attentius
761 3286 1134 3341 consideranti
1182 3295 1236 3342 et
1275 3286 1392 3358 ejus
1423 3289 1601 3358 stylus
1632 3288 1700 3342 ab
1747 3286 2111 3342 Ambrosiano
2143 3287 2367 3357 paulum
2415 3286 2696 3352 diversus,
2739 3293 2792 3340 et
2821 3284 2878 3338 in
2908 3301 2971 3339 ea
3007 3285 3161 3341 citati
3210 3299 3279 3339 ex
3310 3285 3539 3356 antiquo

228 3373 435 3429 findere
464 3374 568 3429 loci
599 3375 855 3430 nonnulli
886 3392 1011 3430 cum
1043 3376 1192 3430 LXX
1222 3357 1609 3432 versionenon
1631 3393 1930 3448 congruere
1954 3375 2460 3447 deprehenduntur.
2503 3373 2661 3440 Quod
2688 3390 2817 3428 vero
2844 3375 3043 3430 attinet
3071 3374 3137 3428 ad
3158 3375 3536 3445 posteriorem,

231 3463 290 3518 in
319 3479 382 3517 ea
410 3462 705 3534 rejicienda
735 3465 917 3518 minor
945 3471 1027 3519 est
1055 3463 1388 3530 difﬁcultas;
1441 3465 1640 3538 quippe
1671 3483 1810 3538 quae,
1847 3465 1972 3520 licet
2002 3480 2111 3518 non
2143 3464 2456 3535 inelegans,
2503 3461 2880 3518 Ambrosiam:
2912 3463 3194 3534 gravitatis
3238 3464 3333 3517 vix
3367 3462 3539 3536 quid-

227 3568 393 3625 quam
428 3569 536 3624 prae
565 3569 622 3608 se
647 3553 803 3608 ferat.
829 3555 961 3608 Eam
994 3561 1175 3609 autem
1197 3553 1264 3608 ad
1285 3553 1529 3610 codicem
1554 3556 1955 3612 Flor-iacensem
1980 3571 2253 3610 annorum
2285 3555 2512 3611 circiter
2534 3556 2636 3612 700
2661 3561 2931 3620 exactam,
2955 3555 3130 3609 multo
3153 3570 3313 3625 quam
3338 3557 3534 3625 fuerat,

226 3643 660 3700 emendatiorem
693 3643 1037 3700 exhibemus.
1072 3644 1342 3702 Caeterum
1365 3645 1525 3700 nobis
1552 3646 1782 3700 minime
1811 3648 2005 3718 placet,
2041 3645 2186 3718 quod
2218 3646 2563 3718 Theophilus
2594 3645 2909 3702 Reinaudus
2939 3653 3227 3718 utramque
3251 3651 3538 3716 eapropter

225 3731 623 3787 Mediolanensi
671 3732 927 3804 episcopo
956 3732 1246 3804 ascriptam
1278 3742 1452 3804 putat,
1502 3734 1630 3806 quia
1663 3734 2004 3790 characteres
2047 3735 2100 3789 S.
2136 3735 2202 3788 A.
2234 3733 2437 3790 eisdem
2471 3734 2815 3788 orationibus
2845 3733 2908 3788 in
2941 3733 3319 3803 manuscripto
3349 3733 3536 3806 aliquo

226 3829 564 3894 praenotatos
593 3820 660 3876 de
688 3829 878 3878 sancto
907 3821 1200 3876 Ambrosio
1245 3822 1516 3895 quispiam
1560 3824 1952 3895 interpretatus
1995 3824 2088 3891 sit,
2136 3840 2261 3879 cum
2295 3840 2391 3895 per
2425 3825 2552 3878 illos
2579 3832 2802 3878 sanctus
2848 3821 3144 3876 Anselmus
3176 3821 3531 3877 indicaretur-

224 3912 532 3967 Enimvero
560 3918 623 3966 ut
643 3912 749 3966 alia
777 3910 1129 3984 quadrarent,
1161 3911 1396 3967 nimium
1428 3912 1592 3968 unius
1623 3913 1762 3968 ratio
1789 3912 2020 3969 dissidet
2047 3912 2116 3968 ab
2143 3913 2333 3979 altera,
2366 3929 2530 3986 quam
2566 3920 2626 3967 ut
2654 3911 2941 3966 ambarum
2973 3909 3228 3965 eumdem
3253 3916 3533 3965 auctorem

225 4001 397 4057 fuisse
421 4001 771 4058 arbitremur.

1013 4291 2193 4440 PRECATIONES
2337 4292 2720 4441 DUrE

633 4554 1360 4640 HACTENUS
1443 4551 2150 4639 AMBROSIO
2242 4547 3104 4634 ATTRIBUTZE.

701 4872 1052 4932 PRECATIO
1087 4872 1328 4931 PRIMA.
1861 4872 1906 4933 C
1941 4869 2173 4924 moriam
2220 4867 2431 4923 facietis
2480 4865 2546 4934 (Ι
2573 4864 2700 4920 Cor.
2739 4878 2821 4931 x1,
2862 4862 2995 4933 25);
3051 4879 3182 4936 rogo
3218 4878 3315 4934 per
3368 4869 3527 4920 tuum

592 4963 657 5019 In
690 4961 1083 5032 prwparatione
1117 4960 1190 5015 ad
1226 4960 1466 5017 Missam.

301 5056 352 5109 1.
391 5052 616 5110 Summe
645 5049 896 5107 sacerdos
925 5056 979 5105 et
1009 5065 1134 5104 vere
1164 5048 1414 5119 pontifex
1435 5049 1560 5105 Iesu
1584 5047 1821 5117 Christe,

223 5143 325 5217 qui
368 5150 423 5198 te
451 5141 705 5198 obtulisti
750 5142 862 5195 Deo
910 5137 1056 5194 Patri
1101 5138 1158 5194 in
1210 5155 1304 5194 ara
1357 5139 1537 5196 crucis
1586 5138 1822 5195 hostiam

225 5248 421 5303 puram
466 5237 522 5286 et
550 5229 958 5285 immaculatum
1001 5244 1100 5299 pro
1144 5227 1306 5283 nobis
1336 5227 1551 5283 miseris
1581 5235 1822 5298 peccato-

226 5321 403 5387 ribus,
455 5326 510 5375 et
554 5318 649 5392 qui
692 5315 895 5373 dedisti
939 5315 1100 5372 nobis
1128 5332 1349 5373 carnem
1378 5323 1530 5372 tuam
1562 5315 1629 5370 ad
1658 5332 1825 5371 man-

224 5409 568 5476 ducandum,
621 5416 674 5464 et
731 5407 1052 5478 sanguinem
1108 5415 1257 5463 tuam
1289 5406 1356 5462 ad
1386 5405 1711 5473 bibendum,
1769 5413 1825 5462 et

226 5497 463 5570 posuisti
507 5495 831 5568 mysterium
865 5494 922 5550 in
957 5496 1167 5553 virtute
1209 5496 1448 5568 Spiritus
1493 5496 1691 5564 sancti,
1724 5497 1822 5552 di—

225 5605 360 5647 cens
392 5605 405 5646 :
453 5612 472 5635 ι
505 5589 632 5645 Haec
658 5585 1112 5662 quotiescumque
1154 5587 1417 5658 feceritis,
1472 5586 1530 5644 in
1561 5587 1668 5644 mei
1713 5605 1821 5648 me-

1931 4956 2250 5028 sanguinem
2283 4953 2604 5026 pretiosum,
2639 4967 2896 5022 magnum
2940 4949 3132 5006 salutis
3165 4959 3362 5006 nostrae
3406 4967 3525 5023 pre-

1932 5047 2073 5102 tium
2106 5064 2118 5101 :
2164 5060 2292 5115 rogo
2320 5058 2415 5114 per
2439 5041 2578 5097 hanc
2607 5041 2802 5095 miram
2830 5048 2882 5096 et
2908 5039 3244 5096 ineffabilem
3275 5039 3527 5098 charita-

1931 5145 2064 5205 tem,
2109 5152 2215 5209 qua
2246 5152 2346 5191 nos
2376 5133 2605 5190 miseros
2633 5143 2687 5190 et
2715 5133 2970 5206 indignos
3005 5134 3084 5190 sic
3111 5150 3293 5189 amare
3320 5133 3526 5207 digna-

1931 5234 2022 5282 tus
2057 5242 2138 5293 es,
2192 5233 2254 5280 ut
2296 5225 2506 5280 lavares
2554 5240 2654 5279 nos
2699 5241 2731 5280 a
2775 5223 3014 5296 peccatis
3054 5224 3258 5280 nostris
3302 5223 3360 5280 in
3404 5241 3525 5280 san-

1933 5323 2096 5397 guine
2125 5331 2219 5378 tuo
2243 5341 2256 5391 ;
2291 5323 2426 5379 doce
2455 5339 2540 5379 me
2568 5339 2787 5379 servum
2816 5331 2973 5378 tuum
3005 5321 3317 5394 indignum,
3360 5338 3523 5394 quem

1931 5413 2077 5468 inter
2104 5419 2297 5468 caetera
2324 5412 2466 5469 dona
2507 5421 2602 5468 tua
2642 5412 2709 5469 ad
2758 5413 3001 5470 ofﬁcium
3051 5411 3386 5467 sacerdotale
3414 5427 3525 5467 vo-

1930 5517 2051 5558 care
2080 5499 2334 5572 dignatus
2383 5517 2438 5557 es
2464 5502 2634 5557 nullis
2662 5500 2798 5557 meis
2828 5499 3062 5567 meritis,
3122 5499 3216 5555 sed
3250 5499 3365 5554 sola
3392 5498 3523 5570 dig-

1931 5588 2152 5647 natione
2199 5589 2589 5650 misericordiae
2644 5598 2789 5650 tuae:
2848 5589 2984 5649 doce
3027 5605 3134 5658 me,
3183 5603 3385 5663 quaeso,
3427 5601 3523 5661 per
