3880 6198
426 267 524 327 831

1434 277 1530 331 ΑΙ)
1569 275 1805 333 OPERA
1843 275 1899 331 S.
1939 275 2271 335 AMBROSII
2309 276 2686 334 APPENDIX.

3643 284 3750 340 832

425 399 690 472 Spiritum
724 407 882 456 tuum
912 406 1128 456 tantum
1167 400 1491 472 mysterium
1522 408 1755 456 tractare
1784 417 1846 456 ea
1877 418 2025 456 reve-
2053 405 2104 462 Α
2133 411 2196 475 ut
2223 403 2444 458 offeram
2482 403 2584 459 tibi
2622 403 2975 471 sacriﬁcium,
3018 405 3164 478 quod
3214 414 3272 462 tu
3323 407 3658 476 instituisti,
3685 421 3738 466 et

427 489 605 544 rentia
632 495 686 543 et
716 487 947 556 honore,
984 505 1154 561 eaque
1169 488 1461 545 devotione
1493 498 1544 544 et
1571 489 1796 556 timore,
1825 489 2024 561 quibus

426 586 642 649 oportet
671 585 724 633 et
755 579 926 634 decet.

504 669 650 726 490
689 664 742 718 2.
785 665 892 717 Fac
922 679 1030 729 me,
1075 662 1308 717 Domine
1345 664 1471 718 Jesu
1503 663 1738 731 Christe,
1782 679 1876 735 per
1904 681 2022 737 gra-

423 760 554 815 tiam
598 769 744 816 tuam
788 776 1003 830 semper
1043 760 1184 815 illud
1215 759 1282 815 de
1325 768 1481 816 tanto
1512 765 1776 834 mysterio
1805 765 2023 821 credere

423 858 476 904 et
507 849 844 918 intelligere,
888 849 1092 902 sentire
1123 859 1176 904 et
1205 849 1439 905 firmiter
1470 851 1723 921 retinere,
1760 854 1942 908 dicere
1970 861 2024 908 et

423 937 689 1007 cogitare,
741 936 888 1008 quod
921 936 1022 992 tibi
1055 938 1252 1009 placet,
1301 946 1356 993 et
1387 940 1609 1010 expedit
1635 941 1832 996 animae
1866 958 2016 997 mea.

422 1028 602 1081 Intret
631 1026 871 1097 Spiritus
902 1034 1032 1084 tuus
1062 1028 1242 1084 bonus
1274 1029 1329 1085 in
1374 1047 1469 1086 cor
1499 1048 1700 1098 meum,
1726 1032 1819 1104 qui
1865 1042 2021 1089 sonet

422 1114 504 1170 ibi
534 1115 654 1170 sine
703 1131 860 1184 sono,
903 1125 958 1172 et
994 1117 1112 1173 sine
1158 1118 1390 1191 strepitu
1429 1119 1722 1176 verborum
1766 1122 2021 1194 loquatur

421 1220 642 1260 omnem
671 1206 959 1261 veritatem
993 1216 1270 1264 tantorum
1303 1209 1712 1281 mysteriorum.
1742 1211 2020 1268 Profunda

419 1301 549 1348 sunt
578 1294 770 1362 nimis,
805 1304 858 1351 et
886 1312 1040 1351 sacro
1071 1304 1211 1354 tecta
1240 1299 1532 1355 velamine.

490 1391 541 1446 3.
581 1392 808 1463 Propter
863 1409 1113 1466 magnam
1170 1397 1517 1453 clementiam
1576 1407 1726 1454 tuam
1782 1399 2017 1456 concede

418 1480 558 1536 mihi
590 1481 756 1536 hodie
779 1490 833 1537 et
861 1499 1076 1555 semper
1097 1485 1387 1540 missarum
1411 1488 1674 1544 solemnia
1695 1506 1831 1561 puro
1855 1491 2016 1546 corde

416 1578 470 1625 et
496 1586 635 1640 pura
671 1581 854 1628 mente
886 1574 1181 1631 celebrare.
1233 1577 1428 1633 Libera
1474 1596 1568 1634 cor
1611 1596 1790 1635 meum
1823 1580 1890 1636 ab
1916 1581 2015 1636 im-

419 1659 647 1715 mundis
677 1669 731 1716 et
778 1661 1053 1731 nefandis,
1102 1665 1260 1721 vanis
1289 1676 1343 1722 et
1380 1667 1638 1723 obnoxiis
1675 1669 2015 1740 cogitationi-

2133 492 2316 547 offerri
2340 493 2645 565 pracepisti
2668 495 2723 548 in
2739 496 3316 551 commemorationem
3337 496 3422 550 tui
3447 513 3554 568 pro
3572 499 3749 554 salute

2133 591 2336 637 nostra.
2389 581 2612 653 Suscipe
2657 599 2783 654 ergo
2830 582 2997 651 istud,
3052 600 3253 654 quaso,
3307 602 3535 642 summe
3579 589 3746 656 Deus,

2131 669 2449 726 dulcissime
2477 671 2603 726 Jesu
2634 671 2866 738 Christe,
2908 688 3006 744 pro
3038 673 3285 727 Ecclesia
3321 681 3419 728 tua
3448 685 3666 742 sancta,
3695 688 3746 733 et

2131 777 2229 831 pro
2269 768 2469 816 cuncto
2516 763 2719 833 populo
2764 770 2878 829 tuo,
2927 779 3087 835 quem
3132 763 3422 834 acquisisti
3473 767 3746 837 sanguine

2131 857 2226 905 tuo
2254 850 2513 921 pretioso.
2566 851 2637 906 Et
2681 852 2938 923 quoniam
2988 869 3074 907 me
3125 864 3466 924 peccatorem
3515 857 3664 910 inter
3695 867 3744 912 te

2129 947 2184 994 et
2215 938 2465 994 eumdem
2516 941 2784 1011 populum
2839 940 3081 996 medium
3131 957 3248 998 esse
3299 944 3558 1013 voluisti,
3611 947 3743 1002 licet

2128 1029 2185 1084 in
2217 1045 2302 1084 me
2331 1029 2463 1084 boni
2493 1031 2680 1102 operis
2710 1031 3089 1088 testimonium
3125 1048 3237 1088 non
3283 1049 3576 1104 agnoscas,
3623 1037 3739 1092 ofﬁ-

2127 1121 2275 1176 cium
2322 1120 2749 1192 dispensationis
2797 1121 3021 1177 credita
3071 1138 3183 1177 non
3217 1139 3454 1191 recuses,
3509 1142 3614 1181 nec.
3646 1143 3741 1197 per

2127 1226 2216 1265 me
2246 1209 2536 1281 indignum
2583 1209 2854 1264 famulum
2895 1217 3050 1264 tuum
3081 1225 3272 1265 eorum
3303 1212 3502 1268 salutis
3553 1223 3740 1285 pereat

2126 1302 2386 1374 pretium,
2411 1319 2510 1374 pro
2541 1302 2742 1374 quibus
2771 1302 2999 1358 victima
3029 1303 3228 1370 factus,
3251 1306 3514 1361 salutaris
3544 1306 3739 1379 digna-

2126 1399 2215 1446 tus
2263 1407 2320 1446 es
2365 1407 2480 1446 esse
2530 1390 2851 1463 redemptio.
2903 1391 3130 1446 Profero
3178 1407 3325 1463 ergo,
3375 1394 3640 1461 Domine,
3693 1397 3736 1451 si

2125 1479 2370 1551 dignaris
2427 1480 2700 1552 propitius
2755 1481 2961 1535 intueri
3017 1480 3406 1537 tribulationes
3459 1482 3732 1554 plebium,

2125 1569 2369 1640 pericula
2398 1571 2751 1641 populorum,
2771 1569 3115 1640 captivorum
3140 1571 3428 1642 gemitum,
3447 1572 3734 1628 miseriam

2123 1658 2519 1729 orphanorum,
2575 1657 2924 1715 necessitates
2982 1659 3417 1730 peregrinorum,
3480 1661 3730 1734 inopiam

417 1747 540 1802 bus,
597 1749 749 1803 Muni
782 1766 868 1804 me
897 1750 1178 1806 beatorum
1212 1756 1529 1825 angelorum
1564 1757 1652 1828 pia
1682 1765 1734 1812 ει
1777 1758 1885 1813 ﬁda
1914 1768 2012 1814 ιιι..
2043 1767 2090 1827 Β
2125 1749 2413 1817 debilium,
2461 1749 2870 1820 desperationes
2901 1751 3304 1822 languentium,
3353 1751 3610 1810 defectus
3638 1771 3733 1809 se-

415 1837 547 1905 tela,
579 1846 741 1910 atque
774 1839 1075 1895 fortissima
1121 1843 1406 1911 custodia;
1450 1853 1511 1899 ut
1542 1845 1724 1902 hostes
1761 1847 2008 1903 omnium

412 1923 683 1981 bonorum
723 1927 935 1983 confusi
968 1928 1252 1986 discedant
1293 1948 1387 2003 per
1422 1932 1692 1990 virtutem
1726 1935 1865 1990 tanti
1895 1953 2010 2008 my-

412 2012 589 2079 sterii,
639 2024 693 2071 et
725 2032 820 2088 per
857 2034 1080 2073 manum
1129 2021 1305 2076 sancti
1351 2022 1529 2092 angeli
1575 2023 1678 2078 tui.
1734 2024 1952 2095 Repelle
1980 2042 2011 2080 a

409 2120 518 2170 me,
552 2106 786 2161 Domine
837 2108 964 2163 Jesu
997 2108 1235 2177 Christe,
1287 2118 1340 2165 et
1369 2128 1398 2166 a
1441 2112 1656 2168 cunctis
1699 2114 1871 2167 servis
1899 2113 2010 2170 tuis

408 2191 775 2250 durissimum
825 2197 1083 2268 spiritum
1128 2200 1416 2271 superbia,
1477 2201 1815 2270 cenodoxia,
1866 2204 2008 2258 invi-

407 2278 534 2347 dia,
577 2281 900 2348 iracundia,
952 2285 1338 2344 fornicationis
1383 2297 1436 2344 et
1468 2289 1860 2356 immunditia,
1908 2291 2006 2347 du-

406 2367 627 2423 bietatis
656 2377 710 2425 et
736 2370 1112 2444 blasphemiae.
1138 2375 1561 2432 Confundantur
1580 2381 1675 2450 qui
1705 2396 1806 2435 nos
1831 2397 2006 2452 perse-

407 2463 675 2526 quuntur,
710 2469 931 2529 pereant
985 2462 1068 2516 illi
1107 2463 1201 2535 qui
1243 2474 1441 2521 cuncta
1469 2467 1692 2537 perdere
1720 2467 2000 2524 festinant.

407 2544 524 2599 Rex
554 2545 846 2614 virtutum,
882 2549 1156 2607 castitatis
1185 2561 1238 2608 et
1267 2553 1599 2627 integritatis
1627 2566 1838 2612 amator
1857 2563 1996 2620 491

403 2640 570 2710 Deus,
609 2644 816 2700 caelesti
865 2662 987 2702 rore
1021 2647 1422 2708 benedictionis
1459 2659 1567 2707 tua
1613 2654 1900 2726 exstingue
1943 2657 2001 2712 in

401 2745 632 2802 corpore
665 2750 787 2790 meo
817 2742 993 2791 totum
1037 2737 1286 2795 fomitem
1317 2740 1598 2797 ardentem
1641 2742 1910 2811 libidinis,
1939 2753 2001 2801 ut

403 2830 620 2878 maneat
648 2821 707 2877 in
738 2840 824 2878 me
854 2833 1012 2881 tenor
1049 2828 1220 2884 totius
1264 2829 1531 2886 castitatis
1576 2830 1772 2887 anima
1803 2840 1858 2888 et
1884 2850 1997 2889 cor-

400 2910 578 2980 poris.
633 2912 905 2970 Mortiﬁca
951 2915 1010 2970 in
1059 2933 1144 2972 me
1175 2919 1357 2974 carnis
1403 2919 1678 2989 stimulos,
1717 2929 1771 2976 et
1808 2937 1998 2978 omnes

398 2995 654 3052 libidinis
681 3004 1101 3072 commotiones,
1135 3013 1189 3060 et
1217 3005 1286 3060 da
1316 3005 1455 3061 mihi
1501 3023 1684 3064 veram
1716 3018 1769 3065 et
1796 3025 1998 3082 perpe-

2123 1854 2281 1908 num,
2331 1839 2567 1910 suspiria
2613 1838 2907 1910 juvenum,
2954 1847 3086 1896 vota
3130 1840 3434 1913 virginum,
3486 1844 3728 1899 lamenta

2121 1926 2414 1981 viduarum
2443 1944 2455 1993 ;
2499 1934 2561 1982 tu
2591 1928 2736 1983 enim
2771 1929 3048 1985 misereris
3079 1931 3352 2000 omnium,
3376 1933 3648 1998 Domine,
3675 1943 3727 1990 et

2121 2015 2262 2070 nihil
2295 2015 2465 2071 odisti
2496 2015 2750 2071 omnium
2780 2033 2900 2089 qua
2931 2017 3131 2075 fecisti.
3165 2019 3471 2075 Memorare
3501 2038 3625 2093 qua
3653 2023 3722 2079 sit

2119 2111 2304 2159 nostra
2360 2103 2692 2172 substantia,
2751 2106 2881 2178 quia
2937 2115 2997 2162 tu
3049 2107 3208 2162 Pater
3265 2116 3456 2164 noster
3501 2126 3596 2175 es;
3655 2128 3722 2167 ne

2119 2192 2369 2248 irascaris
2406 2194 2558 2262 satis,
2610 2211 2786 2267 neque
2825 2196 3245 2251 multitudinem
3277 2198 3556 2254 viscerum
3589 2209 3720 2256 tuo—

2116 2298 2239 2337 rum
2271 2299 2434 2354 super
2461 2299 2562 2338 nos
2591 2283 2894 2340 contineas.
2938 2285 3058 2340 Non
3103 2286 3252 2340 enim
3283 2286 3342 2340 in
3365 2287 3716 2358 justiﬁcatio-

2115 2369 2280 2425 nibus
2310 2372 2511 2427 nostris
2559 2373 2963 2443 prosternimus
2995 2387 3181 2446 preces
3226 2383 3441 2431 nostras
3487 2387 3618 2432 ante
3642 2379 3718 2433 fa-

2113 2459 2251 2515 ciem
2284 2468 2454 2528 tuam,
2479 2460 2574 2516 sed
2602 2463 2661 2516 in
2691 2462 3136 2518 miserationibus
3166 2464 3276 2520 tuis
3303 2465 3518 2521 multis.
3545 2467 3717 2522 Aufer

2111 2563 2143 2603 a
2165 2548 2346 2616 nobis,
2378 2551 2635 2618 Domine,
2685 2550 3004 2623 iniquitates
3032 2561 3263 2620 nostras,
3296 2561 3351 2608 et
3379 2553 3567 2626 ignem
3593 2572 3712 2610 san-

2110 2637 2186 2692 cti
2230 2638 2468 2710 Spiritus
2507 2639 2564 2694 in
2599 2632 2759 2695 nobis
2787 2641 3090 2697 clementer
3117 2641 3370 2698 accende.
3411 2644 3593 2699 Aufer
3620 2662 3714 2700 cor

2110 2725 2384 2797 lapideum
2417 2726 2483 2783 de
2515 2744 2680 2784 carne
2712 2739 2919 2799 nostra,
2961 2739 3013 2786 et
3041 2731 3108 2786 da
3132 2731 3294 2788 nobis
3321 2748 3418 2787 cor
3445 2749 3706 2788 carneum

2108 2813 2255 2884 quod
2283 2822 2336 2870 te
2369 2815 2580 2885 timeat,
2613 2817 2808 2889 diligat
2833 2826 2888 2874 et
2918 2817 3264 2886 honoriﬁcet,
3299 2827 3349 2875 te
3378 2820 3706 2888 delectetur,

2107 2909 2159 2957 te
2210 2911 2490 2975 sequatur,
2544 2913 2597 2961 et
2640 2913 2695 2961 te
2745 2907 3074 2978 perfruatur.
3133 2909 3388 2976 Oramus,
3449 2910 3705 2976 Domine,

2105 2989 2451 3046 clementiam
2487 3000 2658 3062 tuam,
2714 3003 2775 3050 ut
2807 3011 2998 3051 sereno
3045 2996 3207 3051 vultu
3249 2997 3523 3052 familiam
3557 3005 3703 3053 tuam

405 3096 552 3143 tuam
583 3090 889 3147 castitatem
941 3110 1064 3150 cum
1108 3095 1318 3151 caeteris
1359 3095 1520 3152 donis
1550 3099 1680 3166 tuis,
1731 3079 1851 3172 quva
1893 3079 1994 3155 tibi
2026 3126 2069 3186 Ο
2102 3079 2245 3186 ξῖξοτί
2307 3080 2391 3178 illi
2418 3081 2951 3186 “IAIOIIfinisnofiicia-
2993 3085 3400 3186 prastolantem
3464 3085 3706 3186 aspicere

405 3175 657 3247 placeant
697 3179 752 3234 in
802 3181 1070 3245 veritate;
1127 3191 1188 3239 ut
1232 3184 1564 3241 sacrificium
1613 3186 1791 3242 laudis
1839 3195 1988 3244 casto

392 3281 624 3340 corpore
649 3277 704 3325 et
733 3271 941 3328 mundo
971 3273 1132 3330 corde
1162 3277 1370 3331 valeam
1399 3274 1502 3331 tibi
1533 3276 1745 3332 offerre.

465 3364 517 3422 4.
560 3367 772 3435 Quanta
827 3373 997 3441 enim,
1053 3375 1288 3432 Domine
1341 3377 1467 3432 Jesu
1520 3376 1758 3446 Christe,
1808 3377 1987 3434 cordis

390 3454 749 3525 contritione,
773 3466 827 3512 et
857 3460 1224 3531 lacrymarum
1248 3464 1420 3532 fonte,
1451 3474 1654 3537 quanta
1682 3467 1989 3523 reverentia

391 3549 446 3597 et
476 3550 731 3609 tremore,
757 3553 963 3615 quanta
982 3549 1228 3620 corporis
1257 3552 1529 3620 castitate,
1559 3562 1613 3609 et
1639 3555 1809 3610 animi
1839 3556 1986 3627 puri-

391 3635 502 3682 tate
537 3627 686 3684 istud
716 3630 974 3687 divinum
1021 3643 1074 3690 et
1116 3638 1334 3692 caleste
1374 3641 1707 3697 sacriﬁcium
1736 3651 1818 3700 est
1843 3646 1985 3701 cele-

390 3715 702 3788 brandum;
754 3720 851 3776 ubi
889 3738 1018 3778 caro
1060 3731 1156 3780 tua
1205 3725 1262 3780 in
1309 3728 1542 3784 veritate
1579 3731 1836 3803 sumitur,
1888 3735 1984 3791 ubi

389 3807 610 3879 sanguis
644 3816 770 3867 tuus
801 3811 861 3868 in
903 3813 1134 3872 veritate
1176 3816 1406 3887 bibitur,
1457 3819 1552 3875 ubi
1596 3838 1812 3880 summa
1857 3826 1985 3884 imis

389 3905 694 3970 unguntur,
729 3901 825 3958 ubi
877 3904 1028 3962 adest
1073 3908 1362 3978 prasentia
1404 3919 1717 3966 sanctorum
1760 3916 1981 3986 angelo-

385 4006 534 4060 rum,
555 3993 652 4049 ubi
681 4003 740 4051 tu
769 4012 826 4053 es
854 3998 1108 4055 sacerdos
1136 4010 1190 4057 et
1218 4001 1551 4058 sacriﬁcium
1583 4003 1911 4063 mirabiliter
1929 4019 1982 4065 et

386 4079 740 4140 ineffabiliter
769 4090 1143 4146 constitutusl
1196 4091 1330 4159 Quis
1362 4093 1525 4165 digne
1574 4093 1679 4150 hoc
1709 4097 1980 4154 celebrare

388 4170 612 4239 poterit,
638 4174 744 4229 nisi
774 4183 854 4244 tu,
877 4179 1024 4234 Deus
1049 4180 1421 4252 omnipotens,
1444 4183 1758 4241 offerentem
1788 4187 1980 4243 feceris

383 4257 667 4330 dignum?
707 4263 853 4328 Scio,
885 4274 940 4320 et
971 4284 1098 4323 vere
1131 4271 1266 4337 scio,
1314 4279 1368 4326 et
1410 4272 1589 4343 ipsum
1638 4275 1825 4346 pietati
1870 4285 1978 4332 tua

382 4348 653 4404 conﬁteor
682 4352 810 4421 quia
847 4369 958 4408 non
1001 4372 1122 4411 sum
1153 4358 1353 4428 dignus
1382 4362 1635 4418 accedere
1664 4363 1731 4418 ad
1765 4373 1978 4436 myste-

383 4433 527 4491 rium
561 4445 774 4494 tantum
804 4450 1026 4514 propter
1046 4444 1218 4500 nimia
1248 4457 1466 4518 peccata
1498 4466 1635 4519 mea,
1658 4461 1711 4508 et
1731 4433 1976 4511 inﬁnitas

380 4526 740 4598 negligentias
784 4547 950 4587 meas.
999 4533 1105 4589 Sed
1147 4535 1260 4590 scio
1292 4537 1582 4604 veraciter,
1631 4547 1686 4594 et
1714 4541 1876 4597 credo
1904 4557 1974 4596 ex

379 4622 498 4673 toto
525 4617 688 4675 corde
736 4627 790 4675 et
823 4637 915 4676 ore
964 4622 1252 4692 conﬁteor,
1303 4625 1432 4697 quia
1471 4633 1623 4697 potes
1676 4645 1761 4684 me
1802 4629 1978 4686 facere

381 4704 643 4779 dignum;
678 4709 772 4781 qui
801 4710 951 4766 solus
971 4718 1124 4783 potes
1150 4713 1417 4770 mundum
1445 4715 1621 4771 facere
1647 4715 1713 4772 de
1742 4716 1975 4774 immun-

377 4795 448 4851 do
477 4807 801 4872 conceptum
837 4801 1068 4870 semine,
1099 4803 1165 4860 de
1191 4805 1569 4876 peccatoribus
1599 4806 1772 4863 facere
1795 4807 1976 4879 justos

380 4893 435 4940 et
465 4898 699 4944 sanctos.
751 4890 854 4945 Per
885 4889 1027 4947 hanc
1056 4893 1511 4964 omnipotentiam
1542 4902 1694 4951 tuam
1722 4903 1776 4952 te
1821 4913 1971 4969 rogo,

377 4980 442 5028 ut
470 4978 737 5034 concedas
768 4978 913 5035 mihi
942 4983 1218 5051 peccatori
1252 4982 1358 5040 hoc
1383 4986 1602 5041 caeleste
1642 4985 1974 5042 sacriﬁcium

385 5063 660 5120 celebrare
699 5079 824 5121 cum
856 5068 1055 5124 timore
1083 5079 1136 5125 et
1166 5077 1421 5141 tremore,
1465 5090 1590 5130 cum
1617 5073 1797 5130 cordis
1825 5073 1974 5146 puri-

382 5159 512 5220 tate,
547 5162 600 5208 et
631 5156 999 5228 lacrymarum
1031 5159 1203 5226 fonte,
1236 5178 1360 5216 cum
1402 5162 1594 5218 latitia
1631 5163 1888 5235 spiritali,
1918 5171 1972 5219 et

375 5242 586 5299 calesti
616 5245 834 5316 gaudio.
868 5247 1079 5303 Sentiat
1110 5265 1264 5306 mens
1293 5266 1414 5306 mea
1455 5251 1800 5307 dulcedinem
1832 5251 1969 5308 bea-

369 5329 598 5389 tissima
629 5336 930 5405 prasentia
950 5344 1079 5405 tua,
1108 5346 1160 5393 et
1181 5339 1442 5396 excubias
1469 5348 1783 5396 sanctorum
1811 5355 1968 5412 ange'

379 5417 558 5476 lorum
594 5429 816 5478 tuorum
848 5424 907 5480 in
937 5424 1175 5481 circuitu
1205 5443 1345 5482 meo.

438 5515 492 5571 5.
535 5519 652 5590 Ego
701 5519 873 5589 enim,
919 5523 1176 5591 Domine,
1225 5540 1437 5579 memor
1473 5526 1798 5583 veneranda
1845 5543 1965 5599 pas-

371 5605 551 5661 sionis
581 5616 688 5663 tua
734 5610 933 5667 accedo
978 5612 1047 5668 ad
1085 5613 1254 5668 altare
1283 5621 1464 5682 tuum,
1509 5613 1638 5670 licet
1680 5623 1960 5688 peccator;

2106 3167 2369 3239 digneris.
2417 3171 2489 3225 Et
2522 3177 2586 3226 ut
2627 3170 2837 3227 nullius
2885 3173 2958 3228 sit
2991 3172 3208 3228 irritum
3244 3181 3464 3242 votum,
3493 3174 3704 3230 nullius

2099 3273 2270 3313 vacua
2302 3259 2618 3329 postulatio,
2651 3269 2713 3317 tu
2742 3261 2903 3317 nobis
2935 3277 3120 3334 preces
3145 3277 3392 3333 suggere,
3424 3279 3562 3336 quas
3589 3264 3700 3335 ipse

2097 3343 2288 3401 audire
2327 3349 2600 3420 propitius
2631 3357 2684 3404 et
2713 3351 2976 3406 exaudire
3005 3351 3310 3407 delecteris.

2167 3451 2220 3508 6.
2262 3454 2536 3525 Rogamus
2559 3457 2724 3512 etiam
2757 3464 2828 3527 te,
2861 3467 3044 3515 sancte
3072 3458 3252 3526 Pater,
3281 3475 3382 3530 pro
3413 3459 3696 3531 spiritibus

2096 3539 2345 3598 ﬁdelium
2376 3543 2787 3614 defunctorum,
2841 3554 2904 3603 ut
2948 3546 3020 3603 sit
3058 3547 3173 3604 illis
3199 3547 3348 3603 salus
3380 3556 3606 3616 aterna,
3637 3565 3696 3604 ac

2097 3641 2357 3704 perpetua
2385 3635 2610 3704 sanitas,
2645 3636 2906 3708 gaudium
2936 3644 2990 3692 et
3019 3638 3375 3710 refrigerium
3414 3639 3692 3711 sempiter-

2095 3737 2250 3791 num,
2295 3723 2401 3780 hoc
2445 3741 2705 3796 magnum
2745 3726 2962 3797 pietatis
3003 3737 3428 3784 sacramentum.
3463 3730 3690 3785 Domine

2094 3811 2238 3866 Deus
2269 3827 2441 3879 meus,
2476 3813 2548 3868 sit
2573 3814 2687 3869 illis
2713 3814 2878 3871 hodie
2907 3833 3164 3889 magnum
3195 3825 3248 3873 et
3294 3817 3525 3890 plenum
3556 3835 3689 3890 gau-

2093 3897 2247 3954 dium
2279 3899 2346 3955 de
2379 3907 2432 3956 te
2463 3918 2601 3972 pane
2630 3903 2762 3958 vivo
2791 3912 2846 3960 et
2871 3921 3022 3973 vero,
3065 3905 3160 3977 qui
3189 3905 3256 3961 de
3289 3908 3430 3963 coelo
3459 3907 3688 3964 descen-

2091 3986 2244 4056 disti,
2293 3996 2349 4044 et
2393 3990 2491 4045 das
2540 3991 2713 4046 vitam
2764 3993 2991 4061 mundo,
3046 3993 3113 4049 de
3169 4011 3335 4051 carne
3395 4006 3587 4054 sancta
3640 4005 3689 4052 et

2090 4078 2398 4150 benedicta,
2431 4085 2557 4156 agni
2588 4083 2847 4141 videlicet
2879 4085 3223 4142 immaculatl
3263 4087 3361 4160 qui
3394 4089 3548 4145 tollis
3574 4106 3685 4162 pec-

2089 4179 2272 4228 catum
2304 4175 2518 4243 mundi,
2544 4185 2597 4231 et
2619 4178 2795 4248 potari
2824 4178 2890 4233 de
2913 4178 3064 4234 fonte
3084 4179 3302 4250 pietatis
3323 4189 3454 4248 tua,
3484 4184 3581 4254 qui
3601 4200 3687 4255 per

2091 4260 2335 4316 lanceam
2369 4264 2564 4320 militis
2589 4265 2656 4321 de
2683 4266 2849 4322 latere
2877 4268 3153 4323 emanavit
3181 4269 3437 4325 crucifixi
3468 4272 3686 4327 Domini

2090 4351 2294 4418 nostri;
2329 4361 2389 4408 ut
2418 4354 2687 4410 consolati
2722 4354 3006 4412 exsultent
3035 4356 3093 4412 in
3123 4355 3285 4412 laude
3314 4365 3369 4414 et
3399 4359 3578 4432 gloria
3603 4369 3688 4415 tua

2086 4446 2295 4494 sancta.

2162 4537 2210 4592 7.
2256 4537 2406 4606 Peto,
2431 4539 2686 4609 Domine,
2716 4541 3066 4597 clementiam
3098 4549 3272 4608 tuam,
3301 4551 3363 4600 ut
3392 4543 3688 4602 descendat

2089 4641 2251 4697 super
2283 4627 2432 4684 hunc
2461 4645 2657 4699 panem
2689 4637 2744 4685 et
2771 4630 2996 4686 calicem
3032 4631 3196 4687 istum
3226 4632 3521 4703 plenitudo
3551 4635 3686 4691 divi-

2089 4715 2278 4771 nitatis
2312 4725 2437 4773 tua.
2484 4718 2792 4775 Descendat
2836 4719 3022 4788 etiam,
3067 4722 3323 4789 Domine,
3371 4724 3472 4779 illa
3515 4727 3685 4782 sancti

2087 4804 2325 4876 Spiritus
2349 4807 2433 4861 tui
2467 4807 2770 4863 invisibilis
2801 4807 2999 4878 forma,
3021 4819 3075 4867 et
3104 4810 3689 4883 incomprehensibilis

2086 4894 2363 4966 majestas,
2395 4896 2542 4952 sicut
2571 4897 2850 4968 quondam
2884 4899 2942 4954 in
2976 4899 3199 4956 Patrum
3232 4900 3444 4958 hostias
3465 4901 3686 4960 descen-

2084 4982 2265 5050 debat,
2316 4985 2410 5057 qui
2445 4994 2512 5040 et-
2527 4985 2833 5042 oblationes
2877 4996 3092 5046 nostras
3133 5006 3333 5062 corpus
3379 4999 3435 5048 et
3465 4994 3684 5066 sangui-

2081 5087 2204 5127 nem
2255 5082 2410 5128 tuum
2468 5076 2688 5144 efﬁciat,
2745 5085 2800 5132 et
2853 5092 2940 5131 me
2992 5078 3282 5151 indignum
3341 5081 3679 5137 sacerdotem

2088 5166 2244 5216 tuum
2301 5162 2491 5219 doceat
2549 5171 2760 5220 tantum
2809 5173 3040 5222 tractare
3090 5169 3441 5240 mysterium,
3503 5169 3582 5225 ita
3626 5179 3683 5224 ut

2087 5252 2299 5323 placide
2328 5269 2392 5310 ac
2423 5253 2656 5326 benigne
2676 5255 3006 5312 sacriﬁcium
3037 5257 3303 5329 suscipias
3331 5257 3402 5312 de
3427 5259 3680 5315 manibus

2081 5341 2217 5396 meis
2243 5341 2311 5396 ad
2341 5344 2574 5398 salutem
2601 5343 2852 5399 omnium
2881 5351 2993 5400 tam
3020 5345 3273 5401 vivorum
3294 5362 3462 5419 quam
3486 5347 3675 5403 defun-

2075 5438 2312 5486 ctorum.
2354 5434 2503 5505 Rogo
2540 5441 2612 5501 te,
2653 5437 2798 5497 492
2829 5433 3084 5502 Domine,
3134 5451 3230 5507 per
3271 5436 3453 5507 ipsum
3484 5454 3673 5493 sacro—

2077 5533 2328 5582 sanctum
2358 5529 2682 5601 mysterium
2725 5529 2972 5602 corporis
3001 5537 3055 5585 et
3097 5530 3382 5602 sanguinis
3413 5532 3520 5601 tui,
3569 5549 3672 5605 quo

2075 5616 2321 5688 quotidie
2340 5617 2399 5675 in
2427 5619 2678 5679 Ecclesia
2704 5627 2796 5678 tua
2815 5618 3091 5693 pascimur
3120 5627 3173 5678 ct
3205 5627 3485 5694 potamur,
3511 5622 3668 5680 ablu-
