3880 6198
193 297 324 356 833

1520 294 2006 354 PRECATIONES
2045 295 2235 354 DU/E.

3425 299 3530 358 834

199 423 371 479 imur
397 431 451 480 et
478 424 906 494 sanctiﬁcamur,
938 431 1101 497 atque
1131 421 1301 480 unius
1326 431 1432 480 tua:
1481 438 1817 495 summaque
1849 427 1900 485 Α
1927 420 2163 493 Spiritus
2183 431 2406 478 sanctus
2437 441 2449 479 :
2475 423 2568 480 sed
2601 425 2761 480 Pater
2779 425 2838 481 in
2869 424 3011 482 Filio
3033 435 3087 484 et
3112 423 3324 499 Spiritu
3340 437 3530 486 sancto

198 511 535 568 divinitatis
565 514 857 586 participes
901 513 1173 570 eﬂicimur
1199 532 1212 581 ;
1243 519 1509 585 quatenus
1541 515 1639 569 des
1680 512 1820 566 mihi

201 603 459 658 virtutes
502 611 626 658 tuas
681 611 916 670 sanctas,
961 603 1161 675 quibus
1206 603 1468 674 repletus,
1493 602 1639 658 bona
1677 618 1822 658 con—

199 693 454 749 scientia
480 693 547 749 ad
573 695 741 751 altare
757 702 912 750 tuum
936 695 1208 760 accedam,
1229 694 1306 748 ita
1333 693 1515 749 uthaec
1570 693 1820 748 coelestia

199 793 562 838 sacramenta
604 783 912 840 efﬁciantur
941 784 1077 839 mihi
1109 784 1254 838 salus
1292 790 1345 838 et
1384 783 1518 838 vita.
1552 782 1633 836 Tu
1671 781 1817 836 enim

201 871 417 927 dixisti
447 891 539 928 ore
567 880 664 930 tuo
714 881 902 929 sancto
949 882 1002 928 et
1038 873 1328 929 benedicto
1362 891 1373 929 :
1420 897 1437 919 ι
1460 872 1622 927 Panis
1656 888 1817 944 quem

201 975 319 1032 ego
351 960 571 1028 dedero,
603 979 729 1018 caro
761 978 877 1016 mea
915 969 996 1017 est
1026 979 1125 1032 pro
1155 962 1349 1017 mundi
1380 962 1496 1016 vita
1524 962 1706 1026 (Joa-n.
1735 977 1814 1028 vr,

202 1049 337 1121 52).
373 1073 390 1097 ι
432 1052 522 1118 Et,
570 1075 588 1099 ι
617 1051 723 1117 Qui
764 1051 1055 1107 manducat
1084 1068 1190 1119 me,
1224 1052 1339 1107 vita
1386 1051 1538 1106 vivet
1590 1059 1816 1122 propter

206 1159 328 1211 me,
363 1145 477 1216 ipse
497 1152 679 1200 manet
707 1145 766 1200 in
805 1161 912 1209 me,
943 1153 996 1200 et
1020 1161 1117 1217 ego
1147 1146 1205 1201 in
1235 1160 1320 1200 eo.
1349 1146 1464 1217 Ego
1493 1162 1615 1200 sum
1662 1143 1818 1216 panis

206 1231 388 1288 vivus
415 1232 509 1305 qui
535 1233 602 1289 de
631 1233 771 1290 caelo
807 1233 1064 1291 descendi
1102 1254 1113 1290 :
1142 1235 1188 1290 si
1232 1235 1355 1308 quis
1401 1234 1818 1292 manducaverit

206 1337 287 1376 ex
317 1321 425 1378 hoc
444 1338 601 1394 pane,
633 1322 785 1379 vivet
831 1324 889 1380 in
932 1333 1198 1381 aeternum
1233 1325 1398 1397 (Ibid.
1444 1325 1534 1392 58,
1577 1323 1668 1392 57,
1724 1323 1814 1392 51,

205 1410 336 1481 52).
374 1435 392 1457 ι

289 1501 345 1557 8.
378 1500 541 1556 Panis
569 1499 910 1571 dulcissime,
943 1518 1074 1558 sana
1100 1502 1342 1573 palatum
1372 1503 1554 1559 cordis
1585 1502 1714 1570 mei,
1755 1509 1816 1558 ut

208 1589 453 1644 sentiam
484 1589 812 1646 suavitatem
843 1591 1048 1647 amoris
1085 1591 1166 1647 tui
1202 1611 1214 1648 :
1249 1609 1379 1647 sana
1420 1591 1488 1647 ab
1520 1592 1672 1647 omni
1703 1593 1815 1647 lan-

209 1694 407 1748 guore,
453 1685 513 1733 ut
544 1679 752 1734 nullam
786 1689 982 1751 praeter
1022 1688 1073 1736 te
1104 1697 1279 1736 amem
1315 1680 1810 1753 pulchritudinem.

1932 511 2109 567 Filius
2142 511 2200 566 in
2235 513 2394 569 Patre
2449 522 2502 568 et
2544 513 2754 586 Spiritu
2800 524 3008 584 sancto,
3042 516 3280 588 Spiritus
3311 529 3530 576 sanctus

1932 601 1990 655 in
2028 601 2188 656 Patre
2229 608 2284 656 et
2327 602 2470 658 Filio
2503 610 2619 669 est;
2653 603 2782 676 quia
2818 604 2960 660 sicut
2990 613 3102 673 tua,
3145 609 3290 663 Deus
3323 616 3528 678 noster,

1930 695 2126 744 natura
2154 706 2412 761 personas
2461 691 2678 763 recipit,
2727 693 2807 750 sic
2834 703 3015 764 partes
3042 712 3386 769 nequaquam
3417 698 3528 754 ad-

1930 781 2142 837 mittit:
2181 782 2269 837 cui
2316 798 2417 838 nec
2462 798 2645 853 supra,
2690 798 2790 839 nec
2825 784 3040 851 subtus,
3071 793 3197 841 ante
3238 789 3323 842 vel
3383 797 3531 844 retro

1929 872 2209 940 convenit,
2248 873 2377 944 quia
2421 889 2712 945 corporum
2763 873 3096 930 lineamenta
3148 892 3259 932 non
3313 879 3527 948 recipit.

1929 959 2082 1018 Unde
2127 967 2180 1016 et
2227 969 2339 1017 tota
2373 963 2630 1018 omnibus
2675 963 2732 1017 in
2783 963 2916 1018 locis
2954 965 3071 1019 sine
3113 965 3234 1020 loco
3266 966 3526 1033 habetur,

1929 1067 2028 1106 nec
2057 1059 2240 1107 tamen
2278 1059 2392 1107 tota
2418 1051 2934 1122 comprehenditur;
2970 1059 3087 1108 tota
3125 1069 3366 1127 namque
3395 1055 3530 1110 ubi—

1929 1156 2032 1212 que
2066 1140 2315 1208 habetur,
2350 1141 2478 1213 quia
2508 1141 2751 1212 profecto
2797 1157 2919 1213 pars
2967 1158 3090 1198 mea
3118 1144 3276 1198 nulla
3315 1143 3529 1215 reperi-

1928 1236 2018 1284 tur
2051 1247 2062 1284 :
2094 1236 2210 1284 tota
2233 1236 2414 1284 autem
2445 1246 2556 1284 non
2577 1230 3091 1302 comprehenditur,
3114 1233 3242 1304 quia
3271 1233 3530 1290 videlicet

1927 1334 2052 1374 cum
2109 1317 2166 1372 in
2213 1319 2478 1374 creaturis
2517 1317 2814 1391 unicuique
2845 1327 2958 1376 tota
2991 1337 3228 1391 praesens
3268 1321 3526 1392 efficitur,

1926 1407 2091 1463 etiam
2139 1408 2282 1462 ultra
2328 1415 2604 1464 creaturas
2641 1417 2754 1464 tota
2803 1409 3108 1464 invenitur.
3159 1409 3527 1476 Quamobrem

1925 1511 2051 1550 cum
2091 1495 2291 1550 coelum
2345 1504 2398 1552 et
2440 1504 2636 1552 terram
2668 1495 2880 1566 implet,
2934 1503 3050 1551 tota
3079 1501 3160 1552 est
3202 1512 3213 1551 :
3249 1513 3375 1553 cum
3415 1495 3529 1556 ho-

1926 1584 2131 1638 minem
2161 1601 2333 1639 unum
2367 1584 2581 1655 implet,
2613 1591 2727 1640 tota
2755 1589 2864 1651 est;
2890 1600 2992 1641 nec
3020 1583 3265 1641 variatur
3285 1602 3381 1658 per
3411 1589 3520 1644 sin~

1925 1673 2071 1744 gula,
2095 1690 2215 1747 quae
2237 1673 2293 1728 in
2323 1674 2553 1746 singulis
2584 1683 2697 1730 tota
2723 1683 2803 1730 est
2827 1695 2840 1744 ;
2875 1692 2975 1732 nec
2995 1675 3062 1732 de
3085 1677 3208 1734 loco
3239 1678 3308 1734 ad
3341 1679 3528 1742 locum

209 1767 384 1822 Panis
409 1767 820 1837 candidissima,
853 1769 1062 1826 habens
1092 1771 1150 1825 in
1181 1779 1234 1826 te
1265 1787 1426 1827 omne
1452 1771 1813 1827 delectamen-
1842 1785 1890 1845 Β
1926 1769 2146 1837 transit,
2178 1786 2304 1826 cum
2358 1787 2532 1826 unum
2581 1771 2858 1837 deserens,
2911 1773 3146 1829 alterum
3197 1775 3351 1846 petit,
3406 1794 3529 1850 quas

209 1863 361 1925 tum,
388 1864 440 1912 et
469 1856 650 1914 omnis
677 1859 885 1930 saporis
936 1859 1284 1928 suavitatem,
1323 1860 1417 1933 qui
1457 1876 1557 1916 nos
1604 1875 1816 1932 semper

211 1946 440 2013 reﬁcis;
473 1947 724 2004 comedat
754 1958 806 2005 te
840 1965 933 2005 cor
964 1966 1168 2019 meum,
1193 1957 1247 2006 et
1277 1948 1570 2007 dulcedine
1607 1949 1818 2022 saporis

209 2037 303 2091 tui
344 2038 655 2108 repleantur
699 2039 912 2095 viscera
955 2039 1152 2095 animai
1210 2055 1361 2094 meae.
1418 2037 1710 2096 Manducat
1762 2047 1816 2095 te

210 2127 448 2198 angelus
475 2128 640 2198 pleno
688 2143 800 2195 ore,
841 2127 1136 2184 manducet
1186 2135 1241 2183 te
1282 2129 1602 2200 peregrinus
1650 2127 1816 2184 homo

209 2230 321 2286 pro
353 2215 578 2271 modulo
613 2231 750 2282 suo;
792 2232 860 2270 ne
903 2216 1135 2272 deiicere
1164 2217 1335 2288 possit
1374 2217 1432 2272 in
1463 2217 1572 2284 via,
1611 2217 1709 2273 tali
1736 2233 1816 2272 re-

211 2313 438 2361 creatus
491 2304 712 2361 viatico.
772 2305 935 2360 Panis
983 2313 1188 2373 sancte,
1245 2306 1403 2378 panis
1465 2306 1612 2374 vive,
1662 2306 1818 2379 panis

215 2391 474 2465 pulcher,
511 2392 668 2464 panis
699 2393 926 2462 munde,
957 2395 1052 2466 qui
1101 2394 1433 2451 descendisti
1487 2394 1554 2450 de
1577 2396 1735 2464 ccelo,
1767 2403 1821 2450 et

217 2480 320 2536 das
353 2479 524 2535 vitam
551 2480 780 2550 mundo,
812 2481 939 2536 veni
969 2482 1026 2536 in
1053 2499 1150 2539 cor
1177 2499 1381 2551 meum,
1415 2491 1470 2539 et
1502 2484 1708 2540 munda
1735 2501 1820 2539 me

216 2570 290 2626 ab
317 2569 468 2625 omni
497 2569 917 2642 inquinamento
969 2572 1148 2628 carnis
1189 2581 1244 2629 et
1289 2573 1534 2644 spiritus.
1567 2575 1716 2630 Intra
1762 2575 1820 2629 in

218 2659 463 2714 animam
495 2674 692 2726 meam,
723 2667 778 2715 et
805 2659 1086 2718 sanctiﬁca
1127 2678 1216 2718 me
1260 2662 1411 2718 intus
1451 2671 1505 2719 et
1551 2664 1815 2720 exterius.

219 2749 360 2804 Esto
389 2757 636 2805 tutamen
668 2757 724 2804 et
751 2756 1015 2822 perpetua
1042 2750 1190 2806 salus
1226 2751 1472 2824 corporis
1521 2760 1576 2808 et
1621 2752 1820 2808 animae

220 2854 380 2893 meae.
414 2837 637 2909 Repelle
665 2853 696 2892 a
738 2854 825 2893 me
873 2837 1199 2896 insidiantes
1245 2840 1404 2896 mihi.
1438 2840 1632 2896 Hostes
1661 2857 1821 2897 rece-

220 2927 360 2983 dant
395 2928 589 2999 procul
619 2944 650 2983 a
677 2928 968 2999 praesentia
995 2937 1111 2998 tua,
1141 2938 1203 2986 ut
1223 2929 1359 2985 foris
1383 2937 1435 2986 et
1461 2931 1609 2986 intus
1641 2947 1736 3002 per
1765 2937 1818 2986 te

221 3015 497 3084 munitus,
527 3023 678 3072 recto
707 3016 926 3073 tramite
946 3017 1258 3089 perveniam
1282 3018 1350 3074 ad
1376 3027 1532 3075 tuum
1565 3035 1814 3092 regnum;

1929 1868 2274 1939 semetipsam
2298 1867 2416 1924 sine
2443 1871 2564 1925 loco
2594 1879 2648 1926 et
2672 1877 2916 1942 tempore
2937 1879 3144 1928 movet.
3169 1872 3308 1929 Hinc
3330 1875 3528 1932 merito

1929 1956 2210 2025 colendus,
2244 1956 2376 2014 hinc
2415 1957 2726 2014 adorandus
2759 1974 2834 2027 es,
2867 1958 3000 2015 hinc
3030 1959 3524 2033 incommutabilis,

1929 2043 2062 2102 hinc
2109 2045 2623 2118 incircumscriptus
2677 2048 2986 2118 agnosceris
3043 2066 3054 2104 :
3099 2049 3233 2106 hinc
3262 2051 3529 2107 mediator

1929 2134 2027 2190 Dei
2059 2142 2112 2192 et
2159 2134 2450 2192 hominum
2501 2135 2671 2192 homo
2728 2136 2980 2194 Christus
3027 2137 3183 2195 Iesus
3221 2139 3526 2196 secundum

1930 2222 2241 2280 divinitatis
2261 2224 2573 2292 essentiam,
2591 2233 2738 2281 totus
2758 2242 2884 2283 cum
2913 2225 3238 2284 hominibus
3263 2228 3321 2283 in
3342 2230 3523 2297 terris,

1931 2321 2080 2368 totus
2107 2321 2222 2368 erat
2251 2331 2378 2371 cum
2404 2315 2560 2370 Patre
2591 2315 2649 2369 in
2681 2315 2854 2383 caelis,
2888 2332 3015 2371 cum
3043 2316 3260 2373 diceret
3295 2334 3306 2372 :
3369 2341 3388 2364 ι
3427 2318 3526 2374 Ne-

1931 2418 2022 2456 mo
2051 2401 2296 2458 ascendit
2332 2404 2389 2458 in
2419 2404 2640 2471 coelum,
2694 2403 2801 2460 nisi
2843 2404 2936 2477 qui
2968 2405 3035 2460 de
3063 2407 3203 2462 cmlo
3240 2405 3525 2464 descendit

1932 2493 2108 2548 Filius
2159 2493 2422 2562 hominis,
2453 2494 2548 2567 qui
2600 2493 2657 2550 in
2702 2497 2842 2552 caelo
2873 2505 2954 2553 est
2999 2498 3182 2568 (Joan.
3209 2517 3293 2568 ιιι,
3346 2500 3459 2571 13).
3495 2524 3513 2546 ι

1947 2605 1965 2629 σ
2002 2581 2107 2649 Qui
2141 2581 2469 2654 (videlicet),
2503 2599 2628 2640 cum
2670 2584 2728 2640 in
2758 2584 2936 2642 forma
2963 2587 3061 2641 Dei
3094 2595 3255 2656 esset,
3287 2605 3400 2643 non
3430 2605 3529 2644 ra-

1932 2670 2117 2743 pinam
2175 2670 2472 2727 arbitratus
2523 2678 2604 2728 est
2643 2688 2758 2729 esse
2812 2690 2871 2729 se
2911 2677 3179 2746 aequalem
3229 2678 3388 2732 Deo:
3432 2677 3526 2732 sed

1931 2760 2284 2832 semetipsum
2325 2761 2664 2831 exinanivit,
2697 2763 2928 2819 formam
2968 2765 3111 2820 servi
3143 2765 3433 2838 accipiens,
3468 2767 3524 2823 in

1931 2848 2356 2906 similitudinem
2386 2851 2676 2908 hominum
2695 2852 2776 2924 (1)
2800 2853 2997 2923 factus,
3031 2862 3085 2910 et
3112 2854 3305 2910 habitu
3335 2855 3526 2911 inven-

1928 2945 2019 2995 tus
2063 2948 2124 2995 ut
2153 2938 2338 2996 homo.
2391 2940 2720 2998 Humiliavit
2745 2943 3120 3017 semetipsum,
3175 2945 3354 3002 factus
3398 2946 3522 3002 obe-

1929 3026 2085 3084 diens
2106 3045 2276 3101 usque
2303 3029 2372 3086 ad
2409 3038 2661 3100 mortem,
2693 3041 2924 3089 mortem
2960 3040 3143 3089 autem
3173 3033 3354 3090 crucis
3375 3033 3547 3107 (Plu?

221 3103 320 3158 ubi
348 3120 459 3159 non
492 3105 792 3176 mysteriis,
827 3106 970 3162 sicut
1004 3107 1062 3162 in
1093 3106 1196 3166 hoc
1224 3115 1470 3180 tempore
1499 3109 1697 3181 agitur,
1722 3109 1816 3164 sed
1851 3149 1894 3209 C
1931 3117 2060 3188 lipp,
2092 3135 2152 3186 ιι,
2184 3119 2338 3191 6-8),
2371 3145 2388 3168 ι

222 3191 362 3247 facie
383 3193 450 3248 ad
466 3193 663 3250 faciem
689 3201 738 3249 te
757 3194 1087 3263 videbimus,
1109 3212 1233 3252 cum
1257 3197 1550 3253 tradideris
1587 3215 1814 3269 regnum

223 3283 336 3337 Deo
352 3282 593 3351 Patri,et
622 3284 727 3339 erit
756 3285 901 3339 Deus
929 3285 1116 3340 omnia
1146 3285 1204 3340 in
1234 3286 1518 3342 omnibus.
1549 3287 1702 3343 Tunc
1729 3303 1815 3342 me

225 3371 293 3428 de
339 3380 391 3428 te
433 3373 658 3429 satiabis
688 3375 937 3432 satietate
983 3383 1260 3449 perpetua,
1305 3382 1368 3432 ut
1412 3394 1513 3434 nec
1557 3377 1814 3447 esuriam,

226 3477 328 3518 nec
355 3462 537 3518 sitiam
570 3463 624 3518 in
659 3473 924 3521 aeternum
953 3483 964 3520 :
1001 3465 1094 3537 qui
1122 3483 1248 3521 cum
1285 3465 1477 3522 eodem
1507 3468 1622 3523 Deo
1660 3467 1818 3522 Patre

228 3557 283 3606 et
310 3551 519 3622 Spiritu
545 3559 732 3609 sancto
752 3553 900 3610 vivis
924 3561 978 3610 et
1006 3571 1198 3628 regnas
1245 3571 1340 3626 per
1391 3555 1576 3612 omnia
1621 3556 1819 3612 saecula

229 3647 575 3718 saeculorum,
607 3665 786 3706 amen.

652 3793 1002 3852 PRECATIO
1045 3792 1390 3854 SECUNDA.

530 3897 662 3954 Item
687 3899 746 3954 in
782 3902 1179 3974 prwparatione
1205 3903 1276 3958 ad
1302 3902 1541 3962 Missam.

304 4021 354 4079 1.
388 4022 615 4079 Summa
667 4031 720 4080 et
757 4025 1331 4098 incomprehensibilis
1377 4035 1590 4096 natura,
1644 4026 1822 4082 virtus

232 4111 452 4184 vitaque
477 4113 653 4184 beata,
679 4114 778 4170 lux
806 4116 1219 4186 inaccessibilis,
1252 4135 1400 4187 vera,
1433 4117 1749 4190 singularis,
1769 4125 1824 4173 et

232 4218 340 4258 una
385 4201 672 4275 sapientia,
703 4205 906 4262 veritas
942 4207 1446 4276 incommutabilis,
1488 4217 1694 4276 sancta,
1725 4208 1823 4262 in-

233 4295 632 4366 comparabilis,
665 4305 717 4352 et
746 4305 947 4353 aeterna
975 4297 1218 4364 dilectio,
1242 4298 1626 4368 temporalium
1639 4313 1822 4352 rerum

233 4383 351 4438 sine
389 4392 632 4457 tempore
684 4385 954 4455 conditor,
986 4383 1294 4441 visibilium
1346 4393 1399 4442 et
1451 4383 1822 4441 invisibilium

234 4470 534 4529 invisibilis
567 4482 909 4548 aeternusque
957 4481 1219 4546 patrator,
1250 4475 1409 4530 Pater
1448 4483 1500 4530 et
1549 4473 1723 4529 Filius
1769 4479 1824 4529 et

235 4559 470 4632 Spiritus
496 4573 736 4632 sanctus,
776 4580 919 4618 unus
948 4571 1002 4618 et
1045 4579 1208 4618 verus
1237 4563 1294 4617 in
1335 4564 1606 4618 Trinitate
1635 4563 1822 4619 Domi-

236 4665 338 4704 nus
367 4651 542 4706 Deus:
568 4652 725 4708 Pater
749 4669 860 4707 non
890 4652 1097 4708 habens
1115 4669 1146 4707 a
1166 4669 1274 4724 quo
1291 4655 1383 4720 sis,
1409 4653 1614 4708 habens
1634 4659 1820 4708 tamen

237 4739 578 4810 sapientiam,
602 4741 657 4796 id
687 4749 770 4797 est
800 4741 1129 4809 Filium,cui
1144 4742 1316 4813 major
1343 4743 1427 4798 vel
1450 4743 1692 4799 anterior
1708 4759 1821 4798 non

237 4828 353 4884 sis:
389 4828 564 4886 Filius
616 4830 822 4886 habens
867 4831 1081 4886 Patrem
1129 4847 1160 4886 a
1206 4848 1314 4903 quo
1356 4831 1449 4900 sis,
1489 4849 1601 4888 non
1636 4839 1822 4888 tamen

239 4916 440 4973 habens
467 4919 558 4974 cui
592 4921 773 4976 minor
821 4921 908 4976 vel
954 4921 1221 4992 posterior
1265 4921 1340 4976 sis
1371 4939 1382 4977 :
1411 4920 1664 4992 Spiritus
1703 4937 1821 4976 san-

238 5014 354 5064 ctus
400 5006 608 5063 habens
649 5010 861 5064 Patrem
908 5017 962 5065 et
1008 5008 1232 5076 Filium,
1266 5014 1297 5064 ἐι
1343 5009 1544 5081 quibus
1581 5009 1675 5077 sis,
1709 5026 1821 5064 non

241 5105 416 5152 tamen
446 5096 653 5152 habens
681 5097 883 5170 quibus
920 5099 1006 5153 vel
1053 5097 1339 5171 inaequalis
1369 5100 1457 5154 vel
1489 5098 1666 5169 impar
1696 5098 1770 5154 sis
1806 5116 1820 5166 ;

240 5185 364 5258 quia
389 5194 565 5243 totum
598 5188 654 5243 in
685 5187 788 5244 hac
812 5195 905 5244 tua
951 5187 1262 5256 divinitate,
1292 5188 1382 5244 cui
1429 5196 1644 5260 tempus
1682 5205 1822 5245 nun-

241 5290 396 5346 quam
438 5275 660 5343 accidit,
704 5283 968 5332 aeternum
1016 5293 1080 5334 ac
1109 5283 1464 5346 coaeternum,
1506 5278 1715 5349 aequale
1764 5294 1827 5336 ac

241 5365 512 5437 coaequale
537 5372 640 5435 est,
665 5366 724 5422 in
765 5381 872 5438 qua
915 5367 1054 5424 alius
1082 5367 1260 5435 Pater,
1289 5366 1431 5423 alius
1458 5363 1654 5436 Filius,
1685 5365 1826 5425 alius

314 5564 396 5640 (1)
455 5566 658 5625 Omnes
705 5563 837 5624 edit.
862 5612 878 5637 ,
929 5567 987 5624 in
1038 5565 1441 5627 similitudinem
1514 5565 1784 5627 hominum
1809 5613 1825 5640 ,

252 5639 425 5712 factus
453 5640 688 5702 obediens
704 5656 726 5703 ;
743 5648 934 5697 caetera
961 5657 1031 5699 ex
1057 5644 1188 5716 Reg.
1218 5640 1340 5701 cod.
1377 5640 1635 5698 restituta

1997 3208 2049 3263 2.
2082 3208 2182 3263 Per
2211 3207 2362 3265 hunc
2391 3218 2460 3279 te,
2490 3206 2648 3266 beata
2683 3206 2942 3278 Trinitas,
2975 3207 3339 3267 humanitatis
3368 3208 3520 3268 habi-

1924 3311 2064 3372 tum,
2093 3302 2238 3360 493
2270 3322 2364 3378 per
2402 3303 2568 3378 hujus
2608 3305 2968 3377 subjectionis
3013 3305 3393 3362 humilitatem
3433 3304 3522 3362 de-

1925 3409 2137 3467 precor,
2179 3410 2274 3466 per
2321 3393 2485 3466 hujus
2523 3391 2946 3450 sacratissimam
2995 3392 3396 3463 obedientiam,
3427 3411 3525 3468 per

1926 3481 2091 3554 hujus
2119 3481 2487 3540 beatissimam
2539 3490 2770 3538 mortem
2820 3500 2988 3539 exoro
3017 3483 3072 3538 in
3125 3484 3338 3555 primis,
3368 3493 3429 3540 ut
3470 3493 3524 3541 te

1926 3572 2223 3628 Dominum
2253 3575 2429 3628 Deum
2487 3588 2669 3627 meum
2723 3572 2973 3642 diligam,
3002 3579 3058 3628 te
3089 3572 3296 3642 sitiam,
3326 3581 3379 3628 te
3405 3580 3524 3635 toto

1927 3662 2090 3719 corde
2120 3662 2431 3734 perquiram
2467 3680 2478 3718 :
2510 3661 2709 3717 deinde
2749 3669 2809 3717 ut
2840 3663 3156 3733 proximum
3184 3662 3351 3734 juxta
3376 3665 3524 3721 vires

1926 3759 2089 3822 atque
2119 3767 2431 3806 mensuram
2461 3751 2520 3806 in
2553 3751 2656 3807 hac
2684 3751 2803 3822 ipsa
2832 3759 2925 3806 tua
2963 3750 3261 3808 dilectione
3290 3752 3520 3809 charum

1928 3856 2140 3913 semper
2183 3847 2343 3914 atque
2381 3831 2644 3896 dilectum
2690 3840 2988 3897 attendam.
3038 3840 3143 3896 Sed
3197 3840 3340 3898 hanc
3390 3841 3524 3898 dile-

1929 3933 2169 3990 ctionem
2215 3931 2378 3999 nulli,
2426 3931 2682 3998 Domine,
2717 3929 3024 4001 praestabis,
3075 3928 3182 3984 nisi
3237 3931 3328 3984 cui
3385 3931 3528 3987 vitia

1931 4021 2084 4092 prius
2124 4020 2304 4077 odisse
2348 4020 2660 4076 donaveris.
2712 4019 2948 4076 Obsecro
2988 4036 3137 4091 ergo,
3181 4020 3270 4092 pia
3311 4029 3366 4077 et
3395 4038 3527 4078 vera

1933 4107 2325 4176 misericordia,
2367 4107 2542 4163 solida
2588 4116 2751 4180 atque
2797 4109 2963 4164 unica
3007 4125 3128 4180 spes
3160 4125 3299 4177 mea,
3332 4118 3394 4166 ut
3421 4127 3526 4166 su-

1931 4198 2132 4271 perbiae
2162 4214 2387 4270 regnum
2418 4197 2631 4253 auferas
2658 4197 2725 4254 ab
2765 4197 2948 4255 anima
2982 4214 3119 4254 mea.
3152 4199 3521 4271 Horrendum,

1931 4287 2185 4356 Domine,
2203 4287 2620 4359 pavendumque
2649 4295 2760 4344 tam
2790 4287 3095 4342 maximum
3127 4289 3354 4358 malum,
3378 4289 3524 4362 quod

1933 4378 2152 4448 angelos
2179 4377 2245 4433 de
2273 4377 2410 4434 cmlo
2438 4375 2686 4449 projecit,
2721 4377 2870 4449 quod
2890 4375 3148 4433 homines
3175 4375 3242 4432 de
3273 4378 3526 4449 paradiso

1933 4472 2244 4530 eliminavit
2277 4473 2381 4546 (2),
2427 4473 2684 4548 quodque
2716 4473 2940 4530 initium
2972 4476 3152 4531 omnis
3181 4477 3388 4547 peccati
3420 4485 3524 4546 est,

1931 4570 1984 4617 et
2005 4561 2070 4616 ad
2095 4561 2272 4633 ipsum
2295 4561 2529 4634 pertinet
2559 4561 2830 4634 quidquid
2865 4560 2987 4616 vitii
3019 4568 3072 4616 et
3095 4560 3406 4632 iniquitatis
3421 4570 3522 4632 est,

1929 4652 2087 4725 cujus
2129 4652 2318 4724 primae
2373 4651 2586 4706 soboles
2627 4657 2833 4722 septem
2885 4650 3149 4704 nimirum
3200 4650 3527 4720 principalia

1929 4743 2084 4811 vitia,
2133 4760 2203 4798 ex
2233 4742 2336 4798 hac
2371 4742 2650 4797 virulenta
2695 4739 2877 4795 radice
2909 4737 3282 4809 proferuntur,
3315 4738 3526 4796 scilicet

1930 4832 2110 4888 inanis
2134 4833 2325 4904 gloria,
2358 4830 2590 4896 invidia,
2624 4831 2723 4896 ira,
2750 4825 2996 4897 tristitia,
3026 4827 3278 4896 avaritia,
3310 4829 3526 4886 ventris

1931 4919 2204 4992 ingluvies
2233 4925 2394 4990 atque
2422 4914 2663 4973 luxuria.
2696 4914 2802 4972 Sed
2827 4922 2880 4972 et
2898 4931 3190 4972 numerosa
3211 4918 3526 4989 propaginis

1929 5009 2092 5066 turba
2126 5026 2195 5064 ex
2225 5007 2457 5079 singulis
2485 5011 2794 5079 generatur.

2002 5099 2054 5154 3.
2078 5097 2262 5154 Inanis
2297 5112 2423 5167 ergo
2450 5095 2624 5168 gloria
2654 5113 2778 5152 cum
2813 5096 2972 5167 plene
3010 5103 3251 5152 mentem
3297 5097 3524 5169 ceperit,

1932 5208 2063 5246 mox
2115 5190 2486 5262 septiformem
2541 5187 2600 5244 in
2629 5188 2724 5244 illa
2752 5188 3055 5261 nequitiam
3093 5189 3286 5262 gignit,
3340 5191 3526 5248 inobe-

1933 5278 2197 5336 dientiam
2227 5278 2458 5344 scilicet,
2484 5277 2834 5350 jactantiam,
2852 5276 3200 5350 hypocrisin,
3219 5280 3528 5337 contentio-

1933 5385 2080 5437 nem,
2111 5365 2488 5441 pertinaciam,
2545 5367 2896 5436 discordiam,
2929 5383 2992 5423 ac
3036 5367 3347 5424 novitatem
3376 5385 3528 5440 prae-

1935 5574 2091 5714 sui?)
2122 5638 2254 5714 Reg.
2286 5635 2437 5712 cod.,
2468 5639 2530 5700 de
2547 5639 2809 5715 paradiso
2827 5641 3074 5698 minavit.
