3880 6198
407 293 513 352 835

1436 298 1530 351 AD
1571 293 1805 352 OPERA
1843 292 1899 350 S.
1927 290 2258 351 AMBROSII
2302 291 2681 350 APPENDIX.

3628 296 3714 351 836

407 426 802 499 sumptionem.
831 422 935 481 Sed
966 423 1011 481 si
1042 422 1172 482 huic
1202 441 1329 481 vera
1356 423 1649 481 humilitas
1679 431 2005 496 opponatur,
2037 425 2088 483 A
2121 424 2370 479 omnium
2399 424 2672 479 virtutum
2701 430 2756 480 et
2800 421 3068 479 honorum
3103 439 3116 478 :
3149 438 3270 495 qua
3310 439 3442 478 non
3496 423 3715 491 invidet,

407 515 589 571 omnis
635 514 754 586 ejus
791 515 1039 587 nequitia
1089 522 1376 569 vacuatur.
1427 515 1501 568 Te
1555 530 1682 584 ergo
1729 513 2008 584 deprecor,

407 605 742 660 humilitatis
793 605 1071 675 magister,
1107 611 1168 657 ut
1225 603 1366 658 hanc
1422 602 1572 658 cordi
1621 619 1743 657 meo
1782 603 2008 670 inseras,

407 693 780 765 insertamque
811 693 1105 756 custodias,
1131 708 1250 762 quae
1280 690 1410 745 dum
1443 691 1665 746 cunctis
1696 691 2010 746 inferiorem

407 801 464 838 se
484 783 738 848 attendit,
762 781 1160 852 subjectionem
1193 781 1448 851 protinus
1474 782 1676 853 gignit,
1689 781 2011 853 jactantiam

407 871 733 942 exstinguit,
754 869 1074 941 hypocrisin
1089 869 1338 924 excludit
1355 871 1764 926 contentionem
1789 871 2008 941 refugit,

406 959 765 1032 pertinaciam
817 959 1052 1026 emollit,
1088 957 1422 1014 discordiam
1477 967 1766 1030 praecavet,
1801 959 2011 1015 novita-

403 1056 523 1104 tum
559 1047 1044 1120 praesumptionem
1071 1046 1349 1102 abhorret.
1386 1048 1505 1104 Hoc
1534 1047 1702 1104 beatae
1731 1048 2013 1103 humilita-

409 1138 481 1193 tis
511 1133 877 1192 medicamine
935 1135 1191 1191 morbum
1233 1136 1496 1192 elationis
1528 1136 1833 1193 sanandum
1864 1154 2013 1208 prae-

406 1228 650 1295 videras,
672 1241 796 1283 cum
820 1241 916 1298 per
936 1224 1218 1280 hominem
1236 1234 1585 1299 assumptum
1604 1235 1794 1284 auctor
1813 1236 2011 1283 nostrae

405 1317 620 1384 salutis,
668 1315 779 1371 tuis
819 1314 886 1370 ad
934 1321 986 1368 te
1035 1315 1386 1370 venientibus
1433 1315 1688 1371 diceres:
1743 1340 1761 1362 ι
1806 1317 2011 1373 Discite

405 1422 437 1462 a
470 1422 557 1461 me
587 1405 719 1478 quia
748 1404 903 1460 mitis
931 1419 1053 1459 sum
1084 1411 1138 1458 et
1166 1403 1396 1459 humilis
1417 1404 1601 1472 corde,
1632 1412 1686 1461 et
1714 1405 2012 1462 invenietis

408 1497 654 1569 requiem
703 1493 992 1549 animabus
1049 1493 1248 1550 vestris
1303 1495 1515 1563 (Matth.
1575 1510 1654 1562 χι,
1694 1495 1809 1566 29).
1853 1520 1871 1542 ι
1941 1497 2012 1556 Et

406 1601 627 1642 rursum
666 1602 678 1639 :
721 1583 871 1639 uNisi
889 1583 1142 1639 conversi
1177 1583 1417 1649 fueritis,
1448 1590 1501 1639 et
1529 1584 2012 1640 eﬂiciaminisicut

406 1674 648 1748 parvuli,
679 1688 792 1728 non
823 1669 1102 1728 intrabitis
1133 1671 1191 1726 in
1219 1688 1452 1744 regnum
1482 1672 1756 1730 caelorum
1793 1674 2007 1744 (Matth.

407 1779 570 1831 xvm,
605 1763 684 1834 3).
718 1786 737 1809 ι

479 1859 532 1917 4.
564 1862 642 1916 De
671 1857 887 1914 invidia
915 1877 1133 1934 quoque
1170 1859 1385 1930 odium,
1421 1862 1747 1930 susurratio,
1778 1861 2003 1919 detrac-

410 1951 513 2018 tio,
549 1949 845 2004 exsultatio
874 1950 932 2004 in
977 1948 1222 2006 adversis
1251 1950 1512 2021 proximi,
1559 1951 1786 2008 aﬂlictio
1817 1959 2001 2008 autem

412 2041 470 2097 in
501 2039 776 2112 prosperis
803 2039 922 2112 ejus
941 2048 1285 2112 propagatur.
1310 2042 1354 2096 Ο
1375 2042 1516 2096 mala
1545 2042 1849 2113 progenies,
1881 2060 2003 2115 qua

407 2131 452 2186 si
480 2131 666 2186 animo
693 2129 1007 2186 intromissa
1036 2129 1308 2186 dominari
1339 2130 1583 2202 coeperit,
1612 2147 1829 2188 omnem
1865 2149 2004 2188 san-

405 2220 617 2278 ctitatis
645 2219 886 2275 sobolem
920 2218 1260 2290 exstinguit!
1293 2218 1399 2285 Qui
1453 2219 1638 2290 itaque
1672 2219 1886 2276 invidet
1915 2221 2001 2276 vel

407 2310 546 2376 odit,
581 2327 690 2365 non
720 2310 889 2366 alium
943 2310 1258 2383 priusquam
1291 2327 1348 2367 se
1396 2311 1574 2383 ipsum
1607 2311 1813 2368 occidit
1849 2331 1860 2368 :
1909 2313 2003 2384 qui

407 2407 655 2454 susurrat
674 2406 728 2454 et
757 2398 1017 2463 detrahit,
1047 2400 1200 2471 prius
1230 2415 1356 2454 suas
1384 2416 1547 2472 quam
1580 2400 1817 2455 aliorum
1847 2401 2004 2456 radi-

407 2503 496 2543 ces
533 2489 770 2544 evellit:
830 2488 925 2561 qui
981 2491 1196 2544 exsulat
1239 2491 1296 2544 in
1354 2490 1600 2547 adversis
1653 2491 1920 2562 proximi,
1952 2501 2006 2548 et

407 2575 676 2648 aﬂligitur
704 2576 762 2632 in
793 2579 1064 2650 prosperis
1093 2578 1229 2650 ejus,
1262 2578 1443 2635 alieno
1465 2596 1520 2634 se
1553 2580 1792 2650 primum
1825 2581 2005 2652 gladio

409 2667 548 2738 petit
582 2665 684 2737 (3).
739 2668 853 2723 Hoc
887 2668 1191 2724 secundum
1241 2669 1511 2740 superbiae
1540 2668 1841 2740 virgultum
1873 2678 2007 2727 tunc

403 2755 586 2826 primo
617 2756 723 2810 fuit
764 2766 1039 2824 exortum,
1077 2774 1200 2812 cum
1237 2758 1330 2812 ille
1361 2757 1428 2812 de
1461 2775 1571 2830 quo
1608 2758 1870 2829 scriptum
1901 2767 2002 2827 est,

416 2869 434 2892 ι
467 2845 684 2900 Invidia
714 2846 918 2901 diaboli
954 2865 1101 2902 mors
1143 2848 1399 2904 introivit
1429 2849 1485 2903 in
1515 2850 1701 2905 orbem
1735 2858 2004 2906 terrarum

406 2934 555 3003 (Sap.
599 2951 656 2999 ιι,
689 2933 808 3002 24),
835 2959 851 2980 ι
895 2933 1028 2990 Cain
1054 2937 1321 3005 persuasit
1351 2945 1413 2991 ut
1441 2937 1634 2993 livoris
1659 2939 1788 2994 odio
1816 2940 2004 2995 frater-

404 3036 538 3075 num
592 3020 850 3075 funderet
878 3023 1221 3092 sanguinem.
1255 3025 1360 3080 Sed
1393 3025 1656 3082 nimirum
1693 3027 1835 3083 idem
1869 3028 2004 3084 Cain

2122 514 2210 568 sed
2230 513 2534 584 congaudet
2566 531 2577 568 :
2608 528 2716 568 non
2737 511 2875 581 odit,
2904 511 2996 568 sed
3025 510 3210 584 diligit
3241 529 3253 566 :
3292 528 3422 567 non
3454 526 3716 581 susurrat,

2119 601 2213 656 sed
2261 601 2513 672 objurgat
2554 619 2566 656 :
2618 618 2728 657 non
2775 600 3035 668 detrahit,
3074 601 3169 656 sed
3220 601 3413 671 arguit
3453 620 3467 656 :
3505 619 3618 657 non
3664 605 3716 658 de

2120 690 2365 746 adversis
2391 689 2630 762 proximi
2663 689 2878 761 gaudet,
2907 688 3002 744 sed
3039 697 3233 744 moeret
3271 707 3282 744 :
3317 705 3451 745 non
3503 689 3573 744 de
3603 708 3716 762 pro-

2119 780 2294 852 speris
2346 779 2701 836 aﬂlictionem
2757 780 3084 848 contrahit,
3131 780 3227 836 sed
3281 781 3711 837 consolationem

2121 870 2338 942 recipit.
2367 870 2564 926 Merito
2594 877 2776 924 autem
2809 869 2915 924 tale
2941 884 3143 924 nomen
3183 869 3427 940 accepit,
3461 869 3613 942 quod
3640 870 3715 923 illa

2120 961 2342 1017 charius
2381 960 2622 1016 inveniri
2665 976 2775 1015 non
2821 959 3024 1031 poterit
3065 976 3076 1013 :
3117 975 3281 1031 quam
3313 959 3423 1029 qui
3459 959 3644 1029 habet,
3677 971 3714 1015 te

2121 1049 2310 1121 utique
2352 1049 2534 1104 habet.
2581 1073 2600 1095 ι
2637 1049 2801 1116 Deus,
2868 1046 3072 1119 inquit,
3109 1045 3352 1102 charitas
3405 1055 3514 1115 est,
3556 1057 3610 1103 et
3637 1051 3712 1121 qui

2121 1146 2307 1193 manet
2351 1137 2408 1192 in
2451 1137 2737 1204 charitate,
2784 1136 2841 1192 in
2887 1137 3001 1192 Deo
3060 1143 3262 1203 manet,
3296 1143 3353 1190 et
3385 1136 3542 1192 Deus
3583 1137 3637 1192 in
3663 1154 3712 1192 eo

2122 1229 2177 1301 (Ι
2211 1230 2366 1285 Joan.
2388 1247 2467 1296 vr,
2501 1229 2612 1298 16).
2637 1253 2655 1275 ι
2689 1226 2795 1294 Qui
2815 1233 2878 1281 ut
2907 1225 3197 1297 praefatum
3229 1224 3475 1280 invidiae
3508 1237 3707 1298 superet

2120 1318 2349 1384 malum,
2385 1315 2567 1372 cordis
2594 1316 2760 1372 simul
2780 1323 2836 1371 et
2858 1315 2970 1370 oris
2998 1313 3285 1385 jungenda
3309 1313 3578 1370 custodia
3610 1324 3708 1370 est:

2119 1419 2302 1476 cordis
2329 1419 2560 1486 scilicet,
2591 1435 2660 1474 ne
2687 1417 2955 1483 invideat,
2980 1410 3132 1468 494
3159 1433 3228 1472 ne
3246 1415 3303 1470 in
3332 1416 3594 1472 adversis
3608 1433 3707 1488 pro-

2120 1509 2258 1564 ximi
2289 1509 2548 1576 exsultet,
2582 1507 2718 1562 nein
2746 1505 3020 1578 prosperis
3041 1506 3367 1562 maestitiam
3401 1507 3706 1562 contrahat:

2120 1598 2232 1654 oris
2259 1614 2411 1665 vero,
2433 1613 2501 1651 ne
2530 1605 2793 1664 susurret,
2813 1612 2881 1651 ne
2903 1595 3174 1652 detrahat.
3207 1595 3504 1668 Scriptum
3530 1596 3706 1669 quippe

2120 1694 2203 1744 est
2233 1705 2245 1742 :
2292 1711 2311 1734 ε
2343 1686 2507 1743 Omni
2538 1686 2790 1742 custodia
2827 1701 2985 1741 serva
3013 1701 3073 1740 os
3101 1693 3262 1740 tuum
3312 1702 3324 1740 :
3357 1701 3528 1740 serva
3573 1691 3703 1738 tuum

2038 1781 2085 1842 B
2116 1793 2230 1844 cor,
2262 1777 2392 1849 quia
2432 1791 2500 1830 ex
2536 1775 2655 1846 ipso
2691 1774 2809 1830 vita
2855 1773 3104 1846 procedit
3147 1774 3338 1844 (Prov.
3395 1791 3478 1841 1v,
3530 1773 3638 1838 23).
3679 1798 3692 1819 ο

2111 1868 2182 1923 Et
2210 1882 2430 1922 rursum
2460 1864 2728 1936 scriptum
2753 1871 2874 1920 est:
2924 1887 2942 1910 ι
2970 1863 3120 1918 Mors
3176 1870 3230 1918 et
3273 1863 3398 1917 vita
3443 1863 3505 1917 in
3551 1861 3699 1916 mani-

2107 1956 2212 2012 bus
2248 1955 2448 2026 linguae
2478 1954 2664 2024 (Prov.
2705 1969 2866 2020 xvm,
2918 1951 3034 2022 21).
3081 1977 3100 1999 ι
3157 1951 3340 2009 Citius
3376 1958 3560 2006 autem
3602 1966 3690 2004 ma-

2110 2045 2223 2100 lum
2257 2041 2402 2114 quod
2445 2040 2596 2096 intus
2632 2041 2784 2107 latet,
2816 2039 3210 2110 exstinguitur,
3244 2039 3290 2094 si
3321 2055 3356 2094 a
3393 2055 3564 2111 pravo
3606 2038 3696 2091 elo.

2110 2132 2242 2205 quio
2271 2131 2404 2186 foris
2435 2131 2620 2202 lingua
2648 2130 2912 2186 frenetur.
2960 2153 2978 2175 ι
3007 2129 3175 2196 Pone,
3219 2129 3484 2194 nomine,
3530 2133 3693 2183 custo—

2110 2222 2256 2277 diam
2280 2221 2364 2277 ori
2393 2235 2533 2287 meo,
2557 2227 2611 2274 et
2642 2219 2846 2275 ostium
2879 2217 3311 2276 circumstantiae
3342 2217 3509 2272 labiis
3539 2216 3684 2278 meis;

2111 2319 2173 2366 ut
2201 2327 2310 2366 non
2342 2310 2583 2366 declinet
2612 2325 2708 2366 cor
2729 2326 2908 2366 meum
2942 2311 2998 2364 in
3031 2309 3261 2364 verbum
3295 2309 3510 2363 malum
3538 2305 3688 2376 (Psal.

2112 2418 2233 2470 CXL,
2257 2401 2309 2468 3,
2347 2399 2427 2473 4).
2474 2425 2490 2448 ι
2535 2432 2607 2444 -
2657 2425 2675 2448 ι
2728 2399 2924 2454 Libera
2974 2399 3215 2453 animam
3266 2414 3451 2454 meam
3489 2413 3520 2451 a
3550 2393 3688 2449 labiis

2112 2490 2340 2564 iniquis,
2366 2501 2422 2548 et
2443 2507 2473 2545 a
2504 2490 2695 2561 lingua
2723 2489 2912 2544 dolosa
2942 2489 3120 2559 (Psat.
3155 2503 3306 2555 cxix,
3343 2488 3430 2558 2).
3460 2511 3479 2534 ι

2181 2581 2234 2636 6.
2287 2581 2372 2634 Ira
2405 2588 2584 2635 autem
2627 2577 2896 2632 invidiam
2951 2575 3238 2647 sequitur,
3269 2591 3384 2646 qua
3428 2574 3566 2630 inter
3609 2586 3689 2624 Ca:-

2111 2675 2225 2723 tera
2255 2667 2391 2722 vitia
2419 2665 2559 2720 nihil
2593 2664 2858 2736 asperius,
2891 2663 3037 2718 nihil
3094 2663 3388 2718 invenitur
3433 2659 3685 2717 amarius:

2113 2772 2232 2827 quas
2258 2755 2387 2810 dum
2412 2755 2556 2809 ultra
2578 2753 2802 2809 modum
2824 2751 3158 2820 efferbuerit,
3183 2752 3452 2807 atrociter
3479 2755 3682 2804 mentem

2112 2847 2413 2912 exulcerat,
2448 2859 2669 2900 sensum
2709 2842 2948 2910 hebetat,
2979 2841 3226 2912 linguam
3267 2841 3544 2904 immutat,
3565 2849 3683 2890 ocu-

2113 2935 2194 2990 los
2244 2932 2560 2999 obumbrat,
2615 2940 2904 3004 totumque
2961 2948 3160 3002 corpus
3215 2931 3521 3002 perturbat.
3566 2926 3682 2980 Hinc

2111 3025 2366 3097 protinus
2410 3023 2565 3090 rixae,
2599 3020 2969 3089 contumeliae,
3009 3021 3236 3086 clamor,
3268 3018 3590 3091 indignatio,
3615 3021 3682 3067 tu-

401 3106 628 3163 invidus
657 3109 808 3179 prius
838 3125 989 3164 suam
1036 3111 1273 3168 animam
1310 3129 1471 3185 quam
1504 3114 1730 3171 alterius
1772 3132 1991 3172 carnem
2035 3133 2078 3194 C
2111 3129 2230 3168 mor
2285 3113 2505 3179 mentis,
2545 3109 2900 3182 blasphemize
2946 3110 3301 3164 suscitantur.
3353 3111 3434 3164 De
3476 3122 3571 3180 qua
3611 3103 3675 3158 ni-

400 3197 650 3269 peremit,
684 3199 950 3271 scriptum
997 3201 1198 3272 quippe
1229 3208 1309 3256 est
1344 3220 1355 3257 :
1405 3226 1423 3249 ι
1462 3202 1569 3269 Qui
1615 3204 1732 3261 odit
1774 3205 1998 3268 fratrem

400 3303 561 3342 suum
592 3287 872 3346 homicida
898 3298 997 3346 est.
1055 3292 1125 3346 Et
1155 3292 1307 3348 scitis
1337 3293 1466 3364 quia
1511 3295 1690 3350 omnis
1720 3295 2000 3357 homicida

399 3393 511 3432 non
531 3377 696 3434 habet
710 3379 880 3434 vitam
904 3387 1163 3434 aeternam
1183 3382 1238 3436 in
1261 3399 1318 3438 se
1341 3393 1648 3440 manentem
1674 3387 1693 3452 (
1700 3387 1731 3440 Ι
1737 3388 1894 3443 Joan.
1912 3405 1996 3458 ιιι,

401 3466 516 3536 15).
549 3467 709 3530 Hinc,
743 3468 997 3534 Domine,
1029 3478 1249 3539 apparet
1281 3470 1440 3542 cujus
1460 3473 1698 3543 primum
1719 3475 1998 3534 homicida

397 3563 479 3611 est
495 3555 589 3626 qui
611 3557 846 3610 alterum
875 3555 1014 3621 odit,
1030 3555 1087 3610 in
1105 3574 1214 3627 quo
1231 3557 1344 3613 vita
1363 3575 1475 3614 non
1501 3570 1600 3616 est.
1626 3563 1784 3629 Quod
1804 3575 1997 3623 contra

397 3644 613 3712 Moyses
639 3641 895 3697 omnium
927 3641 1252 3699 mitissimus
1282 3645 1562 3715 admonet,
1590 3649 1779 3708 dicens
1809 3672 1820 3709 :
1871 3679 1888 3700 ι
1917 3655 1996 3711 Ne

399 3729 580 3786 oderis
606 3730 920 3802 proximum
950 3739 1106 3786 tuum
1130 3731 1188 3787 in
1217 3733 1380 3788 corde
1408 3743 1502 3790 tuo
1522 3735 1668 3807 (Leu.
1687 3754 1808 3809 χιχ,
1834 3743 1944 3813 17).
1963 3767 1980 3792 ι

398 3819 469 3874 Et
495 3819 625 3893 quia
653 3818 769 3885 ille,
793 3819 886 3893 qui
911 3820 1121 3877 invidet
1150 3830 1204 3878 et
1225 3823 1364 3890 odit,
1387 3835 1783 3898 consequenter
1811 3847 1992 3887 susuro

397 3918 480 3966 rat
508 3918 562 3966 et
591 3909 863 3978 detrahit;
899 3909 1003 3967 hoc
1031 3911 1233 3966 malum
1267 3911 1550 3986 Scriptura
1576 3925 1766 3974 sancta
1796 3936 1991 3992 praeca-

396 3998 636 4054 vendum
658 3999 949 4056 denuntiat
974 4018 985 4056 :
1019 4025 1037 4047 ι
1059 4000 1179 4056 Non
1195 4001 1326 4070 eris,
1351 4004 1555 4076 inquit,
1577 4023 1803 4063 susurro
1818 4009 1876 4064 in
1899 4028 1990 4082 po-

396 4087 540 4160 pulis
563 4089 723 4160 (Ibid.
759 4091 885 4160 16);
918 4116 935 4140 ι
971 4099 1024 4147 et
1058 4110 1068 4148 :
1108 4092 1624 4152 «Nolitedetrahere
1639 4097 1988 4169 alterutrum,

399 4178 596 4234 fratres
628 4181 830 4251 (Jacob.
864 4200 942 4251 IV,
977 4184 1089 4254 11).
1138 4209 1156 4233 ι
1217 4185 1324 4252 Qui
1355 4201 1488 4242 vero
1517 4187 1759 4244 detrahit
1810 4191 1988 4260 fratri,

401 4267 644 4324 detrahit
675 4269 780 4340 legi
805 4287 818 4336 ;
855 4272 948 4340 qui
979 4272 1126 4326 enim
1159 4285 1406 4331 susurrat
1433 4286 1486 4333 et
1513 4277 1771 4348 detrahit,
1803 4296 1989 4336 conse-

397 4373 570 4435 quens
599 4366 681 4413 est
712 4365 773 4412 ut
804 4358 860 4412 in
886 4358 1132 4415 adversis
1163 4364 1400 4433 proximi
1446 4369 1703 4435 exsultet,
1735 4369 1791 4424 in
1823 4387 1990 4441 pros-

2110 3201 2312 3256 mirum
2353 3200 2634 3271 Scriptura
2675 3208 2861 3255 sancta
2905 3205 3156 3264 testatur,
3202 3197 3444 3253 dicens:
3491 3223 3506 3242 ι
3535 3196 3610 3248 Ira
3631 3191 3677 3244 in

2109 3291 2236 3347 sinu
2265 3291 2421 3346 stulti
2445 3289 2738 3362 requiescit
2760 3290 2958 3360 (Eccle.
2991 3305 3093 3356 vn,
3126 3287 3242 3357 20),
3274 3297 3326 3342 et
3343 3289 3435 3343 Ira
3451 3285 3549 3341 viri
3568 3281 3677 3354 jus-

2107 3381 2291 3437 titiam
2323 3380 2421 3436 Dei
2451 3396 2561 3434 non
2588 3386 2847 3451 operatur
2888 3377 3091 3448 (Iacob.
3116 3395 3156 3444 ι,
3188 3372 3305 3442 20).
3339 3401 3361 3425 ι

2180 3483 2209 3537 7
2265 3480 2371 3536 Sed
2400 3478 2598 3550 objice,
2631 3478 2885 3546 Domine,
2916 3484 3108 3534 contra
3148 3483 3263 3530 tam
3297 3473 3667 3530 amarissimum

2075 3569 2403 3626 iracundiae
2454 3569 2661 3623 malum
2708 3566 3098 3622 suavissimum
3130 3564 3414 3638 patientiae
3464 3562 3668 3624 bonum,

2104 3658 2161 3714 in
2191 3675 2300 3732 quo
2337 3657 2648 3730 specialiter
2675 3655 2986 3712 animarum
3025 3662 3335 3711 nostrarum
3390 3655 3526 3709 salus
3569 3646 3667 3704 col-

2103 3748 2339 3816 locatur,
2362 3764 2486 3804 cum
2523 3747 2683 3802 nobis
2728 3762 2823 3818 per
2859 3743 3227 3817 Evangelium
3273 3743 3530 3800 dicatur:
3573 3764 3589 3785 ι
3615 3737 3662 3790 In

2101 3837 2366 3910 patientia
2411 3844 2593 3892 vestra
2639 3832 2990 3907 possidebitis
3032 3833 3242 3888 animas
3293 3842 3498 3889 vestras
3539 3827 3658 3900 (Luc.

2102 3943 2224 3994 xxx,
2259 3926 2371 3997 19).
2406 3951 2423 3973 ι
2467 3925 2598 3991 Quae
2629 3923 2895 3978 nimirum
2930 3922 3060 3978 dum
3114 3938 3295 3978 arcem
3327 3931 3383 3977 et
3417 3916 3661 3994 principa-

2100 4024 2218 4072 tum
2245 4015 2302 4070 in
2333 4022 2516 4070 mente
2544 4013 2862 4086 susceperit,
2896 4029 3087 4068 omnes
3109 4029 3240 4066 mox
3261 4007 3659 4084 perturbationes

2099 4103 2398 4177 compescit
2426 4121 2436 4158 :
2475 4103 2626 4159 rixas
2669 4111 2722 4158 et
2770 4102 3134 4159 contumelias
3166 4102 3221 4156 in
3253 4097 3651 4156 exhortationem

2099 4194 2397 4262 convertit,
2418 4193 2709 4249 confusum
2732 4194 3028 4248 clamorem
3057 4191 3159 4246 sub
3187 4190 3444 4246 ordinato
3471 4181 3654 4243 silentio

2099 4284 2300 4358 premit
2331 4284 2766 4356 indignationem
2799 4291 3184 4354 tumoremque
3215 4281 3418 4336 mentis
3446 4285 3649 4334 mansue-

2097 4379 2291 4435 tudine
2311 4375 2874 4448 vincit,hlasphemias
2899 4375 3196 4446 gratiarum
3215 4371 3432 4429 actione
3450 4362 3647 4439 repellit.

394 4453 538 4524 peris
567 4459 746 4508 autem
779 4453 950 4508 animi
991 4454 1270 4511 tristitiam
1311 4459 1618 4515 contrahat.
1661 4462 1766 4516 Sed
1799 4479 1986 4518 occur-
2018 4492 2066 4550 D
2098 4467 2256 4535 Quod
2286 4466 2331 4522 si
2361 4467 2501 4522 forte
2535 4467 2591 4520 in
2627 4466 2958 4523 immensum
2996 4464 3078 4519 ira
3119 4479 3379 4518 succensa
3407 4461 3469 4517 ad
3494 4459 3645 4513 horam

393 4541 466 4598 rit
523 4542 715 4598 beatus
769 4542 1086 4614 Apostolus,
1143 4551 1196 4599 et
1248 4544 1384 4600 dicit
1435 4564 1446 4600 :
1497 4570 1514 4592 ι
1572 4548 1819 4605 Gaudere
1863 4568 1988 4606 cum

393 4632 778 4710 gaudentibus,
824 4632 952 4688 ﬂere
995 4649 1119 4689 cum
1160 4634 1421 4691 ﬂentibus
1472 4636 1645 4708 (Rom.
1678 4656 1780 4706 x11,
1810 4642 1921 4710 15).
1955 4666 1972 4690 ι

390 4726 462 4781 Et
490 4743 613 4783 ecce
643 4726 786 4782 alius
831 4741 930 4798 pro
963 4725 1194 4780 terrenis
1222 4725 1405 4794 rebus,
1434 4728 1784 4801 terrenisque
1818 4730 1988 4787 hono-

392 4813 564 4884 ribus,
599 4817 742 4872 alius
775 4833 871 4888 pro
899 4816 1168 4870 virtutum
1199 4817 1544 4873 successibus
1569 4819 1799 4875 cuilibet
1832 4821 1988 4876 invi-

390 4903 500 4972 det,
533 4906 835 4977 quemlibet
866 4904 1004 4970 odit,
1035 4914 1226 4962 contra
1272 4907 1576 4979 quemlibet
1605 4918 1869 4976 susurrat,
1919 4908 1986 4966 de

389 4993 638 5066 quolibet
665 4993 927 5061 detrahit,
949 4994 1016 5050 de
1045 4995 1341 5067 cujuslibet
1360 4997 1604 5053 adversis
1631 4999 1892 5068 exsultat,
1915 4998 1984 5055 de

389 5082 662 5154 prosperis
682 5083 928 5139 animum
960 5083 1286 5140 mmstiﬁcat.

457 5180 510 5236 5.
543 5179 648 5236 Sed
673 5189 734 5236 ut
764 5182 822 5236 in
851 5181 1066 5238 cunctis
1117 5181 1223 5237 hoc
1250 5184 1543 5255 multiplex
1588 5183 1795 5240 malum
1826 5201 1979 5258 supe-

388 5276 558 5337 retur,
591 5278 865 5339 occurrat,
910 5271 1166 5339 Domine,
1198 5289 1402 5344 quaeso,
1452 5270 1593 5328 illud
1635 5275 1980 5331 multiforme

384 5355 614 5425 bonum,
647 5359 794 5431 quod
823 5360 1033 5431 potenti
1063 5361 1270 5418 virtute
1298 5362 1558 5417 resistens
1586 5378 1698 5418 non
1723 5364 1816 5420 det
1837 5363 1978 5418 invi-

386 5452 490 5510 diae
522 5456 725 5522 locum,
766 5455 1004 5514 charitas
1037 5456 1266 5526 scilicet,
1291 5474 1411 5530 quae
1442 5457 1862 5516 fundamentum
1894 5467 1976 5516 est

2101 4557 2364 4629 patientia
2377 4555 2752 4621 succubuerit,
2778 4554 3092 4622 nullumne,
3123 4544 3644 4620 Domine,remedium

2096 4647 2246 4703 erit?
2273 4646 2395 4701 Erit
2424 4655 2588 4702 certe.
2607 4645 2744 4700 Nam
2770 4661 2893 4700 cum
2920 4643 3088 4716 hujus
3120 4642 3248 4696 mali
3279 4637 3642 4697 damnationem

2097 4738 2464 4809 Evangelium
2519 4736 2826 4802 denuntiet,
2873 4734 3062 4790 dicens
3116 4751 3126 4788 :
3196 4758 3213 4781 ι
3270 4733 3375 4799 Qui
3432 4722 3644 4784 irascitur

2099 4829 2255 4884 fratri
2291 4843 2414 4894 suo,
2446 4843 2572 4882 reus
2608 4825 2712 4881 erit
2737 4823 2987 4895 judicio:
3021 4823 3116 4896 qui
3139 4829 3321 4878 autem
3353 4815 3539 4876 dixerit
3559 4809 3639 4864 fra-

2094 4918 2166 4975 tri
2197 4935 2296 4974 suo
2335 4915 2522 4980 racha,
2554 4931 2679 4971 reus
2718 4915 2824 4969 erit
2866 4913 3105 4969 concilio
3145 4911 3276 4983 :qui
3306 4919 3478 4966 autem
3516 4900 3638 4957 dixe.

2093 5008 2166 5064 rit
2189 5007 2359 5074 fatue,
2391 5021 2514 5061 reus
2541 5006 2644 5062 erit
2675 5003 2933 5076 gehennae
2981 5001 3122 5073 ignis
3153 5001 3365 5073 (Matth.
3399 5017 3449 5064 v,
3477 4991 3585 5058 22);
3615 5007 3628 5029 '

2091 5097 2347 5171 protinus
2401 5095 2869 5167 recuperationem
2925 5090 3250 5162 subjungit,
3299 5103 3425 5145 cum
3473 5077 3632 5171 dicit:

2105 5167 2123 5239 ξ
2160 5188 2217 5244 Si
2256 5187 2418 5243 offers
2447 5201 2652 5241 munus
2676 5191 2833 5239 tuum
2864 5180 2933 5238 ad
2960 5181 3149 5246 altare,
3181 5187 3235 5234 et
3263 5177 3339 5232 ibi
3364 5167 3636 5232 recordati!s

2087 5278 2259 5335 fueris
2287 5278 2418 5350 quia
2447 5277 2614 5332 frater
2641 5284 2769 5331 tuus
2810 5272 2976 5328 habet
3032 5268 3242 5342 aliquid
3279 5267 3549 5324 adversum
3568 5262 3629 5351 te,

2086 5369 2336 5442 relinque
2366 5367 2444 5423 ibi
2471 5382 2671 5422 munus
2697 5372 2856 5421 tuum
2885 5369 3011 5417 ante
3045 5361 3237 5426 altare,
3277 5367 3331 5414 et
3359 5355 3486 5411 vade
3511 5354 3632 5420 prius

2083 5457 2436 5516 reconciliari
2466 5455 2626 5514 fratri
2655 5462 2771 5524 tuo,
2803 5461 2856 5511 et
2889 5460 3019 5510 tunc
3050 5449 3279 5506 veniens
3326 5447 3503 5505 offeres
3536 5446 3627 5490 ῐηιι·

459 5661 541 5732 (3)
566 5661 649 5716 Ita
667 5659 860 5718 codex.
891 5664 1022 5735 Reg.
1050 5681 1064 5731 ;
1096 5662 1229 5719 edit.
1260 5669 1463 5732 autem,
1485 5661 1658 5722 alieno
1675 5660 1984 5735 proximam
2013 5681 2066 5721 se
2086 5663 2217 5737 petit
2235 5660 2432 5738 gladio.
