3880 6198
80 313 216 371 837

1410 306 1894 367 PRECATIONES
1933 305 2122 364 ΒΠᾸΞ.

3318 302 3425 360 838

84 453 214 492 nus
246 445 404 493 tuum
440 437 601 509 (Ibid.
633 436 723 508 23,
748 435 864 510 24).
890 462 907 485 ι
944 435 1014 492 Et
1040 433 1179 492 illud
1210 453 1222 492 :
1268 459 1286 483 ‹
1307 435 1442 493 Cum
1465 436 1622 491 statis
1643 435 1709 492 ad
1739 449 1792 509 Α
1821 431 1981 504 cujus
2033 431 2382 488 mortiferum
2440 429 2592 488 virus
2624 435 2758 488 tunc
2801 438 3082 504 utcunQue
3129 437 3417 497 vacuatur,

82 526 407 593 orandum,
427 526 710 595 remittite,
731 527 776 581 si
804 527 938 598 quid
957 525 1171 582 habetis
1191 524 1454 581 adversus
1475 527 1707 581 alterum

82 615 154 669 in
189 616 465 672 cordibus
486 617 683 673 vestris
715 617 999 686 (Mancxr,
1031 616 1146 689 25).
1181 642 1197 662 ι
1243 617 1396 670 llanc
1423 615 1582 682 mihi,
1606 618 1708 671 Do-

82 704 265 761 mine
313 709 478 775 Deus,
525 708 820 763 secundam
875 709 1054 763 tribue
1084 709 1396 775 victoriam,
1430 708 1479 762 si
1522 707 1710 761 furore

82 806 352 853 czecatus
403 799 635 854 amisere
677 799 931 871 primam,
975 817 1099 855 cum
1150 818 1258 856 non
1290 809 1387 856 tuo
1437 800 1572 866 zelo,
1615 798 1707 854 sed

83 903 227 939 meo
269 887 406 942 vitio
438 889 733 959 cujuslibet
763 891 1009 945 animum
1041 891 1280 947 offendo.

165 976 228 1030 8.
286 975 532 1031 Tristitia
563 995 781 1051 quoque
829 979 966 1034 iram
999 981 1380 1054 persequitur:
1408 994 1528 1050 quae
1573 977 1704 1032 dum

81 1066 297 1120 cordis
329 1083 525 1123 arcana
575 1076 842 1140 penetrat,
891 1069 1143 1140 protinus
1193 1067 1250 1121 in
1287 1066 1406 1137 ejus
1450 1066 1707 1122 cubiculo

83 1155 408 1224 malitiam,
453 1173 759 1226 rancorem,
793 1157 1332 1230 pusillanimitatem,
1363 1155 1708 1228 desperatio-

84 1263 252 1312 nem,
303 1253 582 1318 torporem
623 1248 767 1304 circa
798 1256 1087 1322 praecepta,
1120 1248 1469 1320 vagationem
1504 1248 1708 1304 mentis

80 1352 224 1407 erga
261 1335 467 1391 illicita
501 1346 741 1408 generat.
774 1338 905 1406 Quae
937 1339 1082 1396 inter
1119 1348 1316 1396 caetera
1360 1339 1499 1395 vitia
1542 1355 1705 1409 quam

82 1424 160 1479 sit
213 1424 569 1494 detestanda,
611 1427 803 1484 beatus
858 1429 1058 1485 Paulus
1107 1429 1355 1485 indicat:
1416 1454 1435 1476 ε
1485 1427 1704 1498 Szeculi,

81 1513 389 1586 inquiens,
434 1515 684 1583 tristitia,
743 1527 972 1574 mortem
1013 1529 1271 1591 operatur
1317 1520 1402 1591 (ΙΙ
1433 1519 1560 1575 Cor.
1603 1535 1704 1585 vrr,

88 1605 211 1675 10).
264 1629 284 1652 ι
335 1605 440 1660 Sed
487 1606 733 1674 obsecro,
779 1609 924 1664 Deus
965 1616 1019 1664 et
1064 1595 1548 1675 Dominusmeus,
1598 1623 1709 1678 op-

83 1712 238 1768 pone
296 1705 494 1753 contra
544 1698 730 1753 saeculi
775 1700 1058 1756 tristitiam
1113 1701 1310 1756 futurae
1349 1697 1708 1754 beatitudinis

1817 539 1944 578 cum
1993 538 2104 577 non
2155 524 2411 594 qualitas,
2444 523 2536 578 sed
2582 523 2755 579 libido
2793 523 2851 578 in
2885 522 3026 578 escis
3055 529 3420 594 prmcavetur.

1818 614 2002 668 Prima
2030 614 2177 669 enim
2214 615 2413 669 mulier
2441 631 2550 669 non
2591 614 2988 686 exquisitarum
3040 615 3263 687 dapum,
3318 613 3416 669 sed

1819 703 1934 756 sola
1954 701 2102 772 pomi
2125 701 2488 757 delectatione
2509 710 2742 758 mortem
2774 705 2980 760 mundo
3002 704 3226 760 induxit
3251 705 3412 777 (Gen.

1820 809 1903 860 In,
1936 793 1992 864 6)
2025 811 2035 847 :
2097 801 2151 847 et
2194 791 2456 863 antiquus
2501 791 2675 847 hostis
2706 810 2882 865 regem
2917 802 3163 848 nostrum
3205 810 3315 848 non
3346 793 3413 848 de

1818 895 2003 945 carne,
2043 881 2136 934 sed
2175 880 2242 934 de
2273 897 2410 952 pane
2440 884 2673 938 tentavit
2704 883 2916 953 (Matth.
2955 900 3030 949 ιν,
3081 881 3173 951 3):
3225 891 3278 936 et
3311 882 3424 936 So—

1817 973 1981 1028 doma
2019 973 2230 1030 idcirco
2276 975 2401 1047 igne
2443 984 2500 1031 et
2559 976 2822 1047 sulphure
2876 977 3061 1046 periit,
3106 975 3236 1047 quia
3278 975 3425 1030 inter

1817 1072 2016 1119 caetera
2046 1066 2190 1120 mala
2218 1081 2412 1136 panem
2437 1064 2494 1119 in
2526 1065 2813 1120 saturitate
2843 1063 3084 1118 comedit
3108 1064 3262 1134 (Gen.
3297 1080 3421 1134 χιχ,

1819 1151 1936 1224 24).

1892 1249 1975 1303 11.
2011 1251 2351 1322 Quapropter
2375 1251 2723 1306 clementiam
2745 1259 2919 1319 tuam,
2951 1252 3116 1320 Deus,
3149 1251 3418 1325 imploro,

1818 1346 1880 1393 ut
1927 1339 2072 1394 sicut
2125 1356 2264 1411 aager
2293 1339 2360 1394 ad
2393 1340 2743 1408 medicinam,
2774 1340 2853 1397 sic
2891 1340 2958 1395 ad
2990 1340 3281 1397 sumendas
3326 1341 3417 1397 da-

1819 1441 1911 1498 pes
1940 1428 2228 1484 accedam:
2265 1446 2606 1504 nequaquam
2641 1432 2853 1488 scilicet
2877 1432 2932 1487 in
2965 1432 3043 1488 eis
3070 1433 3410 1504 voluptatem

1817 1526 2096 1589 appetens,
2135 1519 2229 1576 sed
2267 1522 2578 1576 necessitati
2625 1521 2980 1578 subveniens.
3024 1522 3197 1577 Aufer
3244 1538 3276 1576 a
3334 1539 3422 1578 me

1818 1615 2040 1677 propter
2059 1623 2312 1679 magnam
2347 1608 2782 1666 misericordiam
2801 1620 2951 1667 tuam
2974 1627 3136 1667 omne
3165 1611 3415 1668 ciborum

1818 1695 2048 1749 noxium
2094 1695 2448 1764 desiderium,
2505 1714 2911 1770 congruamque
2945 1717 3104 1755 servo
3135 1708 3231 1754 tuo
3261 1716 3420 1756 esca-

87 1785 382 1854 laetitiam,
444 1801 564 1858 quae
621 1802 691 1841 ex
761 1803 995 1845 moerere
1053 1797 1389 1846 contractam
1461 1787 1709 1842 malitam
1740 1793 1786 1853 Β
1817 1799 1939 1838 rum
1990 1784 2269 1855 prepitius
2321 1786 2498 1841 tribue
2537 1787 2968 1852 abstinentiam;
3014 1796 3076 1844 ut
3128 1787 3273 1843 inter
3328 1805 3419 1844 ne-
3455 1792 3470 1804 '

85 1873 289 1930 vincat
339 1873 749 1945 benevolentia,
801 1876 968 1931 taedio
1021 1885 1364 1948 procreatum
1425 1892 1710 1931 rancorem

90 1960 269 2030 pellat
311 1960 650 2029 sinceritate,
698 1962 1212 2034 pusillanimitatem
1242 1963 1572 2019 fortitudine
1610 1980 1714 2018 ro-

88 2048 275 2118 boret,
332 2050 775 2123 desperationem
811 2054 926 2126 Spei
978 2054 1181 2110 ﬁducia
1209 2055 1402 2127 erigat,
1432 2063 1710 2126 torporem

89 2137 244 2194 circa
275 2147 556 2210 praecepta
585 2141 850 2197 exercitio
882 2142 1115 2214 spiritali
1154 2143 1404 2214 repellat,
1453 2142 1712 2213 vagatio-

91 2243 217 2282 nem
285 2229 498 2284 mentis
556 2246 682 2301 erga
739 2231 938 2286 illicita
1013 2231 1337 2286 inconcussa
1409 2230 1710 2287 stabilitate

93 2317 372 2372 refrenet.
429 2317 588 2384 Quod
624 2318 693 2386 si,
750 2317 819 2373 ad
873 2326 1216 2374 momentum
1269 2317 1548 2374 subtracta
1603 2319 1708 2373 lm-

93 2405 241 2473 titia,
279 2405 557 2477 spiritali,
597 2409 804 2462 malum
837 2407 1076 2463 tristitiae
1105 2409 1478 2480 praevaluerit,
1529 2424 1707 2480 agam,

95 2509 306 2565 quasso,
367 2496 518 2566 quod
571 2504 760 2552 monet
813 2497 1006 2553 beatus
1051 2497 1324 2553 Iacobus:
1391 2521 1408 2543 ι
1438 2497 1710 2551 Tristatur

99 2583 222 2655 quis
259 2584 320 2638 in
350 2583 557 2641 vobis?
609 2588 741 2643 Oret
769 2603 927 2659 atque
965 2586 1174 2656 animo,
1230 2593 1284 2641 et
1316 2585 1512 2658 psallat
1566 2585 1705 2656 (Jac.

100 2689 155 2737 v,
179 2673 296 2744 13).
346 2698 366 2721 ι

175 2764 228 2827 9.
250 2766 514 2824 Avaritia
541 2768 791 2841 sequitur
809 2768 1116 2839 tristitiam,
1132 2786 1253 2842 qum
1277 2768 1333 2824 in
1357 2777 1590 2840 utroque
1612 2766 1708 2821 Te-

101 2867 378 2917 stamento
409 2858 530 2931 pari
560 2865 783 2914 notatur
813 2859 1208 2915 exsecratione.
1241 2860 1304 2914 In
1344 2859 1517 2914 veteri
1554 2873 1704 2912 nam-

99 2968 203 3024 que
257 2949 507 3006 dicitur:
557 2973 574 2994 ι
614 2947 798 3003 Avaro
849 2947 991 3002 nihil
1041 2958 1121 3005 est
1175 2948 1461 3005 scelestius
1511 2945 1702 3018 (Eccli.

100 3058 152 3107 χ,
186 3042 284 3110 9);
321 3065 339 3088 ιι
397 3038 458 3093 in
490 3055 636 3094 novo
683 3047 895 3094 autem:
944 3064 962 3086 α
1009 3047 1063 3094 et
1107 3039 1420 3106 avaritiam,
1452 3055 1573 3110 quae
1623 3044 1705 3092 est

105 3129 377 3184 idolorum
410 3127 654 3183 servitus
685 3127 907 3198 (Ephes.
942 3143 997 3198 v,
1031 3127 1112 3200 5).
1141 3153 1158 3176 ι
1206 3130 1290 3183 Ex
1320 3143 1426 3200 qua
1458 3123 1703 3198 profecto
1739 3155 1781 3214 Ο

103 3230 301 3292 septem
323 3220 595 3292 nequitia:
616 3221 1230 3292 procreantur,scilicet,
1251 3219 1512 3292 proditio,
1535 3219 1703 3286 fraus,

105 3310 337 3378 fallacia,
369 3308 710 3382 perjurium,
742 3309 1088 3382 inquietudo,
1121 3309 1410 3377 violentia,
1441 3316 1495 3363 et
1515 3314 1706 3364 contra

105 3398 547 3456 misericordiam
597 3395 909 3454 obduratio.
959 3399 1030 3454 Et
1067 3413 1211 3464 ecce,
1257 3397 1492 3452 Domine
1537 3399 1703 3463 Deus,

105 3491 328 3562 quilibet
366 3498 591 3548 amator
619 3489 834 3556 mundi,
869 3499 923 3546 et
953 3506 1063 3545 non
1096 3489 1198 3557 tui,
1234 3495 1456 3560 propter
1486 3487 1706 3543 metalla

112 3583 355 3651 pretiosa,
397 3580 658 3638 ardentes
700 3578 1081 3651 fulgentesque
1139 3577 1366 3650 lapides,
1424 3593 1611 3633 servos
1653 3583 1707 3630 et

113 3687 287 3728 servas
324 3673 530 3745 praedia
558 3680 613 3728 et
633 3670 837 3726 fundos
875 3669 941 3726 ad
975 3679 1205 3726 mortem
1237 3669 1552 3741 proximum
1587 3675 1705 3723 tra-

115 3760 209 3828 dit,
241 3761 487 3818 fraudem
523 3760 785 3828 incurrit,
819 3759 1091 3817 fallaciam
1123 3758 1368 3827 obducit,
1402 3753 1705 3829 perjurium

116 3851 433 3907 committit:
485 3859 541 3907 et
583 3851 726 3906 alius
766 3849 1048 3923 inquietus
1085 3858 1138 3906 et
1160 3849 1437 3905 violentus
1461 3855 1542 3903 est
1571 3862 1708 3918 pro—

120 3946 228 4008 pter
255 3939 466 4010 villam,
497 3940 645 3996 alius
669 3948 891 4012 propter
911 3940 1170 4012 gallinam
1197 3957 1207 3995 :
1241 3939 1383 3994 alius
1403 3936 1708 3992 obduratur

119 4035 297 4083 contra
323 4027 766 4086 misericordiam
800 4045 867 4084 ne
897 4028 1167 4085 retribuat
1210 4041 1427 4093 aurum,
1459 4024 1600 4080 alius
1639 4037 1709 4078 ne

125 4116 348 4188 porrigat
390 4128 606 4190 potum.
651 4117 756 4173 Sed
787 4125 933 4189 peto,
968 4116 1042 4172 mi
1073 4118 1235 4184 Deus,
1274 4122 1486 4171 amator
1524 4119 1708 4169 castus

124 4210 170 4256 et
212 4218 386 4274 verus,
433 4217 494 4263 ut
529 4207 624 4264 cui
663 4214 860 4279 praeter
889 4213 942 4260 te
972 4205 1126 4260 nulla
1171 4204 1440 4276 possessio
1479 4201 1709 4258 debetur

133 4289 183 4344 in
240 4301 404 4364 terra,
435 4297 583 4351 nihil
617 4295 765 4368 quod
818 4302 881 4350 tu
936 4311 1046 4350 non
1089 4310 1164 4362 es,
1215 4291 1598 4363 concupiscam
1649 4290 1706 4344 in

127 4385 296 4451 terra;
352 4403 566 4459 semper
626 4383 779 4442 illius
823 4384 1110 4442 sententia:
1176 4383 1543 4450 meminerim,
1604 4399 1710 4454 qua

131 4468 360 4530 dicitur:
431 4501 448 4522 ι
480 4475 675 4534 Nudus
728 4488 974 4548 egressus
1021 4489 1139 4530 sum
1192 4472 1258 4529 de
1316 4480 1472 4528 utero
1519 4471 1710 4526 matris

133 4571 272 4627 mete,
316 4564 494 4620 nudus
550 4573 798 4622 revertar
831 4565 966 4620 illuc
1005 4565 1120 4636 (Job
1152 4582 1192 4632 1,
1224 4563 1334 4635 21).
1369 4587 1385 4609 ι
1431 4565 1610 4635 Atque
1636 4563 1714 4617 il—

135 4642 265 4701 lius:
310 4677 326 4696 ε
356 4653 503 4709 Nihil
537 4653 828 4711 intulimus
860 4653 914 4709 in
943 4653 1090 4710 hunc
1132 4653 1420 4722 mundum,
1471 4653 1564 4708 sed
1613 4667 1714 4710 nec

137 4734 332 4794 auferre
360 4743 489 4813 quid
521 4757 810 4815 possumus
850 4745 906 4816 (Ι
953 4741 1081 4798 Tim.
1138 4759 1215 4810 v1,
1264 4740 1342 4813 7).
1375 4767 1393 4789 ι
1453 4742 1583 4808 Quae
1632 4742 1712 4797 ni-

141 4822 323 4880 mirum
355 4829 482 4886 dum
522 4834 608 4904 pie
635 4833 1077 4897 considerantur,
1111 4831 1302 4886 mundi
1333 4840 1711 4904 contemptum

141 4909 313 4971 afferre
341 4919 616 4993 videntur,
650 4926 744 4998 qui
775 4923 1026 4981 avaritiae
1058 4921 1366 4981 contrarius
1395 4929 1495 4979 est.

213 5015 348 5073 495
378 5023 460 5078 10.
494 5026 620 5081 Post
651 5028 768 5085 haec
799 5034 966 5084 restat
991 5026 1200 5083 ventris
1249 5027 1540 5100 ingluvies,
1593 5043 1712 5098 quae

143 5114 171 5155 ἃ
197 5112 504 5169 necessitate
532 5115 749 5188 quidem
801 5117 1017 5189 incipit,
1066 5116 1159 5172 sed
1191 5117 1385 5174 modus
1424 5116 1712 5173 necessita-

144 5189 508 5284 liaescedens,
542 5204 610 5259 ad
641 5207 982 5277 voluptatem
1024 5204 1356 5277 pertransit;
1409 5205 1653 5276 dumque
1683 5221 1714 5260 a

146 5273 296 5336 licitis
322 5285 385 5340 ad
417 5289 608 5347 illicita
635 5273 975 5366 pervenerit,
1006 5273 1137 5350 mox
1169 5294 1408 5366 ineptam
1437 5273 1710 5362 laetitiam,

143 5371 528 5447 scurrilitatem,
559 5379 632 5436 im
646 5383 1000 5453 munditiam,
1035 5379 1472 5456 multiloquium,
1501 5397 1714 5438 sensus-

149 5463 244 5521 (ιιιθ
285 5457 669 5527 hebetudinem
732 5472 878 5530 circa
938 5473 1362 5547 intelligentiam
1435 5470 1709 5546 parturit:

217 5635 292 5709 (4)
321 5641 517 5706 Omnes
538 5651 695 5724 edit.,
751 5655 1104 5717 delectationis
1132 5655 1245 5729 ejus
1271 5671 1444 5714 sensu.

1821 1872 2116 1926 cessarium
2162 1871 2387 1928 modum
2428 1875 2708 1946 proprium
2745 1883 3040 1948 temperem
3086 1876 3418 1948 appetitum,

1821 1968 2136 2032 remotaque
2166 1977 2196 2015 a
2225 1976 2311 2015 me
2341 1963 2492 2017 omni
2533 1979 2755 2035 prorsus
2783 1963 3006 2034 crapula
3029 1973 3083 2021 et
3131 1965 3414 2034 ebrietate,

1819 2049 1990 2105 sciam
2033 2049 2091 2104 in
2146 2050 2354 2106 virtute
2383 2058 2478 2107 tua
2506 2052 2807 2117 abundare,
2848 2053 3014 2108 sciam
3045 2062 3098 2108 et
3128 2053 3416 2126 penuriam

1820 2137 1955 2209 pati,
1989 2139 2243 2194 noverim
2272 2155 2488 2213 quoque
2510 2141 2567 2195 in
2598 2140 2798 2214 quibus
2824 2141 2962 2196 mihi
2993 2141 3272 2198 sufﬁciens
3303 2158 3418 2198 esse

1820 2228 2044 2299 possim.
2087 2230 2187 2293 Ita,
2228 2230 2482 2297 Domine,
2515 2229 2615 2299 ita,
2647 2232 2805 2286 Pater
2853 2232 3016 2300 bone,
3063 2233 3248 2288 noxiis
3287 2249 3418 2304 gas-

1820 2317 2114 2389 trimargize
2153 2319 2330 2374 succis
2376 2319 2632 2375 arefactis
2682 2321 2867 2392 inepta
2910 2322 3102 2377 laetitia
3139 2323 3227 2377 vel
3267 2339 3418 2380 scur-

1820 2409 2002 2464 rilitas
2023 2425 2132 2463 non
2164 2409 2481 2480 pullulabit,
2503 2427 2622 2482 quae
2640 2411 2764 2465 illos
2787 2412 3024 2467 maxime
3045 2411 3112 2466 ad
3143 2413 3413 2470 insaniam

1819 2498 2092 2571 perducit,
2136 2500 2195 2554 in
2243 2500 2446 2572 quibus
2473 2501 2696 2572 crapula
2729 2508 2783 2556 et
2817 2502 3050 2558 ebrietas
3103 2503 3412 2559 dominium

1817 2588 2024 2644 sumit:
2075 2614 2092 2634 ι
2126 2588 2282 2643 Sedit
2320 2589 2467 2643 enim
2499 2591 2732 2661 populus
2765 2589 3094 2646 manducare
3123 2599 3176 2647 et
3200 2592 3410 2661 bibere,

1816 2685 1870 2732 et
1917 2686 2276 2734 surrexerunt
2330 2679 2517 2734 ludere
2557 2679 2759 2750 (Exod.
2818 2693 3001 2746 χχχιι,
3033 2679 3114 2750 6).
3148 2704 3165 2725 ι
3210 2679 3416 2736 Contra

1817 2783 1954 2840 quos
1981 2768 2078 2822 illa
2111 2767 2383 2824 sententia
2436 2767 2608 2834 venit,
2652 2784 2759 2840 qua
2786 2765 2989 2822 dicitur
3023 2784 3034 2821 :
3083 2792 3100 2814 ι
3130 2767 3226 2824 Vae
3256 2767 3415 2823 vobis

1818 2856 2112 2924 divitibus,
2145 2857 2241 2929 qui
2283 2856 2495 2912 habetis
2544 2858 2976 2912 consolationem
3031 2864 3270 2913 vestram
3301 2859 3312 2912 l
3344 2859 3416 2912 Et

1814 2963 1896 3000 vas
1930 2947 2118 3014 vobis,
2153 2947 2243 3018 qui
2281 2946 2472 3001 ridetis
2507 2962 2688 3012 nunc;
2727 2946 2854 3018 quia
2883 2945 3170 3017 plorabitis
3213 2954 3266 3002 et
3307 2945 3415 3001 lle-

1813 3032 1946 3088 bitis
1969 3035 2119 3104 (Luc.
2145 3049 2222 3101 v1,
2255 3033 2343 3102 24,
2376 3034 2504 3106 25)!
2537 3059 2554 3080 -
2599 3033 2756 3101 Quod
2772 3040 2962 3089 contra
2992 3033 3033 3088 ii
3064 3034 3158 3106 qui
3189 3051 3410 3090 carnem

1814 3140 1967 3179 suam
2025 3124 2425 3181 cruciﬁxerunt
2474 3142 2599 3181 cum
2647 3124 2802 3181 vitiis
2848 3133 2903 3180 et
2952 3124 3414 3197 concupiscentiis

1813 3213 1931 3284 ejus
1987 3214 2196 3285 (Galat.
2256 3231 2311 3278 v,
2353 3213 2444 3284 24)
2486 3214 2752 3269 audiunt:
2809 3238 2826 3261 ι
2867 3214 3103 3269 Mundus
3133 3214 3412 3286 gaudebit,

1816 3320 1913 3357 vos
1931 3319 2062 3358 vero
2093 3300 2536 3358 contritabimini
2559 3317 2572 3369 ;
2592 3299 2686 3358 sed
2713 3302 2940 3359 tristitia
2968 3311 3146 3358 vestra
3167 3311 3415 3359 vertetur

1815 3393 1872 3448 in
1903 3393 2164 3465 gaudium
2197 3400 2249 3449 et
2277 3392 2538 3465 gaudium
2569 3402 2809 3449 vestrum
2842 3408 3004 3449 nemo
3023 3395 3181 3449 tollet
3207 3411 3236 3450 a
3257 3393 3415 3450 vobis

1817 3483 1999 3555 (Joan.
2030 3482 2240 3551 xvr,20,
2271 3482 2385 3554 22).
2404 3509 2422 3529 ι
2447 3484 2516 3538 Et
2545 3499 2784 3538 rursum:
2822 3507 2840 3528 ι
2868 3483 3019 3537 Beati
3038 3482 3172 3554 quid
3202 3483 3414 3553 lugent,

1814 3574 2074 3646 quoniam
2105 3573 2207 3646 ipsi
2239 3573 2672 3629 consolabuntur
2695 3575 2905 3646 (Matth.
2931 3591 2990 3640 v,
3019 3574 3100 3645 5).
3122 3599 3138 3620 -
3172 3576 3413 3630 Immun-

1812 3663 1951 3719 ditia
1979 3680 2194 3737 quoque
2226 3682 2347 3738 quas
2361 3663 2524 3736 juxta
2552 3665 2877 3737 Apostolum
2901 3666 3231 3738 quibusdam
3260 3665 3413 3737 regni

1815 3753 2050 3810 cmlestis
2081 3754 2291 3810 aditum
2320 3754 2548 3822 claudit,
2582 3755 2902 3826 vigilantem
2945 3771 3250 3827 nunquam,
3290 3755 3414 3812 dor-

1820 3843 2079 3900 mientem
2115 3860 2247 3899 vero
2276 3843 2488 3900 tardius
2519 3860 2615 3899 sua
2643 3843 2956 3898 colluvione
2989 3843 3235 3898 foedavit.
3260 3843 3416 3898 Mul-

1822 3930 2116 4004 tiloquium
2156 3932 2337 3988 inedia
2366 3949 2610 4003 pressum
2641 3932 2861 3986 silebit:
2911 3931 3186 3987 hebetudo
3223 3947 3415 3987 sensus

1817 4021 1962 4077 circa
2008 4021 2428 4093 intelligentiam
2482 4020 2785 4091 spiritualis
2860 4020 3132 4076 acuminis
3193 4019 3415 4092 ingenio

1816 4110 2008 4177 cedet;
2058 4111 2202 4182 quod
2250 4119 2435 4166 sancta
2484 4108 2820 4182 parcimonia
2854 4109 2911 4165 in
2944 4115 3126 4166 mente
3156 4124 3415 4183 propaga-

1816 4198 1925 4264 bit;
1977 4206 2170 4253 venter
2217 4199 2365 4253 enim
2395 4198 2730 4255 abstinentia
2774 4205 3088 4256 contractus
3145 4199 3414 4259 humanos

1803 4287 1874 4342 'in
1905 4289 2076 4342 altum
2103 4289 2280 4344 elevat
2310 4304 2520 4345 sensus.

1891 4386 1976 4443 12.
2023 4386 2267 4442 Luxuria
2317 4388 2746 4463 gastrimargiam
2801 4393 3068 4467 sequitur,
3120 4413 3240 4469 quae
3281 4398 3414 4454 dum

1820 4475 2055 4532 licentia:
2078 4485 2248 4534 metas
2269 4480 2505 4547 excedit,
2534 4497 2661 4536 mox
2689 4482 2757 4537 de
2777 4500 2832 4538 se
2859 4485 3157 4540 caecitatem
3192 4488 3412 4558 mentis,

1824 4566 2398 4636 inconsiderationem,
2423 4570 2867 4640 inconstantiam,
2899 4573 3411 4646 praecipitationem,

1821 4677 2058 4716 amorem
2096 4663 2203 4731 sui,
2234 4663 2422 4718 odium
2455 4664 2572 4731 Dei,
2605 4664 2858 4719 affectum
2892 4665 3174 4734 praesentis
3203 4666 3413 4734 saeculi,

1822 4751 2103 4808 horrorem
2143 4762 2324 4809 autem
2377 4755 2462 4808 vel
2507 4753 2944 4824 desperationem
2997 4753 3174 4824 gignit
3204 4754 3404 4810 futuri.

1821 4839 1925 4896 Sed
1958 4849 2099 4913 peto,
2132 4843 2384 4908 Domine,
2408 4849 2470 4895 ut
2501 4841 2593 4912 qui
2617 4841 2684 4894 ab
2703 4841 2822 4910 ipso
2850 4839 3154 4910 pubertatis
3171 4847 3414 4911 tempore

1820 4944 1852 4984 a
1897 4929 2189 5000 complexu
2224 4929 2459 4984 carnalis
2500 4928 2708 4998 copulae
2754 4927 2994 4982 alienum
3053 4945 3138 4984 me
3167 4945 3282 4984 esse
3321 4946 3413 4985 vo-

1823 5019 1995 5087 luisti,
2048 5018 2432 5076 delectationis
2479 5017 2598 5090 ejus
2639 5034 2907 5074 consensu
2945 5019 3027 5092 (4)
3059 5035 3171 5074 non
3203 5029 3411 5092 tangar,

1823 5108 1966 5176 Quid
2013 5107 2160 5162 enim
2205 5106 2444 5179 prodest,
2498 5107 2732 5163 Domine
2781 5109 2948 5176 Deus,
2997 5108 3267 5180 virginem
3300 5125 3414 5166 esse

1821 5213 2066 5270 corpore,
2108 5195 2154 5252 si
2192 5194 2475 5268 contingat
2507 5204 2687 5252 mente
2717 5212 2831 5253 esse
2861 5206 3180 5270 corruptum
3204 5199 3232 5254 ?
3266 5223 3283 5246 ε
3308 5198 3415 5266 Qui

1821 5288 1968 5346 enim
2025 5287 2229 5344 viderit
2287 5287 2569 5344 mulierem
2608 5289 2675 5344 ad
2729 5288 3228 5360 concupiscendum
3271 5306 3410 5359 eam,

1815 5376 1930 5451 jam
1961 5377 2263 5434 moechatus
2291 5384 2372 5433 est
2401 5392 2517 5434 eam
2542 5377 2601 5435 in
2631 5377 2795 5436 corde
2816 5396 2916 5436 suo
2939 5379 3150 5451 (Matth.
3177 5397 3235 5446 v,
3259 5380 3400 5450 28).-

1823 5465 1964 5524 Huic
2015 5465 2260 5538 profecto
2307 5467 2542 5525 necdum
2590 5469 2898 5530 castitatem
2949 5470 3215 5542 professo,
3249 5469 3413 5540 juxta
