3880 6198
507 266 612 329 839

1510 270 1606 327 AD
1644 269 1879 329 OPERA
1915 271 1970 327 S.
2006 265 2338 331 AMBROSII
2374 267 2752 327 APPENDIX.
3663 277 3719 331 Siti

511 394 862 468 Apostolum,
893 392 1092 452 melius
1118 403 1201 452 est
1238 395 1445 453 nubere
1466 411 1628 469 quam
1667 394 1755 450 uri
1785 396 1818 450 Ι
1846 396 1970 452 Cor.
2001 413 2102 465 vu,
2136 397 2182 455 A
2219 395 2385 451 etiam
2418 395 2475 451 in
2506 394 2604 451 illo
2632 394 2813 451 adhuc
2849 394 3049 451 saeculo
3076 393 3290 468 aliquid
3318 394 3379 451 in
3405 412 3489 454 me
3523 398 3720 458 vindicas

510 484 600 557 9):
633 484 728 542 sed
753 485 1001 553 obsecro,
1050 486 1304 553 Domine,
1336 493 1399 542 ut
1428 485 1517 542 cui
1551 501 1663 541 non
1712 485 1840 542 licet
1880 483 2107 554 nubere,

510 590 613 631 nec
641 574 924 646 contingat
957 574 1137 630 aduri.

586 664 672 720 13.
725 664 866 719 Ecce
924 662 1053 717 dum
1097 677 1196 732 pro
1239 678 1327 717 me
1367 661 1641 718 sollicitus
1685 662 1818 719 talia
1871 663 2107 735 postulo,

515 752 830 809 meminisse
858 750 1143 807 charitatis
1171 750 1373 819 debeo;
1409 759 1471 807 ut
1500 753 1665 807 etiam
1705 769 1800 823 pro
1830 752 1957 809 aliis
1984 769 2109 809 exo-

514 860 649 900 rem.
700 844 775 899 Te
817 842 986 913 igitur
1034 850 1337 899 amatorem
1397 844 1658 901 Ecclesia:
1689 852 1797 901 tua:
1829 844 2111 917 deprecor,

512 932 680 996 Deus,
731 944 830 1000 pro
895 928 1272 985 sacerdotibus
1316 928 1479 1000 ejus;
1525 939 1587 987 ut
1637 931 1820 988 verbis
1866 933 2031 987 simul
2060 941 2116 988 et

513 1018 729 1074 meritis
777 1018 906 1074 vitae
957 1019 1223 1091 populum
1274 1019 1379 1075 sibi
1429 1021 1701 1077 creditum
1730 1021 1796 1078 ad
1838 1023 2112 1079 ccelestem

512 1109 747 1179 patriam
779 1108 1040 1164 invitent.
1074 1109 1177 1165 Pro
1205 1111 1450 1182 regibus,
1472 1111 1728 1181 ducibus,
1754 1120 1809 1168 et
1833 1112 1901 1169 iis
1931 1112 2024 1185 qui
2055 1113 2114 1168 in

514 1196 858 1252 sublimitate
899 1196 1064 1269 positi
1101 1206 1272 1266 sunt;
1315 1208 1376 1255 ut
1406 1208 1586 1272 patres
1634 1201 2005 1273 orphanorum
2061 1209 2115 1257 et

507 1281 724 1355 judices
776 1284 1069 1340 viduarum
1118 1287 1441 1359 semetipsos
1498 1288 1820 1358 exhibeant,
1879 1290 2116 1345 miseriis

513 1372 764 1449 inopum,
814 1383 869 1431 et
916 1376 1210 1448 gemitibus
1262 1393 1563 1449 pauperum
1591 1377 1943 1447 condoleant,
1970 1379 2114 1435 nihil

514 1463 621 1521 nisi
652 1463 798 1539 quod
823 1465 1032 1537 justum
1071 1475 1172 1535 est,
1224 1467 1282 1522 in
1325 1466 1549 1538 judicio
1596 1475 1879 1540 quaerant;
1929 1468 2115 1542 sicque

513 1552 903 1613 administrent
922 1556 1230 1628 praesentia,
1247 1572 1315 1612 ne
1338 1557 1599 1613 amittant
1625 1557 1768 1614 bona
1787 1558 1988 1614 futura.
2013 1560 2116 1616 Pro

514 1645 848 1719 virginibus,
861 1645 1297 1716 continentibus,
1321 1662 1384 1703 ac
1410 1646 1619 1703 mundo
1650 1648 2114 1717 renuntiantibus;

2219 485 2352 540 dum
2399 500 2665 552 reservas,
2697 490 2825 555 peto
2855 498 2923 538 ne
2951 497 3037 538 me
3064 483 3320 554 potestati
3366 483 3640 543 daemonum
3664 498 3720 545 tn-

2217 573 2336 638 das,
2366 573 2500 629 dum
2530 574 2708 629 scelus
2737 588 2921 628 meum
2950 572 3265 644 purgatoria
3292 588 3455 645 poena
3484 573 3681 648 detergis.

2294 661 2380 717 16.
2419 662 2731 734 Nunquam,
2780 660 3032 729 Domine,
3084 659 3362 717 oblivioni
3417 662 3640 719 tradenda
3673 676 3720 719 est

2219 748 2337 805 dies
2366 748 2482 818 illa,
2532 749 2599 805 de
2624 745 2737 822 qua
2775 748 2922 804 dixit
2970 747 3236 822 propheta
3274 767 3287 805 :
3353 773 3371 796 ι
3415 751 3551 819 Dies,
3590 752 3720 824 inquit,

2221 840 2337 909 ira),
2375 840 2492 896 dies
2526 840 2642 909 illa,
2692 840 2809 897 dies
2856 838 3237 897 tribulationis
3282 849 3338 897 et
3364 842 3617 913 angustiae,
3652 843 3719 898 dies

2221 930 2551 988 calamitatis
2579 938 2633 985 et
2666 930 2924 998 miserim,
2945 929 3061 986 dies
3082 930 3433 986 tenebrarum
3459 938 3507 986 et
3532 932 3720 1002 caliginis,

2221 1019 2338 1075 dies
2368 1018 2583 1075 nebulai
2612 1029 2665 1076 et
2693 1019 2933 1076 turbinis
2964 1020 3068 1092 (6),
3114 1019 3233 1075 dies
3264 1019 3407 1075 tubae
3451 1028 3500 1075 et
3524 1021 3713 1091 clangens

2225 1108 2477 1181 (Sophon.
2508 1127 2545 1177 ι,
2569 1108 2784 1181 15,16),
2818 1134 2835 1156 ι
2880 1108 2939 1165 in
2968 1125 3095 1182 qua,
3126 1110 3284 1166 caelis
3313 1117 3367 1165 et
3395 1109 3540 1165 terris
3566 1110 3722 1165 ardenti-

2222 1195 2345 1266 bus,
2390 1222 2408 1245 ι
2448 1197 2680 1253 exibunt
2717 1197 2925 1270 angeli,
2982 1204 3036 1253 et
3064 1196 3393 1270 separabunt
3418 1198 3567 1253 malos
3588 1197 3637 1253 de
3658 1215 3721 1252 me-

2223 1285 2315 1341 dio
2365 1284 2665 1357 justorum,
2722 1294 2776 1341 et
2823 1286 3047 1343 mittent
3101 1302 3197 1343 eos
3244 1287 3302 1341 in
3352 1287 3597 1342 caminum
3633 1286 3721 1357 ignis

2226 1374 2437 1445 (Matth.
2471 1392 2597 1443 xm,
2642 1373 2729 1443 49,
2761 1374 2895 1446 50);
2932 1400 2950 1422 ι
3013 1375 3073 1431 in
3123 1391 3232 1448 qua
3284 1391 3529 1432 messores
3567 1375 3719 1431 collecta

2223 1463 2433 1519 zizania
2475 1462 2783 1535 alligabunt
2814 1463 2871 1519 in
2916 1464 3209 1521 fasciculos
3256 1464 3325 1520 ad
3362 1463 3718 1522 comburendum.

2226 1554 2288 1609 In
2316 1569 2424 1627 qua
2452 1571 2483 1610 a
2512 1553 2755 1610 sinistris
2786 1553 2950 1626 positi
2976 1554 3204 1610 audient
3235 1553 3389 1627 impii
3420 1572 3432 1610 :
3490 1578 3506 1601 ε
3530 1552 3718 1610 Discedite

2225 1660 2258 1699 a
2286 1659 2391 1711 me,
2415 1642 2715 1711 maledicti,
2749 1642 2805 1697 in
2836 1641 3020 1715 ignem
3051 1650 3341 1710 aeternum,
3372 1643 3458 1716 qui
3478 1650 3719 1715 praeparatus

517 1746 579 1795 ut
634 1736 925 1810 praesentia
978 1736 1307 1809 despiciant,
1360 1736 1548 1793 futura
1595 1737 1897 1810 requirant,
1932 1754 2032 1795 nec
2056 1754 2112 1794 se
2138 1751 2185 1812 Β
2228 1740 2310 1789 est
2338 1731 2580 1800 diabolo,
2630 1738 2685 1788 et
2712 1732 2921 1803 angelis
2963 1730 3081 1804 ejus
3127 1732 3340 1804 (Matth.
3373 1748 3497 1800 xxv,
3524 1730 3618 1803 41).
3641 1755 3654 1777 ι
3682 1729 3716 1783 [u

519 1828 755 1900 negotiis
801 1826 1155 1885 saecularibus
1210 1828 1533 1900 implicent;
1580 1836 1642 1884 ut
1676 1826 1779 1884 tibi
1812 1827 2113 1886 militantes

518 1921 790 1993 placeant,
840 1917 930 1975 cui
972 1933 1027 1974 se
1070 1917 1461 1990 probaverunt.
1526 1916 1633 1973 Pro
1680 1916 2006 1991 conjugatis,
2053 1926 2118 1976 ut

517 2009 598 2066 sic
626 2009 733 2066 sibi
774 2008 1013 2065 invicem
1048 2006 1229 2065 carnis
1254 2006 1502 2063 debitum
1530 2008 1770 2077 solvant,
1804 2024 1874 2064 ne
1899 2024 1932 2064 a
1960 2009 2117 2066 desi-

517 2098 672 2156 derio
701 2098 891 2172 patriae
911 2097 1149 2156 ccelestis
1172 2097 1505 2155 exorbitent.

592 2188 679 2246 14.
721 2188 827 2245 Sed
855 2187 988 2262 quid
1019 2204 1137 2262 ago,
1170 2188 1449 2245 Domine?
1479 2187 1645 2256 Quasi
1695 2188 1902 2246 oblitus
1929 2206 2115 2262 pecca-

520 2287 704 2336 torum
734 2295 1003 2347 meorum,
1033 2294 1133 2351 pro
1149 2277 1274 2334 aliis
1298 2293 1527 2334 exorare
1558 2293 1850 2349 praesumo.
1884 2278 1928 2335 Ο
1952 2263 2115 2352 quam

522 2370 579 2425 in
610 2370 803 2425 multis
830 2366 1033 2424 oﬂ'endi
1060 2374 1224 2441 atque
1243 2366 1489 2425 oﬂ‘endol
1514 2366 1619 2424 Sed
1649 2374 1835 2424 tamen
1860 2385 1971 2425 non
1992 2368 2117 2426 sub-

522 2458 665 2531 repit
704 2456 1031 2530 desperatio,
1086 2473 1213 2514 cum
1260 2457 1616 2531 publicanum
1663 2456 1720 2513 in
1766 2458 1972 2530 templo
2002 2456 2117 2530 jus-

520 2552 796 2611 tiﬁcatum
826 2547 1069 2620 attendo,
1108 2566 1233 2607 cum
1268 2551 1539 2608 latronem
1574 2550 1631 2606 in
1662 2567 1823 2608 cruce
1853 2550 2116 2608 confiten-

523 2651 658 2708 tem,
680 2650 735 2697 et
762 2640 829 2696 de
854 2655 1015 2696 cruce
1045 2640 1114 2696 ad
1139 2639 1458 2696 Paradisum
1485 2648 1859 2696 transeuntem
1888 2640 2113 2714 aspicio,

522 2747 650 2788 cum
679 2728 905 2787 Mariam
943 2738 1065 2802 post
1098 2730 1301 2786 multas
1333 2729 1628 2787 criminum
1678 2730 1921 2786 maculas
1967 2730 2119 2786 fonte

522 2820 743 2894 pietatis
763 2819 1028 2888 ablutam,
1052 2836 1176 2876 cum
1200 2821 1419 2876 Petrum
1452 2828 1573 2893 post
1595 2824 1744 2883 496
1773 2820 2117 2893 negationem

424 2924 433 2934 ‘
524 2914 863 2986 apostolatus
891 2913 1120 2985 gratiam
1157 2931 1502 2986 recuperasse
1533 2915 1772 2973 intueor.
1821 2916 1925 2972 Sed
1966 2932 2119 2987 rogo,

526 3002 822 3060 ineﬂ'abilis
867 3004 1061 3074 pietas,
1110 3011 1172 3059 ut
1197 3005 1286 3061 cui
1317 3005 1385 3061 de
1416 3006 1589 3062 tantis
1616 3006 1888 3079 exemplis
1918 3022 2118 3078 praesu-

2226 1839 2332 1897 qua
2355 1820 2469 1894 jam
2500 1821 2765 1878 obseratis
2809 1822 2937 1877 vita:
2961 1820 3152 1893 januis
3197 1839 3325 1879 cum
3361 1820 3608 1878 exstinctis
3636 1820 3715 1873 laui-

2224 1912 2456 1985 padibus
2498 1913 2679 1969 stultaa
2709 1911 2952 1984 virgines
2981 1928 3013 1967 a
3062 1911 3308 1969 thalamo
3345 1912 3555 1969 exclusa:
3588 1910 3713 1983 plora-

2223 2002 2397 2072 bunt,
2453 2002 2997 2075 dominationemque
3053 2002 3388 2075 ingementes
3441 1999 3710 2058 clamabunt:

2236 2114 2256 2139 ι
2298 2090 2551 2159 Domine,
2596 2089 2853 2159 Domine,
2921 2090 3073 2163 aperi
3121 2090 3282 2146 nobis
3330 2090 3480 2164 (Ibid.
3517 2089 3650 2160 11):-
3681 2094 3714 2140 et

2224 2192 2358 2241 tunc
2399 2182 2550 2240 dices
2590 2181 2745 2238 illis:
2811 2206 2830 2229 ε
2871 2182 3054 2239 Nescio
3083 2199 3176 2238 vos
3207 2182 3365 2255 (Ibid.
3402 2181 3500 2251 12).
3528 2206 3543 2229 ι
3584 2180 3713 2249 Inqua

2224 2273 2390 2330 etiam
2422 2272 2516 2347 qui
2547 2271 2832 2329 miraculis
2860 2278 3310 2340 coruscaverunt,
3336 2269 3562 2326 similiter
3576 2268 3712 2322 lamen-

2224 2364 2492 2421 tabuntur
2536 2362 2763 2434 repulsi,
2811 2371 2865 2418 et
2900 2360 3087 2418 dicent
3128 2380 3141 2418 :
3209 2386 3228 2409 ι
3266 2361 3497 2426 Domine,
3537 2355 3711 2417 Domine.

2225 2468 2408 2509 nonne
2436 2452 2494 2507 in
2524 2451 2748 2508 nomine
2777 2457 2871 2506 tuo
2914 2449 3385 2523 prophetavimus,
3420 2455 3467 2505 et
3494 2448 3539 2502 in
3563 2444 3712 2500 nomine

2225 2549 2321 2598 tuo
2352 2540 2627 2598 daemonia
2671 2537 2954 2612 ejecimus,
3001 2546 3055 2595 et
3093 2540 3155 2595 in
3183 2547 3279 2596 tuo
3327 2537 3522 2595 nomine
3554 2534 3711 2589 virtutes

2226 2631 2428 2685 multas
2457 2629 2689 2685 fecimus
2720 2629 2936 2702 (Matth.
2966 2646 3067 2697 vn,
3107 2627 3203 2701 22)
3227 2628 3256 2684 ?
3284 2653 3301 2675 ι
3339 2629 3405 2683 Et
3429 2635 3540 2682 tunc
3562 2620 3711 2679 contite

2228 2719 2377 2776 beris
2407 2719 2571 2776 etiam
2615 2716 2735 2774 istis
2766 2717 2895 2790 quia
2922 2733 3211 2790 nunquam
3252 2714 3440 2773 novisti
3466 2730 3556 2780 eos,
3590 2705 3711 2778 subji-

2227 2809 2378 2866 ciens
2412 2827 2424 2865 :
2471 2834 2489 2856 ι
2520 2806 2797 2865 Discedite
2827 2822 2858 2862 a
2884 2822 2990 2873 me,
3017 2821 3215 2861 omnes
3243 2805 3333 2878 qui
3361 2800 3614 2876 operamini
3636 2796 3712 2850 iui-

2227 2898 2493 2971 quitatem
2521 2899 2683 2971 (Ibid.
2709 2897 2824 2971 23).
2847 2922 2866 2946 -
2900 2895 3034 2962 Quis
3053 2894 3195 2964 haec,
3219 2895 3437 2952 Domine
3458 2895 3590 2956 Deus,
3607 2885 3709 2944 terri-

2225 2990 2358 3047 bilis
2387 2990 2445 3045 in
2473 2990 2751 3058 consiliis,
2782 2987 3053 3044 mirabilis
3076 2987 3137 3042 in
3172 2987 3532 3060 majestatibus,
3558 2981 3710 3037 faciem-

526 3107 675 3149 mere
704 3090 942 3161 donasti,
975 3092 1211 3164 gemitus
1239 3093 1543 3164 publicani,
1597 3093 1996 3151 confessionem
2028 3096 2117 3151 la-

2233 3094 2337 3151 que
2370 3078 2621 3151 prodigia
2650 3096 2661 3133 :
2715 3076 2861 3149 quis,
2909 3076 3163 3149 inquam,
3196 3076 3310 3133 haec
3337 3091 3434 3131 non
3476 3065 3709 3171 paveatqlt

521 3180 718 3251 tronis,
750 3182 1021 3253 lacrymas
1047 3183 1374 3251 meretricis,
1417 3183 1695 3256 ﬂetusque
1722 3183 1970 3256 negantis
1997 3200 2124 3256 apo-

520 3271 649 3330 stoli
677 3270 965 3329 concedas.
995 3271 1162 3339 Quasi
1193 3271 1410 3345 ﬂagello
1440 3273 1733 3345 temporali
1766 3273 1975 3330 scelera
2004 3290 2125 3330 mea

519 3361 855 3420 vindicanda
880 3360 1209 3435 provideris,
1233 3362 1577 3435 lacrymosus
1605 3361 1879 3435 imploro;
1905 3370 1969 3418 ut
1987 3361 2120 3419 dum

523 3460 718 3509 contra
755 3450 874 3506 haec
905 3450 1077 3507 iratus
1113 3452 1364 3520 desaevis,
1419 3468 1632 3524 semper
1688 3452 1746 3508 in
1787 3451 1869 3507 ira
1910 3450 2121 3507 miseri-

521 3542 726 3600 cordiae
780 3540 1123 3596 recorderis:
1183 3556 1347 3612 quem
1391 3541 1539 3596 enim
1586 3541 1794 3614 diligis,
1852 3540 2119 3612 corripis;

451 3653 465 3667 ε
524 3631 768 3702 ﬂagellas
795 3636 979 3684 autem
1007 3645 1229 3684 omnem
1268 3628 1449 3684 ﬁlium
1489 3646 1651 3701 quem
1692 3630 1893 3702 recipis
1938 3630 2121 3702 (Hebr.

528 3738 632 3790 ιιι,
662 3720 744 3793 6).
795 3718 1008 3787 Quibus
1048 3718 1316 3775 nimirum
1357 3715 1542 3776 verbis
1572 3720 1675 3776 etsi
1707 3719 1863 3793 virga
1905 3737 2126 3793 percus-

528 3809 672 3867 soris
704 3809 785 3883 (ὅ)
833 3808 1097 3878 minatur,
1140 3815 1400 3881 paternus
1428 3816 1611 3864 tamen
1654 3808 1872 3880 pietatis
1900 3809 2127 3868 aﬂ'ectus

535 3908 895 3959 monstratur.
945 3900 1027 3957 Da
1053 3915 1202 3972 ergo,
1250 3896 1507 3967 Domine,
1554 3897 1699 3954 inter
1744 3896 1959 3972 ﬂagella
1992 3898 2127 3956 tole-

523 3992 785 4062 rantiam,
816 4004 885 4047 ne
914 3986 1377 4046 murmurationis
1404 3994 1612 4056 notam,
1636 3995 1699 4044 ut
1727 3988 1906 4044 malus
1935 4001 2128 4046 servus

526 4084 803 4139 incurram
837 4099 849 4137 :
896 4078 992 4137 sed
1019 4078 1191 4152 magis
1216 4078 1373 4153 quasi
1402 4076 1583 4135 bonus
1612 4075 1787 4148 ﬁlius,
1826 4077 2127 4151 gratiarum

526 4171 770 4228 actiones
798 4167 1113 4240 rependam.

600 4269 686 4326 15.
729 4267 875 4323 Illud
904 4267 1070 4323 etiam
1103 4284 1431 4342 magnopere
1459 4277 1607 4342 peto,
1640 4276 1708 4326 ut
1744 4270 1891 4328 diem
1920 4271 2125 4343 obitus,

540 4358 687 4418 diem
731 4358 962 4414 extremi
988 4356 1210 4427 judicii,
1264 4358 1675 4417 damnationem
1702 4361 2127 4437 aeternisupplio

2233 3174 2287 3223 et
2316 3184 2348 3223 a
2376 3167 2547 3223 fundo
2568 3165 2752 3224 cordis
2774 3182 2883 3222 non
2906 3166 3297 3222 contremiscat
3322 3184 3332 3221 :
3362 3181 3470 3221 cum
3495 3162 3620 3217 etiam
3633 3156 3711 3210 illos

2232 3255 2481 3312 damnari
2508 3255 2714 3324 audiat,
2746 3271 2887 3328 quos
2915 3254 2973 3309 in
3007 3253 3107 3311 hac
3141 3255 3255 3311 vita
3282 3251 3488 3324 contigit
3514 3242 3711 3303 miraculis

2232 3348 2564 3405 coruscare?
2616 3346 2702 3403 Ad
2747 3362 2868 3419 quae
2906 3345 3177 3401 nimirum
3221 3346 3357 3401 valet
3396 3344 3477 3399 illa
3506 3332 3709 3397 sententia.

2234 3454 2341 3511 qua
2369 3438 2575 3495 dicitur
2607 3456 2618 3494 ε
2682 3460 2702 3485 ι
2730 3438 2914 3495 Nescit
2959 3437 3132 3494 homo
3177 3445 3353 3494 utrum
3384 3450 3538 3492 amore
3559 3446 3609 3486 an
3631 3422 3711 3481 odio

2233 3522 2433 3597 dignus
2452 3527 2542 3596 sit,
2569 3526 2661 3584 sed
2687 3528 2875 3583 omnia
2896 3535 3251 3583 reservantur
3267 3527 3323 3582 in
3348 3525 3555 3580 futurum
3573 3518 3711 3572 incerti

2237 3614 2534 3686 (Eccle.1x,
2559 3616 2611 3684 1,
2636 3615 2751 3686 2).»
2784 3616 2846 3671 In
2877 3631 2985 3688 quo
3012 3624 3067 3671 et
3096 3614 3143 3671 si
3167 3614 3344 3686 justus
3369 3612 3454 3667 vix
3477 3603 3708 3664 salvabitur.

2233 3713 2485 3775 peccator
2513 3712 2567 3761 et
2595 3704 2800 3777 impius
2829 3703 2925 3759 ubi
2953 3703 3271 3776 parebunt?

2312 3811 2399 3868 17.
2441 3812 2648 3878 Etiam,
2677 3813 2913 3869 Domine
2940 3814 3111 3881 Deus,
3152 3807 3495 3867 indesinenter
3518 3796 3708 3890 meditti?

2238 3899 2370 3959 dum
2402 3908 2619 3958 aeternae
2647 3900 3018 3958 damnationis
3048 3878 3394 3973 supplicium,
3420 3894 3470 3949 in
3494 3878 3707 3983 c1110.?“in

2234 3990 2368 4066 quid
2398 4006 2681 4064 poenarum
2739 4008 2888 4048 nunc
2940 3963 3241 4064 excogitari
3295 3988 3473 4059 potest
3522 3963 3707 4071 quifit?“

2234 4081 2402 4138 etiam
2432 4096 2545 4136 non
2574 4086 2772 4152 potest,
2824 4096 3039 4152 semper
3081 4079 3251 4137 adest.
3291 4073 3447 4145 Cujus
3470 4070 3705 4153 vei-misim-

2236 4169 2507 4238 mortalis,
2552 4143 2698 4243 ignis
2741 4143 3236 4239 inexstinguibilis,
3283 4143 3412 4221 fetor
3449 4143 3707 4250 intolerabilis

2235 4269 2318 4319 est
2350 4279 2362 4317 :
2414 4259 2573 4332 cujus
2600 4266 2744 4315 terra
2798 4257 3107 4326 tenebrosa,
3153 4264 3207 4314 et
3236 4251 3415 4311 mortis
3445 4245 3706 4341 caligine}?

2233 4356 2441 4426 operta,
2472 4357 2618 4407 terra
2650 4348 2883 4406 miseriae
2916 4357 2969 4406 et
2996 4347 3338 4404 tenebrarum
3362 4347 3463 4405 est;
3490 4333 3611 4426 cujus
3626 4333 3707 4426 tot:

526 4449 623 4518 cii,
654 4444 1166 4518 beatitudinemque
1202 4446 1355 4518 regni
1399 4447 1587 4519 futuri,
1618 4464 1837 4524 semper
1867 4412 2120 4508 memine-

2238 4412 2420 4497 rentes
2445 4440 2502 4495 in
2534 4438 2711 4511 picem
2739 4445 3158 4505 convertuntur,
3182 4444 3234 4491 et
3262 4433 3447 4489 humus
3462 4425 3508 4480 in
3534 4412 3706 4524 sulpbtlnf:

526 4538 633 4595 rim
668 4554 680 4594 :
735 4534 883 4609 quod
914 4550 1074 4590 nemo
1104 4531 1477 4592 indesinenter
1524 4545 1722 4609 pote$t,
1768 4538 1877 4594 nisi
1923 4540 2019 4612 qui
2059 4536 2127 4596 ad

527 4625 699 4685 vitam
730 4622 1131 4699 prmordinatus
1155 4631 1239 4681 est
1275 4630 1555 4682 aeternam.
1593 4626 1990 4697 Indesinenter,
2024 4630 2126 4685 Do-

528 4712 700 4786 mine,
728 4710 1019 4773 recolenda
1048 4717 1130 4769 est
1158 4710 1277 4770 dies
1305 4711 1421 4782 illa,
1454 4712 1512 4769 in
1539 4728 1646 4788 qua
1691 4712 1790 4771 lux
1823 4733 1951 4772 cum
1980 4722 2128 4774 tene-

527 4806 643 4864 bris
672 4812 898 4878 pugnat,
936 4802 1313 4861 misericordia
1356 4820 1480 4860 cum
1511 4802 1843 4861 crudelitate
1872 4804 2127 4873 desudat,

529 4895 587 4953 in
615 4913 722 4970 qua
751 4896 1098 4953 adversarius
1128 4902 1315 4952 noster
1344 4895 1488 4951 mala
1516 4910 1637 4969 quae
1668 4895 1917 4964 fecimus,
1951 4892 2129 4953 locuti

530 5000 743 5053 sumus,
790 4983 879 5041 vel
924 4985 1312 5059 cogitavimus,
1367 4980 1802 5042 violentissimus
1844 4995 2131 5043 accusator

531 5079 760 5141 retexet,
786 5069 1061 5144 justitiam
1101 5077 1256 5130 tuam
1286 5071 1355 5129 ad
1386 5070 1504 5130 haec
1531 5070 1810 5147 punienda
1849 5074 2128 5146 deposcet.

533 5159 640 5218 Ubi
668 5161 802 5235 quid
845 5177 989 5230 sum,
1043 5162 1298 5231 Domine,
1344 5158 1452 5220 nisi
1493 5170 1556 5218 tu
1584 5164 1679 5236 qui
1703 5160 1851 5234 justo
1882 5162 2128 5235 judicas,

533 5251 700 5308 etiam
730 5249 1159 5310 misericorditer
1202 5248 1512 5309 defendas?
1550 5249 1874 5321 Recordare,
1909 5267 2129 5324 quaeso,

535 5341 666 5412 quia
691 5338 990 5400 advocatus
1018 5355 1171 5398 meus
1197 5356 1255 5398 es
1283 5338 1420 5413 ipse,
1469 5342 1565 5415 qui
1593 5337 1837 5413 ‘judicas.
1892 5338 2052 5409 Quod
2082 5337 2131 5396 si

604 5463 687 5675 ἐῢ)
727 5461 932 5546 Eadem
961 5461 1119 5533 edit.,
1160 5462 1257 5520 etsi
1283 5462 1437 5546 virga
1460 5460 1844 5543 per-euasionis.

629 5533 664 5590 6
727 5534 853 5590 Dies
880 5536 1083 5591 nebula:
1108 5542 1156 5590 et
1196 5533 1445 5601 turbinis,
1489 5551 1519 5591 e
1546 5550 1650 5591 ms.
1685 5541 1844 5591 restit‘

632 5605 661 5659 7
728 5602 903 5674 Edit.,
957 5604 1088 5673 Qui:
1410 5605 1551 5675 quis,
1610 5606 1844 5675 inquam1

629 5533 686 5601 6)
727 5534 853 5590 Dies
880 5536 1083 5591 nebula:
1108 5542 1156 5590 et
1196 5533 1519 5601 turbini'sfe
1546 5550 1650 5591 ms.
1685 5536 2003 5591 restitutum
2031 5540 2132 5590 est.

632 5602 687 5675 7)
728 5602 903 5674 Edit.,
957 5604 1088 5673 Qui:
1410 5605 1551 5675 quis,
1610 5606 1857 5675 inquam,
1910 5605 1994 5661 his
2031 5620 2137 5659 non

2234 4508 2557 4601 ardebitque
2604 4526 2663 4582 in
2697 4526 3123 4599 sempiternum;
3180 4521 3331 4593 cujus
3367 4508 3709 4605 lacus.

2236 4582 2793 4690 ignequelpermistus
2814 4582 2931 4682 ‘est,
2982 4621 3036 4670 et
3062 4582 3402 4687 quoscunque
3439 4592 3632 4690 suscipi"

2235 4683 2433 4779 mergit
2462 4683 2628 4760 simul
2658 4711 2712 4760 et
2742 4703 2946 4760 exurit.
2984 4702 3029 4758 Ο
3058 4683 3220 4775 quam
3255 4687 3524 4753 horrenda!
3557 4699 3582 4738 0
3604 4683 3707 4748 qm

2237 4794 2504 4868 stupenda
2535 4801 2665 4851 sunt
2690 4793 2795 4850 ista
2819 4794 2831 4849 i

2313 4893 2397 4949 18.
2442 4891 2546 4949 Sed
2593 4889 2769 4964 major
2799 4891 2922 4960 erit,
2967 4890 3219 4960 Domine,
3264 4885 3526 4948 cruciatus,
3559 4871 3713 4967 fimi???

2235 4988 2345 5037 tum
2374 4960 2931 5039 claritatisfSuﬂicit
2977 4981 3123 5037 enim
3169 4978 3235 5036 ad
3280 4977 3472 5049 plenam
3516 4960 3710 5049 miserttlli

2235 5077 2331 5127 tua
2373 5088 2485 5127 non
2514 5070 2725 5144 perfrui
2771 5072 3137 5140 beatitudine,
3187 5071 3243 5126 in
3280 5044 3380 5140 qua
3409 5044 3713 5145 ,ίαείί-τῗθθξδὲξ

2238 5160 2591 5233 corporibus,
2648 5169 3073 5235 sanctorumque
3130 5157 3430 5250 ³⁰ε⁰¹⁰τ¹ἶ⁰ἶ
3479 5127 3712 5259 Samiis:

2240 5225 2526 5324 corequati,
2558 5249 2617 5305 in
2646 5260 2904 5308 mternam
2951 5225 3127 5306 lucem
3161 5245 3239 5319 (8)
3278 5237 3580 5324 θερίοίθηξθθ

2240 5340 2322 5396 sol
2368 5310 2744 5413 refulgebunt.
2801 5339 2913 5397 Nec
2960 5310 3232 5395 immerito
3272 5310 3376 5389 sole
3417 5329 3464 5380 et
3503 5319 3606 5373 luna
3639 5310 3711 5358 υοη

2552 5531 2563 5545 ο
2741 5532 2757 5548 ε
3112 5533 3147 5548 ,ο
3212 5529 3223 5543 ο
3264 5534 3442 5548 .-νημαι
3471 5515 3612 5548 Ιιιηιι.
3641 5500 3710 5548 Βίθι

2314 5513 2635 5608 (έῖῖὶθείιιε
2658 5532 2852 5606 codex,
2896 5533 3165 5608 cowquati,
3202 5529 3444 5587 intentam
3468 5515 3614 5573 lucem.
3641 5513 3663 5552 θ
