3880 6198
110 315 199 371 841
1530 313 1695 369 ADMl

1812 314 1941 370 ΤΙΟ,

3305 315 3411 373 842

114 438 466 511 indigebunt;
508 437 637 511 quia
677 445 730 493 te
761 453 997 510 perenne
1022 439 1211 495 lumen
1241 436 1542 496 habebunt.
1576 441 1696 496 Non
1723 442 1771 500 A
1806 448 1889 495 ret
1923 458 1935 496 :
1968 454 2177 496 novum
2208 439 2418 496 scilicet
2453 455 2658 496 munus
2686 439 2863 512 prima
2891 439 3129 509 offerret,
3160 446 3224 496 ut
3255 456 3410 512 puer-

109 527 341 583 esurient
370 541 545 598 neque
571 526 779 594 sitient,
815 543 926 583 non
967 526 1297 583 laborabunt
1340 543 1519 601 neque
1573 528 1704 584 deﬁ-

38 612 41 619 ”
107 618 267 684 cient,
299 632 410 672 non
444 615 749 672 moerebunt
793 631 972 688 neque
1008 616 1309 689 lugebunt;
1352 617 1484 690 quia
1534 616 1708 690 quid—

38 730 39 735 η
107 706 233 780 quid
275 704 563 772 satietatis,
608 703 879 777 quidquid
925 706 1149 777 quietis,
1192 706 1464 778 quidquid
1519 705 1704 778 gaudii

105 803 199 863 est,
226 802 320 850 tua
364 794 608 850 visitatio
639 793 934 866 praestabit,
968 812 1089 867 quae
1123 794 1184 849 in
1219 795 1480 851 omnibus
1512 796 1707 851 omnia

105 885 224 941 erit.
280 883 391 938 Nec
440 891 657 953 tempus
717 881 831 952 jam
880 882 994 938 illis
1040 882 1279 951 accedet,
1332 883 1462 956 quia
1529 891 1703 940 totum

104 971 379 1027 aeternitas
408 970 711 1042 possidebit
736 989 747 1025 :
783 986 883 1026 nec
912 971 1188 1025 timebunt
1230 971 1375 1026 ultra
1400 969 1512 1041 jam
1542 973 1702 1041 mori,

103 1061 193 1134 qui
247 1060 551 1115 meruerint
604 1059 760 1115 beata
815 1060 1237 1116 immortalitate
1292 1061 1507 1117 vestiri.
1556 1069 1704 1126 497

104 1156 242 1226 Quid
273 1165 453 1212 autem
507 1155 575 1211 de
626 1156 729 1212 hac
772 1155 1117 1212 beatitudine
1174 1157 1341 1213 miser
1390 1176 1489 1231 ego
1537 1159 1704 1217 homo

101 1246 336 1318 amplius
364 1243 546 1299 dicere
573 1244 731 1300 valeo
754 1244 782 1300 ?
811 1244 905 1317 qui
936 1244 1003 1301 de
1043 1244 1139 1301 illa
1186 1245 1459 1319 quidquid
1487 1247 1700 1317 dixero,

103 1335 194 1389 illa
229 1332 501 1389 sententia
553 1332 844 1405 reprimor,
902 1349 1063 1406 quam
1121 1349 1218 1405 per
1271 1334 1596 1407 prophetam
1650 1344 1705 1392 et

100 1421 425 1495 Apostolum
480 1420 683 1477 dictam
743 1421 1036 1493 intelligo:
1104 1445 1123 1468 ι
1155 1421 1313 1489 Quod
1369 1424 1563 1481 oculus
1591 1441 1700 1481 non

98 1511 259 1580 vidit,
290 1527 394 1568 nec
422 1510 575 1568 auris
597 1511 837 1579 audivit,
870 1528 970 1567 nec
1000 1511 1058 1567 in
1103 1528 1200 1569 cor
1230 1512 1477 1571 hominis
1503 1531 1703 1571 ascen-

98 1601 319 1668 derunt,
382 1616 503 1674 quas
552 1602 879 1673 prmparavit
935 1604 1082 1659 Deus
1147 1601 1234 1659 his
1300 1603 1397 1676 qui
1464 1603 1704 1676 diligunt

98 1706 217 1746 eum
252 1690 336 1762 (9)
373 1690 431 1763 (Ι
464 1690 592 1747 Cor.
633 1708 693 1760 ιι,
739 1692 821 1763 9).
855 1716 873 1740 ι
902 1692 1081 1748 Erunt
1111 1699 1256 1748 certe
1294 1693 1352 1748 in
1399 1693 1495 1749 illa
1545 1693 1703 1750 beata

1816 545 1946 600 pera
1972 529 2130 605 virgo
2161 537 2531 601 perseveraret
2572 529 2729 600 (£0):
2791 529 2945 584 nulla
2996 536 3192 601 praeter
3236 529 3410 603 ipsam

1815 624 1929 673 tam
1985 635 2191 673 novum
2240 619 2526 690 acciperet,
2588 626 2656 673 ut
2704 620 2876 674 Deum
2909 618 3066 690 virgo
3096 627 3327 690 pareret,
3356 624 3411 674 et

1813 711 1959 770 498
2015 713 2137 778 post
2204 714 2420 778 partum
2478 706 2634 778 virgo
2688 714 2949 763 maneret.
3016 707 3410 780 Apostolorum

1819 803 2269 861 intercessionem
2319 804 2576 875 imploro,
2630 804 2724 876 qui
2778 804 3149 860 beatissimam
3195 804 3412 861 Media-

1817 894 1954 948 toris
1982 900 2377 964 paupertatem,
2404 891 2650 964 ‘ejusque
2690 891 2968 964 passiones
2998 892 3228 965 vestigio
3256 893 3414 949 inse-

1816 988 2063 1053 quentes,
2117 981 2185 1037 ad
2216 988 2431 1038 tantum
2477 981 2827 1038 celsitudinis
2877 981 3098 1038 culmen
3139 998 3414 1054 pervene-

1813 1078 1964 1137 runt,
1999 1078 2060 1125 ut
2098 1086 2440 1142 quaecunque
2493 1070 2727 1142 ligarent
2769 1085 2933 1141 super
2960 1077 3182 1138 terram,
3233 1077 3415 1126 essent

1814 1161 1979 1234 ligata
2005 1167 2059 1214 et
2088 1159 2146 1214 in
2179 1160 2356 1216 coelo:
2397 1165 2451 1214 et
2492 1175 2611 1232 quae
2658 1158 2937 1214 solverent
2977 1175 3141 1232 super
3185 1168 3411 1229 terram,

1816 1256 2001 1305 essent
2024 1248 2204 1304 soluta
2231 1255 2286 1303 et
2319 1248 2376 1303 in
2397 1249 2535 1304 caelo
2563 1247 2773 1318 (Matth.
2802 1264 2965 1315 xvm,
3002 1247 3127 1319 18);
3161 1255 3323 1320 atque
3353 1248 3413 1303 in

1813 1336 2074 1393 extremis
2127 1335 2377 1392 sederent
2441 1351 2604 1408 super
2659 1335 2951 1392 duodecim
3009 1335 3257 1406 thronos,
3311 1337 3414 1409 ju-

1812 1428 2057 1485 dicantes
2086 1427 2376 1485 duodecim
2430 1425 2609 1483 tribus
2656 1427 2821 1483 Israel
2868 1426 3081 1499 (Matth.
3141 1444 3260 1495 χιιι,
3293 1427 3410 1499 28).

1811 1517 2114 1589 Martyrum
2144 1533 2329 1588 preces
2354 1516 2609 1587 deposco,
2632 1514 2726 1588 qui
2767 1532 2869 1589 pro
2891 1517 3121 1573 veritate
3162 1533 3275 1573 non
3300 1516 3415 1573 du-

1810 1604 2060 1663 bitarunt
2086 1606 2406 1678 sanguinem
2440 1606 2693 1674 fundere,
2726 1621 2827 1663 nec
2857 1605 3177 1663 dilexerunt
3202 1606 3415 1663 animas

1811 1711 1938 1751 suas
1971 1711 2143 1769 usque
2172 1694 2240 1751 ad
2270 1703 2523 1762 mortem,
2576 1703 2640 1750 ut
2691 1694 2886 1752 mortis
2936 1702 3261 1768 superarent
3288 1711 3413 1753 auc-

97 1780 210 1834 vita
236 1778 357 1835 haec
386 1778 531 1834 bona
568 1796 688 1853 quas
718 1780 982 1852 praemisi,
1016 1780 1113 1836 sed
1145 1780 1417 1837 ineffabili
1451 1789 1506 1838 et
1542 1782 1704 1840 nobis
1733 1799 1780 1860 Β
1816 1794 2010 1842 torem.
2044 1785 2427 1843 Confessorum
2473 1785 2754 1845 orationes
2800 1787 3113 1858 expostulo,
3145 1786 3238 1858 qui
3268 1784 3416 1840 bella

97 1868 277 1925 adhuc
332 1868 883 1940 incomprehensibili
932 1869 1117 1925 modo.
1192 1868 1368 1941 Hujus
1409 1870 1691 1927 desiderio

97 1957 329 2013 Domine
358 1959 525 2026 Deus,
556 1957 824 2013 formator
864 1966 918 2013 et
946 1958 1275 2013 reformator
1323 1974 1501 2025 meus,
1533 1959 1698 2032 hujus

94 2062 276 2101 amore
323 2062 577 2119 peragam
618 2046 890 2119 quidquid
943 2047 1000 2102 in
1034 2046 1136 2103 hac
1183 2048 1300 2103 vita
1350 2049 1604 2121 praecipis
1636 2056 1699 2104 ut

94 2151 239 2207 agam
270 2153 283 2191 :
320 2153 424 2193 nec
451 2137 525 2193 sit
556 2136 699 2191 ultra
732 2137 898 2192 timor
925 2137 982 2191 in
1011 2136 1300 2206 charitate,
1339 2139 1435 2194 sed
1460 2138 1701 2211 perfecta

92 2224 331 2281 cbaritas
362 2225 509 2280 foras
538 2225 719 2281 mittat
746 2225 1004 2281 timorem
1039 2226 1094 2295 (Ι
1109 2227 1271 2282 Joan.
1307 2244 1386 2295 ιν,
1420 2227 1533 2298 18).

159 2316 247 2370 19.
294 2315 367 2369 Ει
398 2321 461 2368 ut
485 2314 679 2371 efﬁcax
717 2313 835 2370 haec
874 2331 992 2370 mea
1037 2316 1111 2371 sit
1162 2316 1495 2387 deprecatio,
1529 2316 1701 2373 beatae

94 2402 271 2458 Mariae
324 2403 575 2474 Virginis
627 2402 886 2475 suffragia
932 2410 1086 2474 peto,
1127 2419 1289 2476 quam
1335 2405 1479 2460 tanti
1520 2405 1701 2461 meriti

95 2513 202 2554 esse
233 2497 437 2565 fecisti,
470 2506 531 2553 ut
560 2497 738 2569 prima
767 2498 915 2555 inter
945 2498 1205 2557 mulieres
1250 2517 1458 2557 novum
1501 2519 1704 2560 munus

94 2587 333 2655 offerret,
367 2593 424 2642 et
453 2587 608 2642 nulla
635 2596 833 2659 praeter
858 2586 1029 2661 ipsam
1077 2595 1189 2644 tam
1245 2606 1449 2645 novum
1482 2590 1705 2665 accipe—

164 2730 244 2802 (9)
280 2731 365 2786 Ita
394 2746 538 2798 ms.;
571 2730 704 2787 edit.
749 2746 904 2799 vero,
937 2732 1076 2787 Deus
1120 2732 1458 2805 diligentibus
1486 2751 1554 2792 se.

1806 1875 2070 1931 tentantis
2103 1875 2342 1940 inimici,
2390 1873 2522 1929 dum
2584 1875 2673 1945 pie
2718 1873 2974 1929 viverent
3035 1872 3093 1927 in
3141 1871 3416 1927 catholica

1807 1981 1958 2036 pace,
2008 1965 2095 2020 vel
2124 1964 2287 2021 etiam
2334 1964 2720 2021 haereticorum
2779 1962 3244 2019 conﬂictationem
3277 1960 3415 2017 diu-

1808 2061 1974 2109 turno
2007 2054 2306 2110 certamine
2334 2054 2703 2126 pertulerunt,
2750 2059 2934 2125 atque,
2966 2060 3029 2108 ut
3071 2067 3263 2107 verum
3315 2051 3413 2107 di—

1809 2161 1948 2213 cam,
2010 2143 2273 2216 longioris
2329 2141 2645 2215 occultique
2700 2140 2955 2213 martyrii
3007 2141 3218 2213 palmas
3264 2156 3415 2198 acce-

1809 2242 2027 2307 perunt.
2062 2233 2302 2299 Talium,
2333 2233 2479 2287 Deus
2510 2247 2686 2299 meus,
2721 2246 2907 2303 preces
2933 2246 3219 2303 nunquam
3267 2245 3412 2302 sper-

1810 2340 1927 2392 nas,
1949 2323 1995 2379 si
2015 2331 2078 2379 ut
2100 2340 2198 2395 pro
2231 2337 2317 2377 me
2354 2327 2603 2388 exorent,
2642 2321 2757 2393 ipse
2806 2318 3185 2392 inspiraveris,
3228 2318 3325 2393 qui
3353 2318 3414 2374 in

1811 2412 2114 2468 aeternitate
2144 2410 2371 2484 perenni
2420 2410 2566 2465 vivis
2598 2416 2652 2465 et
2700 2424 2894 2481 regnas
2924 2415 3124 2465 cuncta
3166 2425 3262 2481 per
3301 2425 3414 2464 sae-

1814 2501 1957 2569 cula,
1989 2507 2044 2557 et
2069 2499 2127 2555 in
2157 2498 2415 2556 omnibus
2444 2496 2688 2566 saeculis,
2717 2514 2898 2555 amen.

1889 2731 2005 2806 (10)
2038 2731 2138 2790 Ms.
2168 2728 2364 2801 codex,
2394 2738 2456 2788 ut
2475 2730 2660 2804 puella
2698 2730 2847 2803 virgo
2871 2736 3250 2804 perseveraret.

435 3051 550 3137 IN
628 3049 1465 3138 EXPOSITIONEM
1533 2998 3048 3137 APOCALYPSISADMONITIO.

157 3347 329 3426 Hujus
361 3347 766 3411 Commentarii
807 3350 1090 3425 exemplar
1131 3347 1191 3407 in
1229 3366 1339 3424 quo
1382 3350 1557 3407 sancti
1603 3349 1879 3406 Ambrosii
1926 3366 2125 3405 nomen
2174 3348 2504 3421 inscriptum
2549 3356 2687 3418 erat,
2749 3356 2948 3407 nactus
2992 3364 3022 3405 e
3070 3347 3408 3408 bibliotheca

89 3442 398 3499 monasterii
428 3440 727 3513 cujusdam
751 3440 1119 3498 Cuthebertus
1151 3440 1471 3496 Tonstallus
1496 3440 1884 3496 Dunelmensis
1911 3439 2217 3511 episcopus,
2249 3438 2389 3493 illud
2420 3437 2499 3494 ita
2544 3438 2753 3510 publici
2788 3437 2933 3510 juris
2976 3438 3154 3495 facere
3183 3437 3407 3495 consti-

90 3527 208 3597 tuit,
240 3536 303 3585 ut
329 3528 510 3586 simul
543 3528 707 3585 etiam
743 3527 955 3585 doctori
993 3536 1180 3585 nostro
1228 3529 1409 3600 ipsum
1446 3525 1734 3584 vindicare
1780 3526 2001 3599 propria
2043 3525 2462 3598 praefatiuncula
2502 3533 2813 3581 conaretur.
2865 3526 2986 3581 Non
3027 3534 3215 3582 tamen
3246 3524 3405 3581 dissi-

92 3620 258 3676 mulat
283 3620 469 3676 locum
508 3636 684 3675 unum
729 3619 785 3674 in
810 3635 874 3675 eo
905 3619 1153 3691 reperiri,
1183 3618 1279 3689 qui
1312 3617 1624 3688 Gregorium
1664 3618 1963 3673 Romanum
2006 3615 2301 3685 episcopum
2343 3621 2393 3669 et
2435 3613 2607 3669 verbis
2647 3621 2697 3670 et
2748 3631 2902 3669 sensu
2945 3613 3203 3685 prtefemt
3245 3631 3256 3669 :
3310 3613 3404 3670 sed

92 3705 226 3762 nihil
257 3723 374 3765 esse
404 3707 554 3764 idem
586 3707 894 3779 respondet,
918 3724 1017 3764 cur
1044 3706 1400 3763 Ambrosium
1432 3706 1490 3761 in
1516 3705 1624 3761 hoc
1644 3704 1853 3760 imitari
1884 3721 1995 3760 non
2016 3703 2256 3775 potuerit
2284 3710 2511 3759 sanctus
2539 3702 2857 3775 Gregorius.
2893 3703 2980 3758 Ex
3012 3701 3115 3759 hac
3135 3697 3404 3758 Tonstalli

91 3794 348 3865 editione,
384 3812 509 3869 quae
540 3812 688 3852 anno
720 3795 855 3852 1548
886 3795 1090 3868 prodiit
1116 3796 1360 3864 Parisiis,
1394 3795 1513 3851 haec
1546 3793 1955 3851 Commentaria
1985 3792 2042 3848 in
2072 3792 2429 3865 appendicem
2474 3809 2586 3848 suas
2624 3792 3115 3848 Ambrosianorum
3161 3791 3403 3862 Operum

91 3882 344 3941 editionis
376 3883 648 3941 Gillotius
676 3883 937 3941 admisit:
965 3883 1115 3956 quod
1153 3884 1417 3940 similiter
1443 3900 1474 3939 a
1507 3883 1770 3940 Romanis
1800 3884 2110 3940 factitatum
2149 3892 2248 3940 est.
2286 3882 2541 3939 Dubitari
2579 3899 2743 3954 porro
2781 3881 3011 3936 minime
3044 3887 3222 3952 potest
3267 3880 3403 3951 quin

94 3969 191 4028 hoc
217 3971 399 4044 ipsum
431 3990 580 4046 opus
608 3989 636 4028 e
666 3972 1040 4045 manuscripto
1068 3972 1229 4029 valde
1267 3972 1467 4029 mutilo
1490 3973 1772 4045 vulgatum
1813 3971 2000 4040 fuerit,
2044 3970 2490 4043 quandoquidem
2539 3969 2766 4023 nomina
2808 3967 3025 4034 Hilarii,
3080 3965 3398 4037 Augustini,

93 4059 394 4130 Prudentii,
444 4062 803 4133 Hieronymi,
842 4070 896 4118 et
944 4062 1230 4134 ipsiusmet
1283 4061 1571 4130 Anbrosii,
1621 4076 1686 4115 ac
1735 4059 1958 4116 demum
1998 4057 2265 4128 Gregorii,
2299 4057 2394 4128 qui
2425 4056 2648 4122 sexties,
2682 4061 2744 4109 ut
2767 4052 3084 4120 minimum,
3111 4051 3402 4123 citatisque

94 4163 485 4224 nonnunquam
514 4150 692 4222 ipsius
720 4149 923 4217 verbis,
950 4150 1029 4205 ibi
1061 4151 1348 4223 allegatur,
1384 4150 1752 4223 praetermissa
1797 4156 1925 4206 sunt
1976 4146 2035 4202 in
2086 4145 2423 4202 editionibus
2457 4164 2468 4200 :
2527 4160 2651 4216 quae
2693 4159 2793 4198 nos
2831 4158 2943 4197 non
2998 4156 3155 4198 secus
3205 4157 3269 4197 ac
3296 4141 3400 4196 fre-

93 4237 477 4306 quentissimas
503 4237 644 4293 alias
685 4237 905 4293 lacunas
933 4237 1435 4309 manuscriptorum
1488 4238 1826 4309 optimorum
1882 4236 2130 4293 subsidio
2180 4235 2522 4291 restituimus
2570 4234 2727 4307 (Vide
2780 4249 2936 4305 capp.
2977 4233 3030 4302 9,
3066 4232 3154 4297 11,
3188 4232 3274 4301 13,
3310 4233 3397 4300 17,

91 4324 150 4379 21
178 4333 232 4382 et
251 4326 369 4384 22).

178 4333 232 4382 et
251 4326 320 4384 22
357 4371 369 4383 .

158 4326 558 4474 Verumtamen
608 4417 966 4490 quantumvis
1022 4415 1358 4489 imperfectae
1416 4412 1625 4470 fuerint
1680 4413 1882 4470 eaedem
1935 4412 2242 4485 superiores
2299 4410 2589 4478 editiones,
2636 4409 2832 4466 idonea
2872 4418 3051 4466 tamen
3081 4415 3401 4481 argumenta

91 4504 536 4577 suppeditarunt,
589 4506 737 4563 unde
786 4505 968 4563 critici
1018 4520 1211 4561 omnes
1240 4502 1615 4559 adulterinum
1673 4502 1843 4558 fetum
1874 4501 2165 4557 Ambrosio
2209 4500 2550 4573 suppositum
2584 4499 2753 4555 fuisse
2776 4507 3155 4570 agnoscerent.
3196 4499 3278 4553 Eo
3316 4498 3398 4552 in-

92 4590 360 4651 ducebant
389 4596 589 4669 scripti
635 4596 875 4653 elocutio
904 4592 1187 4666 majestate
1217 4592 1580 4650 Ambrosiana
1606 4591 1780 4647 multo
1809 4589 2056 4660 inferior,
2107 4589 2417 4662 ignorantia
2446 4589 2757 4645 ercarum
2802 4588 3130 4652 litterarum,
3162 4585 3398 4656 denique

95 4678 228 4754 (cap.
265 4684 355 4755 17)
391 4685 685 4756 potestatis
715 4683 1197 4757 Longobardorum
1231 4684 1385 4755 quasi
1409 4683 1523 4755 jam
1544 4678 1747 4736 deletas
1776 4678 1917 4733 facta
1956 4678 2183 4733 mentio.
2236 4678 2310 4732 Et
2355 4692 2485 4732 sane
2537 4675 2644 4731 hoc
2669 4674 2928 4731 ultimum
2982 4673 3306 4741 sufficiebat,
3337 4682 3399 4730 ut

92 4783 332 4831 sanctum
382 4776 695 4832 antistitem
753 4776 1155 4832 demonstraret
1204 4770 1322 4843 ejus
1368 4768 1854 4828 commentationis
1900 4775 2175 4824 auctorem
2235 4765 2347 4821 dici
2397 4765 2820 4836 haudquaquam
2855 4778 3031 4834 posse,
3082 4778 3245 4834 quam
3278 4771 3399 4834 post

90 4874 287 4918 annum
322 4863 446 4931 774,
473 4881 586 4936 quo
600 4864 789 4920 eadem
828 4879 978 4936 gens;
1010 4861 1288 4918 exstincto
1313 4875 1434 4932 rege
1462 4876 1563 4916 suo
1592 4857 1897 4925 Desiderio,
1930 4856 2032 4912 sub
2081 4854 2349 4911 ditionem
2383 4852 2565 4909 Caroli
2616 4851 2796 4921 Magni
2830 4852 3045 4907 redacta
3074 4850 3203 4920 fuit,
3235 4867 3398 4907 com-

91 4951 314 5020 positam
347 4970 465 5011 esse
495 4953 729 5011 dubium
762 4971 873 5011 non
903 4961 1003 5011 est.
1036 4951 1180 5021 Quid
1214 4969 1345 5009 vero
1373 4949 1419 5006 si
1450 4950 1559 5007 huc
1606 4950 1871 5006 addamus
1910 4947 2078 5002 istum
2127 4951 2407 5001 auctorem
2459 4942 2526 4998 de
2565 4939 2829 5012 Gregorio
2879 4950 3033 5012 pont.
3082 4956 3230 4997 max.
3281 4949 3398 4997 tan-

91 5053 246 5109 quam
274 5042 422 5099 inter
449 5051 675 5101 sanctos
702 5052 757 5101 et
783 5043 1044 5101 Ecclesiae
1073 5042 1325 5098 doctores
1354 5056 1478 5096 cum
1514 5039 1853 5111 Hieronymo
1890 5047 2052 5109 atque
2081 5035 2208 5090 aliis
2249 5033 2363 5105 jam
2406 5039 2541 5088 tunc
2582 5035 2802 5103 recepto
2859 5044 3165 5086 sermonem
3196 5028 3397 5085 habere

90 5134 245 5199 atque
268 5132 450 5204 (capp.
492 5133 543 5199 1,
577 5132 611 5187 6
644 5141 697 5189 et
718 5134 810 5205 20)
844 5149 913 5189 ex
948 5129 1235 5187 Athanasii
1270 5127 1536 5200 Symbolo
1561 5128 1715 5200 quasi
1745 5145 1844 5201 pro
1874 5129 2061 5200 regula
2090 5124 2218 5181 fidei
2281 5140 2377 5196 per
2421 5122 2745 5179 universum
2791 5121 3168 5180 Christianum
3209 5122 3398 5178 orbem

87 5213 191 5286 jam
222 5218 507 5278 decantari
535 5222 706 5278 solito
734 5221 1044 5296 frequentia
1083 5232 1346 5290 usurpare
1402 5216 1737 5286 testimonia,
1783 5225 1837 5273 et
1891 5217 1959 5273 ad
1986 5223 2324 5287 postremum
2360 5213 2502 5285 (cap.
2546 5210 2636 5283 18)
2668 5208 3189 5269 archidiaconorum
3221 5210 3398 5267 avari.

91 5306 213 5364 tiam
245 5327 365 5385 quae
395 5312 749 5385 synodorum
777 5311 1121 5379 Parisiensis,
1156 5305 1556 5374 Cabilonensis,
1587 5316 1641 5363 et
1693 5306 2157 5380 Aquisgranensis
2201 5320 2349 5362 nono
2389 5302 2595 5360 saeculo
2641 5301 3037 5359 celebratarum
3093 5302 3400 5360 canonibus

90 5398 318 5455 coercita
337 5409 440 5469 est,
466 5400 720 5473 graviter
737 5409 792 5458 et
818 5418 944 5459 cum
975 5397 1263 5457 stomacho
1293 5394 1572 5451 insectari.

154 5485 385 5560 Tempus
408 5488 605 5561 igitur,
643 5506 753 5563 quo
783 5489 933 5546 hunc
962 5495 1240 5545 auctorem
1271 5483 1522 5540 ﬂoruisse
1574 5500 1791 5542 necesse
1821 5493 1922 5552 est,
1951 5484 2353 5558 deprehensum
2403 5481 2704 5549 habemus;
2762 5480 2828 5537 de
2877 5479 3105 5537 nomine
3155 5477 3398 5550 ejusdem

81 5586 223 5631 nunc
250 5577 636 5649 quaerendum
671 5586 772 5635 est.
812 5580 998 5651 Neque
1026 5593 1158 5634 vero
1197 5572 1446 5643 Usserius
1481 5572 1859 5630 Armacbanus
1907 5573 2009 5645 (De
2040 5572 2239 5629 Christ.
2272 5572 2420 5627 Eccl.
2453 5586 2670 5626 success.
2719 5586 2781 5624 ac
2827 5575 2987 5635 statu,
3036 5585 3156 5639 cap.
3202 5566 3280 5637 1),
3334 5573 3397 5621 ut

81 5658 457 5721 hallucinatus
482 5670 569 5721 est
599 5663 673 5719 in
701 5681 788 5735 eo,
825 5665 973 5739 quod
1013 5664 1170 5722 illum
1202 5666 1473 5717 recentem
1522 5675 1637 5718 esse
1675 5658 2037 5727 existimavit,
2078 5660 2156 5716 ita
2195 5660 2361 5716 etiam
2411 5660 2467 5716 in
2524 5658 2630 5716 hoc
2674 5657 2898 5725 erravit,
2931 5655 3078 5729 quod
3105 5654 3399 5710 aﬂirmavit

366 5775 625 5831 PATROL.
664 5773 838 5832 XVII.
3040 5763 3110 5818 27
