3880 6198
477 249 583 307 843
1483 252 1578 306 ΑΙ)
1617 250 1851 306 OPERA
1888 249 1944 304 S.
1986 249 2070 305 AM

2184 247 2318 305 OSII
2357 245 2739 302 APPENDIX.
3694 245 3784 300 841

477 377 893 452 Rerengaudum
905 375 1073 435 fuisse
1091 377 1670 451 appellatum.Etenim
1687 377 1792 435 hoc
1808 377 1987 450 ipsum
2008 394 2207 434 nomen
2230 378 2288 432 in
2303 376 2587 434 codicibus
2611 373 3260 471 omnibus-,Gemeticensi
3278 380 3511 471 tantum
3535 382 3783 471 excepto,

476 477 573 526 aut
596 468 654 524 in
684 468 863 524 fronte
893 467 1269 540 praescriptum
1303 467 1533 539 legitur;
1576 475 1671 523 aut
1713 466 1904 522 saltem
1935 467 1995 521 in
2031 466 2406 532 conclusione,
2459 481 2580 536 quae
2638 464 2695 519 in
2724 461 3095 560 edictionibus
3136 461 3680 560 praetermissa-est,
3713 462 3786 517 his

478 557 661 613 verbis
685 557 995 614 indicatur:
1039 556 1287 626 Quisquis
1318 573 1502 611 nomen
1528 555 1762 610 auctoris
1791 556 1924 609 scire
1952 555 2240 621 desideras,
2305 554 2508 608 litteras
2553 552 2965 623 Empositionum
2994 552 3049 606 in
3077 550 3338 621 capitibus
3383 566 3464 605 vn
3527 550 3787 608 Visionuts

470 647 683 717 primas
700 648 922 702 attende.
955 648 1219 702 Numerus
1245 653 1477 715 quatuor
1512 645 1773 700 vocalium
1791 661 1907 715 qua
1925 644 2129 710 desunt,
2161 643 2208 697 si
2231 643 2440 698 Graecas
2464 644 2729 713 posueris,
2760 648 2833 696 est
2875 658 3069 697 Lxxxr.
3105 640 3313 696 Verum
3346 640 3624 713 quoniam
3655 641 3787 698 forte

476 737 709 795 obscura
737 744 790 790 et
817 734 1161 805 amigmatica
1191 733 1366 788 videri
1391 743 1621 805 possunt
1642 733 1757 789 haec
1787 733 1903 805 ipsa
1937 732 2121 799 verba,
2148 748 2338 786 eorum
2369 730 2768 803 expositionem
2800 729 2857 784 in
2891 729 3058 801 Regio
3078 746 3140 786 ac
3165 729 3418 800 Sagiensi
3451 729 3657 786 codice
3675 740 3787 787 ante

476 829 581 884 600
618 842 789 883 annos
814 834 866 880 et
889 824 1075 879 eadem
1108 840 1274 879 manu
1300 841 1405 897 qua
1436 826 1664 895 ipsemet
1696 824 2137 879 Commentarius
2162 820 2426 892 scriptam
2461 820 2555 876 hic
2582 818 2928 890 subjicimus.

546 916 756 970 Auctor
811 911 975 982 hujus
1031 912 1159 968 libri
1198 912 1582 985 Berengaudus
1626 912 1953 983 appellatur,
2010 911 2054 966 si
2107 910 2422 980 diligenter,
2458 908 2734 981 quomodo
2789 907 3188 964 inveniendum
3219 924 3428 963 nomen
3471 926 3650 964 suum
3686 910 3785 981 ipse

472 1003 685 1070 doceat,
708 1001 1041 1057 attendatur.
1075 1002 1271 1058 Primae
1300 1002 1446 1057 enim
1470 1001 1665 1057 littera:
1701 1000 2123 1073 Expositionum
2149 998 2206 1053 in
2237 997 2508 1069 capitibus
2536 1005 2743 1069 septem
2765 996 3083 1065 Visionum,
3108 1013 3243 1071 quas
3290 998 3589 1054 attendere
3615 998 3786 1069 jubet,

474 1093 592 1151 istae
630 1101 778 1162 sunt,
809 1094 874 1148 B.
915 1094 980 1149 Β.
1022 1093 1086 1148 Ν.
1137 1093 1204 1150 G.
1232 1094 1302 1150 V.
1336 1095 1401 1150 D.
1428 1095 1483 1150 S.
1526 1093 1772 1161 Quatuor
1798 1099 1980 1147 autem
2020 1090 2221 1145 Graecae
2267 1091 2507 1157 vocales,
2541 1106 2662 1162 quae
2691 1089 2778 1144 his
2807 1088 3169 1161 adjungenda:
3216 1097 3367 1157 sunt,
3410 1093 3788 1163 exprimentes

475 1198 766 1238 numerum
788 1197 984 1250 Lxxxr,
1015 1182 1132 1237 ista:
1154 1188 1314 1236 sunt:
1346 1182 1390 1236 E
1409 1181 1610 1248 brevis,
1643 1182 1712 1247 5;
1745 1180 1876 1236 item
1898 1180 1944 1234 E
1964 1179 2171 1246 brevis,
2198 1178 2251 1244 5;
2285 1179 2353 1246 Α,
2381 1180 2430 1245 1;
2456 1178 2599 1246 etO,
2621 1178 2711 1233 70.
2734 1178 2907 1249 Junge
2926 1195 3055 1249 ergo
3083 1177 3254 1233 simul
3275 1196 3608 1248 numerum,
3634 1197 3787 1254 quem

472 1272 701 1344 singulas
722 1272 936 1327 vocales
966 1272 1081 1328 ista:
1107 1272 1413 1328 continent.
1444 1279 1497 1326 et
1524 1270 1751 1327 habebis
1778 1270 1897 1325 sine
1944 1266 2116 1324 dubio
2169 1281 2363 1332 Lxxxt,
2400 1264 2509 1321 nisi
2572 1282 2723 1332 vero,
2784 1266 2849 1334 E,
2905 1274 2965 1321 ut
3021 1274 3390 1338 praenotatum
3420 1278 3530 1336 est,
3581 1270 3670 1325 bis
3700 1286 3789 1325 as-

472 1358 789 1432 sumpseris,
827 1358 885 1413 in
935 1358 1062 1414 aliis
1088 1359 1318 1415 omnino
1342 1357 1578 1413 diversis
1606 1356 1890 1413 vocalibus
1917 1370 2181 1410 numerus
2212 1353 2313 1411 iste
2355 1354 2462 1411 tibi
2504 1370 2617 1410 non
2646 1363 2917 1412 occurret.
2952 1355 3158 1413 Confer
3196 1358 3390 1431 itaque
3420 1358 3527 1415 has
3558 1370 3787 1432 quatuor

472 1449 690 1505 vocales
719 1447 1094 1520 superioribus
1127 1455 1333 1519 septem
1380 1447 1834 1511 consonantibus,
1883 1453 1937 1501 et
1985 1444 2228 1517 syllabas
2269 1461 2340 1501 ex
2388 1445 2479 1501 his
2527 1462 2796 1519 compone
2826 1447 2932 1505 hoc
2966 1448 3128 1505 modo
3176 1450 3582 1521 Berengaudos.
3620 1452 3787 1509 Habes

473 1540 643 1612 igitur
670 1538 1060 1609 Berengaudos.
1092 1537 1197 1594 Sed
1220 1537 1337 1593 huic
1357 1536 1543 1594 Graeca
1571 1536 1887 1593 terminatio
1916 1545 2033 1593 est:
2082 1537 2276 1593 Latina
2329 1545 2513 1593 autem
2554 1538 2872 1595 terminatio
2915 1548 2997 1595 est
3028 1558 3040 1595 :
3089 1540 3582 1598 BeBeNGaVDoS.
3640 1542 3785 1610 Quod

471 1628 618 1686 enim
647 1628 794 1701 apud
822 1627 1037 1683 Graecos
1074 1627 1133 1682 in
1157 1645 1235 1694 os,
1276 1627 1421 1699 apud
1461 1626 1683 1682 Latinos
1713 1624 2039 1682 terminatur
2066 1624 2124 1680 in
2176 1643 2254 1693 us,
2297 1635 2359 1683 ut
2416 1629 2603 1683 Petros
2633 1631 2844 1709 Petrus,
2878 1629 3079 1685 Paulos
3109 1631 3336 1686 Paulus.
3373 1630 3543 1698 Quod
3602 1633 3651 1688 si
3696 1650 3784 1688 or—

471 1717 656 1774 dinem
686 1715 1072 1789 praadictarum
1103 1716 1381 1772 vocalium
1424 1714 1482 1770 in
1516 1714 1853 1771 inveniendo
1884 1714 1990 1772 hoc
2036 1715 2262 1772 nomine
2291 1723 2480 1773 tenere
2539 1718 2819 1786 malueris,
2852 1726 2906 1774 et
2944 1720 3101 1790 prius
3148 1720 3410 1792 ponendo
3441 1724 3516 1789 Α,
3574 1730 3783 1778 caeteras

472 1821 568 1879 per
595 1812 959 1864 consonantes
1013 1804 1090 1861 ita
1127 1803 1436 1877 disponere,
1478 1811 1540 1859 ut
1584 1803 1735 1860 dicas
1764 1805 2154 1877 Barenguedos,
2187 1823 2298 1863 non
2329 1806 2433 1864 tibi
2465 1808 2688 1880 quidem
2723 1808 2783 1863 in
2813 1808 2919 1866 hoc
2965 1811 3285 1883 praescripta
3314 1812 3606 1868 vocalium
3658 1815 3784 1870 ratio

469 1894 793 1951 adversatur
825 1911 837 1949 :
869 1894 963 1951 sed
992 1892 1291 1949 barbarum
1332 1893 1519 1962 nimis,
1566 1900 1620 1948 et
1675 1893 1995 1950 omnimodo
2042 1894 2371 1951 inusitatum
2418 1895 2664 1954 hominis
2691 1914 2894 1955 nomen
2926 1900 3057 1957 inde
3101 1901 3393 1958 formatur.
3424 1902 3636 1960 Melius
3667 1894 3783 1978 e'rgo

470 1991 657 2054 est,‘et
676 1985 852 2040 multo
881 1983 1084 2041 rectius
1109 1990 1191 2052 ut,
1221 1983 1365 2040 sicut
1393 1982 1771 2055 przescriptum
1798 1992 1898 2053 est,
1921 1984 2319 2055 Berengaudus,
2352 2002 2463 2041 non
2492 1987 2895 2058 Barenguedus,
2928 1997 3174 2059 vocetur,
3210 1989 3344 2063 quia
3382 1990 3495 2048 hoc
3522 1993 3781 2051 usitatum

470 2081 524 2130 et
551 2074 723 2146 magis
744 2074 993 2145 elegans;
1026 2069 1168 2129 illud
1199 2089 1329 2129 vero
1358 2082 1412 2129 et
1442 2072 1764 2129 inusitatum
1797 2080 1849 2129 et
1881 2072 2109 2129 minime
2138 2075 2355 2146 elegans
2395 2074 2643 2132 hominis
2664 2093 2867 2133 nomen
2900 2078 3142 2137 videtur.

542 2164 662 2220 Jam
689 2179 821 2218 vero
849 2163 895 2219 si
924 2161 1050 2236 quis
1082 2172 1242 2220 aveat
1293 2162 1431 2219 scire
1469 2161 1747 2235 quodnam
1784 2162 1953 2218 fuerit
2002 2164 2244 2220 auctoris
2284 2163 2530 2235 ejusdem
2565 2165 2896 2223 institutum
2927 2184 2992 2225 ac
3021 2168 3150 2226 vitae
3172 2186 3362 2242 genus,
3395 2172 3627 2229 tametsi
3651 2172 3781 2228 nihil

470 2252 701 2308 omnino
729 2254 1078 2325 exploratum
1110 2249 1177 2308 de
1196 2252 1305 2308 hoc
1335 2259 1608 2325 suppetat,
1641 2268 1766 2308 eum
1799 2260 1983 2309 tamen
2014 2252 2370 2309 monasticam
2403 2252 2781 2311 Benedictinze
2819 2255 3048 2313 familias
3094 2257 3507 2316 institutionem
3543 2270 3781 2318 secutum

470 2356 588 2397 esse
622 2340 755 2397 hinc
784 2340 1130 2413 conjicimus,
1163 2341 1311 2414 quod
1330 2342 1397 2397 de
1426 2341 1581 2397 vitiis
1600 2358 1721 2415 quas
1750 2340 1855 2398 sibi
1895 2341 2103 2397 aditum
2133 2341 2189 2396 in
2216 2342 2547 2398 monasteria
2576 2350 2697 2398 tum
2720 2344 2986 2417 temporis
3039 2346 3281 2404 fecerant
3317 2347 3506 2421 (capp.
3544 2350 3579 2406 9
3606 2358 3663 2406 et
3697 2351 3780 2421 2t)

470 2435 567 2485 tan
580 2446 742 2503 quam
769 2431 1007 2487 ocularis
1037 2431 1191 2487 testis
1218 2431 1453 2488 subinde
1481 2430 1713 2488 disserat
1746 2431 1925 2504 (capp.
1980 2433 2047 2489 18
2074 2439 2127 2487 et
2155 2432 2269 2504 2i),
2301 2442 2355 2490 et
2390 2435 2536 2491 locos
2579 2437 2765 2507 plures
2823 2436 3026 2507 passim
3069 2436 3274 2494 inserat
3320 2456 3352 2494 e
3404 2440 3618 2511 Regula
3650 2441 3778 2497 beati

471 2518 764 2576 Benedicti
799 2519 866 2576 ad
898 2521 1129 2577 verbum
1177 2537 1481 2593 expressos.
1531 2519 1664 2587 Qum
1716 2528 1900 2577 tamen
1953 2521 2094 2577 ratio
2150 2522 2196 2578 si
2244 2541 2355 2579 non
2416 2524 2701 2596 probetur,
2735 2526 2920 2597 negari
2958 2526 3150 2583 saltem
3184 2527 3415 2584 minime
3445 2532 3658 2601 poterit
3683 2532 3779 2588 viri

471 2607 831 2663 ecclesiasticis
867 2609 1078 2678 litteris,
1101 2617 1164 2665 ut
1192 2608 1394 2681 Regius
1421 2607 1596 2665 codex
1627 2608 1685 2663 in
1715 2608 1834 2681 ipso
1872 2609 2049 2681 capite
2076 2613 2456 2684 praescriptum
2501 2611 2685 2681 habet,
2719 2613 2910 2684 optime
2954 2616 3151 2670 eruditi
3183 2615 3290 2673 hoc
3317 2633 3461 2689 opus
3493 2635 3636 2675 esse.
3668 2621 3774 2676 Non

471 2693 623 2751 aliud
650 2694 924 2767 judicium
951 2696 1068 2768 jam
1098 2697 1230 2753 olim
1258 2697 1326 2754 de
1348 2697 1448 2753 illo
1477 2698 1676 2754 tulerat
1714 2697 2013 2771 Dionysius
2041 2699 2460 2769 Chartusianus,
2485 2708 2538 2755 et
2563 2701 2772 2757 recenti
2798 2703 3062 2758 memoria
3091 2703 3146 2760 id
3176 2706 3357 2775 ipsum
3389 2707 3570 2763 sensit
3591 2708 3775 2763 erudi-

470 2784 721 2841 tissimus
748 2802 811 2842 ac
836 2786 903 2842 de
931 2787 1207 2844 catholica
1233 2788 1501 2861 religione
1528 2788 1734 2859 optime
1783 2789 2013 2846 meritus
2057 2789 2326 2848 dominus
2354 2789 2638 2862 Benignus
2667 2790 2916 2860 Bossuet,
2948 2791 3311 2849 Meldensium
3356 2797 3591 2867 praesul,
3631 2797 3776 2869 cujus

470 2872 731 2946 suffragio
762 2875 854 2933 hic
873 2891 983 2931 non
1006 2876 1260 2932 assentiri
1288 2877 1440 2934 nefas
1471 2877 1748 2935 ducimus.

1485 3032 2747 3358 EXPOSITIO

720 3438 1084 3525 SUPER
1178 3441 1610 3528 SEPTEM
1705 3443 2229 3531 VISIONES
2331 3448 2631 3533 LIBRI
2730 3449 3540 3541 APOCALYPSIS.

3489 3029 3765 3042 ..ιι--ιο

849 3728 997 3789 499
1032 3727 1127 3782 DE
1164 3726 1386 3786 PRIMA
1416 3727 1716 3786 VISIONE.

2096 3737 2147 3795 Α
2178 3750 2274 3807 per
2350 3736 2748 3795 revelationem
2779 3739 3000 3813 agnosci
3025 3750 3254 3813 queunt.
3306 3745 3383 3800 Et
3445 3745 3767 3819 signiﬁcavit,

546 3821 774 3878 Beatum
802 3823 1065 3880 Joannem
1110 3823 1191 3897 (1)
1219 3825 1528 3897 apostolum
1586 3832 1639 3882 et
1677 3825 2068 3899 evangelistam

2162 3824 2383 3879 mittens
2415 3842 2515 3896 per
2544 3829 2789 3899 angelum
2813 3846 2967 3885 suum
2994 3847 3143 3886 servo
3172 3849 3269 3887 suo
3299 3833 3529 3891 Joanni.
3572 3838 3634 3892 In
3680 3837 3771 3894 hoc

475 3910 625 3968 hunc
654 3911 856 3967 librum
885 3913 1257 3986 Apocalypsin
1284 3913 1523 3971 edidisse
1542 3923 1774 3984 constat;
1810 3917 2068 3989 quamvis

475 4000 791 4057 exstiterint
813 4001 1011 4076 aliqui,
1035 4002 1131 4076 qui
1155 4019 1269 4059 non
1312 4003 1380 4059 ab
1405 4020 1489 4072 eo,
1536 4004 1631 4061 sed
1677 4005 1745 4062 ab
1778 4006 1889 4062 alio
1917 4005 2070 4064 dixe-

475 4090 590 4145 rint
619 4090 787 4146 l‘uisse
816 4092 1181 4164 compositum
1218 4111 1230 4149 :
1280 4092 1375 4149 sed
1424 4092 1543 4166 ejus
1588 4094 1756 4152 fuisse
1785 4098 2073 4169 sequentia

478 4178 848 4234 manifestam.

548 4264 775 4321 CAPUT
810 4266 1102 4323 PRIMUM.
1150 4298 1221 4309 —
1252 4268 1435 4340 (Vers.
1467 4272 1544 4343 1.)
1577 4273 1923 4345 Apocalypsis
1950 4274 2076 4331 Iesu

482 4352 699 4420 Christi,
723 4369 883 4423 quam
914 4354 1056 4408 dedit
1078 4355 1163 4411 illi
1190 4357 1357 4414 Deus.
1396 4361 1774 4433 Apocalypsis,
1809 4364 2074 4419 revelatio

478 4442 567 4497 vel
590 4442 962 4497 manifestatio
983 4442 1390 4515 interpretatur.
1418 4447 1576 4514 Quod
1604 4450 1958 4507 revelationis
1976 4452 2069 4508 do-

478 4546 612 4585 num
639 4537 694 4585 et
724 4530 881 4585 Pater
894 4529 1037 4586 Filio
1053 4529 1229 4600 dedit,
1247 4534 1549 4591 secundum
1580 4537 1727 4609 quod
1748 4538 1915 4595 homo
1940 4548 2055 4596 erat

478 4625 533 4673 et
562 4618 677 4691 ipse
701 4617 850 4675 ﬁlius
891 4619 1241 4692 sibimetipsi,
1275 4622 1540 4680 divinitas
1595 4626 1814 4683 scilicet
1845 4628 2069 4686 homini

479 4725 641 4782 quem
670 4710 985 4782 assumpsit.
1011 4712 1203 4767 Palam
1230 4712 1405 4783 facere
1431 4716 1596 4771 servis
1624 4718 1734 4772 suis
1760 4735 1877 4788 qua:
1898 4736 2072 4791 opor-

481 4803 549 4851 tet
572 4798 690 4868 ﬁeri
717 4800 836 4856 cito.
871 4800 1008 4857 Cum
1033 4801 1125 4857 hic
1144 4802 1284 4859 liber
1313 4820 1423 4860 non
1454 4806 1632 4862 solum
1663 4807 1872 4876 futura,
1892 4810 1987 4865 sed
2011 4818 2066 4866 et

479 4887 768 4955 praesentia
816 4896 872 4945 et
903 4890 1177 4961 praeterita
1221 4900 1424 4961 narret,
1458 4910 1558 4949 cur
1604 4895 1695 4951 hic
1737 4898 1853 4952 sola
1882 4897 2069 4955 futura

481 4973 778 5030 Dominum
810 4985 1060 5033 nostrum
1088 4980 1270 5034 Iesum
1297 4979 1575 5038 Christum
1605 4984 1777 5041 servis
1804 4985 1919 5041 suis
1945 5004 2072 5042 ma-

2182 3911 2302 3967 loco
2330 3913 2456 3969 talis
2477 3914 2614 3970 mihi
2645 3932 2836 3973 sensus
2864 3933 2978 3975 esse
3004 3918 3262 3977 videtur:
3315 3924 3598 3982 Dominus
3634 3927 3770 3982 Jesns

2179 4004 2433 4075 angelum
2463 4021 2622 4061 suum
2656 4007 2831 4073 misit,
2864 4017 2919 4065 et
2938 4025 3033 4081 per
3059 4010 3313 4067 eumdem
3340 4016 3605 4086 angelum
3627 4031 3768 4073 servo

2182 4108 2282 4148 suo
2307 4092 2504 4149 Joanni
2532 4096 2925 4165 manifestavit,
2958 4115 3079 4172 qua:
3110 4109 3325 4172 oportet
3355 4101 3477 4159 ﬁeri
3509 4104 3640 4160 cito.

2255 4190 2437 4261 (Vers.
2478 4190 2558 4262 2.)
2606 4192 2710 4259 Qui
2739 4195 3089 4250 testimonium
3127 4197 3400 4267 perhibuit
3451 4200 3619 4257 Verbo
3663 4200 3765 4256 Dei.

2184 4276 2285 4334 Hic
2312 4279 2464 4334 locus
2506 4288 2689 4352 aperte
2709 4281 3053 4339 demonstrat
3074 4300 3187 4340 non
3217 4283 3287 4339 ab
3306 4285 3420 4341 alio
3439 4286 3669 4355 Joanne,
3688 4288 3769 4343 sed

2180 4366 2249 4422 ab
2283 4366 2381 4422 illo
2410 4366 2503 4441 qui
2541 4368 2912 4442 Evangelium
2941 4370 3186 4443 scripsit,
3227 4372 3380 4431 hunc
3434 4375 3644 4431 librum
3673 4390 3771 4431 esse

2180 4456 2566 4527 compositum.
2597 4457 2700 4524 Qui
2732 4465 2785 4514 et
2817 4459 2875 4514 in
2917 4477 3072 4516 coena
3128 4478 3294 4534 supra
3324 4472 3525 4534 pectus
3566 4463 3773 4520 Domini

2184 4543 2362 4615 (Joan.
2411 4561 2535 4613 xm,
2588 4546 2700 4617 25),
2747 4546 2804 4602 in
2863 4564 2972 4621 quo
3001 4556 3157 4604 erant
3189 4567 3382 4606 omnes
3411 4552 3664 4609 thesauri
3692 4570 3775 4609 sa-

2179 4632 2400 4705 pientiae
2425 4641 2479 4689 et
2502 4635 2745 4693 scientia:
2769 4637 3082 4695 absconditi
3121 4640 3353 4710 (Cotoss.
3392 4659 3432 4697 ιι
3501 4644 3587 4714 3),
3638 4660 3775 4699 re:n-

2181 4720 2323 4788 buit,
2372 4721 2438 4777 de
2475 4738 2585 4795 quo
2614 4724 2945 4781 immensum
2977 4727 3190 4782 fontem
3233 4728 3524 4801 sapientia;
3568 4731 3776 4787 haurire

2182 4810 2400 4866 meruit.
2457 4811 2743 4869 Perhibuit
2795 4831 2924 4886 ergo
2973 4816 3356 4873 testimonium
3413 4820 3600 4876 Verbo
3665 4820 3774 4887 Dei,

2181 4897 2399 4969 quando
2453 4899 2643 4957 dixit:
2717 4925 2736 4948 ι
2799 4903 2862 4958 In
2917 4904 3193 4975 principio
3237 4914 3356 4961 erat
3404 4906 3681 4975 Verbum,
3732 4916 3776 4962 et

2180 4986 2423 5043 Verbum
2505 4997 2623 5046 erat
2672 4990 2819 5062 apud
2900 4992 3096 5060 Deum,
3154 5001 3210 5049 et
3263 4995 3414 5051 Deus
3476 5005 3603 5054 erat
3661 4997 3775 5053 Ver-

482 5060 1098 5163 n_ifestare.dixi_t?Quia
1116 5067 1376 5126 videlicet
1394 5072 1686 5163 praesentia
1712 5074 1856 5142 visu,
1880 5084 2069 5147 praete-
2100 5102 2147 5163 Β
2177 5074 2308 5131 bum
2342 5077 2521 5148 (Joan.
2558 5095 2596 5146 ι,
2654 5060 2729 5150 1)ί
2774 5104 2793 5129 ι
2849 5078 2953 5136 Sed
3005 5089 3059 5135 et
3097 5080 3155 5136 in
3205 5081 3311 5138 hoc
3335 5084 3488 5155 quod
3518 5086 3775 5159 sequitur,

484 5149 590 5206 rita
624 5152 818 5208 auditu
864 5154 1026 5211 facile
1053 5168 1460 5229 cognoscuntur
1480 5178 1491 5215 :
1514 5159 1699 5217 futura
1716 5171 1922 5230 autem,
1956 5181 2069 5221 non
2100 5149 2146 5163 ὐ
2177 5165 2407 5236 ᾳιιεεεῑὶο
2458 5167 2636 5222 oritur
2660 5149 2691 5223 :7
2735 5168 2810 5223 Et
2865 5168 3212 5224 testimonium
3238 5149 3367 5226 Jesu
3416 5149 3629 5229 Christi
3653 5149 3776 5245 qua;

484 5238 592 5294 nisi
614 5247 708 5295 aut
728 5256 824 5312 per
842 5242 1149 5300 doctrinam
1176 5246 1491 5305 divinarum
1518 5249 1947 5323 Scripturarum,
1976 5262 2073 5310 aut
2179 5271 2379 5325 cunque
2404 5257 2554 5312 vidit.
2585 5258 2871 5326 Quomodo
2915 5275 3044 5331 ergo
3070 5259 3456 5319 testimonium
3510 5238 3776 5336 perhibuit

558 5378 639 5447 (1)
676 5382 897 5436 Beatum
925 5385 1179 5441 Joannem
1218 5404 1389 5461 usque
1432 5390 1499 5446 ad
1546 5394 1811 5462 sequentia
1839 5394 2075 5520 manife-

558 5455 651 5515 tnt,
692 5452 865 5508 'Rom.
895 5454 1030 5510 edit.
1060 5454 1427 5520 jugulaverat.
1450 5476 1574 5515 cum
1608 5470 1794 5519 tamen
1835 5465 1939 5520 hoc
1998 5481 2074 5520 ra-

486 5450 668 5536 siant,‘
692 5452 865 5536 Rom.
895 5454 1046 5536 edit.‘
1059 5450 1427 5536 jugulavérat,
1450 5476 1574 5515 cum
1597 5450 1794 5536 tamen
1835 5465 1939 5521 hoc
1970 5450 2074 5521 ira-

488 5526 769 5584 gmentum
797 5530 854 5576 et
894 5526 949 5578 in
983 5526 1299 5583 edithill.
1358 5526 1419 5585 et
1458 5533 1715 5589 omnibus
1766 5551 1895 5591 mss.
1929 5551 2077 5607 repe-

2183 5398 2358 5478 riatur
2389 5416 2400 5454 :
2444 5399 2535 5457 cui
2569 5402 2737 5478 etiam
2780 5400 2839 5478 i_n
2867 5399 3180 5478 cod_.A_Gem.
3228 5405 3657 5478 praemittuntur
3682 5407 3776 5464 duo

2184 5470 2348 5554 primi
2408 5487 2598 5554 versus
2652 5472 2893 5543 ejusdem
2966 5471 3093 5529 libri
3143 5470 3540 5550 Apocalypsis,
3571 5482 3630 5536 in
3662 5481 3771 5550 Reg.

2184 5548 2364 5597 autem
2397 5548 2608 5613 primus
2638 5560 2845 5606 versus.
