3880 6198
133 221 242 278 845

1019 220 1474 277 BERENGAUDI
1515 220 1888 278 EXPOSITIO
1927 222 1997 278 IN
2037 221 2542 278 APOCALYPSIN.

3328 225 3432 281 848

133 348 262 402 Jesu
302 346 530 414 Christi,
576 363 916 419 quaecunque
962 346 1124 414 vidit,
1179 363 1302 403 cum
1345 347 1460 419 ipse
1495 346 1642 404 dicat
1683 348 1740 402 in
1772 352 1818 409 Α
1850 355 1978 402 sunt
2009 355 2213 418 septem
2245 349 2516 416 Ecclesiae,
2552 347 2620 404 ad
2649 364 2782 420 quas
2811 349 2928 405 haec
2955 350 3158 420 scripta
3187 349 3432 421 dirigun-

136 436 327 492 eodem
361 437 688 508 Evangelio:
741 461 757 482 ε
793 437 965 492 Multa
991 436 1212 508 quidem
1235 445 1288 492 et
1307 436 1414 492 alia
1433 437 1588 508 signa
1607 437 1739 494 fecit

136 524 296 580 Iesus
328 525 383 580 in
429 533 725 596 conspectu
757 523 1155 596 discipulorum
1187 541 1435 592 suorum,
1476 542 1594 597 quae
1629 542 1737 580 non

138 619 270 667 sunt
299 615 500 683 scripta
529 612 586 667 in
623 611 766 668 libro
797 611 903 668 hoc
932 613 1113 682 (Joan.
1145 631 1242 680 xx,
1272 612 1407 682 30)?
1438 638 1454 659 -
1499 613 1602 669 Sed
1637 622 1736 669 tes-

140 701 438 760 timonium
471 707 754 776 perhibuit
783 709 908 764 Jesu
933 708 1172 775 Christo,
1208 723 1546 780 quascunque
1577 708 1738 775 vidit,

139 790 492 860 praedicando
525 795 782 852 videlicet
813 796 1066 868 gentibus
1094 797 1282 852 omnia
1308 813 1430 868 quae
1461 814 1490 851 a
1521 797 1740 852 Christo

139 878 436 950 didicerat,
488 892 541 940 et
589 885 854 941 miracula
902 903 1022 957 quae
1071 887 1284 942 viderat
1333 886 1626 953 narrando,
1680 903 1742 943 ea

142 971 531 1027 tantummodo
549 974 795 1030 scribens
815 991 934 1046 quae
957 975 1188 1046 posteris
1204 975 1442 1046 amplius
1459 975 1743 1048 profutura

142 1071 260 1112 esse
294 1058 641 1129 praeviderat.

220 1157 405 1227 (Vers.
437 1158 516 1229 3.)
570 1160 724 1214 Beati
770 1161 862 1231 qui
895 1162 1086 1231 legunt,
1132 1168 1179 1216 et
1206 1162 1297 1232 qui
1326 1162 1554 1217 audiunt
1585 1162 1743 1217 verba

140 1247 434 1316 prophetia:
465 1247 647 1316 hujus,
669 1256 716 1303 et
742 1256 954 1304 servant
981 1268 1183 1320 ea,qu(e
1211 1250 1267 1304 in
1287 1268 1347 1305 ea
1375 1251 1570 1322 scripta
1600 1256 1741 1306 sunt.

145 1334 280 1391 Tres
307 1339 513 1408 species
543 1338 904 1395 beatitudinis
923 1339 1126 1411 posuit,
1149 1340 1243 1396 sed
1272 1340 1392 1396 duae
1422 1340 1564 1396 nihil
1594 1349 1740 1408 sunt,

145 1424 193 1478 si
227 1426 388 1480 tertia
417 1426 690 1495 defuerit;
727 1446 853 1484 nam
887 1430 1030 1485 nihil
1061 1430 1280 1502 proﬁcit
1327 1430 1406 1486 eis
1434 1430 1528 1502 qui
1559 1430 1748 1500 legunt

146 1522 244 1570 aut
273 1514 508 1571 audiunt
537 1518 792 1574 mandata
810 1519 931 1587 Dei,
954 1520 1000 1575 si
1031 1537 1140 1574 non
1171 1527 1391 1575 servant
1420 1535 1502 1588 ea,
1525 1535 1644 1590 quae
1675 1519 1748 1574 le-

146 1612 286 1674 gunt
318 1605 404 1660 vel
435 1605 670 1662 audiunt
723 1608 884 1664 Multi
915 1625 1150 1681 namque
1178 1617 1328 1676 sunt,
1360 1607 1454 1681 qui
1493 1607 1748 1663 mandata

1846 443 1956 503 tur,
1990 437 2131 492 sicut
2159 444 2288 492 sunt
2317 445 2519 508 septem
2549 437 2894 505 candelabra,
2925 447 3129 508 septem
3158 440 3432 507 stellaa,se-

1847 533 1994 598 ptem
2026 524 2322 595 lampades,
2371 534 2575 597 septem
2606 543 2811 582 cornua
2838 528 2986 598 agni,
3026 537 3232 600 septem
3264 529 3431 596 oculi,

1847 621 2048 685 septem
2082 613 2284 684 sigilla,
2309 622 2513 685 septem
2539 615 2716 686 angeli
2747 616 2896 670 tubis
2923 624 3195 683 canentes,
3227 625 3433 688 septem

1849 701 2113 767 tonitrua,
2171 709 2374 772 septem
2434 701 2623 757 itidem
2678 703 2854 773 angeli
2905 704 3113 773 phialas
3152 705 3433 760 habentes.

1851 790 1983 844 Nam
2018 797 2073 844 et
2098 788 2261 845 draco
2289 789 2382 862 qui
2412 789 2713 857 diabolum,
2739 798 2791 846 et
2820 791 2993 847 bestia
3017 809 3136 864 quae
3159 793 3437 849 Antichri-

1850 886 1994 933 stum
2025 878 2292 949 designat,
2316 886 2544 950 uterque
2573 887 2780 951 septem
2805 881 2983 951 capita
3013 881 3265 938 habuisse
3287 883 3440 938 visus

1851 975 1932 1024 est
1963 986 1979 1022 .'
2028 967 2284 1023 similiter
2313 978 2364 1024 et
2394 967 2588 1036 bestia,
2629 985 2790 1040 super
2832 986 2994 1042 quam
3027 973 3226 1026 mulier
3256 989 3442 1027 mere-

1854 1057 1965 1112 trix
1993 1063 2137 1120 500
2169 1057 2371 1114 sedisse
2402 1059 2519 1114 visa
2541 1065 2622 1113 est
2645 1078 2658 1126 ;
2693 1068 2746 1114 et
2774 1059 2820 1114 si
2847 1060 3140 1132 diligenter
3167 1061 3440 1129 advertas,

1852 1163 2001 1210 totus
2054 1154 2144 1210 hic
2193 1154 2331 1210 liber
2360 1154 2418 1209 in
2471 1163 2675 1226 septem
2724 1155 2966 1211 visiones
3010 1155 3304 1212 distinctus
3339 1164 3438 1212 est.

1853 1243 2036 1298 Prima
2056 1252 2155 1310 est,
2180 1260 2300 1316 quas
2330 1251 2535 1315 septem
2564 1243 2820 1314 epistolas
2841 1244 2908 1298 ad
2935 1251 3142 1315 septem
3171 1245 3444 1302 Ecclesias

1853 1333 2152 1388 destinatas
2181 1332 2446 1399 continet,
2487 1339 2541 1387 et
2567 1339 2761 1387 caetera
2792 1349 2910 1404 quae
2942 1332 3019 1387 ibi
3050 1333 3438 1390 continentur:

1854 1421 2093 1478 secunda
2135 1428 2234 1488 est,
2287 1422 2342 1476 in
2387 1437 2494 1494 qua
2539 1420 2722 1476 sedem
2769 1421 2827 1477 in
2875 1421 3050 1494 ﬁgura
3096 1422 3356 1478 Ecclesia:
3386 1422 3444 1478 in

1855 1511 1996 1566 coelo
2059 1511 2292 1582 positam
2359 1509 2520 1578 vidit,
2589 1519 2643 1567 et
2695 1527 2861 1583 supra
2920 1511 3104 1567 sedem
3162 1510 3445 1568 Christum

1856 1601 2134 1657 sedentem
2167 1619 2179 1656 :
2233 1601 2291 1656 in
2339 1601 2502 1657 tertia
2547 1604 2738 1674 Agnus
2769 1603 2974 1660 librum
3021 1610 3075 1658 et
3113 1603 3293 1675 sigilla
3329 1603 3447 1675 ejus

149 1692 251 1748 Dei
297 1693 530 1750 audiunt
574 1703 670 1752 aut
720 1697 929 1768 legunt,
979 1697 1072 1753 sed
1110 1697 1252 1752 nihil
1284 1714 1376 1753 eos
1402 1696 1578 1767 juvat,
1624 1697 1754 1768 quia
1780 1714 1825 1774 Β
1860 1691 2110 1761 aperuit:
2147 1690 2202 1744 in
2233 1699 2425 1762 quarta
2452 1697 2659 1762 septem
2691 1691 2871 1764 angeli
2902 1699 3035 1747 sunt
3057 1692 3161 1747 visi
3190 1692 3339 1748 tubis
3361 1709 3446 1749 ca-

147 1797 282 1837 cum
313 1799 543 1854 corpore
588 1793 880 1856 prazseutes
909 1787 1037 1854 sint,
1093 1795 1271 1842 mente
1299 1793 1428 1842 sunt
1458 1785 1743 1855 absentes;

149 1878 245 1926 aut
274 1872 420 1927 enim
462 1873 518 1928 in
551 1875 901 1947 acquirendis
949 1876 1114 1931 rebus
1150 1892 1304 1931 mens
1340 1891 1527 1930 eorum
1562 1874 1749 1930 dedita

148 1967 254 2028 est,
279 1969 374 2016 aut
392 1961 623 2020 libidine
644 1966 974 2038 exagitatur,
1005 1974 1098 2020 aut
1119 1966 1432 2037 proximum
1457 1962 1744 2035 dijudicat,

147 2056 249 2104 aut
279 2058 471 2106 contra
501 2055 784 2124 praelatum
817 2055 1085 2126 superbit,
1137 2064 1231 2110 aut
1273 2054 1433 2126 ﬁngit
1462 2071 1517 2110 se
1548 2062 1750 2127 poten-

148 2144 263 2191 tem
294 2137 566 2207 futurum,
591 2151 685 2197 aut
707 2143 919 2198 caeteris
949 2143 1266 2198 vanissimis
1297 2143 1456 2198 rebus
1487 2142 1749 2198 distendi-

149 2235 267 2283 tur.
301 2226 486 2282 Potest
529 2229 731 2284 talibus
777 2231 1092 2295 convenire,
1146 2231 1291 2302 quod
1329 2231 1407 2286 ait
1437 2231 1702 2302 propheta
1736 2249 1747 2286 :

162 2337 179 2360 ε
217 2315 375 2368 Aure
406 2315 661 2382 audietis,
690 2325 742 2372 et
774 2333 883 2372 non
915 2318 1268 2390 intelligetis;
1307 2326 1359 2373 et
1389 2318 1638 2374 videntes
1667 2318 1751 2373 vi-

151 2404 382 2473 debitis,
434 2414 488 2498 gt
518 2423 627 2462 non
664 2407 1004 2479 perspicietis
1039 2410 1172 2480 (Isa.
1207 2425 1284 2476 vl,
1317 2409 1396 2479 9).
1428 2435 1444 2455 ι
1490 2409 1754 2465 Nonnulli

153 2511 292 2549 vero
313 2495 464 2561 sunt',
488 2497 581 2566 qui
615 2495 834 2551 divinas
863 2496 1173 2568 Scripturas
1204 2498 1391 2568 legunt
1420 2506 1473 2553 et
1500 2499 1754 2567 audiunt,

157 2582 211 2637 id
254 2591 360 2650 est,
399 2596 637 2638 mentem
669 2585 737 2640 ad
776 2600 962 2641 earum
1003 2586 1422 2658 intelligentiam
1455 2604 1756 2642 accommo-

158 2671 335 2738 dant;
391 2671 483 2726 sed
513 2671 638 2727 ideo
686 2673 906 2728 divinas
945 2675 1256 2746 Scripturas
1301 2677 1542 2744 discunt,
1574 2685 1635 2732 ut
1664 2695 1760 2734 sa-

163 2761 382 2832 pientes
411 2769 463 2816 et
511 2763 711 2833 egregii
758 2763 903 2834 apud
952 2763 1203 2820 homines
1252 2765 1573 2834 habeantur,
1619 2775 1672 2822 et
1700 2768 1759 2822 in

161 2851 360 2906 saeculi
392 2852 808 2924 prosperitatem
840 2854 1090 2921 ﬂoreant,
1132 2871 1240 2910 non
1273 2864 1333 2909 ut
1362 2857 1533 2911 vitam
1563 2874 1761 2928 repro—

160 2937 294 2994 bam
327 2941 625 3012 corrigant.
651 2941 755 2996 Sed
780 2942 922 2998 beati
951 2959 1059 2999 non
1091 2951 1240 3011 sunt,
1270 2945 1398 3016 quia
1422 2945 1758 3016 Scripturam

160 3028 417 3084 divinam
461 3048 571 3086 non
603 3049 701 3103 pro
729 3049 914 3088 amore
943 3033 1062 3099 Dei,
1107 3034 1199 3088 sed
1230 3050 1328 3105 pro
1357 3050 1540 3090 amore
1574 3035 1757 3091 saeculi
1797 3071 1840 3130 Ο

164 3117 511 3174 didicerunt.
556 3121 634 3175 De
668 3121 866 3176 talibus
895 3120 1032 3177 dicit
1062 3122 1325 3194 propheta
1357 3141 1368 3178 :
1437 3148 1454 3170 ε
1480 3123 1762 3194 Sapientes

161 3215 222 3262 ut
288 3207 494 3264 faciant
551 3210 713 3276 mala,
782 3210 918 3266 bene
980 3219 1159 3266 autem
1219 3212 1396 3268 facere
1450 3214 1763 3270 nescierunt

164 3298 389 3368 (Jerem.
415 3316 489 3366 iv,
520 3297 633 3368 22).
659 3324 676 3346 ι
719 3299 791 3352 Et
820 3299 1088 3356 Dominus
1117 3301 1175 3355 in
1203 3301 1504 3373 Evangelio
1525 3303 1582 3357 in
1613 3320 1762 3375 para-

163 3387 294 3443 bola
322 3387 647 3443 seminantis
673 3385 919 3460 loquitur
943 3431 958 3456 ,
987 3389 1174 3446 dicens
1198 3409 1208 3445 :
1259 3415 1276 3437 ε
1305 3391 1462 3457 Quod
1491 3402 1670 3448 autem
1704 3394 1762 3449 in

167 3476 350 3548 spinis
379 3476 601 3542 cecidit,
658 3477 697 3532 ii
727 3487 856 3534 sunt
886 3478 980 3550 qui
1008 3478 1323 3549 audierunt,
1362 3488 1414 3535 et
1441 3497 1468 3535 a
1498 3481 1764 3538 sollicituo

171 3565 403 3621 dinibus
432 3573 486 3620 et
515 3565 892 3637 voluptatibus
933 3566 1060 3622 vitae
1090 3576 1280 3624 euntes
1311 3569 1669 3636 suifocantur,
1711 3579 1766 3626 et

177 3672 288 3710 non
319 3655 568 3710 referunt
598 3656 835 3712 fructum
871 3657 1021 3727 (Luc.
1055 3674 1173 3725 vm,
1210 3658 1320 3730 14).
1346 3684 1362 3704 ι
1400 3660 1485 3714 Illi
1509 3677 1636 3732 ergo
1660 3660 1762 3717 soli

172 3745 320 3801 beati
344 3752 492 3812 sunt,
519 3745 613 3817 qui
646 3744 768 3800 ideo
799 3745 1053 3800 mandata
1079 3746 1174 3801 Dei
1197 3747 1420 3802 student
1443 3748 1670 3816 discere,
1704 3757 1766 3804 ut

171 3835 424 3901 audiant,
458 3834 513 3890 id
542 3842 644 3903 est,
675 3835 731 3889 in
762 3843 943 3892 mente
973 3836 1271 3892 recondant
1296 3855 1306 3892 :
1351 3837 1474 3893 ideo
1504 3839 1561 3894 in
1586 3846 1766 3895 mente

172 3923 505 3990 recondunt,
546 3930 608 3978 ut
633 3939 794 3994 opere
826 3925 1090 3996 impleant
1118 3943 1130 3980 :
1167 3925 1289 3980 ideo
1319 3942 1480 3997 opere
1510 3927 1764 3998 implent,

173 4021 232 4068 ut
294 4001 556 4070 aeternam
613 4013 1010 4069 beatitudinem
1063 4023 1421 4088 assequantur
1467 4035 1477 4072 :
1548 4019 1767 4087 Tempus

174 4105 308 4157 enim
338 4120 506 4174 prope
534 4109 625 4158 est.
677 4103 913 4175 Tempus
961 4104 1221 4161 videlicet
1260 4105 1457 4177 judicii
1493 4125 1504 4162 :
1556 4124 1680 4164 nam
1720 4109 1765 4163 si

176 4199 395 4264 tempus
441 4192 508 4247 ab
555 4192 796 4247 adventu
825 4193 1049 4247 Domini
1078 4210 1250 4266 usque
1278 4195 1345 4250 ad
1375 4195 1542 4250 ﬁnem
1573 4197 1766 4252 mundi

176 4288 301 4336 ante
327 4281 518 4336 oculos
547 4297 738 4350 ponas,
771 4282 994 4352 longum
1029 4282 1309 4349 invenies;
1340 4283 1434 4338 sed
1466 4282 1522 4337 in
1552 4300 1766 4356 compa-

179 4370 389 4426 ratione
417 4370 662 4442 priorum
693 4380 1022 4443 temporum,
1045 4371 1210 4426 breve
1240 4379 1338 4427 est.

251 4469 434 4537 (Vers.
478 4467 558 4539 4.)
595 4469 824 4523 Joannes
871 4475 1057 4540 septem
1110 4469 1359 4526 Ecclesiis
1405 4486 1521 4539 qua:
1564 4479 1687 4525 sunt
1719 4472 1776 4526 in

178 4557 334 4612 Asia.
370 4557 558 4612 Gratia
601 4558 743 4612 vobis
783 4564 829 4612 et
851 4575 965 4628 pax
993 4559 1058 4612 ab
1088 4575 1165 4626 eo,
1195 4559 1288 4628 qui
1311 4565 1404 4624 est,
1433 4559 1526 4628 qui
1561 4566 1693 4627 erat,
1723 4568 1770 4616 et

179 4645 269 4714 qui
299 4651 551 4700 venturus
578 4653 670 4701 est.
703 4647 803 4701 Per
829 4653 1036 4718 septem
1067 4647 1356 4715 Ecclesias,
1388 4663 1498 4702 una
1527 4647 1770 4704 Ecclesia

179 4733 453 4789 catholica
482 4733 830 4806 designatur:
863 4743 1084 4806 propter
1111 4743 1313 4807 septem
1343 4736 1603 4793 videlicet
1626 4737 1770 4792 dona

179 4823 421 4894 Spiritus
444 4825 642 4892 sancti,
669 4825 872 4898 quibus
901 4825 1174 4881 illustrata
1200 4825 1255 4880 in
1284 4827 1489 4882 mundo
1515 4827 1764 4898 refulget.

181 4912 310 4967 Asia
363 4914 505 4968 elata
543 4914 970 4987 interpretatur;
1030 4915 1158 4986 quia
1200 4913 1346 4970 inter
1392 4916 1562 4972 elatos
1605 4915 1769 4990 hujus

181 5001 368 5056 saeculi
402 5000 653 5058 Christus
693 5001 1110 5060 multitudinem
1141 5001 1387 5058 ﬁdelium
1419 5002 1655 5072 invenit,
1699 5023 1767 5061 ex

181 5088 384 5160 quibus
415 5093 716 5148 Ecclesiam
743 5110 895 5149 suam
919 5091 1228 5168 fabricavit.
1257 5092 1328 5148 Et
1351 5092 1620 5164 perpende
1641 5095 1770 5166 quia

181 5182 330 5234 totus
360 5177 452 5237 hic
482 5181 623 5236 liber
651 5183 708 5237 in
736 5182 1044 5254 septenario
1073 5197 1304 5237 numero
1331 5179 1603 5248 consistit,
1627 5182 1770 5238 sicut

255 5333 338 5414 (2)
377 5333 534 5414 Rom.
568 5335 700 5393 edit.
734 5335 1254 5414 hinc_expunxerat,
1293 5333 1768 5414 Gratia_i_)obis..._..

183 5405 273 5479 qui
298 5411 554 5479 venturus
579 5413 685 5462 est:
732 5407 878 5479 quod
918 5405 1021 5479 nos
1044 5423 1111 5479 ex
1158 5423 1286 5462 mss.
1324 5422 1385 5462 ac
1423 5405 1772 5479 G_i|l_.__resti-_-

185 5475 416 5550 tuimus.
461 5477 602 5550 Cum
635 5475 816 5550 autem
855 5494 981 5550 non
1009 5477 1384 5550 infrequenter
1426 5475 1641 5550 similia
1663 5477 1772 5550 sibi

187 5547 498 5614 permiserit
525 5547 583 5604 in
611 5549 843 5606 testibus
869 5545 1188 5620 Scripturae;
1235 5548 1422 5606 eadem
1455 5563 1487 5602 a
1516 5545 1675 5603 nobis
1702 5547 1770 5604 ad

1801 4423 1850 4482 D

1859 1789 2094 1835 nentes:
2134 1779 2192 1833 in
2239 1779 2433 1850 quinta
2477 1787 2681 1851 septem
2731 1780 2933 1835 iterum
2979 1781 3155 1852 angeli
3186 1781 3292 1836 visi
3321 1790 3449 1837 sunt
3538 1828 3545 1834 .

1859 1867 2073 1940 phialas
2102 1867 2366 1923 habentes
2400 1885 2410 1922 :
2445 1869 2502 1923 in
2533 1875 2689 1924 sexta
2720 1870 3048 1924 resurrectio
3077 1869 3445 1926 describitur:

1861 1956 1918 2010 in
1948 1956 2180 2027 septima
2210 1957 2382 2028 gloria
2409 1961 2724 2012 sanctorum
2759 1958 2815 2012 in
2846 1958 3019 2030 ﬁgura
3038 1959 3280 2016 civitatis
3299 1961 3449 2016 Jeru-

1859 2044 2024 2101 salem
2059 2044 2125 2101 de
2155 2047 2294 2102 coelo
2322 2045 2702 2117 descendentis
2727 2046 3155 2104 demonstratur.

1934 2153 2115 2224 (Vers.
2140 2153 2222 2224 5.)
2252 2154 2332 2226 (2)
2368 2155 2557 2209 Gratia
2581 2156 2728 2210 vobis
2747 2162 2794 2210 et
2815 2173 2930 2226 pax
2953 2155 3018 2210 ab
3048 2172 3126 2224 eo,
3148 2156 3239 2226 qui
3260 2163 3394 2222 erat,
3405 2162 3454 2212 et

1862 2242 1954 2312 qui
1997 2248 2088 2309 est,
2138 2248 2186 2296 et
2212 2243 2303 2312 qui
2341 2250 2594 2298 venturus
2639 2251 2732 2312 est,
2780 2251 2888 2298 eta
2917 2251 3105 2315 septem
3157 2245 3451 2315 spiritibus,

1863 2331 1954 2401 qui
1984 2331 2038 2384 in
2066 2339 2334 2402 conspectu
2378 2333 2554 2386 throni
2580 2332 2691 2402 ejus
2721 2340 2862 2398 sunt,
2903 2339 2951 2387 et
2989 2351 3022 2388 a
3064 2335 3186 2388 Jesu
3221 2333 3450 2401 Christo,

1864 2418 1957 2488 qui
1984 2425 2057 2472 est
2087 2419 2226 2474 testis
2256 2420 2443 2491 ﬁdelis.
2477 2420 2579 2476 Hic
2604 2429 2717 2476 tota
2745 2421 2985 2476 Trinitas
3014 2421 3447 2488 demonstratur;

1866 2522 1961 2578 per
2017 2522 2140 2561 eum
2200 2524 2434 2580 namque
2497 2508 2591 2580 qui
2643 2516 2776 2576 erat,
2836 2519 2890 2566 et
2940 2509 3035 2582 qui
3086 2517 3188 2579 est,
3247 2520 3300 2566 et
3357 2509 3451 2582 qui

1867 2605 2132 2652 venturus
2163 2605 2264 2664 est,
2315 2597 2476 2653 Pater
2503 2599 2868 2670 designatur..
2890 2601 3022 2654 Erat
3053 2615 3286 2672 namque
3331 2608 3456 2655 ante

1867 2685 2319 2741 constitutionem
2344 2687 2536 2742 mundi
2557 2688 2675 2742 sine
2697 2688 2812 2742 ullo
2833 2688 3023 2755 initio;
3050 2697 3129 2744 est
3151 2690 3314 2744 modo
3336 2698 3457 2761 post

1870 2775 2318 2832 constitutionem
2369 2777 2583 2845 mundi,
2630 2794 2820 2849 regens
2865 2779 3050 2833 omnia
3093 2795 3212 2851 quae
3251 2779 3458 2835 creavit

1871 2871 1925 2919 et
1955 2864 2298 2936 gubernans;
2345 2874 2610 2922 venturus
2636 2875 2718 2922 est
2748 2875 2870 2938 post
2897 2867 3063 2922 ﬁnem
3109 2867 3299 2923 mundi
3331 2885 3456 2924 cum

1870 2953 2013 3008 Filio
2051 2963 2104 3008 et
2134 2955 2342 3026 Spiritu
2372 2965 2580 3023 sancto,
2628 2963 2690 3010 ut
2737 2965 2922 3028 regnet
2951 2974 3077 3013 cum
3107 2957 3310 3014 sanctis
3344 2957 3459 3012 suis

1870 3042 1928 3097 in
1977 3043 2174 3099 saecula
2213 3043 2559 3100 saeculorum.
2611 3043 2714 3099 Per
2751 3054 2956 3116 septem
3002 3054 3185 3102 autem
3233 3045 3460 3117 spiritus

1869 3138 2091 3187 sanctus
2111 3132 2370 3203 Spiritus,
2393 3148 2456 3188 eo
2480 3131 2626 3205 quod
2647 3132 2719 3188 sit
2735 3133 3092 3204 septiformis,
3108 3134 3456 3205 intelligitur.

1870 3221 1942 3274 Et
1969 3220 2034 3274 ab
2062 3222 2184 3275 Jesu
2219 3222 2448 3287 Christo,
2483 3221 2574 3290 qui
2607 3228 2680 3276 est
2719 3222 2857 3276 testis
2899 3221 3091 3292 ﬁdelis.
3128 3223 3226 3277 Ille
3255 3223 3458 3279 veraci-

1871 3318 1955 3366 ter
1991 3310 2144 3366 testis
2175 3309 2354 3366 ﬁdelis
2390 3309 2501 3365 dici
2528 3316 2724 3380 potest,
2757 3309 2850 3381 qui
2875 3310 3049 3367 nescit
3071 3311 3291 3366 mentiri
3318 3328 3329 3366 :
3363 3313 3460 3382 qui

1871 3399 2016 3471 quod
2047 3401 2235 3454 electis
2257 3399 2372 3454 suis
2401 3399 2827 3456 misericorditer
2858 3399 3170 3472 repromisit
3215 3400 3334 3456 sine
3363 3399 3459 3456 du-

1871 3486 1965 3544 bio
1988 3488 2270 3560 implebit:
2295 3488 2389 3560 qui
2419 3503 2518 3544 nec
2537 3505 2684 3556 eum,
2709 3488 2801 3561 qui
2827 3489 3053 3545 calicem
3075 3505 3228 3561 aquae
3247 3489 3460 3561 frigidae

1872 3578 2053 3650 egenti
2119 3578 2352 3646 dederit,
2423 3595 2453 3632 a
2515 3579 2762 3636 mercede
2827 3595 3060 3634 vacuum
3127 3578 3462 3651 derelinquit

1873 3667 2086 3739 (Matth.
2120 3683 2178 3734 x,
2210 3666 2301 3738 42)
2337 3684 2348 3721 :
2401 3667 2560 3738 cujus
2589 3667 2755 3722 verba
2784 3667 2857 3722 ita
2888 3667 2999 3722 ﬁxa
3028 3677 3370 3738 permanent,
3400 3674 3462 3723 ut

1873 3755 2090 3810 facilius
2109 3755 2181 3811 sit
2205 3757 2401 3811 coalum
2429 3764 2483 3812 et
2502 3763 2701 3827 terram
2728 3755 2784 3810 in
2806 3756 3043 3810 nihilum
3071 3754 3264 3826 redigi,
3298 3771 3460 3827 quam

1873 3844 2083 3916 aliquid
2109 3845 2389 3899 immutari
2418 3861 2485 3899 ex
2513 3845 2773 3900 omnibus
2801 3861 2921 3916 quae
2959 3861 3014 3899 se
3046 3844 3317 3899 facturum
3348 3859 3462 3899 esse

1874 3933 2152 4006 praedixit.
2195 3934 2579 4004 Primogenitus
2621 3940 2973 4000 mortuorum,
3017 3938 3065 3986 et
3094 3933 3339 4002 princeps
3368 3949 3464 3986 re-

1872 4039 1995 4094 gum
2025 4029 2196 4077 terra.
2255 4021 2540 4088 Quomodo
2588 4021 2839 4079 Christus
2882 4019 3276 4091 primogenitus
3307 4035 3464 4074 mor-

1879 4121 2098 4169 tuorum
2127 4113 2350 4180 dicitur,
2394 4129 2518 4167 cum
2564 4111 2677 4184 ipse
2703 4112 2759 4166 in
2798 4110 2907 4166 ﬁne
2936 4118 3242 4182 temporum
3274 4110 3346 4164 sit
3371 4126 3462 4164 na-

1876 4209 1985 4268 tus,
2015 4200 2421 4273 adventumque
2451 4199 2567 4272 ejus
2588 4198 3008 4255 innumerabilis
3041 4197 3338 4254 multitudo
3368 4197 3462 4253 ho-

1876 4290 2089 4345 minum
2138 4290 2518 4361 praecesserit?
2568 4289 2672 4345 Sed
2719 4287 3114 4361 primogenitus
3158 4303 3255 4358 pro
3285 4286 3464 4358 primo

1876 4379 2100 4450 ponitur
2131 4380 2235 4450 (3),
2286 4379 2430 4436 sicut
2475 4379 2682 4451 primos
2725 4378 2781 4432 in
2813 4377 3015 4449 populo
3048 4392 3140 4432 eos
3183 4392 3461 4442 vocamus,

1882 4468 1974 4541 qui
2004 4485 2113 4524 non
2141 4476 2318 4537 astate,
2349 4468 2440 4524 sed
2473 4468 2679 4524 honore
2727 4476 2779 4522 et
2820 4466 3085 4538 dignitate
3124 4473 3347 4521 caeteros
3371 4480 3463 4518 an-

1876 4559 2161 4614 tecellunt.
2212 4559 2414 4615 Mortui
2445 4568 2626 4614 autem
2658 4557 2760 4629 ipsi
2791 4564 2939 4624 sunt,
2981 4555 3046 4611 de
3077 4555 3277 4626 quibus
3307 4557 3467 4623 Apo-

1877 4648 2052 4702 stolus
2081 4648 2346 4720 loquitur,
2380 4647 2568 4704 dicens
2593 4666 2603 4702 :
2650 4671 2668 4692 ι
2691 4645 2892 4702 Mortui
2920 4644 3066 4698 enim
3098 4642 3247 4709 estis,
3273 4649 3326 4696 et
3353 4641 3467 4697 vita

1877 4743 2059 4791 vestra
2092 4736 2413 4792 abscondita
2443 4744 2523 4790 est
2550 4752 2676 4790 cum
2708 4733 2928 4790 Christo
2969 4731 3024 4784 in
3073 4732 3186 4784 Deo
3231 4729 3463 4798 (Coloss.

1882 4845 1964 4894 ιιι,
1998 4827 2077 4896 3).
2119 4851 2137 4872 ι
2197 4824 2601 4895 Primogenitus
2640 4839 2767 4894 ergo
2819 4830 3162 4877 mortuorum
3215 4819 3466 4877 Christus

1876 4925 1980 4982 est,
2003 4915 2133 4988 quia
2155 4914 2268 4985 ipse
2289 4921 2368 4968 est
2391 4913 2621 4983 primus,
2641 4920 2694 4966 et
2714 4918 2876 4982 caput
2895 4910 3145 4965 omnium
3167 4910 3466 4966 electorum

1878 5023 2104 5063 suorum
2142 5025 2153 5062 :
2203 5007 2453 5075 Princeps
2483 5021 2661 5074 regum
2692 5009 2863 5058 terrm.
2915 5004 3029 5059 Rex
3058 5019 3088 5058 a
3119 5001 3354 5074 regendo
3385 5003 3464 5059 die

1876 5096 2048 5161 citur;
2101 5111 2195 5166 per
2241 5109 2391 5165 reges
2435 5109 2564 5164 ergo
2601 5092 2831 5165 apostoli
2862 5100 2916 5147 et
2945 5091 3126 5148 caeteri
3174 5092 3347 5148 sancti
3376 5093 3466 5148 de-

1877 5185 2184 5257 signantur,
2219 5181 2314 5254 qui
2350 5189 2405 5238 et
2447 5181 2768 5254 semetipsos
2797 5189 2850 5237 et
2889 5179 3027 5236 alios
3073 5195 3256 5253 regere
3286 5199 3467 5238 nove-

1878 5332 2042 5390 ﬁdem
2072 5351 2202 5390 mss.
2237 5341 2292 5389 et
2319 5331 2450 5390 edit.
2485 5332 2615 5390 Gill.
2648 5334 3024 5392 restituentur.

1952 5406 2034 5476 (3)
2076 5406 2314 5485 Itamss.
2332 5412 2432 5487 ;_at
2459 5405 2590 5460 edit.
2625 5423 2654 5462 e
2678 5407 2954 5487 contrario
2983 5426 2994 5464 :
3028 5407 3127 5464 Sed
3151 5398 3443 5476 primogeni

1881 5481 1964 5532 tas
1987 5481 2208 5549 proprie
2232 5482 2562 5532 mortuorum
2584 5481 2827 5548 ponitur.

3413 5721 3464 5733 με
