3880 6198
411 215 515 271 847

1434 215 1528 268 AD
1567 213 1799 268 OPERA
1837 211 1891 266 S.
1930 210 2261 268 AMBROSII
2304 208 2683 266 APPENDIX.

3634 206 3736 260 848

411 347 544 395 runt
575 357 586 395 :
635 353 730 410 per
758 347 958 395 terram
990 346 1172 393 autem
1220 337 1467 394 Ecclesia
1513 336 1846 409 designatur.
1901 338 2003 404 Qui
2035 339 2082 397 A
2108 335 2209 392 bus
2239 335 2342 390 fuit
2369 333 2647 406 apostolus
2676 331 2897 386 Paulus.
2938 332 3010 386 Et
3033 331 3287 401 plangant
3322 346 3378 382 se
3410 345 3581 399 super
3612 346 3732 382 eum

410 426 603 482 dilexit
628 443 743 490 nos,
774 433 823 482 et
851 427 982 482 lavit
1009 443 1106 481 nos
1137 444 1171 480 a
1198 426 1418 498 peccat-is
1447 426 1642 480 nostris
1671 425 1727 479 in
1755 427 2007 496 sanguine

413 532 528 571 suo.
576 516 722 587 Ergo
766 516 896 588 quia
933 515 1149 581 dilexit,
1199 515 1336 569 lavit
1370 532 1380 569 :
1425 522 1478 568 et
1507 513 1638 585 quid
1672 514 1774 570 ista
1802 515 2006 571 lavatio

413 601 574 658 nobis
601 602 861 669 contulit,
897 601 1178 672 sequentia
1211 600 1584 656 manifestam.

486 693 667 762 (Vers.
699 692 779 761 6.)
833 693 902 745 Et
931 690 1054 759 fecit
1080 707 1174 743 nos
1215 707 1432 759 regnum
1483 696 1529 743 et
1572 690 1865 744 sacerdotes
1898 691 2005 745 Deo

412 788 458 835 et
484 781 660 837 Patri.
696 782 941 850 Regnum
968 779 1064 833 Dei
1096 779 1344 840 Ecclesia
1367 779 1465 834 Dei
1493 780 1696 834 dicitur
1730 798 1740 834 :
1777 797 2002 850 regnum

411 887 538 939 ergo
569 869 666 923 Dei
698 883 766 921 ex
797 867 1118 922 hominibus
1149 866 1401 922 Christus
1429 869 1575 922 Deus
1603 868 1755 934 fecit,
1786 867 2005 940 quando

410 972 502 1011 eos
543 956 673 1010 tales
721 953 1028 1020 constituit,
1081 953 1136 1008 in
1185 955 1387 1027 quibus
1434 955 1547 1027 ipse
1597 973 1721 1010 cum
1764 955 1920 1010 Patre
1953 964 2006 1010 et

409 1045 618 1116 Spiritu
668 1053 858 1101 sancto
913 1045 1223 1100 inhabitare
1280 1053 1336 1100 et
1390 1062 1615 1118 regnare
1663 1045 1999 1117 dignaretur.

408 1135 543 1191 Nam
574 1135 668 1208 qui
698 1134 1056 1206 designantur
1085 1152 1180 1206 per
1211 1151 1458 1206 regnum,
1493 1135 1594 1206 ipsi
1624 1143 1676 1189 et
1710 1151 1804 1206 per
1834 1151 2004 1190 sacer-

409 1224 563 1281 dotes
589 1243 598 1279 :
633 1225 940 1281 sacerdotes
968 1242 1095 1297 ergo
1127 1226 1225 1282 Dei
1247 1226 1407 1282 electi
1441 1225 1733 1291 dicuntur;
1769 1242 1833 1281 eo
1857 1225 2004 1298 quod

411 1317 657 1373 membra
694 1316 807 1370 sint
853 1315 1055 1370 summi
1107 1315 1434 1383 Sacerdotis,
1488 1316 1555 1371 de
1586 1331 1693 1388 quo
1721 1315 2008 1369 Psalmista

412 1407 679 1480 loquitur,
712 1405 902 1461 dicens
944 1423 955 1461 :
1018 1430 1036 1452 ι
1065 1405 1146 1460 Tu
1178 1422 1234 1460 es
1263 1404 1515 1460 sacerdos
1545 1405 1600 1459 in
1633 1413 1895 1459 aeternum
1929 1419 2006 1459 se-

411 1495 652 1552 cundum
686 1493 938 1548 ordinem
969 1492 1369 1548 Melchisedech
1403 1494 1704 1564 (Psal.mx,
1726 1491 1804 1562 4).
1831 1517 1847 1539 ι
1881 1491 2006 1546 Pos-

412 1591 614 1641 suntet
636 1582 798 1638 aliter
819 1581 978 1638 electi
1004 1581 1103 1636 Dei
1124 1581 1432 1638 sacerdotes
1452 1581 1547 1635 Dei
1572 1579 1708 1636 dicit
1731 1598 1743 1646 ;
1777 1597 1841 1635 eo
1862 1579 2006 1652 quod

2113 440 2286 478 omnes
2336 423 2504 477 tribus
2545 428 2714 476 terra.
2764 421 2864 474 Per
2907 435 3095 474 omnes
3135 417 3314 472 tribus
3346 425 3516 472 terrae
3547 418 3734 471 omnis

2117 512 2416 567 multitudo
2465 511 2707 584 gentium
2750 517 2928 581 potest
2975 507 3228 577 intelligi,
3275 523 3399 578 quae
3450 505 3525 561 ad
3558 505 3733 561 Chri-

2115 608 2259 655 stum
2304 616 2569 656 conversa
2597 607 2721 654 est:
2772 615 2893 670 qua;
2941 596 3186 669 quotidie
3223 596 3282 649 in
3329 595 3594 650 Ecclesia
3634 597 3731 650 Dei

2120 689 2299 760 posita
2331 689 2543 760 plangit
2573 695 2792 760 peccata
2821 703 2936 753 sua,
2981 693 3042 740 ut
3070 685 3286 739 veniam
3316 701 3347 738 a
3377 686 3500 739 Deo
3529 700 3732 738 conse-

2125 776 2219 848 qui
2253 785 2541 831 mereatur.
2595 776 2776 830 Etiam
2813 782 2973 845 atque
3003 791 3176 840 amen,
3215 773 3579 828 conﬁrmatio
3612 791 3734 827 ser-

2117 864 2296 918 monis
2330 872 2431 919 est.

2190 955 2372 1025 (Vers.
2407 953 2488 1024 8.)
2538 955 2658 1023 Ego
2703 969 2818 1007 sum
2861 953 2908 1006 A
2949 957 2996 1005 et
3050 953 3113 1018 Q.
3159 951 3305 1019 Quid
3353 953 3429 1008 sit
3483 953 3654 1024 alpha
3684 962 3732 1006 et

2115 1060 2322 1114 omega,
2368 1042 2650 1114 sequentia
2690 1041 3089 1097 manifestam:
3144 1041 3199 1096 id
3247 1049 3348 1109 est,
3395 1041 3733 1112 principium

2115 1139 2160 1184 et
2189 1133 2311 1202 ﬁnis
2365 1132 2520 1187 Sicut
2549 1132 2665 1203 ipse
2694 1131 2841 1186 dixit
2870 1131 3072 1186 Iudaeis
3105 1147 3115 1183 :
3167 1156 3183 1176 ι
3213 1133 3325 1202 Ego
3358 1132 3730 1202 principium,

2116 1222 2208 1292 qui
2241 1221 2522 1293 etloquor
2550 1221 2709 1274 vobis
2744 1221 2923 1291 (Joan.
2958 1237 3079 1286 vm,
3111 1219 3227 1288 25).
3260 1245 3276 1266 -
3341 1221 3534 1276 Potest
3566 1222 3732 1275 etiam

2116 1312 2365 1367 Salvator
2413 1319 2603 1366 noster
2638 1311 2970 1382 principium
3007 1311 3128 1366 ideo
3157 1310 3291 1378 dici,
3341 1328 3406 1366 eo
3434 1312 3591 1384 quod
3623 1312 3734 1384 ipse

2116 1402 2187 1456 sit
2229 1401 2584 1472 principium,
2635 1400 2690 1456 id
2736 1408 2817 1456 est
2859 1409 3070 1456 creator
3118 1402 3330 1472 generis
3373 1401 3641 1468 humani,
3683 1411 3732 1457 et

2115 1498 2304 1546 auctor
2333 1490 2526 1546 salutis
2563 1507 2573 1544 :
2627 1489 2758 1545 ﬁnis
2787 1499 2992 1558 autem,
3038 1489 3166 1561 quia
3197 1490 3313 1561 ipse
3347 1499 3433 1546 est
3485 1491 3621 1545 ﬁnis
3653 1491 3734 1546 le-

2117 1580 2216 1651 gis,
2250 1579 2378 1635 ﬁnis
2409 1579 2624 1648 mortis,
2649 1579 2939 1652 omnisque
2969 1579 3464 1651 przevaricationis.
3504 1581 3614 1647 Qui
3642 1586 3732 1645 est,

413 1671 734 1743 semetipsos
783 1668 1034 1742 quotidie
1066 1685 1163 1740 per
1213 1667 1696 1739 compunctionem
1743 1666 1924 1722 cordis
1953 1673 2006 1721 et
2039 1687 2080 1747 Β
2114 1675 2160 1722 et
2187 1669 2278 1738 qui
2305 1675 2439 1735 erat,
2468 1675 2515 1723 et
2546 1669 2640 1739 qui
2671 1676 2926 1723 venturus
2955 1675 3030 1722 est
3056 1669 3406 1738 omnipotens.
3437 1670 3539 1724 Est
3575 1668 3734 1725 modo

412 1760 710 1828 orationes,
738 1766 1041 1831 caeteraque
1068 1756 1215 1813 bona
1244 1772 1408 1828 opera
1433 1756 1662 1811 offerant
1691 1757 1823 1823 Deo,
1865 1755 2009 1810 sicut

413 1850 551 1906 dicit
579 1847 871 1905 Psalmista
903 1865 915 1903 :
963 1871 980 1894 ε
1020 1845 1363 1903 Sacriﬁcium
1390 1848 1500 1901 Deo
1526 1844 1754 1917 spiritus
1792 1843 2010 1900 contri-

412 1940 634 1997 bulatus
676 1939 848 2010 (Psal.
892 1954 944 2005 L,
980 1937 1092 2009 19).
1149 1961 1166 1984 ι
1212 1936 1310 1992 Est
1355 1943 1408 1991 et
1436 1933 1768 1991 sacriﬁcium
1808 1931 2006 2001 laudis,

414 2028 560 2102 quod
592 2027 837 2101 quotidie
866 2026 1062 2083 offerre
1089 2028 1204 2083 Deo
1224 2034 1412 2083 sancta
1436 2025 1681 2082 Ecclesia
1701 2021 2006 2090 consuevit,

412 2117 480 2175 de
509 2135 618 2192 quo
653 2117 795 2174 idem
849 2117 1121 2189 Propheta
1168 2115 1417 2188 loquitur
1441 2115 1631 2172 dicens
1670 2133 1680 2170 :
1733 2139 1750 2160 ι
1781 2113 2012 2169 Immola

414 2210 526 2265 Deo
557 2206 889 2264 sacriﬁcium
914 2206 1095 2262 laudis
1118 2206 1293 2277 (Psal.
1314 2222 1470 2270 xmx,
1492 2204 1603 2275 l4).
1634 2229 1652 2252 ι
1681 2204 1752 2258 Ει
1773 2202 2006 2258 iterum:

429 2323 446 2344 -
471 2295 814 2354 Sacriﬁcium
846 2294 1025 2351 laudis
1065 2293 1457 2351 honoriﬁcabit
1503 2309 1589 2348 me
1629 2293 1791 2358 (Ibid.
1823 2292 1937 2362 23).
1978 2315 1996 2338 ι

487 2385 670 2456 (Vers.
707 2383 786 2455 7.)
827 2386 957 2438 Ecce
996 2383 1136 2438 venit
1163 2399 1280 2436 cum
1306 2382 1558 2450 nubibus,
1604 2387 1652 2435 et
1679 2381 1870 2436 videbit
1897 2397 2013 2435 eum

410 2473 580 2530 omnis
609 2474 816 2538 oculus,
847 2472 893 2526 ei
919 2472 1012 2542 qui
1039 2489 1156 2526 eum
1181 2477 1537 2542 pupugerunt.
1564 2469 1760 2526 Veniet
1782 2468 1849 2524 ad
1865 2467 2011 2538 judi-

413 2564 560 2621 cium
591 2578 716 2620 cum
765 2560 1026 2630 nubibus,
1060 2561 1203 2616 sicut
1230 2559 1366 2616 dicit
1409 2558 1523 2630 ipse
1555 2558 1612 2613 in
1660 2557 1961 2629 Evangelio
1993 2575 2006 2613 :

429 2676 447 2700 ε
481 2654 553 2708 Et
581 2660 718 2709 tunc
765 2650 1034 2706 videbunt
1079 2650 1282 2706 Filium
1337 2647 1581 2704 hominis
1612 2647 1920 2704 venientem
1952 2647 2011 2702 in

414 2745 657 2802 nubibus
686 2761 811 2801 cum
852 2750 1119 2814 potestate
1165 2757 1360 2813 magna
1389 2749 1443 2796 et
1479 2739 1759 2811 majestate
1795 2741 2007 2811 (Matth.

417 2851 574 2903 xxrv,
607 2833 723 2904 30).
756 2859 774 2880 ι
818 2831 923 2887 Sed
962 2831 1237 2903 quomodo
1271 2845 1396 2884 eum
1429 2829 1609 2884 omnis
1639 2830 1832 2885 oculus
1862 2828 2011 2882 vide-

421 2923 524 2989 bit,
552 2937 678 2978 cum
706 2921 988 2990 Scriptura
1019 2918 1166 2973 dicat
1201 2935 1212 2972 :
1263 2943 1280 2963 ε
1312 2917 1558 2972 'l‘ollatur
1586 2916 1808 2987 impius,
1835 2933 1903 2970 ne
1932 2916 2011 2971 vi-

419 3008 545 3064 deat
571 3008 798 3079 gloriam
842 3005 941 3061 Dei
993 3007 1125 3076 (Isa.
1159 3021 1315 3071 xxvr,
1351 3004 1462 3073 10).
1497 3030 1514 3053 ι
1561 3004 1842 3062 Videbunt
1885 3020 2008 3059 eum

418 3095 578 3168 impii
607 3095 676 3152 ad
704 3093 985 3151 sinistram
1017 3093 1074 3148 in
1099 3092 1313 3165 judicio
1341 3093 1626 3148 constituti
1658 3092 1716 3148 in
1733 3109 1796 3148 ea
1813 3093 2008 3162 forma,

417 3209 527 3265 qua
556 3193 613 3247 in
642 3190 849 3248 mundo
879 3189 1210 3247 constitutus
1239 3189 1308 3245 ab
1343 3188 1662 3245 hominibus
1687 3187 1867 3243 videri
1904 3205 2012 3260 po-

419 3282 563 3349 tuit;
611 3281 705 3338 sed
734 3297 846 3337 non
878 3280 937 3335 in
967 3297 1051 3348 ea,
1082 3295 1188 3351 qua
1218 3281 1362 3335 Deus
1395 3286 1477 3334 est
1506 3298 1517 3335 :
1557 3277 1695 3348 justi
1732 3285 1914 3332 autem
1954 3277 2011 3331 in

419 3386 482 3427 ea
510 3371 759 3427 claritate
789 3387 914 3426 eum
944 3368 1233 3436 videbunt,
1270 3384 1375 3440 qua
1418 3367 1581 3422 modo
1611 3365 1668 3421 in
1698 3365 2012 3423 caelestibus

419 3457 584 3531 positi
615 3473 741 3512 eum
774 3457 988 3523 vident,
1021 3463 1075 3511 et
1105 3455 1280 3510 visuri
1311 3463 1439 3510 sunt
1467 3463 1590 3525 post
1618 3453 1783 3509 ﬁnem
1815 3451 2009 3508 mundi

420 3549 479 3603 in
508 3553 853 3616 perpetuum.
887 3544 990 3599 Sed
1019 3552 1074 3600 et
1102 3544 1205 3614 ipsi
1238 3543 1331 3614 qui
1361 3559 1489 3598 eum
1520 3549 1889 3614 pupugerunt,
1921 3557 2010 3596 ve-

423 3633 550 3698 lint,
587 3630 788 3696 nolint,
839 3629 1026 3684 videre
1073 3629 1514 3699 compellentur:
1566 3629 1724 3700 impii
1755 3630 2012 3687 videlicet

421 3719 618 3788 Judaei,
658 3720 752 3792 qui
781 3735 905 3775 eum
935 3717 1369 3784 cruciﬁxerunt;
1411 3726 1472 3773 ut
1501 3717 1675 3775 sciant
1699 3735 1860 3790 quem
1891 3719 2011 3775 irri-

422 3817 632 3879 serunt,
663 3808 805 3865 sicut
834 3807 1098 3879 scriptum
1129 3815 1210 3863 est
1242 3807 1296 3862 in
1328 3807 1626 3879 Evangelia
1652 3827 1662 3863 :
1684 3832 1702 3854 ι
1726 3808 2008 3865 Videbunt

424 3903 481 3958 in
511 3917 672 3975 quem
703 3901 1099 3958 transﬁxerunt
1132 3901 1448 3972 (Joan.xrx,
1481 3901 1595 3971 37).
1631 3926 1648 3948 ι

496 4004 569 4057 Ει
592 4003 841 4073 plangent
870 4018 921 4056 se
949 4017 1106 4072 super
1133 4017 1249 4055 eum
1291 4018 1466 4056 omnes
1497 4002 1665 4057 tribus
1696 4008 1867 4058 terrae.
1914 4003 2017 4058 Per

425 4109 615 4148 omnes
642 4093 821 4148 tribus
850 4101 1008 4148 terra
1038 4092 1142 4148 soli
1173 4088 1388 4164 reprobi
1420 4093 1824 4165 intelliguntur.
1859 4094 2015 4147 Plan-

427 4188 555 4252 gent
586 4189 766 4236 autem
821 4199 898 4249 se,
948 4199 1048 4238 cur
1088 4190 1356 4254 praecepta
1406 4182 1504 4239 Dei
1548 4190 2013 4254 contempserunt,

427 4285 524 4323 cur
554 4274 775 4338 propter
804 4269 971 4324 breve
991 4269 1248 4339 gaudium
1280 4279 1594 4341 perpetuam
1626 4271 1907 4326 tristitiam
1935 4286 2018 4326 ac-

2120 1757 2176 1812 in
2206 1757 2414 1813 mundo
2449 1758 2752 1814 Ecclesiam
2787 1774 2940 1813 suam
2973 1774 3185 1830 regens,
3208 1766 3324 1813 erat
3352 1765 3482 1813 ante
3515 1759 3735 1814 consti-

2116 1848 2386 1904 tutionem
2427 1847 2621 1903 mundi
2648 1847 2984 1904 internaliter
3016 1865 3140 1905 cum
3172 1847 3331 1903 Patre
3362 1864 3727 1920 permanens;

2119 1944 2385 1992 venturus
2433 1943 2514 1992 est
2555 1936 2623 1992 ad
2666 1935 2969 2008 judicium,
3020 1944 3074 1993 et
3099 1935 3315 2008 judicet
3362 1937 3645 1994 mundum
3675 1939 3728 1992 in

2120 2024 2395 2098 aequitate.

2194 2125 2374 2196 (Vers.
2425 2123 2508 2196 9.)
2566 2125 2681 2194 Ego
2729 2125 2960 2179 Joannes
3005 2123 3181 2194 frater
3228 2131 3415 2191 vester,
3464 2131 3514 2179 et
3563 2125 3729 2179 socius

2118 2215 2177 2269 in
2207 2213 2569 2280 tribulatione,
2603 2219 2652 2266 et
2681 2229 2857 2284 regno,
2904 2219 2951 2267 et
2977 2213 3234 2284 patientia
3261 2214 3319 2267 in
3353 2215 3501 2269 Iesu.
3537 2214 3727 2270 Disci-

2121 2304 2279 2376 pulos
2309 2311 2465 2358 vocat
2508 2301 2722 2369 fratres,
2773 2302 2900 2375 quia
2941 2319 3052 2358 uno
3085 2302 3292 2360 Christi
3333 2303 3609 2374 sanguine
3639 2319 3727 2358 re-

2121 2391 2362 2463 dempti,
2428 2400 2480 2446 et
2538 2407 2647 2446 una
2706 2401 2877 2446 matre
2939 2391 3183 2447 Ecclesia
3243 2392 3490 2462 generati
3551 2401 3722 2457 erant.

2121 2481 2342 2537 Socium
2373 2496 2430 2535 se
2460 2497 2652 2535 eorum
2685 2480 2742 2534 in
2776 2481 3155 2551 persecutione
3185 2481 3348 2536 etiam
3393 2481 3561 2546 dicit,
3606 2481 3728 2554 quia

2121 2586 2310 2626 omnes
2341 2569 2616 2625 Ecclesias
2660 2569 2962 2624 Domitiani
3011 2569 3319 2641 persecutio
3358 2570 3720 2626 turbaverat:

2121 2658 2331 2715 socium
2364 2658 2421 2712 in
2465 2673 2655 2729 regno,
2710 2657 2839 2730 quia
2883 2667 2938 2713 et
2983 2673 3038 2712 se
3088 2658 3397 2714 membrum
3443 2659 3722 2726 Ecclesiae,

2121 2747 2264 2803 sicut
2287 2754 2340 2802 et
2372 2746 2479 2818 ipsi
2521 2753 2694 2814 erant,
2722 2763 2858 2818 quos
2887 2748 3000 2802 Deo
3028 2747 3376 2819 acquisierat,
3412 2747 3719 2802 fatebatur:

2121 2837 2330 2892 socium
2363 2852 2418 2891 se
2458 2851 2649 2891 eorum
2694 2836 2857 2892 etiam
2912 2836 2970 2890 in
3017 2837 3282 2907 patientia
3328 2844 3566 2892 testatus
3609 2845 3719 2900 est;

2121 2927 2250 3000 quia
2275 2935 2329 2982 et
2358 2926 2463 2998 ipsi
2511 2926 2899 2999 aequanimiter
2924 2925 3152 2982 adversa
3199 2926 3534 2994 tolerabant,
3588 2928 3723 2982 sicut

2121 3023 2174 3070 et
2204 3014 2318 3086 ipse
2358 3016 2453 3087 qui
2494 3031 2594 3086 pro
2645 3031 2831 3070 amore
2873 3014 3081 3073 Christi
3133 3015 3191 3070 in
3237 3015 3502 3071 Pathmos
3549 3015 3722 3070 insula

2121 3105 2390 3176 relegatus
2419 3104 2726 3160 tenebatur.

2197 3202 2377 3273 (Vers.
2415 3203 2528 3274 10.)
2580 3203 2683 3257 Fui
2711 3209 2883 3258 autem
2912 3187 2967 3256 in
2995 3202 3191 3274 spiritu
3231 3202 3288 3256 in
3315 3203 3598 3258 Dominica
3625 3203 3718 3257 die.

2122 3291 2183 3344 In
2214 3291 2411 3362 spiritu
2441 3309 2497 3347 se
2531 3291 2700 3347 fuisse
2730 3291 2888 3360 dicit,
2936 3291 3066 3363 quia
3106 3300 3258 3347 tanta
3290 3292 3581 3363 mysteria,
3611 3308 3720 3364 quae

2122 3389 2450 3452 sequuntur,
2504 3398 2615 3437 non
2667 3381 3002 3449 carnalibus,
3053 3380 3146 3436 sed
3193 3381 3543 3452 spiritalibus
3590 3398 3722 3437 ocu-

2123 3469 2192 3525 lis
2240 3469 2416 3525 videri
2472 3479 2772 3542 poterant:
2833 3494 2851 3516 -
2891 3470 3164 3526 Animalis
3203 3471 3351 3525 enim
3403 3470 3574 3526 homo
3619 3486 3718 3524 non

2123 3558 2354 3631 percipit
2381 3575 2444 3614 ea
2473 3575 2597 3631 quae
2630 3567 2758 3614 sunt
2790 3559 3017 3630 spiritus
3047 3559 3143 3614 Dei
3195 3560 3254 3631 (Ι
3282 3561 3408 3615 Cor.
3443 3576 3507 3626 ιι,
3543 3559 3653 3630 l4).
3691 3583 3706 3603 -

2121 3644 2412 3701 Dominica
2451 3654 2634 3701 autem
2683 3645 2800 3701 dies
2847 3654 3062 3717 tempus
3112 3646 3401 3718 Evangelii
3434 3647 3715 3718 designat;

2123 3732 2190 3788 de
2221 3750 2329 3806 quo
2359 3742 2605 3806 tempore
2635 3735 2931 3806 Apostolus
2961 3735 3205 3808 loquitur
3240 3735 3432 3792 dicens
3469 3755 3481 3791 :
3540 3763 3557 3784 ι
3589 3738 3718 3792 Ecce

2125 3838 2275 3878 nunc
2323 3829 2542 3895 tempus
2589 3825 2941 3896 acceptabile,
2999 3841 3123 3881 ecce
3170 3841 3320 3880 nunc
3372 3825 3494 3881 dies
3538 3825 3719 3881 salutis

2127 3912 2220 3983 (II
2255 3913 2379 3967 Cor.
2410 3930 2486 3981 vr,
2521 3913 2600 3985 2).
2635 3939 2652 3960 ι
2695 3915 2757 3968 In
2789 3930 2896 3985 quo
2927 3921 3167 3985 tempore
3199 3913 3483 3985 prophetae
3517 3922 3719 3986 myste-

2127 4000 2208 4055 ria
2258 4000 2450 4057 divina
2508 4003 2762 4074 gentibus
2813 4020 2928 4059 esse
2985 4002 3270 4074 pandenda
3323 4003 3716 4075 praedixerunt.

2127 4090 2200 4144 Et
2247 4090 2431 4144 audivi
2469 4098 2592 4160 post
2646 4109 2724 4146 me
2776 4108 2946 4145 vocem
3003 4099 3253 4162 tanquam
3303 4093 3443 4146 tubae
3491 4092 3716 4146 dicentis.

2128 4176 2292 4244 Quasi
2324 4186 2444 4249 post
2473 4195 2573 4234 nos
2620 4188 2720 4246 est,
2767 4180 2911 4252 quod
2956 4181 3291 4251 ignoramus.
3331 4179 3519 4235 Aliter
3553 4199 3563 4234 :
3608 4181 3717 4234 Vox

2129 4265 2352 4320 Domini
2390 4275 2512 4337 post
2544 4283 2640 4322 nos
2683 4275 2764 4323 est
2806 4267 2910 4340 (4),
2965 4269 3092 4340 quia
3121 4285 3223 4322 nos
3259 4269 3416 4339 quasi
3455 4269 3604 4323 servi
3633 4267 3720 4321 fu—

431 4357 757 4429 quisierunt.
793 4358 969 4413 Aliter
997 4375 1008 4412 :
1053 4361 1182 4413 Ecce
1210 4361 1348 4414 venit
1374 4378 1489 4415 cum
1518 4362 1759 4428 nubibus,
1795 4367 2020 4432 possunt
2047 4400 2094 4457 D
2133 4353 2290 4424 gitiVi
2321 4371 2510 4410 sumus
2534 4374 2544 4411 ξ
2571 4356 2839 4410 Dominus
2867 4364 3048 4411 autem
3081 4364 3203 4428 post
3232 4364 3444 4427 tergum
3481 4367 3720 4412 nostrum

429 4462 524 4518 per
552 4445 726 4502 nubes
756 4445 988 4517 apostoli
1017 4447 1308 4518 cmterique
1351 4448 1733 4518 prazdicatores
1759 4449 2017 4521 intelligi.

430 4534 597 4591 Venit
623 4543 805 4590 autem
835 4549 961 4589 cum
995 4533 1252 4601 nubibus,
1287 4536 1508 4607 quando
1543 4553 1741 4591 nomen
1771 4535 1889 4608 ejus
1926 4554 2022 4609 per

427 4631 647 4680 sanctos
689 4622 1075 4695 praedicatores
1135 4623 1409 4680 universis
1456 4625 1707 4696 gentibus
1754 4625 2017 4683 innotuit.

429 4715 504 4768 Et
530 4713 720 4768 videbit
747 4731 865 4768 eum
897 4713 1066 4768 omnis
1102 4716 1316 4781 oculus;
1369 4715 1498 4787 quia
1534 4732 1724 4771 omnes
1754 4716 1846 4788 qui
1880 4733 2023 4773 ocu-

430 4804 512 4858 los
541 4803 871 4870 habuerunt,
919 4819 1042 4860 eum
1091 4803 1370 4871 viderunt,
1412 4820 1504 4859 eos
1548 4804 1805 4861 videlicet
1835 4806 2024 4862 oculos

429 4893 496 4948 de
521 4892 721 4964 quibus
746 4891 882 4947 dicit
917 4891 1032 4962 ipse
1061 4891 1351 4963 apostolis:
1393 4916 1410 4938 ι
1440 4891 1592 4946 Beati
1621 4893 1788 4960 oculi,
1819 4893 1912 4964 qui
1944 4893 2022 4946 vi-

430 4978 582 5047 dent,
615 4995 734 5051 qua:
768 4995 865 5033 vos
894 4977 1096 5033 videtis
1129 4978 1280 5049 (Luc.
1315 4995 1372 5046 x,
1404 4979 1518 5049 23).
1551 5004 1569 5026 ι
1615 4979 1900 5035 Habebant
1929 4997 2023 5036 au-

432 5074 539 5122 tem
564 5066 722 5138 impii
743 5066 915 5123 Judaei
941 5067 1149 5133 oculos,
1166 5067 1258 5122 sed
1285 5068 1574 5124 eosoculos
1592 5085 1700 5123 non
1724 5068 2019 5138 habebant,

433 5155 635 5226 quibus
660 5157 803 5210 Deus
834 5161 971 5217 501
1007 5155 1247 5212 videtur.
1280 5158 1351 5211 Et
1377 5157 1469 5227 qui
1497 5174 1613 5211 eum
1635 5164 1975 5228 pupugerunt
2005 5175 2022 5212 :

434 5250 489 5305 id
521 5259 601 5306 est
628 5252 723 5325 qui
767 5269 890 5307 eum
927 5254 1192 5324 persecuti
1237 5261 1384 5320 sunt,
1431 5261 1484 5308 et
1516 5252 1756 5308 membra
1787 5252 1924 5324 ejus,
1957 5253 2023 5310 ad

434 5337 594 5393 ﬁdem
627 5339 779 5395 illius
809 5341 1052 5396 maxima
1081 5357 1151 5397 ex
1175 5349 1325 5412 parte
1353 5341 1603 5397 conversi
1634 5348 1782 5408 sunt,
1809 5357 1878 5396 ex
1907 5341 2024 5411 qui-

2132 4444 2352 4512 clamat,
2399 4454 2458 4499 ut
2487 4461 2590 4500 nos
2634 4455 2872 4502 revocet.
2918 4448 3045 4501 Post
3089 4464 3146 4503 se
3188 4463 3315 4518 ergo
3353 4447 3597 4502 Joannes
3625 4463 3722 4500 vo-

2131 4552 2248 4591 cem
2283 4536 2527 4605 audivit;
2584 4537 2713 4609 quia
2753 4539 3015 4611 mysteria
3055 4556 3173 4611 quae
3215 4546 3348 4594 tunc
3396 4539 3447 4594 ei
3496 4539 3720 4594 revelata

2131 4635 2281 4693 sunt,
2306 4626 2552 4681 nondum
2582 4627 2817 4697 perfecte
2842 4635 3190 4699 cognoverat.
3228 4627 3358 4693 Quae
3389 4644 3501 4683 vox
3535 4626 3721 4681 similis

2130 4716 2276 4771 tubae
2305 4716 2511 4772 dicitur
2538 4717 2707 4773 fuisse
2738 4737 2750 4786 ;
2791 4718 2857 4774 de
2887 4719 2989 4775 hac
3018 4719 3149 4775 tuba
3187 4718 3454 4790 propheta
3486 4717 3724 4791 loquitur

2131 4803 2321 4859 dicens
2355 4823 2365 4859 :
2434 4831 2450 4851 -
2483 4805 2690 4874 Clama,
2738 4822 2806 4861 ne
2836 4823 3030 4874 cesses,
3064 4806 3216 4878 quasi
3245 4806 3377 4861 tuba
3416 4807 3602 4861 exaltu
3628 4822 3725 4860 vo-

2132 4909 2250 4949 cem
2287 4900 2460 4960 tuam,
2495 4902 2548 4950 et
2590 4895 2861 4950 annuntia
2889 4896 3092 4967 populo
3122 4911 3242 4951 meo
3272 4896 3478 4950 scelera
3519 4910 3719 4959 eorum,

2131 4991 2184 5036 et
2231 4981 2422 5036 domui
2469 4982 2635 5037 Jacob
2690 4991 2908 5055 peccata
2956 5001 3145 5039 eorum
3197 4985 3331 5055 (Isa.
3381 5000 3540 5050 mn,
3591 4981 3662 5051 1).
3694 5005 3711 5028 ι

2140 5073 2295 5128 Tuba
2325 5072 2392 5128 ad
2425 5074 2776 5146 pugnandum
2813 5075 3016 5130 milites
3046 5091 3343 5147 provocare
3376 5074 3538 5141 solet,
3571 5073 3721 5128 simi-

2135 5162 2265 5216 liter
2329 5170 2382 5217 et
2448 5180 2548 5220 nos
2614 5180 2792 5220 sermo
2867 5165 2966 5221 Dei
3030 5164 3098 5219 ad
3155 5164 3513 5236 pugnandum
3591 5180 3720 5220 con-

2137 5259 2222 5307 tra
2293 5254 2574 5310 diabolum
2649 5263 2811 5328 atque
2895 5254 3228 5312 vincendum
3313 5256 3548 5312 incitare
3621 5267 3715 5308 non

2139 5342 2363 5399 desinit.

507 5540 587 5608 (4}.
631 5543 792 5597 Deest
821 5544 877 5597 in
920 5543 1043 5598 cod.
1078 5545 1208 5616 Reg.
1254 5553 1308 5600 et
1335 5544 1585 5601 Gem.....
1641 5547 1848 5614 Aliter;
1909 5547 2021 5607 Vox
2059 5547 2362 5608 Domini....
2395 5558 2453 5608 ut
2478 5570 2573 5608 nos
2597 5556 2814 5611 revocet.
