3880 6198
97 355 203 414 849

99 581 290 645 septem
337 572 606 638 Ecclesiis,
651 573 913 642 Ephesum
962 577 1009 625 et
1044 571 1346 641 Smyrnam,
1392 570 1706 641 Pergamum

98 667 145 715 et
200 659 542 730 Thyatiram,
603 659 791 714 Sardis
839 665 888 713 et
935 659 1364 729 Philadelphiam
1421 665 1467 712 et
1515 658 1706 713 Laodi-

99 766 265 804 seam.
335 749 437 803 Per
513 747 612 803 has
669 757 873 819 septem
947 747 1223 803 Ecclesias
1291 761 1397 800 una
1462 747 1707 802 Ecclesia

100 837 394 902 catholica,
429 838 572 894 sicut
603 836 984 908 interpretatio
1017 836 1306 891 nominum
1339 834 1516 902 docet,
1551 835 1706 890 desi-

104 934 320 998 gnatur.
374 926 624 997 Ephesus
665 943 900 997 namque
929 927 1209 992 voluntas,
1250 925 1366 980 sive
1409 925 1704 980 consilium

104 1017 523 1086 interpretatur;
556 1015 810 1086 Smyrna,
843 1014 1116 1069 canticum
1150 1030 1358 1078 eorum;
1390 1014 1702 1084 Pergamus,

102 1103 310 1160 divisio
366 1120 681 1169 cornuum;
742 1103 1032 1174 Thyatira,
1095 1102 1442 1170 illuminata;
1500 1102 1704 1170 Sardis,

106 1193 439 1266 principium
499 1191 974 1265 pulchritudinis;
1026 1190 1410 1262 Philadelphia
1465 1192 1703 1259 salvans,

105 1285 482 1342 haereditatem
516 1285 634 1350 Dei;
665 1283 953 1351 Laodicea,
974 1282 1154 1338 tribus
1174 1283 1426 1339 amabilis
1445 1283 1702 1338 Domino.

104 1376 352 1449 Ephesus
401 1375 589 1446 igitur,
628 1390 748 1445 qua:
785 1373 961 1444 prima
1009 1373 1252 1445 ponitur,
1305 1372 1526 1428 initium
1579 1388 1704 1428 con-

106 1465 380 1522 versionis
419 1463 853 1536 uniuscujusque
889 1464 1264 1531 demonstrat;
1314 1463 1707 1534 interpretatur

105 1573 338 1630 namque
383 1556 642 1612 voluntas
687 1555 803 1611 sive
845 1555 1164 1611 consilium.
1197 1553 1352 1622 Quod
1400 1553 1547 1609 enim
1582 1570 1705 1608 me-

107 1648 210 1703 lius
237 1647 560 1713 consilium,
606 1663 770 1720 quam
822 1647 1080 1702 voluntas
1107 1646 1270 1713 bona,
1321 1661 1442 1716 quas
1488 1643 1704 1699 homini

105 1736 292 1793 suadet
327 1735 717 1792 abrenuntiare
771 1735 1014 1799 diabolo,
1073 1742 1127 1789 et
1179 1733 1334 1805 sequi
1394 1732 1700 1801 Christum,

977 353 1430 413 BERENGAUDI
1469 351 1842 410 EXPOSITIO
1882 351 1952 408 IN
1989 348 2489 407 APOCALYPSIN.

173 483 356 555 (Vers.
394 482 506 553 II.)
561 482 712 549 Quod
760 481 922 549 vides,
971 480 1136 535 scribe
1176 480 1232 534 in
1265 479 1420 548 libro,
1471 485 1519 534 et
1558 479 1701 534 mitte
1726 487 1778 545 Α

3306 347 3412 407 850

1879 476 2059 548 (Vers.
2095 475 2208 545 12.)
2253 477 2327 532 Et
2367 491 2644 530 conversus
2691 490 2808 529 sum
2845 481 2904 530 ut
2961 475 3189 530 viderem
3237 491 3412 530 vocem

1816 583 1933 636 quw
1964 565 2272 636 loquebatur
2315 581 2531 619 mecum.
2572 565 2683 620 Cur
2722 563 2914 620 tandiu
2946 580 3171 620 aversus
3214 563 3413 620 stetit?

1817 661 1929 718 Cur
1972 677 2083 718 non
2127 661 2196 717 ad
2246 661 2486 733 primum
2545 661 2715 716 ictum
2769 663 3037 717 sermonis
3088 677 3246 716 aures
3294 661 3412 733 ejus

1818 751 2199 824 percutientis,
2244 749 2312 805 ad
2359 766 2483 805 eum
2528 766 2826 806 conversus
2877 758 2979 817 est,
3030 750 3123 822 qui
3180 767 3210 805 a
3259 757 3411 822 tergo

1817 840 2190 913 loquebatur?
2235 839 2337 895 Sed
2383 839 2542 894 nobis
2581 841 2895 911 exemplum
2943 839 3131 906 dedit;
3184 855 3308 894 nam
3341 840 3410 896 ad

1815 929 2113 986 Dominum
2161 929 2255 1001 qui
2290 944 2474 984 secum
2534 927 2884 1000 loquebatur,
2927 944 3037 982 non
3086 929 3235 998 prius
3283 944 3408 983 con-

1815 1033 2008 1072 versus
2057 1024 2158 1084 est,
2208 1033 2371 1089 quam
2427 1017 2653 1071 nomina
2707 1016 3100 1084 Ecclesiarum,
3155 1015 3221 1070 ad
3276 1032 3410 1088 quas

1817 1105 2061 1162 scribere
2090 1105 2528 1178 praecipiebatur,
2569 1105 2802 1161 audiret.
2841 1106 2912 1162 Et
2939 1105 3188 1178 superius
3217 1104 3411 1160 brevi-

1819 1203 1902 1252 ter
1939 1194 2186 1251 diximus
2233 1211 2329 1268 per
2374 1197 2853 1268 interpretationes
2883 1196 3170 1251 nominum
3203 1202 3407 1267 septem

1816 1285 2187 1340 Ecclesiarum
2238 1283 2383 1339 viam
2432 1284 2817 1350 demonstrari,
2861 1300 2980 1357 quae
3019 1283 3173 1340 ducit
3212 1285 3278 1340 ad
3329 1283 3406 1338 vi-

1816 1382 1946 1429 tam.
1979 1373 2240 1455 Quisquis
2280 1373 2447 1444 igitur
2497 1389 2588 1444 per
2641 1372 2782 1429 hanc
2824 1372 2970 1428 viam
3020 1373 3097 1427 ire
3145 1372 3212 1427 ad
3234 1375 3405 1428 Deum

1815 1462 2108 1528 desiderat,
2141 1470 2235 1518 aut
2279 1461 2526 1534 legendo,
2560 1471 2653 1518 aut
2683 1461 2749 1516 ab
2783 1461 2908 1517 aliis
2935 1461 3230 1530 audiendo,
3263 1479 3407 1534 qua-

1819 1553 1944 1614 liter
1974 1568 2068 1623 per
2111 1551 2253 1607 hanc
2281 1553 2424 1606 viam
2471 1550 2621 1622 gradi
2653 1555 2798 1612 502
2831 1551 3044 1619 debeat,
3077 1551 3406 1622 investigare

1815 1646 2011 1714 debet;
2047 1648 2176 1720 quia
2207 1648 2410 1704 stultus
2448 1648 2626 1704 viator
2668 1655 2768 1714 est,
2816 1648 2911 1720 qui
2945 1647 3009 1702 ad
3045 1647 3224 1702 locum
3257 1656 3404 1717 opta-

1813 1742 1930 1790 tum
1965 1736 2044 1791 ire
2089 1736 2382 1804 desiderat,
2430 1743 2484 1791 et
2539 1736 2684 1790 viam
2735 1735 2945 1800 nescit;
3001 1734 3048 1790 si
3105 1751 3215 1789 non
3253 1735 3406 1806 prius

110 1826 418 1898 relinquere
447 1825 603 1893 vitia,
635 1834 690 1881 et
729 1824 1137 1898 apprehendere
1167 1822 1447 1877 virtutes?
1475 1823 1546 1876 Et
1576 1820 1706 1893 quia
1736 1841 1782 1901 Β
1817 1822 2028 1878 discere
2083 1824 2378 1891 studuerit,
2439 1840 2558 1896 qua:
2627 1824 2699 1878 sit
2755 1821 3044 1894 longitudo
3097 1822 3220 1888 vim,
3285 1838 3406 1893 quas

109 1915 196 1987 qui
224 1915 290 1969 ad
321 1916 497 1969 Deum
522 1914 772 1970 converti
799 1913 1016 1979 volunt,
1039 1927 1258 1967 necesse
1278 1919 1360 1966 est
1388 1917 1450 1965 ut
1478 1908 1701 1965 Domini

111 2003 542 2059 misericordiam
574 2003 893 2074 implorent,
923 2007 985 2055 ut
1017 1998 1278 2070 perﬁcere
1310 1996 1523 2069 possint
1554 1996 1702 2070 quod

105 2092 430 2160 desiderant;
465 2092 700 2164 Smyrna
725 2091 858 2146 huic
888 2089 1238 2160 supponitur,
1275 2103 1395 2159 quae
1422 2087 1699 2143 canticum

106 2198 285 2237 eorum
347 2183 763 2253 interpretatur.
815 2180 914 2234 Ille
965 2178 1112 2233 enim
1163 2177 1303 2232 bene
1345 2184 1549 2244 cantat,
1607 2177 1702 2248 qui

110 2270 543 2327 misericordiam
606 2267 912 2325 conditoris
968 2265 1052 2322 sui
1121 2265 1286 2322 corde
1344 2265 1584 2320 contrito
1650 2271 1704 2319 et

104 2361 397 2426 humiliato
431 2359 636 2432 spiritu
685 2359 1041 2430 deprecatur:
1088 2356 1156 2411 de
1190 2371 1299 2428 quo
1338 2364 1504 2411 cantu
1545 2355 1704 2425 Apo-

111 2452 272 2505 stolus
333 2449 584 2520 loquitur
631 2447 863 2502 dicens:
929 2469 946 2492 ι
977 2444 1270 2502 Cantantes
1318 2451 1372 2498 et
1411 2443 1704 2516 psallentes

113 2541 164 2595 in
191 2537 450 2594 cordibus
497 2534 696 2591 vestris
739 2535 979 2590 Domino
1028 2533 1247 2604 (Ephes.
1300 2549 1356 2599 ν,
1408 2532 1521 2603 19).
1555 2556 1574 2578 ι
1633 2532 1704 2587 lit

115 2627 233 2698 quia
261 2627 354 2700 qui
394 2642 424 2680 a
470 2627 585 2680 Deo
616 2622 870 2678 exaudiri
915 2621 1056 2688 vult,
1093 2635 1311 2676 necesse
1341 2625 1422 2674 est
1473 2626 1535 2674 ut
1565 2618 1704 2675 vitia

114 2718 466 2790 derelinquat,
498 2723 551 2771 et
581 2714 648 2770 ad
687 2713 832 2769 bona
863 2728 1026 2785 opera
1067 2711 1294 2783 agenda,
1345 2711 1402 2766 in
1433 2719 1700 2783 quantum

115 2807 277 2863 virtus
324 2806 591 2878 suppetit,
636 2803 989 2873 semetipsum
1039 2809 1364 2866 convertat;
1407 2800 1702 2872 Pergamus

116 2895 164 2949 in
195 2895 384 2950 ordine
431 2894 702 2966 sequitur,
736 2907 856 2964 quas
887 2889 1089 2946 divisio
1118 2905 1386 2945 cornuum
1420 2889 1700 2959 interpre—

117 2993 265 3040 tatur.
311 2987 430 3040 Duo
464 2999 675 3041 cornua
722 2983 778 3036 in
829 2980 932 3036 hoc
986 2981 1108 3036 loco
1156 2979 1358 3034 malum
1405 2987 1460 3034 et
1491 2978 1697 3034 bonum

115 3073 427 3145 signiﬁcant.
453 3072 676 3131 Cornua
704 3069 1034 3136 dividimus,
1067 3068 1310 3142 quando,
1334 3067 1478 3123 inter
1492 3067 1696 3122 bonum

116 3169 163 3216 et
190 3163 385 3218 malum
431 3162 828 3226 discernentes,
863 3159 1066 3214 malum
1097 3175 1128 3212 a
1165 3156 1326 3212 nobis
1357 3156 1694 3228 repellimus,
1729 3192 1773 3252 C

120 3257 167 3304 et
191 3250 387 3305 bonum
423 3249 834 3321 amplectimur.
867 3248 938 3302 Et
977 3246 1105 3319 quia
1133 3244 1378 3318 quandiu
1410 3245 1466 3299 in
1499 3259 1699 3315 pecca—

119 3337 181 3394 tis
217 3339 476 3410 jacemus,
530 3338 588 3394 in
628 3337 872 3393 tenebris
898 3352 1119 3402 sumus;
1160 3351 1286 3391 cum
1326 3341 1508 3388 autem
1558 3331 1701 3386 mala

116 3441 144 3479 a
169 3427 318 3483 nobis
346 3428 651 3500 rejicimus,
675 3434 730 3482 et
765 3425 913 3481 bona
947 3424 1160 3496 operari
1193 3423 1511 3495 incipimus,
1543 3422 1696 3496 quasi

117 3530 142 3568 a
186 3516 412 3572 tenebris
455 3515 534 3572 ad
583 3517 758 3570 lucem
809 3511 1227 3585 progredimur;
1279 3527 1389 3566 non
1427 3511 1699 3566 inconve-

117 3603 312 3660 nienter
367 3613 486 3678 post
551 3605 876 3676 Pergamum
935 3601 1201 3673 Thyatira
1256 3599 1524 3672 sequitur,
1579 3615 1698 3672 qua)

118 3692 404 3751 illuminata
457 3697 883 3766 interpretatur.
941 3692 1014 3746 Et
1070 3691 1198 3762 quia
1253 3707 1323 3746 ex
1383 3690 1699 3761 operatione

122 3783 480 3840 mandatorum
536 3783 634 3840 Dei
683 3779 1037 3854 pulchritudo
1078 3781 1276 3835 anima;
1316 3779 1596 3847 accrescit,
1645 3788 1700 3835 et

126 3879 312 3939 quanto
366 3873 489 3945 quis
538 3872 598 3927 in
638 3871 952 3942 operatione
999 3869 1381 3924 mandatorum
1426 3869 1523 3923 Dei
1575 3867 1698 3940 plus

127 3960 320 4028 crescit,
340 3969 492 4018 tanto
519 3961 846 4032 ampliorem
871 3958 1340 4031 pulchritudinem
1371 3956 1567 4012 anima
1588 3973 1697 4012 suae

127 4047 354 4115 confert;
408 4067 516 4106 non
581 4050 880 4120 incongrue
940 4054 1060 4118 post
1117 4046 1460 4118 Thyatiram,
1515 4044 1699 4100 Sardis

130 4137 376 4206 sequitur,
410 4157 526 4212 qua:
568 4139 902 4212 principium
956 4136 1389 4209 pulchritudinis
1437 4135 1698 4206 interpre-

131 4227 280 4278 tatur.
314 4226 651 4302 Principium
697 4226 1133 4300 pulchritudinis
1162 4225 1285 4281 ideo
1313 4225 1540 4292 dicitur,
1572 4225 1700 4296 quia

132 4320 421 4370 sanctorum
468 4317 828 4390 pulchritudo
879 4316 935 4370 in
988 4318 1088 4371 hac
1139 4313 1256 4370 vita
1305 4313 1616 4380 inchoatur,
1647 4321 1702 4368 et

137 4395 183 4449 in
208 4409 396 4458 aeterna
427 4405 770 4462 beatitudine
792 4404 1092 4477 perﬁcitur.
1124 4402 1384 4474 Sequitur
1415 4400 1701 4456 Philadel-

136 4483 267 4555 Phia,
301 4507 416 4563 quae
462 4497 680 4552 salvans
721 4493 1096 4551 haereditatem
1139 4492 1235 4548 Dei
1279 4491 1503 4547 dicitur.
1555 4489 1699 4557 Quid

137 4582 206 4629 est
249 4590 421 4637 autem
479 4585 768 4642 haereditas
829 4583 951 4648 Dei,
1006 4580 1112 4637 nisi
1172 4580 1354 4636 omnis
1401 4577 1702 4634 multitudo

138 4662 434 4736 electorum,
490 4673 634 4730 sicut
691 4672 828 4728 dicit
883 4670 1153 4727 Dominus
1209 4668 1274 4724 ad
1335 4668 1698 4740 prophetam:

151 4772 165 4793 ι
194 4751 473 4816 Hereditas
503 4772 684 4820 autem
716 4777 838 4817 mea
865 4761 1028 4816 Israel
1081 4760 1213 4830 (Isa.
1248 4775 1367 4826 xxx,
1397 4758 1492 4828 23)
1516 4758 1543 4814 ‘l
1573 4782 1590 4804 ι
1635 4757 1705 4812 Ει

142 4849 189 4888 ιη
217 4855 317 4909 quo
345 4847 488 4903 salus
516 4851 813 4907 electorum
847 4847 1121 4915 consistit,
1161 4847 1268 4902 nisi
1302 4847 1358 4900 in
1390 4846 1706 4918 operatione

145 4928 500 4989 mandatorum
547 4938 695 4994 Dei?
732 4938 867 4994 Nam
914 4937 1009 4991 ille
1054 4936 1147 5007 qui
1181 4936 1332 4990 venit
1369 4951 1609 5006 quaerere
1655 4941 1709 4988 et

143 5016 333 5075 salvare
369 5028 507 5096 quod
558 5031 790 5102 perierat
822 5030 973 5102 (Luc.
1021 5044 1140 5095 xxx,
1181 5029 1294 5099 10),
1338 5027 1448 5083 illis
1477 5027 1708 5083 salutem

146 5102 427 5168 animarum
474 5111 723 5189 largitur,
771 5119 866 5192 qui
926 5117 1182 5174 mandata
1221 5116 1338 5189 ejus
1381 5115 1582 5188 singuli
1632 5131 1710 5171 se-

147 5193 364 5285 cundum
389 5207 659 5276 propriam
688 5209 948 5264 virtutem
977 5207 1319 5264 custodiunt.
1353 5205 1619 5261 Laodicea
1633 5219 1710 5260 se-

150 5281 302 5368 lmma
322 5291 557 5362 ponitur,
576 5299 704 5368 quia
724 5298 904 5354 tribus
919 5297 1172 5352 amabilis
1191 5296 1429 5352 Domino
1451 5295 1712 5365 interpre-

147 5364 294 5458 lftur.
313 5374 506 5436 Tribus
525 5394 703 5442 autem
728 5387 982 5443 amabilis
1002 5385 1239 5443 Domino
1259 5393 1340 5440 est
1365 5383 1548 5438 omnis
1576 5381 1714 5436 mul-

150 5455 307 5554 ξηαίξρ
333 5465 647 5554 electorum,
693 5493 813 5550 quae
861 5483 943 5531 est
972 5474 1241 5541 Ecclesia,
1277 5489 1397 5546 quae
1437 5487 1534 5544 per
1565 5469 1717 5525 abre-

147 5548 522 5636 Iltlntiationem
543 5548 834 5632 vitiorum,
857 5573 910 5620 et
930 5581 1025 5636 per
1054 5564 1325 5620 virtutum
1343 5559 1717 5634 operationem

149 5622 206 5678 ad
235 5627 330 5689 hoc
348 5648 609 5718 pervenit,
640 5662 706 5710 ut
726 5622 904 5709 tribus
931 5622 1184 5710 amabilis
1199 5622 1438 5709 Domido
1467 5655 1717 5708 vocetur.

1813 1912 2097 1983 asperitas,
2131 1912 2224 1984 qui
2271 1913 2570 1980 anfractus,
2603 1929 2724 1984 quae
2756 1911 3024 1984 pericula:
3058 1919 3119 1966 ut
3146 1927 3271 1967 cum
3302 1910 3407 1965 iter

1812 2001 2071 2058 scandere
2147 2001 2393 2074 coeperit,
2478 2001 2721 2074 pericula
2795 2000 3126 2073 praecognita
3187 1999 3407 2057 facilius

1812 2099 2070 2147 transeat.
2104 2091 2305 2147 Multos
2335 2091 2480 2146 enim
2514 2090 2757 2146 vidimus
2798 2090 3059 2146 saeculum
3097 2089 3404 2162 reliquisse,

1813 2187 1874 2235 ut
1921 2196 2016 2251 per
2056 2179 2538 2252 contemplationis
2590 2179 2737 2234 viam
2789 2179 2962 2234 vitam
3014 2186 3271 2236 aeternam
3315 2196 3403 2236 ac-

1813 2267 2133 2340 quirerent;
2183 2269 2274 2324 sed
2333 2269 2462 2342 quia
2514 2268 2828 2325 nescierunt
2883 2267 3226 2340 asperitatem
3277 2268 3401 2337 viai,

1812 2357 1996 2412 subito
2044 2357 2325 2413 cecidisse.
2376 2357 2480 2413 Sed
2536 2366 2714 2429 potest
2765 2357 2885 2413 ﬁeri
2943 2365 3004 2413 ut
3050 2366 3240 2413 contra
3288 2357 3406 2414 haec

1813 2445 2192 2501 testimonium
2228 2447 2386 2503 vobis
2423 2447 2490 2502 de
2533 2447 2724 2502 divina
2768 2446 3047 2518 Scriptura
3084 2447 3284 2519 aliquis
3311 2447 3404 2502 ob-

1807 2532 1985 2604 jiciat,
2039 2550 2160 2606 quae
2206 2533 2379 2590 dicit:
2443 2559 2460 2581 ι
2492 2536 2567 2590 Ne
2618 2534 2799 2590 tardes
2833 2535 3080 2591 converti
3119 2535 3187 2589 ad
3229 2537 3403 2590 Deum

1817 2621 2008 2688 (Ereti.
2043 2639 2098 2690 v,
2151 2621 2232 2690 8).
2265 2647 2283 2669 ι
2324 2623 2409 2679 Ad
2451 2622 2568 2679 haec
2611 2639 2709 2694 ego
2754 2623 3079 2694 respondeo,
3114 2623 3242 2695 quia
3286 2621 3402 2692 jam

1811 2710 1877 2766 ad
1908 2712 2082 2766 Deum
2114 2718 2424 2779 convertor,
2456 2727 2580 2766 cum
2613 2711 2759 2766 viam
2807 2727 2926 2783 quae
2965 2711 3031 2766 ad
3063 2727 3186 2766 eum
3225 2711 3401 2780 ducit,

1811 2799 2141 2870 investigare
2180 2815 2291 2854 non
2339 2799 2551 2855 desino.
2603 2801 2672 2855 Et
2702 2798 2836 2872 quid
2882 2807 2982 2867 est,
3029 2799 3177 2872 quod
3219 2799 3397 2856 dicit:

1809 2891 1882 2945 Et
1909 2906 2186 2944 conversus
2215 2907 2329 2943 sum
2360 2896 2418 2943 ut
2447 2890 2672 2944 viderem
2712 2907 2879 2944 vocem
2905 2908 2917 2956 ;
2963 2907 3090 2945 cum
3136 2906 3246 2946 vox
3289 2905 3401 2945 non

1810 2982 2008 3049 oculis,
2063 2981 2159 3036 sed
2207 2980 2433 3036 auribus
2476 2981 2860 3052 percipiatur?
2903 2981 3008 3037 Sed
3063 2982 3297 3037 Joannes
3341 2981 3400 3034 in

1808 3068 2010 3142 spiritu
2033 3069 2263 3141 positus,
2287 3068 2627 3141 spiritalibus
2649 3069 2824 3125 oculis
2850 3085 2911 3124 ea
2929 3085 3047 3141 quae
3069 3075 3396 3142 sequuntur,

1808 3161 1994 3216 videre
2023 3160 2343 3233 promeruit.
2375 3159 2559 3232 Neque
2589 3175 2726 3231 opus
2759 3167 2873 3215 erat
2896 3158 2971 3214 ibi
3002 3174 3162 3214 voces
3191 3157 3398 3213 verbo—

1807 3265 1930 3304 rum
1960 3256 2315 3321 perstrepere,
2345 3247 2440 3302 ubi
2483 3249 2628 3303 intus
2659 3255 2774 3303 erat
2815 3249 2980 3314 Deus,
3013 3246 3108 3319 qui
3146 3245 3394 3303 docebat.

1807 3343 2014 3399 Aliter:
2049 3343 2143 3397 ille
2190 3347 2562 3412 competenter
2601 3340 2766 3396 verba
2798 3339 2897 3396 Dei
2939 3337 3097 3394 audit
3125 3338 3220 3410 qui
3251 3336 3398 3410 quod

1807 3432 2066 3499 audierit,
2115 3431 2290 3486 oculis
2337 3430 2540 3485 mentis
2585 3429 2784 3484 intueri
2832 3445 2942 3484 non
2973 3426 3195 3495 desinit,
3248 3433 3309 3482 ut
3335 3441 3397 3480 ea

1807 3536 1968 3592 opere
1999 3519 2242 3589 impleat.

1880 3621 2061 3693 (Vers.
2104 3621 2216 3693 I3.)
2248 3623 2320 3677 Et
2347 3635 2645 3685 conversus,
2690 3616 2801 3671 vidi
2845 3621 3034 3687 septem
3077 3612 3398 3670 candelabra

1805 3728 1994 3777 aurea,
2024 3717 2073 3766 et
2113 3711 2169 3766 in
2206 3711 2373 3766 medio
2416 3716 2607 3782 septem
2635 3706 3073 3764 candelabrorum
3110 3719 3399 3760 aureorum

1806 3803 2028 3858 similem
2087 3801 2228 3858 Filio
2282 3799 2526 3855 hominis.
2579 3799 2796 3870 Septem
2849 3793 3178 3852 candelabra
3234 3807 3400 3847 aurea

1807 3898 2012 3962 septem
2067 3889 2341 3945 Ecclesias
2395 3888 2702 3959 designant,
2757 3885 2900 3940 sicut
2956 3882 3072 3953 ipse
3117 3878 3394 3952 exposuit,

1810 3989 1863 4036 et
1891 3986 2100 4050 septem
2143 3977 2401 4034 Ecclesia;
2442 3992 2607 4030 unam
2638 3974 2938 4030 Ecclesiam
2971 3971 3297 4027 catholicam
3335 3970 3396 4025 Ii-

1809 4077 2024 4144 gurant.
2067 4069 2198 4135 Quae
2240 4066 2566 4124 candelabra
2607 4079 2771 4120 aurea
2799 4063 3081 4130 dicuntur,
3130 4062 3247 4118 sive
3277 4077 3396 4133 pro-

1810 4169 1929 4234 pter
1960 4158 2366 4230 persecutiones
2395 4173 2528 4229 quas
2557 4154 2730 4211 sancti
2763 4153 2821 4208 in
2866 4154 3064 4209 szeculo
3094 4153 3398 4225 perferunt,

1807 4247 1923 4303 sive
1945 4253 2165 4318 propter
2185 4244 2507 4316 sapientiam
2527 4259 2630 4316 qua
2653 4241 3057 4296 illuminantur.
3079 4242 3140 4297 In
3165 4256 3397 4313 quorum

1810 4336 1991 4392 medio
2020 4335 2271 4391 Christus
2318 4343 2459 4390 stare
2502 4335 2655 4390 visus
2701 4341 2805 4399 est,
2853 4331 2996 4388 sicut
3024 4331 3139 4404 ipse
3176 4330 3312 4386 dicit
3341 4329 3399 4384 in

1809 4425 2108 4498 Evangelio
2134 4443 2144 4480 :
2193 4449 2210 4471 ι
2241 4426 2380 4481 Ecce
2409 4441 2506 4496 ego
2539 4423 2823 4479 vobiscum
2854 4439 2971 4477 sum
3006 4419 3264 4476 omnibus
3289 4417 3400 4474 die-

1809 4515 1911 4571 bus
1963 4531 2133 4588 usque
2197 4515 2264 4570 ad
2327 4513 2857 4572 consummationem
2922 4511 3108 4568 saeculi
3186 4508 3399 4578 (Matth.

1809 4621 2011 4672 xxvm,
2044 4604 2159 4676 20).
2183 4629 2202 4651 ι

1887 4699 2068 4770 (Vers.
2130 4699 2215 4766 14,
2279 4699 2392 4769 15.)
2442 4697 2742 4769 Sequitur:
2802 4694 3050 4752 Vestitum
3090 4690 3300 4762 pedere,
3359 4695 3407 4744 et

1809 4788 2148 4857 prwcinctum
2187 4789 2258 4844 ad
2305 4788 2572 4842 mamillas
2623 4802 2760 4840 zona
2812 4799 3021 4847 aurea;
3077 4785 3235 4850 caput
3285 4796 3406 4835 vero

1815 4888 1926 4957 ejus
1956 4891 2002 4939 et
2047 4883 2231 4954 capilli
2260 4887 2412 4936 erant
2459 4879 2671 4934 candidi
2703 4884 2956 4946 tauquam
3003 4876 3129 4930 lana
3172 4874 3319 4939 alba,
3361 4881 3411 4930 et

1820 4983 2071 5044 tanquam
2100 4971 2237 5044 nix;
2268 4976 2314 5023 et
2343 4969 2481 5023 oculi
2523 4967 2635 5036 ejus
2679 4973 2934 5035 tanquam
2981 4967 3197 5035 ﬂamma
3227 4963 3361 5034 ignis
3393 4981 3408 5032 ;

1818 5073 1865 5122 et
1907 5064 2060 5136 pedes
2116 5039 2242 5131 ejus.
2287 5059 2481 5113 similes
2537 5056 2862 5124 aurichalco,
2917 5054 3050 5110 sicut
3104 5053 3162 5107 in
3207 5052 3410 5108 camino

1819 5151 2056 5217 ardenti;
2097 5157 2144 5204 et
2185 5166 2288 5204 vos:
2333 5146 2445 5216 ejus
2489 5147 2622 5201 sicut
2659 5162 2762 5200 vos:
2799 5160 3062 5216 aquarum
3097 5142 3412 5198 multarum.

1823 5247 1896 5302 Et
1941 5240 2240 5298 habebatin
2278 5240 2495 5294 dextera
2540 5255 2637 5293 sua
2676 5243 2862 5308 septem
2901 5237 3112 5303 stellas;
3149 5240 3197 5289 et
3223 5234 3286 5289 de
3324 5249 3416 5289 ore

1824 5333 1936 5403 ejus
1965 5330 2176 5402 gladius
2223 5346 2287 5383 ex
2326 5333 2551 5396 utraque
2591 5333 2746 5398 parte
2785 5331 2972 5381 acutus
3013 5324 3188 5379 exibat
3209 5341 3229 5388 ;
3258 5327 3306 5377 et
3332 5321 3414 5392 fa-

1824 5421 1922 5478 cies
1961 5421 2091 5490 ejus,
2137 5420 2271 5474 sicut
2313 5421 2392 5474 sol
2443 5420 2574 5474 lucet
2618 5417 2674 5473 in
2715 5418 2905 5472 virtute
2947 5432 3064 5470 sua.
3111 5413 3168 5469 Si
3209 5419 3416 5484 septem

1825 5509 2152 5568 candelabra
2181 5517 2232 5565 et
2266 5516 2468 5580 septem
2518 5507 2703 5563 stellas
2746 5521 2844 5578 pro
2873 5503 3088 5560 duobus
3131 5515 3418 5556 ornamen-

1828 5602 1900 5656 tis
1950 5599 2198 5670 accipere
2244 5598 2505 5664 volueris,
2546 5595 2734 5652 decem
2781 5599 3102 5649 ornamenta
3147 5587 3419 5653 invenies,

1829 5709 1898 5749 ex
1927 5689 2130 5765 quibus
2170 5686 2394 5745 Domini
2443 5701 2644 5758 corpus
2690 5683 3008 5741 decoratum
3041 5678 3210 5734 fuisse
3239 5675 3421 5730 visum
