3880 6198
442 370 544 429 851
1472 373 1569 429 AD
1608 370 1842 427 OPERA
1879 370 1935 425 S.
1973 366 2306 426 AMBROSII
2344 364 2721 424 APPENDIX.
3688 355 3783 411 353

445 508 547 557 est.
592 498 697 557 Sed
727 500 860 574 quid
901 501 1012 557 duo
1041 507 1387 567 ornamenta,
1438 498 1495 554 id
1545 506 1647 566 est,
1678 506 1885 569 septem
1914 512 2037 552 can-
2069 497 2119 556 A
2151 501 2232 551 tes
2305 492 2468 565 pedes
2553 490 2981 564 evangelizantis
3066 507 3278 565 pacem,
3370 489 3778 546 annuntiantis

447 588 689 659 delabra,
744 599 797 647 et
846 599 1050 661 septem
1106 590 1277 645 stellae
1329 587 1720 659 signiﬁcarent,
1780 586 1895 658 ipse
1942 600 2039 657 per
2144 582 2375 650 bonum,
2406 578 2753 653 przedicantis
2781 581 3035 651 salutem,
3068 579 3346 638 dicentis:
3378 579 3548 647 Sion,
3581 596 3776 652 regna.

450 679 804 751 semetipsum
853 678 1145 750 exposuit:
1194 677 1327 750 quid
1378 684 1559 733 autem
1615 684 1740 734 octo
1778 692 1899 748 quae
1956 691 2036 731 re-
2145 670 2229 727 bit
2254 671 2399 725 Deus
2418 675 2546 725 tuus
2578 669 2713 741 (Isa.
2750 687 2846 737 LII,
2879 670 2956 742 7).
2986 696 3002 718 ι
3047 669 3153 737 Qui
3194 668 3412 726 similes
3439 668 3771 725 aurichalco

449 775 615 837 stant,
644 767 973 839 signiﬁcent,
998 767 1451 839 perscrutandum
1470 768 1630 825 nobis
1652 775 1753 823 est.
1781 768 2035 824 Sanctam
2149 759 2448 827 dicuntur;
2494 775 2568 815 ass
2612 775 2849 831 namque
2892 757 2951 814 in
2994 758 3213 815 fornace
3242 757 3595 832 quibusdam
3653 776 3770 814 me-

448 875 685 932 namque
736 859 1015 914 civitatem
1071 859 1189 924 Dei,
1250 874 1369 931 quae
1425 875 1494 913 ex
1545 857 1801 914 omnibus
1853 857 2042 915 electis
2151 846 2521 904 dicaminibus
2549 846 2800 903 admistis
2842 847 3037 903 tandiu
3082 847 3381 916 conﬂatur,
3415 864 3601 921 usque
3641 847 3767 902 dum

449 955 682 1014 constat,
716 964 835 1018 quae
865 946 934 1002 ab
970 946 1132 1004 initio
1164 964 1336 1021 usque
1365 947 1433 1003 ad
1462 947 1626 1004 ﬁnem
1655 948 1856 1014 tendit,
1888 948 1931 1004 si
1962 947 2041 1003 di.
2152 939 2392 995 colorem
2430 938 2550 993 auri
2579 937 2833 1010 accipiat,
2884 946 2938 993 et
2982 937 3187 993 dicitur
3216 937 3642 995 aurichalcum.
3676 939 3773 995 Per

449 1036 683 1106 ligenter
710 1036 1024 1107 perspicias,
1058 1034 1124 1092 in'
1161 1044 1365 1109 septem
1407 1045 1586 1109 partes
1624 1036 1859 1093 divisam
1892 1037 2042 1092 inve-

450 1124 592 1182 nies.
640 1123 822 1178 Prima
863 1123 1030 1195 igitur
1086 1142 1209 1198 pars
1251 1125 1370 1199 ejus
1425 1134 1554 1182 sunt
1610 1126 1790 1194 electi,
1837 1126 1929 1198 qui
1976 1123 2044 1181 ab

450 1215 615 1272 initio
643 1231 814 1288 usque
843 1214 908 1271 ad
950 1214 1223 1273 diluvium
1272 1216 1497 1273 fuerunt
1525 1236 1536 1273 :
1570 1216 1830 1286 secunda,
1864 1216 2046 1289 patri-

2152 1044 2226 1083 aes
2254 1026 2443 1099 igitur,
2472 1026 2618 1101 quod
2639 1043 2901 1082 sonorum
2930 1034 3032 1095 est,
3063 1033 3116 1083 et
3144 1027 3293 1100 quod
3321 1028 3380 1082 in
3412 1027 3771 1099 nigredinem

2152 1116 2264 1173 cito
2297 1115 2550 1185 vertitur,
2583 1115 2758 1173 Iudaei
2787 1116 3164 1189 designantur,
3195 1117 3292 1190 qui
3323 1117 3505 1190 legem
3543 1116 3771 1190 quidem

2155 1209 2455 1266 secundum
2508 1209 2748 1265 litteram
2795 1225 2989 1266 sonare
3034 1208 3407 1276 videbantur;
3459 1208 3569 1265 sed
3611 1209 3775 1263 vela-

451 1304 630 1360 archaa
653 1312 707 1360 et
752 1305 933 1359 caeteri
962 1304 1100 1376 justi
1131 1321 1303 1378 usque
1351 1305 1417 1361 ad
1450 1294 1623 1379 legem
1653 1305 1835 1362 datam
1864 1324 1875 1361 :
1922 1314 2043 1361 ter-

452 1396 549 1463 tia,
599 1394 660 1450 hi
711 1395 806 1467 qui
857 1396 960 1452 sub
1020 1395 1137 1468 lege
1189 1396 1449 1453 fuerunt:
1481 1405 1693 1470 quarta,
1739 1397 2044 1469 prophetae:

456 1484 669 1560 quinta,
732 1485 964 1557 apostoli
1027 1495 1080 1541 et
1137 1487 1233 1559 qui
1259 1502 1328 1541 ex
1385 1485 1589 1542 Iudaeis
1644 1485 2043 1543 crediderunt:

457 1580 614 1630 sexta
655 1590 787 1630 vero
838 1590 962 1647 pars
1017 1581 1102 1631 est
1160 1574 1406 1647 gentium
1458 1574 1757 1630 multitudo
1814 1590 1934 1648 quae
1982 1574 2048 1630 ad

461 1662 626 1719 ﬁdem
673 1663 860 1719 venit:
912 1663 1162 1736 septima,
1224 1662 1383 1719 electi
1440 1664 1535 1737 qui
1590 1664 1645 1719 in
1700 1664 1809 1719 ﬁne
1858 1664 2049 1720 mundi

458 1755 722 1812 nascituri
769 1762 917 1823 sunt,
961 1763 1015 1811 et
1067 1763 1258 1812 contra
1298 1755 1701 1813 Antichristum
1732 1757 2047 1830 pugnaturi.

2156 1300 2305 1354 mine
2353 1298 2655 1371 nigredinis
2707 1306 2887 1355 mente
2941 1298 3168 1366 obtecti,
3199 1297 3516 1370 spiritalem
3551 1297 3776 1352 intelli-

2158 1387 2420 1461 gentiam,
2452 1405 2572 1462 quaa
2604 1388 2661 1443 in
2684 1388 2985 1452 ealatebat,
3016 1386 3327 1459 intelligere
3366 1386 3772 1461 nequiverunt.

2159 1479 2258 1534 IEs
2291 1477 2459 1551 igitur
2504 1477 2562 1532 in
2609 1477 2988 1534 aurichalcum
3033 1484 3115 1532 est
3151 1491 3516 1543 conversum,
3553 1475 3775 1549 quando

2159 1584 2229 1626 ex
2258 1568 2461 1624 Iudaeis
2490 1566 2723 1640 apostoli
2753 1574 2884 1623 sunt
2924 1567 3101 1624 electi.
3134 1567 3238 1622 Per
3266 1566 3560 1623 fornacem
3594 1575 3773 1621 autem

2161 1659 2278 1715 sive
2310 1658 2569 1727 mundus,
2606 1657 2663 1713 in
2711 1673 2820 1732 quo
2849 1656 3196 1728 aliquantum
3228 1655 3488 1714 Christus
3530 1673 3776 1712 conver-

2163 1755 2312 1804 satus
2336 1754 2437 1816 est,
2470 1747 2589 1803 sive
2619 1746 3009 1803 tribulationes
3039 1762 3172 1818 quas
3216 1745 3511 1814 sustinuit,
3549 1754 3775 1818 possunt

460 1846 564 1901 Per
601 1845 699 1900 has
739 1844 909 1916 igitur
958 1851 1162 1916 septem
1202 1833 1404 1916 p'artes,
1455 1845 1601 1929 quod
1647 1846 1917 1902 Dominus
1964 1846 2053 1902 de.
2087 1860 2133 1920 Β
2162 1835 2457 1929 designari.
2509 1837 2594 1929 In_
2624 1835 2946 1929 hacAetiam
2988 1835 3215 1929 fornace
3261 1834 3505 1929 apostoli
3546 1835 3608 1929 ei
3656 1852 3778 1929 con:

463 1936 627 2003 derit,
658 1934 892 1992 dicendo
918 1935 1203 1991 redeamus
1232 1952 1244 1990 :
1280 1934 1346 1991 de
1367 1942 1579 2004 octava,
1613 1936 1670 1991 in
1696 1935 2051 2009 sequentibus

462 2026 729 2084 dicemus.
762 2025 988 2082 Poderis
1016 2024 1206 2098 igitur,
1235 2043 1356 2100 quae
1384 2036 1464 2084 est
1496 2027 1683 2083 talaris
1713 2028 1920 2095 tunica,
1949 2028 2054 2100 ju-

463 2127 575 2175 stos
600 2116 693 2190 qui
716 2124 840 2172 ante
865 2114 1141 2172 diluvium
1167 2116 1412 2184 fuerunt,
1428 2116 1711 2189 ‘designat.
1737 2117 1868 2185 Quae
1895 2117 2054 2190 cujus

462 2207 665 2266 coloris
698 2205 885 2273 fuerit,
927 2222 1038 2261 non
1077 2204 1284 2262 dicitur
1314 2224 1328 2273 ;
1380 2221 1444 2261 eo
1472 2205 1619 2279 quod
1648 2206 1859 2261 nullam
1889 2206 2053 2261 aliam

466 2297 661 2368 legem,
693 2296 804 2352 nisi
836 2297 1165 2364 naturalem,
1209 2295 1523 2352 habuerint.
1566 2295 1843 2352 Naturalis
1872 2304 2054 2352 autem

466 2385 558 2441 lex
609 2391 690 2439 est
718 2392 1014 2440 creatorem
1042 2400 1201 2439 suum
1250 2382 1499 2455 diligere,
1532 2391 1587 2439 et
1613 2381 1759 2455 quod
1799 2383 1903 2439 sibi
1936 2383 2060 2456 quis

467 2489 579 2529 non
610 2473 736 2527 vult
777 2472 917 2540 ﬁeri,
966 2472 1123 2527 alteri
1167 2487 1280 2528 non
1311 2472 1508 2531 facere.
1555 2473 1709 2528 Hanc
1741 2472 1911 2544 legem
1939 2472 2060 2527 nul-

469 2566 574 2631 lus,
608 2563 703 2636 qui
747 2564 957 2619 ratione
985 2562 1243 2618 suffultus
1286 2571 1386 2633 est,
1421 2565 1670 2636 ignorare
1700 2561 2056 2635 permittitur.

469 2654 573 2711 Per
615 2669 811 2708 zonam
859 2661 1040 2709 autem
1072 2650 1397 2723 patriarchze
1443 2659 1497 2707 et
1552 2651 1735 2708 caeteri
1774 2649 1933 2721 justi,
1967 2647 2063 2723 qui

472 2756 599 2804 ante
632 2746 805 2818 legem
858 2744 1106 2813 fuerunt,
1156 2744 1531 2818 designantur.
1577 2743 1709 2813 Qua:
1737 2759 1903 2800 aurea
1929 2740 2062 2798 dici-

473 2850 589 2909 tur,
634 2840 763 2912 quia
812 2839 1003 2895 multis
1052 2837 1526 2908 tribulationibus,
1569 2839 1713 2896 sicut
1764 2854 1957 2894 aurum
2005 2836 2064 2892 in

474 2928 715 2994 fornace,
763 2926 979 2997 probati
1022 2942 1137 2981 esse
1186 2935 1526 2983 noscuntur:
1578 2927 1721 2984 sicut
1764 2925 2062 2994 Abraham,

475 3015 571 3089 qui
618 3015 685 3069 de
737 3014 862 3085 igne
909 3014 1291 3072 Chaldaeorum
1340 3024 1528 3072 erutus
1556 3024 1682 3072 est:
1732 3016 1874 3072 sicut
1901 3014 2065 3082 Loth,

475 3121 638 3179 quem
676 3102 974 3160 Sodomitas
1009 3103 1367 3161 afﬂixerunt:
1418 3106 1561 3162 sicut
1589 3107 1759 3174 Isaac,
1791 3105 1885 3178 qui
1914 3104 2067 3162 caeci-

2158 1925 2341 1999 juncti
2371 1932 2520 1993 sunt,
2551 1924 2697 1981 sicut
2749 1923 2863 1998 ipse
2892 1924 3063 1980 dicit:
3111 1947 3129 1970 ι
3159 1924 3272 1979 Vos
3301 1924 3436 1979 estis
3462 1924 3647 1992 enim,
3686 1924 3774 1997 qui

2166 2015 2542 2091 permansistis
2576 2031 2793 2072 mecum
2825 2015 2883 2071 in
2912 2013 3312 2071 tentationibus
3334 2013 3473 2069 meis
3499 2014 3588 2086 (6)
3624 2015 3771 2084 (Luc.

2167 2124 2309 2175 mi,
2353 2106 2469 2178 28).
2511 2130 2529 2153 ι
2609 2107 2671 2162 Ιιι
2725 2104 2830 2162 hac
2875 2121 3002 2177 ergo
3048 2105 3268 2161 fornace
3316 2121 3415 2178 per
3459 2105 3772 2161 doctrinam

2167 2197 2459 2271 Evangelii
2525 2196 2877 2271 splendorem
2943 2196 3062 2253 auri
3116 2197 3363 2268 accipere
3428 2204 3771 2252 meruerunt.

2168 2295 2243 2350 Et
2269 2309 2374 2347 vox
2400 2290 2533 2361 ejus,
2558 2290 2695 2345 sicut
2718 2307 2821 2345 vos:
2839 2306 3105 2361 aquarum
3135 2291 3447 2345 multarum.
3466 2290 3578 2346 Per
3590 2282 3770 2346 vocem

2170 2397 2434 2455 aquarum
2480 2379 2783 2435 multarum
2851 2379 3152 2435 multitudo
3208 2378 3479 2452 gentium,
3536 2396 3662 2452 qua:
3711 2377 3781 2433 ad'

2171 2471 2335 2527 ﬁdem
2368 2468 2576 2528 Christi
2607 2467 2879 2536 cucurrit,
2909 2467 3246 2540 designatur.

2245 2562 2318 2616 Et
2345 2559 2563 2616 habebat
2597 2558 2654 2612 in
2696 2557 2886 2612 dextra
2912 2574 3010 2613 sua
3043 2558 3221 2612 stellas
3248 2562 3460 2629 septem.
3493 2554 3647 2623 Quid
3678 2556 3771 2612 hoc

2174 2651 2465 2725 signiﬁcet,
2505 2651 2621 2723 ipse
2667 2650 2726 2706 in
2773 2650 3128 2723 sequentibus
3170 2649 3418 2724 exponit.
3466 2652 3547 2706 Et
3588 2650 3653 2705 de
3690 2667 3771 2705 ore

2174 2742 2287 2814 ejus
2314 2742 2527 2813 gladius
2576 2759 2641 2797 ex
2690 2748 2915 2812 utraque
2951 2746 3109 2812 parte
3145 2745 3290 2804 503
3343 2745 3537 2795 acutus
3586 2741 3767 2796 exibat.

2176 2840 2532 2915 Pergladium
2570 2842 2741 2898 electi
2770 2841 2865 2914 qui
2884 2840 2941 2896 in
2970 2840 3080 2896 ﬁne
3109 2838 3303 2895 mundi
3332 2837 3607 2895 nascituri
3633 2846 3769 2905 sunt,

2177 2940 2338 3004 atque
2368 2938 2560 2987 contra
2609 2929 3019 2987 Antichristum
3050 2927 3368 3001 pugnaturi,
3394 2927 3766 3000 designantur.

2177 3020 2249 3075 Et
2276 3019 2405 3092 quia
2441 3019 2686 3074 maxima
2714 3018 3016 3075 multitudo
3042 3017 3284 3090 gentium
3315 3017 3595 3072 culturam
3628 3013 3767 3073 Chri-

2179 3112 2249 3168 sti
2289 3111 2697 3184 derelinquens,
2738 3110 3147 3167 Antichristum
3187 3107 3473 3164 hominem
3506 3106 3767 3179 impiissi-

475 3201 643 3251 tatem
676 3193 933 3267 pertulit:
966 3193 1109 3251 sicut
1131 3194 1317 3263 Iacob,
1354 3195 1447 3268 qui
1479 3195 1854 3282 persecutione
1876 3194 2070 3282 fratris
2100 3222 2143 3282 ο
2180 3217 2330 3256 mum
2371 3216 2469 3272 pro
2522 3201 2634 3255 Deo
2687 3199 3014 3266 adorabunt,
3046 3214 3159 3253 non
3208 3197 3513 3267 incongrue
3560 3196 3643 3251 illi
3686 3192 3766 3267 qui

476 3290 639 3357 atque
666 3283 839 3340 soceri
885 3291 968 3339 est
1010 3282 1283 3340 aﬂlictus:
1326 3283 1469 3340 sicut
1497 3283 1717 3354 Ioseph,
1762 3280 1857 3354 qui
1903 3280 2070 3353 capti-

477 3374 703 3430 vitatem
734 3382 788 3430 et
809 3390 1079 3430 carcerem
1107 3373 1401 3430 sustinuit:
1448 3373 1593 3429 sicut
1612 3372 1735 3440 Iob,
1766 3372 1861 3445 qui
1892 3371 2069 3426 amis-

479 3460 690 3517 sionem
716 3477 899 3517 rerum
931 3460 1216 3534 diramque
1245 3461 1549 3533 passionem
1584 3460 1829 3533 pertulit.
1863 3458 2070 3513 Eodem

478 3548 645 3603 modo
697 3555 750 3602 et
795 3548 861 3603 de
907 3549 1139 3616 ceteris,
1170 3564 1306 3620 quos
1352 3549 1635 3621 Scriptura
1677 3564 1787 3603 non
1835 3562 2072 3602 comme-

380 3706 384 3711 Α
480 3644 658 3693 morat
686 3637 792 3707 (5),
842 3637 1103 3693 debemus
1148 3630 1474 3709 intelligere.
1508 3639 1638 3705 Quae
1684 3653 1822 3692 zona
1859 3638 2070 3693 mamil-

480 3729 561 3786 las
589 3726 986 3784 constrinxisse
1016 3727 1251 3800 legitur;
1277 3742 1374 3799 per
1401 3726 1672 3782 mamillae
1701 3741 1935 3799 namque
1963 3726 2073 3783 duo

478 3824 749 3893 praecepta
793 3816 1077 3873 charitatis
1127 3815 1503 3889 designantur,
1551 3830 1648 3888 per
1693 3832 1812 3889 quas
1859 3823 2074 3873 sanctos

478 3916 659 3981 patres
687 3908 801 3964 Deo
821 3906 1092 3979 placuisse
1121 3913 1335 3964 certum
1365 3912 1465 3962 est.

556 4015 730 4085 Caput
769 4031 890 4070 vero
919 4012 1031 4083 ejus
1073 4018 1121 4069 et
1163 4012 1349 4085 capilli
1384 4017 1538 4068 erant
1573 4010 1786 4067 candidi
1824 4017 2074 4080 tanquam

483 4099 610 4157 lana
638 4103 764 4158 alba
809 4110 858 4158 et
884 4110 1137 4174 tanquam
1182 4102 1300 4159 nix.
1358 4102 1461 4158 Per
1485 4109 1648 4175 caput
1692 4101 1805 4168 lex,
1852 4115 1949 4172 per
1989 4114 2075 4155 ca-

481 4189 644 4263 pillos
688 4206 819 4247 vero
849 4192 944 4264 qui
981 4208 1049 4247 ex
1094 4192 1273 4265 capite
1317 4200 1640 4258 nascuntur,
1689 4189 2076 4246 multitudines

483 4293 671 4334 eorum
701 4276 1058 4351 designantur
1096 4280 1193 4353 qui
1235 4296 1331 4351 per
1360 4281 1531 4351 legem
1562 4278 1701 4335 salvi
1744 4277 1873 4333 facti
1922 4285 2072 4333 sunt.

481 4365 588 4434 Qui
630 4366 817 4439 capilli
872 4375 1133 4440 tanquam
1180 4368 1305 4424 lana
1359 4368 1501 4436 alba,
1560 4376 1614 4424 et
1660 4374 1919 4439 tanquam
1972 4366 2075 4424 nix

481 4456 700 4516 candidi
732 4474 845 4515 esse
874 4457 1164 4525 dicuntur;
1207 4458 1337 4532 quia
1362 4458 1619 4514 videlicet
1662 4458 1758 4513 ille
1784 4458 2021 4530 populus
2045 4475 2077 4514 a

480 4544 722 4604 tenebris
757 4546 1022 4602 vitiorum
1070 4563 1166 4620 per
1194 4547 1367 4620 legem
1414 4554 1495 4602 est
1541 4545 1889 4602 emundatus.
1925 4546 2076 4604 Oculi

479 4642 654 4693 autem
700 4636 813 4707 ejus
857 4637 997 4692 velut
1041 4639 1254 4708 ﬂamma
1296 4636 1451 4707 ignis.
1504 4635 1666 4692 Oculi
1706 4642 1907 4692 cuncta
1951 4652 2071 4708 quae

480 4727 628 4787 circa
656 4744 713 4784 se
740 4736 890 4796 sunt,
918 4728 1079 4800 longe
1114 4729 1328 4800 lateque
1358 4725 1731 4799 perspiciunt:
1767 4742 1863 4799 per
1886 4725 2075 4782 oculos

481 4815 652 4889 igitur
692 4815 971 4890 prophetae
1017 4816 1395 4889 designantur,
1444 4816 1539 4889 qui
1576 4831 1639 4871 ea
1679 4831 1799 4888 quas
1841 4823 2075 4871 ventura

479 4912 655 4973 erant,
688 4905 847 4977 longe
884 4912 1011 4962 ante
1059 4903 1357 4978 praevidere
1408 4911 1746 4961 meruerunt.
1798 4903 1903 4972 Qui
1930 4902 2076 4960 sicut

454 4993 700 5051 .ﬂamma
730 4994 873 5067 ignis
896 5010 1012 5051 esse
1036 4994 1321 5062 dicuntur,
1353 4994 1484 5067 quia
1510 4992 1719 5067 Spiritu
1739 5000 1927 5050 sancto
1948 4992 2073 5048 illu-

479 5085 674 5142 minati
703 5085 968 5157 mysteria
995 5084 1237 5142 cmlestia
1265 5083 1622 5157 contemplati
1651 5090 1799 5140 sunt.

549 5186 623 5240 Et
660 5184 816 5257 pedes
843 5182 957 5255 ejus
996 5182 1192 5239 similes
1233 5182 1557 5252 aurichalco,
1589 5183 1724 5238 sicut
1767 5181 1826 5236 in
1871 5180 2074 5237 camino

476 5274 707 5331 ardenti.
752 5274 856 5330 Per
886 5272 1050 5346 pedes
1100 5273 1332 5346 apostoli
1380 5272 1758 5346 designantur,
1807 5279 1861 5328 et
1889 5270 2073 5327 caeteri

478 5366 574 5438 qui
616 5381 687 5421 ex
735 5363 940 5420 Iudaeis
982 5362 1358 5420 crediderunt.
1402 5365 1481 5420 De
1528 5361 1650 5418 istis
1686 5361 1918 5435 pedibus
1952 5376 2072 5433 pro-

478 5452 643 5524 pheta
670 5452 917 5526 loquitur
947 5450 1173 5509 dicens:
1219 5473 1238 5498 ι
1273 5451 1445 5520 Quam
1478 5451 1697 5524 pulchri
1727 5466 1891 5523 super
1918 5464 2071 5505 mon-

553 5594 636 5663 (5)
665 5593 817 5651 Edit.
848 5593 983 5650 Gill.
1031 5609 1097 5650 ac
1142 5595 1325 5659 Rom.,
1365 5609 1497 5664 quos
1528 5591 1815 5665 Scriptura
1842 5606 2072 5646 comme-

481 5669 691 5727 morat;
715 5679 846 5719 mss.
880 5679 1032 5730 vero,
1062 5680 1170 5719 non
1196 5670 1586 5720 commemorat.

557 5730 637 5801 (6)
705 5733 773 5787 In
827 5733 924 5787 hac
995 5729 1520 5805 etiam
1586 5733 1645 5788 in
1701 5729 2072 5790 teutationibus

2178 3287 2245 3344 ad
2295 3303 2508 3343 errores
2561 3303 2751 3343 eorum
2803 3285 3171 3343 concidendos
3232 3283 3575 3357 progressuri
3631 3289 3765 3348 sunt,

2179 3394 2275 3450 per
2320 3378 2564 3450 gladium
2614 3377 2992 3449 designantur.
3043 3374 3150 3442 Qui
3198 3373 3309 3430 duo
3356 3373 3619 3430 acumina
3673 3371 3766 3427 ha-

2178 3465 2306 3522 bere
2334 3465 2487 3522 visus
2521 3474 2635 3532 est;
2687 3466 2819 3538 quia
2851 3464 2957 3537 ipsi
2991 3463 3262 3531 doctores,
3314 3461 3557 3518 duorum
3588 3462 3766 3517 Testa—

2180 3560 2489 3609 mentorum
2522 3552 2790 3609 doctrinis
2809 3548 3033 3617 eruditi,
3063 3548 3223 3606 facile
3253 3546 3440 3604 hostes
3462 3548 3764 3606 devincent.

2178 3641 2313 3697 Nam
2354 3639 2500 3713 quod
2538 3639 2605 3695 de
2651 3655 2745 3695 ore
2792 3636 3019 3694 Domini
3066 3637 3182 3707 ipse
3224 3636 3440 3708 gladius
3490 3635 3765 3708 procedere

2184 3728 2333 3785 visus
2362 3736 2467 3798 est,
2498 3726 2637 3783 illud
2666 3726 2962 3799 signiﬁcat,
2996 3724 3143 3797 quod
3172 3724 3287 3796 ipse
3309 3723 3461 3780 dixit
3490 3725 3549 3780 in
3587 3726 3765 3780 Evan-

2182 3817 2369 3891 gelio:
2435 3838 2454 3865 ‹
2484 3817 2608 3873 Νοιι
2662 3816 2810 3872 enim
2844 3831 2943 3870 vos
2989 3814 3120 3870 estis
3171 3813 3267 3887 qui
3309 3813 3635 3886 loquimini,
3682 3812 3761 3869 sed

2181 3907 2419 3979 Spiritus
2446 3905 2622 3964 Patris
2665 3905 2832 3962 vestri
2864 3903 2958 3978 qui
2991 3903 3237 3976 loquitur
3266 3903 3324 3958 in
3368 3902 3535 3959 vobis
3561 3904 3760 3974 (Mutat.

2183 4019 2240 4072 ι,
2280 4001 2397 4068 20).
2426 4026 2448 4050 ν
2493 4002 2555 4058 In
2591 4000 2661 4057 iis
2688 4016 2816 4072 ergo
2844 4006 3051 4073 septem
3084 3998 3426 4054 ornamentis
3463 3998 3648 4054 omnis
3674 3999 3761 4052 ele-

2180 4103 2397 4150 ctorum
2450 4092 2717 4161 Ecclesia,
2775 4107 2895 4164 quae
2952 4107 2983 4146 a
3023 4090 3184 4146 nobis
3238 4090 3299 4145 in
3354 4099 3568 4163 septem
3602 4098 3760 4163 partes

2183 4182 2474 4252 dividitur,
2525 4182 3027 4256 comprehenditur.
3085 4182 3215 4238 Sine
3271 4182 3341 4238 iis
3397 4199 3529 4255 ergo
3574 4193 3757 4257 septem

2184 4276 2429 4349 partibus
2465 4292 2576 4332 non
2608 4275 2745 4332 mihi
2774 4276 2997 4333 videtur
3025 4274 3175 4332 hunc
3204 4274 3413 4332 librum
3445 4289 3757 4349 quemquam

2183 4364 2433 4421 ordinate
2478 4380 2632 4437 posse
2679 4364 3024 4437 intelligere:
3076 4363 3145 4421 de
3190 4373 3387 4421 octava
3427 4373 3611 4421 autem
3657 4379 3758 4437 qua

2184 4463 2369 4525 restat,
2405 4455 2613 4529 aliquid
2640 4454 2935 4513 dicendum
2971 4463 3073 4512 est.

2253 4545 2328 4600 Et
2378 4543 2540 4613 facies
2586 4542 2722 4613 ejus,
2765 4544 2901 4599 sicut
2943 4544 3023 4599 sol
3081 4544 3233 4613 lucet,
3292 4543 3349 4597 in
3403 4544 3599 4601 virtute
3654 4561 3755 4599 sua.

2182 4632 2283 4687 Per
2347 4630 2543 4688 faciem
2600 4632 2869 4701 Ecclesia,
2927 4632 3072 4689 sicut
3140 4639 3264 4704 post
3317 4632 3757 4690 resurrectionem

2183 4723 2370 4779 futura
2415 4731 2517 4793 est,
2566 4722 2919 4797 designatur;
2971 4730 3023 4780 et
3071 4721 3198 4780 ideo
3244 4738 3340 4795 per
3378 4722 3599 4792 faciem,
3650 4722 3761 4796 quia

2182 4820 2317 4869 tunc
2344 4815 2539 4882 Deum,
2572 4813 2716 4870 sicut
2742 4812 2882 4871 dicit
2909 4814 3226 4885 Apostolus,
3261 4811 3397 4883 justi
3428 4812 3573 4869 facie
3608 4812 3674 4869 ad
3697 4812 3759 4867 fa-

2182 4901 2321 4958 ciem
2361 4901 2633 4959 videbunt
2662 4903 2720 4973 (Ι
2762 4902 2887 4959 Cor.
2940 4918 3064 4969 xm,
3098 4900 3211 4972 t2).
3245 4902 3378 4970 Qua:
3411 4901 3558 4958 sicut
3589 4902 3665 4958 sol
3692 4902 3756 4957 lu-

2182 5006 2305 5050 cere
2349 4991 2469 5048 visa
2508 4998 2610 5061 est,
2656 4991 2784 5065 quia
2840 4990 2984 5047 sicut
3015 4989 3153 5047 dicit
3197 4989 3513 5046 Dominus:
3580 5015 3599 5038 ι
3626 4991 3757 5045 Tunc

2177 5082 2319 5155 justi
2346 5083 2636 5155 fulgebunt
2667 5081 2814 5140 sicut
2844 5082 2927 5139 sol
2954 5081 3013 5137 in
3043 5097 3209 5154 regno
3237 5080 3415 5137 Patris
3442 5081 3531 5136 sui
3565 5080 3750 5153 (Matth.

2182 5190 2309 5242 xm,
2335 5172 2451 5245 43).
2482 5196 2501 5221 ι
2545 5171 2913 5229 Inveniuntur
2950 5171 3007 5226 in
3053 5169 3354 5242 Scripturis
3397 5169 3647 5243 quadam
3682 5167 3753 5223 his

2181 5271 2387 5338 septem
2444 5263 2691 5337 partibus
2735 5261 3141 5331 convenientia,
3195 5268 3258 5319 ut
3307 5270 3391 5319 est
3445 5262 3587 5319 illud
3627 5257 3750 5335 quod

2181 5354 2241 5411 in
2269 5357 2432 5413 Iosue
2461 5355 2684 5428 legitur,
2713 5355 2810 5413 ubi
2840 5353 3098 5428 praecepit
3127 5352 3399 5410 Dominus
3442 5361 3504 5410 ut
3529 5354 3749 5411 circum-

2182 5446 2287 5504 iret
2332 5462 2458 5505 arca
2500 5444 2601 5503 Dei
2646 5445 2932 5503 civitatem
2989 5441 3208 5500 Iericho
3252 5459 3351 5515 per
3394 5451 3602 5516 septem
3651 5438 3747 5497 dies

2177 5590 2327 5659 meis,
2376 5590 2602 5673 aberant
2641 5588 2709 5646 ah
2753 5588 2933 5658 edit.;
2984 5605 3106 5664 quas
3149 5603 3305 5645 nose
3350 5604 3485 5647 mss.
3515 5586 3745 5646 omnibus

2179 5676 2544 5736 reposuimus.
