3880 6198
101 340 204 397 853

983 333 1443 393 BERENGAUDI
1480 334 1854 393 EXPOSITIO
1895 334 1965 391 IN
2004 333 2508 392 APOCALYPSIN.

3290 328 3398 392 854

101 463 263 519 semel
296 461 351 515 in
382 460 491 529 die,
527 460 904 518 sacerdotibus
945 478 1064 517 eam
1097 462 1464 534 portantibus,
1513 461 1689 518 tubis-
1722 465 1772 523 Α
1801 477 2023 517 cernere
2039 460 2316 529 deberent,
2338 463 2558 534 ipsalex
2577 463 2908 521 manifestat.
2934 465 3218 538 PrOphetae
3237 482 3394 536 vero,

101 567 203 624 que
251 550 597 619 canentibus,
642 568 704 606 ac
743 552 962 624 populis
1001 550 1354 624 sequentibus
1403 551 1583 622 (Iosue
1611 569 1688 620 γι,

100 641 287 712 6-20).
355 641 577 696 Jericho
644 657 878 713 namque
943 657 1106 696 omne
1171 657 1368 712 corpus
1421 641 1692 712 reprobo-

102 747 240 797 rum,
293 729 439 802 quod
484 737 564 785 est
611 729 809 785 civitas
853 729 1080 797 diaboli,
1109 730 1386 803 designat:
1421 747 1517 802 per
1548 731 1692 788 ﬁlios

99 836 227 874 vero
292 821 477 886 Israel,
544 819 704 875 electi
760 819 1142 893 designantur:
1214 836 1309 892 per
1360 821 1686 889 sacerdotes,

100 911 514 984 prazdicatores:
567 926 662 981 per
705 909 882 977 tubas,
943 909 1194 965 doctrina
1249 909 1682 980 praedicationis:

99 1018 190 1073 per
233 1001 494 1072 populum
538 1015 668 1054 vero
694 999 787 1072 qui
831 1016 923 1054 eos
970 999 1316 1070 sequebatur,
1339 1015 1528 1054 omnes
1550 998 1690 1069 justi

97 1089 477 1160 designantur,
521 1087 617 1161 qui
679 1104 869 1143 eorum
926 1088 1233 1143 doctrinam
1301 1088 1686 1160 sequebantur,

96 1189 147 1235 et
191 1189 345 1235 actus
390 1179 785 1235 imitabantur:
837 1196 933 1252 per
987 1196 1165 1234 arcam
1199 1186 1377 1233 autem
1411 1195 1570 1250 quam
1600 1179 1691 1234 fe-

97 1269 302 1336 rebant,
336 1267 590 1325 Christus
627 1269 974 1341 intelligitur,
1021 1269 1114 1341 qui
1164 1284 1194 1323 a
1226 1268 1429 1324 sanctis
1460 1267 1515 1321 in
1559 1283 1691 1322 cor-

96 1358 254 1414 dibus
298 1373 490 1412 eornm
543 1357 797 1414 habitans
847 1365 1113 1429 portatur.
1173 1359 1250 1413 De
1308 1355 1690 1429 przedicatori-

95 1447 194 1502 bus
246 1453 456 1501 autem-
490 1447 584 1518 qui
641 1454 764 1518 post
820 1446 1026 1504 Christi
1093 1446 1391 1502 adventum
1444 1445 1688 1514 fuerunt,

96 1537 233 1592 nulli
283 1537 519 1592 dubium
565 1537 711 1610 quod
760 1537 1044 1594 Christum
1100 1553 1211 1593 non
1267 1538 1442 1592 solum
1503 1536 1691 1608 lingua

95 1625 460 1696 praedicando,
508 1643 700 1682 verum
757 1627 921 1682 etiam
979 1625 1142 1681 corde
1189 1623 1467 1698 diligendo
1511 1633 1688 1696 porta-

95 1724 308 1771 verunt.
341 1716 430 1771 Illi
459 1725 638 1771 autem
666 1715 760 1788 qui
791 1715 1092 1770 adventum
1124 1714 1244 1786 ejus
1275 1721 1687 1786 praecesserunt,

1802 549 1869 604 ad
1890 566 2026 621 quos
2053 558 2278 622 quartus
2299 550 2564 608 circuitus
2582 553 2836 623 pertinet,
2861 553 2918 608 in
2941 561 3152 609 tantum
3177 563 3396 626 peccata

1803 638 2115 710 principum
2139 639 2537 713 hominumque
2566 641 2860 713 impiorum
2889 651 3213 715 spreverunt
3233 652 3396 717 atque

1803 728 2295 800 reprehenderunt,
2328 739 2387 786 ut
2418 747 2519 802 pro
2549 731 2651 788 hoc
2674 732 2895 803 quidam
2924 749 3110 788 eorum
3146 734 3390 806 lapidati,

1803 818 2024 889 quidam
2050 819 2204 884 secti,
2222 819 2443 892 quidam
2468 837 2598 875 vero
2623 821 2678 875 in
2703 821 2978 878 occisione
3000 824 3166 893 gladii
3190 827 3392 882 mortui

1802 906 1932 962 sint.
1953 907 2205 978 Apostoli
2238 924 2387 975 vero,
2411 916 2465 963 et
2489 909 2545 963 hi
2567 910 2662 982 qui
2693 926 2761 966 ex
2785 911 2990 965 Judaiis
3020 913 3390 983 crediderunt,

1801 995 1868 1049 ad
1892 1012 2028 1067 quos
2057 997 2283 1068 quintus
2319 997 2585 1054 circuitus
2614 999 2870 1071 pertinet,
2892 1009 3097 1074 quanto
3127 1003 3309 1058 studio
3337 1021 3394 1059 se

1801 1083 1869 1138 ab
1910 1083 2219 1140 inﬁdelium
2268 1087 2579 1142 Judaeornm
2644 1089 2876 1145 consilio
2923 1100 3084 1164 atque
3137 1092 3394 1163 operibus

1803 1174 2227 1244 segregaverint,
2254 1175 2428 1232 Lucas
2457 1177 2512 1232 in
2536 1177 2764 1234 Actibus
2784 1182 3155 1252 apostolorum
3187 1190 3390 1238 narrat.

1805 1261 2005 1316 Gentes
2063 1279 2193 1318 vero
2245 1263 2314 1318 ad
2369 1281 2502 1337 quas
2559 1274 2748 1323 sextus
2803 1269 3068 1326 circuitus
3133 1269 3391 1342 pertinet,

1802 1359 2008 1424 quanto
2051 1353 2244 1410 ardore
2286 1371 2340 1410 se
2382 1372 2412 1410 a
2461 1357 2720 1414 societate
2756 1358 3054 1430 impiorum
3113 1360 3394 1431 disjunxe-

1802 1445 1936 1512 rint,
1985 1453 2256 1517 martyres
2286 1449 2535 1520 requisiti
2577 1451 2782 1507 dicant.
2816 1452 3091 1522 Septimus
3118 1468 3247 1507 vero
3289 1452 3392 1508 cir-

1803 1533 1986 1590 cuitus
2031 1536 2098 1591 ad
2140 1552 2252 1605 eos,
2308 1538 2402 1609 qui
2451 1541 2791 1612 temporibus
2841 1540 3170 1597 Antichristi
3222 1541 3392 1596 futuri

1803 1630 1951 1692 sunt,
1983 1625 2249 1696 pertinet:
2285 1625 2380 1681 sed
2406 1635 2460 1682 et
2490 1628 2570 1682 illi
2603 1629 2878 1700 quomodo
2908 1629 3262 1697 Antichristi,
3294 1631 3392 1686 mi-

1803 1712 2215 1788 nistrorumque
2258 1714 2375 1786 ejus
2434 1715 2681 1773 devitent
2731 1718 3038 1790 perfidiam,
3098 1715 3190 1773 hic
3256 1719 3394 1774 liber

97 1806 370 1878 quomodo
421 1807 580 1861 illum
633 1805 1040 1878 portaverunt?
1087 1805 1452 1860 Portaverunt
1498 1804 1691 1875 utique
1721 1809 1768 1869 Β
1803 1801 2137 1857 manifestat.
2189 1803 2433 1874 Septimo
2488 1821 2614 1876 ergo
2667 1805 2756 1861 die
2805 1805 3276 1863 circumeuntibus
3315 1823 3392 1861 sa-

97 1905 145 1951 et
189 1895 310 1962 illi;
370 1913 496 1951 nam
544 1894 715 1968 aliqui
758 1911 948 1952 eorum
997 1911 1119 1950 eum
1177 1893 1358 1950 verbis
1416 1893 1682 1965 praedixe-

100 1993 238 2052 runt,
293 1984 467 2058 aliqui
531 1985 690 2042 factis
759 1985 1246 2058 prmsignaverunt.
1317 1983 1681 2051 Quaerendum

99 2089 222 2128 vero
269 2073 434 2129 nobis
492 2082 573 2129 est
619 2073 754 2146 quid
783 2075 1047 2130 circuitus
1078 2073 1197 2140 iste,
1230 2073 1324 2145 qui
1354 2088 1450 2144 per
1477 2081 1684 2146 septem

98 2161 205 2216 dies
251 2163 434 2218 factus
482 2171 584 2229 est,
625 2162 890 2233 designet.
941 2162 1070 2218 Loci
1113 2177 1347 2234 namque
1376 2179 1537 2236 quem
1582 2163 1683 2218 cir-

98 2251 324 2318 cuimus,
357 2250 663 2322 ingressum
712 2250 1059 2317 devitamus;
1092 2266 1218 2304 nam
1258 2265 1384 2306 cum
1416 2267 1510 2322 per
1537 2253 1683 2306 viam

101 2341 387 2412 pergimus,
447 2341 494 2396 si
545 2341 760 2396 foveam
805 2348 898 2396 aut
950 2341 1143 2395 limum
1186 2341 1543 2413 profundum,
1593 2350 1688 2398 aut

101 2429 311 2501 aliquod
341 2429 650 2501 periculum
693 2429 1026 2496 invenimus,
1059 2429 1454 2485 circumeundo
1493 2430 1539 2484 si
1566 2446 1684 2502 pos-

102 2535 298 2585 sumus,
357 2518 670 2590 ingressum
720 2516 838 2588 ejus
894 2516 1224 2584 devitamus,
1270 2527 1331 2573 ut
1378 2516 1684 2588 periculum

103 2606 404 2661 evadamus.
484 2605 704 2661 Jericho
779 2621 1014 2678 namque
1088 2605 1407 2674 circuimus,
1470 2605 1516 2662 si
1583 2607 1688 2661 iter

103 2695 220 2749 vitae
267 2694 553 2766 praasentis
598 2693 898 2750 secundum
947 2695 1289 2750 voluntatem
1329 2695 1427 2750 Dei
1459 2695 1686 2767 perﬁci-

106 2799 248 2846 mus;
306 2799 429 2838 nam
480 2783 733 2854 quamvis
771 2798 895 2838 cum
940 2783 1186 2853 reprobis
1216 2783 1546 2850 habitemus,
1587 2783 1686 2838 Je-

105 2871 248 2927 richo
288 2872 613 2940 circuimus,
655 2872 700 2927 si
743 2871 810 2927 ab
854 2888 1039 2927 eorum
1088 2871 1451 2944 pravitatibus
1507 2873 1686 2928 absti-

105 2979 301 3020 nemus.
351 2967 428 3020 De
482 2964 586 3022 hac
642 2965 970 3021 circuitione
1017 2964 1155 3019 mihi
1214 2964 1435 3020 videtur
1479 2962 1685 3018 dixisse

104 3052 407 3110 Psalmista:
458 3077 477 3102 ι
505 3054 750 3112 Circuivi
796 3061 850 3109 et
893 3054 1178 3109 immolavi
1227 3054 1285 3109 in
1333 3053 1685 3109 tabernaculo

1796 1895 2113 1952 cerdotibus
2150 1912 2273 1951 cum
2307 1913 2430 1952 arca
2477 1897 2718 1966 Jericho,
2751 1905 2911 1970 atque
2942 1897 3391 1964 vociferantibus,

1795 1985 1940 2040 muri
2003 1983 2220 2040 Jericho
2267 1984 2606 2053 ceciderunt,
2657 1987 2945 2058 omnisque
2991 1987 3224 2059 populus
3266 2004 3392 2044 cum

1799 2088 1921 2144 rege
1978 2089 2076 2127 suo
2125 2073 2449 2129 interfectus
2503 2082 2620 2142 est;
2680 2074 2808 2146 quia
2862 2073 3294 2146 praedicantibus
3335 2075 3393 2130 in

1796 2161 1906 2216 ﬁne
1971 2161 2165 2217 mundi
2240 2161 2693 2233 praedicatoribus
2768 2163 3040 2231 veritatis,
3117 2162 3395 2236 ﬁnemque

1797 2250 1991 2308 mundi
2021 2252 2501 2320 annuntiantibus,
2523 2251 2708 2308 subito
2731 2251 2858 2308 ﬁnis
2886 2251 3082 2308 mundi
3113 2253 3391 2322 adveniet,

1795 2339 2085 2410 omnisque
2149 2339 2345 2394 civitas
2395 2339 2604 2395 diaboli
2659 2339 2990 2408 destruetur,
3051 2351 3215 2414 atque
3266 2358 3392 2399 cum

1795 2426 1916 2498 ipso
1973 2427 2150 2498 capite
2189 2444 2288 2482 suo
2334 2426 2588 2484 diabolus
2634 2435 2896 2500 perpetua
2942 2437 3116 2485 morte
3155 2430 3394 2485 damna-

1794 2509 1965 2571 bitur.

1866 2603 2122 2675 Legimus
2159 2605 2323 2659 etiam
2380 2605 2436 2658 in
2486 2605 2628 2660 libro
2668 2605 2920 2662 Iudicum
2953 2607 3181 2662 Samson
3211 2608 3391 2663 fortis-

1795 2692 1997 2748 simum
2043 2691 2299 2748 habuisse
2356 2699 2560 2762 septem
2615 2693 2794 2748 crines
2859 2694 3056 2763 (ludio.
3107 2712 3224 2763 xvr,
3276 2696 3389 2766 13).

1797 2781 2026 2836 Samson
2093 2781 2374 2838 Christum
2429 2781 2737 2852 signiﬁcat:
2809 2799 2905 2854 per
2971 2783 3200 2854 capillos
3262 2801 3392 2841 vero

1795 2887 1986 2927 omnes
2019 2871 2177 2927 electi
2207 2870 2582 2942 designantur.
2615 2873 2685 2928 Et
2716 2872 2859 2928 sicut
2888 2874 3072 2945 capilli
3111 2874 3392 2930 adhaerent

1795 2959 1982 3032 capiti,
2047 2961 2124 3016 ita
2177 2968 2231 3016 et
2271 2975 2461 3014 omnes
2493 2959 2630 3030 justi
2679 2959 2958 3016 adhaerent
3015 2961 3256 3030 Christo,
3296 2963 3390 3035 qui

1795 3059 1959 3122 caput
2006 3060 2087 3106 est
2125 3051 2372 3106 omnium
2422 3053 2719 3108 electorum
2748 3067 2974 3106 suorum
3004 3070 3014 3108 :
3049 3059 3102 3107 et
3127 3052 3270 3109 sicut
3305 3068 3390 3108 ca-

105 3142 211 3213 ejns
239 3145 471 3201 hostiam
499 3144 851 3216 jubilationis
885 3146 1056 3217 (Psal.
1101 3163 1257 3212 xxvr,
1289 3145 1368 3215 6).
1401 3169 1420 3191 υ
1461 3143 1685 3201 Circui—
1719 3163 1761 3223 ρ
1795 3141 1916 3211 pilli
1963 3140 2191 3196 Samson
2242 3141 2298 3196 in
2344 3150 2548 3214 septem
2594 3149 2774 3212 partes
2820 3139 2989 3196 divisi
3038 3147 3186 3206 sunt,
3219 3140 3296 3196 ita
3336 3149 3391 3198 et

102 3231 177 3285 vit
201 3248 448 3306 namque,
489 3241 542 3288 et
571 3241 758 3304 postea
787 3232 1128 3299 immolavit;
1164 3232 1292 3304 quia
1319 3231 1464 3287 facta
1488 3247 1686 3302 repro—

102 3319 281 3377 borum
325 3324 484 3394 prius
541 3321 769 3393 sprevit,
827 3331 890 3378 ut
946 3321 1128 3378 hostia
1169 3319 1522 3392 jubilationis
1569 3318 1688 3389 ejus

102 3411 434 3481 acceptabilis
487 3412 601 3466 Deo
643 3410 815 3466 ﬁeret.
867 3409 1026 3465 Multi
1073 3409 1219 3464 enim
1253 3417 1403 3477 sunt,
1431 3409 1527 3481 qui
1554 3408 1684 3464 assi-

102 3497 197 3553 due
241 3499 459 3555 laudant
515 3501 726 3555 Deum:
780 3499 872 3554 sed
923 3499 1052 3570 quia
1097 3499 1235 3553 vitia
1261 3515 1292 3552 a
1321 3514 1377 3552 se
1424 3497 1685 3569 repellere

103 3587 304 3655 nolunt,
357 3605 556 3645 eorum
601 3588 936 3644 laudationis
963 3587 1143 3642 hostia
1182 3603 1293 3642 non
1323 3593 1405 3641 est
1443 3595 1684 3658 accepta-

103 3673 220 3730 bilis
270 3679 401 3734 Deo.
459 3678 653 3734 Prima
713 3677 882 3749 igitur
929 3676 1186 3732 circuitio
1227 3674 1297 3730 ad
1349 3692 1442 3732 eos
1483 3675 1682 3747 justos,

104 3763 187 3833 qui
226 3773 345 3820 ante
391 3766 680 3822 diluvium
716 3765 961 3832 fuerunt,
1003 3765 1260 3837 pertinet,
1311 3765 1404 3836 qui
1435 3764 1537 3819 ﬁlii
1584 3763 1684 3820 Dei

105 3850 225 3908 dicti
268 3862 412 3910 sunt.
444 3854 747 3914 Civitatem
779 3854 948 3926 igitur
994 3853 1213 3910 Jericho
1237 3853 1430 3910 tandiu
1455 3853 1683 3909 circuie-

109 3948 244 4008 runt,
295 3944 542 4016 quandiu
587 3959 619 3999 a
665 3944 921 4000 societate
974 3943 1329 4016 reproborum
1387 3958 1443 3999 se
1499 3957 1684 4013 seque-

110 4034 424 4088 straverunt.
457 4035 756 4104 Postquam
802 4033 970 4105 igitur
1024 4048 1145 4089 arca
1193 4033 1311 4099 Dei,
1343 4039 1397 4087 et
1450 4031 1687 4103 populus

111 4115 314 4176 Jericho
341 4121 623 4177 civitatem
672 4121 1030 4188 circuierunt,
1060 4119 1127 4175 ad
1157 4128 1337 4178 castra
1362 4119 1645 4175 redierunt
1670 4137 1684 4185 ;

112 4205 228 4274 quia
270 4211 642 4283 unusquisque
682 4209 864 4282 justus
912 4209 1256 4265 circuitionis
1301 4225 1410 4264 suae
1442 4215 1686 4279 tempore

114 4296 332 4367 expleto,
362 4309 484 4370 post
511 4308 745 4356 mortem
772 4299 840 4355 ad
870 4300 1184 4355 societatem
1215 4299 1533 4366 electorum,
1566 4314 1686 4370 quae

113 4393 228 4439 sunt
287 4397 459 4444 castra
531 4397 867 4457 sanctorum,
941 4389 1164 4446 dicitur.
1241 4387 1502 4444 Secunda“:
1576 4387 1687 4443 diei

116 4475 362 4535 circuitus
422 4481 487 4536 ad
557 4498 670 4550 eos,
728 4482 822 4554 qui
880 4491 1000 4554 post
1064 4480 1339 4536 diluvium
1395 4495 1564 4551 usque
1619 4478 1686 4533 ad

115 4561 321 4636 Moysen
366 4569 610 4638 fuerunt,
660 4571 933 4642 pertinet:
987 4570 1080 4643 qui
1139 4577 1193 4627 et
1243 4567 1347 4641 ipsi
1405 4567 1686 4624 civitatem

116 4651 315 4712 Jericho
372 4660 746 4727 circuierunt;
788 4663 918 4734 quia
945 4662 1012 4718 ab
1072 4659 1457 4733 iniquitatibus
1507 4675 1686 4732 repro-

117 4737 295 4798 borum
341 4763 396 4802 se
441 4759 847 4821 separaverunt.
891 4751 1026 4805 Nam
1073 4757 1125 4805 et
1171 4747 1468 4816 Abraham,
1500 4764 1686 4820 quam-

118 4829 192 4884 vis
240 4833 378 4890 inter
415 4837 764 4895 Amorrhaeos
801 4839 1093 4906 habitaret,
1141 4855 1251 4894 non
1305 4839 1482 4893 solum
1530 4835 1686 4904 vitia,

116 4918 199 4972 sed
232 4923 388 4979 etiam
419 4942 711 4998 corporum
757 4929 1072 4986 societatem
1103 4927 1157 4982 in
1204 4935 1416 4982 tantum
1447 4925 1685 4993 horruit,

119 5012 173 5060 ut
215 5007 325 5065 ﬁlio
355 5029 454 5069 suo
482 5031 552 5070 ex
580 5017 800 5072 ﬁliabus
845 5034 1033 5072 eorum
1074 5017 1246 5071 nollet
1271 5016 1516 5087 accipere
1553 5031 1688 5069 uxo-

118 5109 240 5152 rem.
272 5100 338 5155 Et
383 5102 450 5158 de
494 5103 659 5172 Loth,
709 5107 803 5178 qui
850 5106 993 5178 apud
1041 5105 1348 5161 Sodomitas
1387 5102 1686 5171 habitabat,

119 5181 344 5255 loquitur
388 5191 582 5250 beatus
626 5196 839 5263 Petrus,
888 5195 984 5267 qui
1028 5193 1219 5249 auditu
1267 5201 1322 5248 et
1362 5192 1486 5247 visu
1507 5190 1690 5262 justus

117 5281 220 5326 erat
257 5279 341 5345 (II
385 5280 527 5336 Pelr.
588 5302 648 5350 ιι,
698 5285 778 5354 7),
813 5283 1068 5339 habitans
1117 5282 1262 5354 apud
1311 5298 1423 5348 eos,
1477 5280 1572 5353 qui
1623 5279 1689 5335 de

114 5357 195 5414 die
239 5363 292 5419 in
331 5368 474 5425 diem
521 5373 767 5429 animam
791 5373 996 5445 justam
1032 5371 1236 5444 iniquis
1267 5370 1523 5442 operibus
1550 5387 1687 5426 cru-

121 5449 340 5512 ciabant.
388 5459 596 5517 Eodem
630 5463 794 5519 modo
827 5470 880 5518 et
929 5462 1133 5519 caeteri.
1175 5459 1392 5516 Tertius
1418 5476 1548 5515 vero
1586 5459 1688 5516 cir-

122 5536 289 5597 cuitus
321 5543 386 5599 ad
422 5562 512 5602 eos
559 5549 651 5621 qui
703 5550 806 5607 sub
844 5551 962 5623 lege
990 5549 1236 5616 fuerunt,
1277 5547 1553 5619 pertinet:
1594 5545 1687 5617 qui

127 5643 318 5703 quanta
367 5638 737 5701 sollicitudine
778 5662 809 5702 a
846 5643 1106 5702 societate
1153 5641 1471 5716 iniquorum
1519 5657 1576 5695 se
1612 5657 1690 5696 se-

1793 3229 1974 3285 omnis
2028 3230 2326 3287 electorum
2386 3247 2648 3285 numerus
2701 3230 2756 3284 in
2812 3237 3018 3300 septem
3069 3236 3247 3300 partes
3289 3245 3388 3300 pro

1795 3326 2105 3390 temporum
2137 3318 2495 3390 qualitatibus
2523 3316 2700 3373 dividi
2731 3324 2932 3389 potest,
2961 3317 3104 3373 sicut
3135 3315 3388 3390 superius

1793 3407 2313 3463 demonstravimus.
2980 3454 2991 3464 .

1866 3496 1971 3552 Sed
1995 3505 2050 3551 et
2083 3497 2186 3553 hoc
2215 3496 2361 3570 quod
2397 3496 2453 3551 in
2484 3495 2774 3552 Salomone
2801 3494 3068 3566 scriptum
3104 3503 3211 3550 est:
3253 3520 3271 3541 ι
3297 3495 3386 3552 Sa-

1794 3585 2002 3658 pientia
2051 3585 2345 3642 aediﬁcavit
2390 3585 2496 3641 sibi
2544 3585 2792 3652 domum,
2852 3583 3060 3640 excidit
3105 3583 3390 3642 columnas

1795 3684 2000 3747 septem
2043 3675 2232 3745 (Prov.
2269 3691 2348 3744 1x,
2389 3676 2474 3746 1);
2521 3700 2540 3723 ι
2596 3680 2774 3746 potest
2823 3671 2955 3730 huic
3000 3680 3188 3730 nostro
3231 3673 3390 3729 intel-

1795 3762 1964 3819 lectui
2011 3763 2327 3819 convenire.
2374 3762 2649 3836 Sapientia
2685 3778 2920 3835 namque
2960 3761 3256 3818 aediﬁcavit
3283 3761 3387 3818 sibi

1795 3849 2043 3918 domum,
2075 3851 2295 3924 quando
2325 3851 2592 3906 Dominus
2627 3857 2814 3906 noster
2852 3850 3008 3904 Jesus
3040 3849 3294 3906 Christus
3321 3850 3390 3905 ab

1795 3938 1957 3993 initio
1988 3939 2180 3994 mundi
2229 3955 2400 4011 usque
2446 3939 2515 3994 ad
2559 3940 2721 3994 ﬁnem
2755 3937 2872 4008 ejus
2900 3953 2970 3992 ex
3000 3936 3391 3992 numerositate

1795 4028 2092 4084 electorum
2127 4027 2428 4083 Ecclesiam
2477 4026 2582 4082 sibi
2626 4025 2938 4082 construxit
2976 4032 3030 4080 et
3063 4033 3344 4082 construct
3373 4043 3386 4082 :

1795 4118 2002 4174 excidit
2025 4119 2308 4174 columnas
2336 4125 2564 4190 septem,
2597 4116 2817 4190 quando
2847 4115 2918 4172 iis
2944 4124 3147 4188 septem
3185 4124 3390 4188 tempo-

1796 4208 1948 4264 ribus
1977 4207 2378 4280 praedicatores,
2407 4207 2502 4281 qui
2531 4207 2765 4278 singulis
2808 4205 3149 4280 temporibus
3193 4223 3390 4266 conve-

1795 4296 2001 4365 nirent,
2032 4297 2088 4351 in
2119 4296 2362 4354 Ecclesia
2387 4314 2485 4352 sua
2512 4297 2725 4364 statuit,
2765 4297 2860 4370 qui
2889 4304 2944 4352 et
2974 4296 3202 4351 monitis
3251 4297 3392 4352 salu-

1795 4387 2027 4454 taribus,
2073 4393 2219 4449 504
2263 4395 2318 4442 et
2373 4387 2642 4442 bonorum
2685 4402 2910 4458 operum
2959 4385 3228 4459 exemplis
3271 4402 3388 4444 eam

1796 4485 2181 4533 sustentarent.

1869 4569 2164 4624 Possumus
2193 4575 2246 4624 et
2277 4567 2381 4624 hoc
2407 4565 2555 4639 quod
2587 4565 2730 4621 idem
2762 4565 3020 4621 Salomon
3053 4564 3110 4619 in
3132 4564 3240 4619 alio
3271 4563 3392 4619 loco

1796 4658 1974 4730 ponit,
2003 4657 2192 4714 dicens
2217 4675 2228 4712 :
2278 4683 2296 4705 ι
2325 4659 2405 4713 Da
2435 4663 2643 4727 partem
2687 4663 2916 4726 septem,
2940 4669 3153 4709 necnon
3184 4661 3237 4708 et
3265 4660 3392 4709 octo

1801 4748 1998 4818 (Eccle.
2033 4763 2114 4813 χι,
2158 4747 2240 4817 2),
2268 4769 2286 4793 ι
2328 4744 2460 4800 huic
2512 4751 2712 4800 nostrae
2751 4741 3088 4814 expositioni
3117 4749 3388 4812 coaptare.

1798 4833 2044 4889 Primum
2097 4834 2265 4905 igitur
2328 4831 2682 4904 quaerendum
2739 4833 2900 4889 nobis
2955 4840 3057 4899 est,
3122 4831 3256 4905 quid
3321 4833 3396 4890 sit

1797 4925 1946 4981 unde
1975 4933 2154 4997 partes
2198 4923 2371 4980 facere
2402 4921 2772 4994 praecipimur.
2822 4923 2921 4978 Est
2960 4937 3196 4995 namque
3222 4921 3393 4995 quod-

1797 5014 1921 5070 dam
1945 5014 2174 5081 bonum,
2211 5021 2263 5069 et
2292 5013 2472 5084 ipsum
2511 5019 2592 5068 est
2621 5028 2900 5068 summum
2947 5011 3175 5080 bonum,
3217 5011 3393 5068 chari-

1797 5110 1879 5158 tas
1906 5104 2187 5171 videlicet,
2222 5120 2342 5176 quae
2393 5103 2499 5159 nisi
2539 5103 2800 5175 patiatur,
2849 5103 3151 5175 perfectum
3184 5103 3392 5159 bonum

1799 5208 1910 5246 non
1967 5193 2108 5258 erit;
2169 5193 2406 5264 partitur
2457 5193 2605 5249 enim
2665 5192 2720 5248 in
2773 5191 3124 5248 dilectionem
3170 5193 3291 5260 Dei,
3341 5201 3396 5248 et

1799 5281 2150 5337 dilectionem
2209 5280 2492 5353 proximi:
2550 5299 2669 5354 qua)
2730 5298 2856 5337 cum
2909 5298 3020 5336 una
3083 5281 3174 5348 sit,
3231 5281 3398 5337 habet

1798 5377 1981 5425 tamen
2009 5370 2121 5425 duo
2148 5371 2392 5436 brachia,
2441 5388 2560 5442 qua
2599 5371 3028 5443 circumquaque
3070 5370 3394 5436 extendens,

1798 5470 1852 5516 et
1899 5461 2072 5515 Deum
2120 5458 2464 5524 hominibus,
2515 5467 2568 5514 et
2616 5458 2870 5514 homines
2924 5460 3036 5513 Deo
3084 5457 3392 5527 conjungit.

1799 5548 1939 5605 Sunt
1971 5555 2025 5601 et
2053 5545 2175 5600 dum
2203 5545 2354 5612 vitai,
2389 5561 2495 5599 una
2519 5561 2639 5616 qum
2678 5545 2881 5611 activa,
2924 5545 3094 5600 altera
3123 5559 3244 5614 quae
3267 5558 3394 5598 con-

1801 5633 2124 5708 templativa
2172 5639 2542 5706 nuncupatur.
2584 5631 2819 5690 Dilectio
2860 5629 3101 5704 proximi
3150 5628 3218 5684 ad
3259 5619 3396 5686 acti-
