3880 6198
490 312 599 376 855

1514 318 1608 373 ΑΒ
1646 316 1879 387 OPERA
1916 317 1972 372 S.
2013 317 2345 376 AMBROSII
2384 317 2762 375 APPENDIX.

3727 328 3816 385 856

493 454 641 507 vam,
675 435 901 495 dilectio
931 445 1113 494 autem
1144 439 1240 495 Dei
1273 441 1491 513 proprie
1512 440 1579 496 ad
1600 442 2081 514 contemplativam
2123 446 2172 505 Α
2202 458 2339 514 quos
2393 442 2535 512 vult,
2597 442 2657 498 in
2713 443 2904 500 eodem
2950 444 3325 504 damnationis
3373 449 3638 520 periculo
3679 451 3812 522 justo

489 530 750 601 pertinet.
826 528 1122 584 Possumus
1193 528 1363 600 igitur
1435 546 1530 601 per
1604 537 1808 602 septem
1867 547 2085 588 omnem

488 623 789 679 electorum
837 619 1272 686 multitudinem,
1322 635 1418 691 per
1464 628 1587 677 octo
1626 638 1756 677 vero
1785 622 2085 678 Dominum

488 725 740 772 nostrum
802 715 987 769 Jesum
1046 713 1324 770 Christum
1394 711 1736 785 intelligere;
1805 730 1869 768 eo
1939 713 2085 786 quod

488 816 683 863 octava
707 804 796 860 die
844 803 1224 860 resurrexerit.
1265 803 1450 859 Sancti
1494 803 1678 875 itaque
1724 803 1824 859 Dei
1876 813 2083 875 partem

402 934 409 939 -
486 893 690 949 amoris
741 893 827 947 sui
885 900 1089 963 septem
1147 891 1301 956 dant,
1342 908 1465 947 cum
1525 892 1581 947 in
1619 893 1899 949 exercitiis
1953 892 2081 948 vitae

484 982 679 1038 activae
726 988 1102 1052 occupantur;
1136 980 1394 1037 videlicet
1438 997 1563 1038 cum
1595 998 1781 1038 curam
1829 982 2085 1055 proximo

483 1089 598 1128 non
624 1073 802 1127 solum
829 1070 1126 1138 carnalem,
1152 1069 1247 1126 sed
1276 1078 1330 1126 et
1358 1071 1699 1142 spiritualem
1727 1071 2082 1144 impendunt.

483 1162 629 1217 Dant
678 1159 844 1215 etiam
891 1165 1098 1231 partem
1154 1167 1299 1228 octo,
1348 1176 1473 1216 cum
1521 1176 1613 1216 eos
1669 1177 1823 1216 amor
1867 1161 1967 1217 Dei
2013 1162 2083 1218 ad

484 1248 1005 1320 contemplationem
1035 1247 1153 1320 ejus
1181 1249 1382 1305 iterum
1420 1256 1659 1307 revocat.
1695 1250 1905 1307 Aliter:
1940 1251 2083 1306 Par-

484 1345 590 1393 tem
622 1344 829 1410 septem
854 1338 1070 1405 damus,
1115 1353 1242 1394 cum
1268 1338 1472 1395 sanctis
1499 1340 1600 1394 Dei
1630 1338 1870 1394 debitam
1902 1355 2084 1395 vene-

481 1428 751 1485 rationem
781 1426 1142 1481 exhibemus:
1178 1437 1385 1499 partem
1416 1436 1538 1484 octo
1569 1428 1783 1497 damus,
1806 1445 1932 1486 cum
1965 1431 2080 1486 Deo

481 1517 712 1575 creatori
742 1524 930 1573 nostro
962 1516 1209 1574 debitum
1238 1518 1449 1574 cultum
1486 1517 1875 1591 impendimus.

555 1668 736 1741 (Vers.
763 1670 876 1741 17.)
908 1669 1204 1743 Sequitur:
1246 1672 1323 1727 Et
1358 1688 1475 1726 cum
1514 1670 1757 1727 vidissem
1806 1689 1944 1738 eum,
1993 1689 2085 1727 ce-

444 1746 587 1815 ‘cidi
613 1761 685 1815 ad
708 1761 860 1831 pedes
894 1761 1008 1830 ejus
1055 1766 1306 1831 tanquam
1352 1768 1611 1817 mortuus.
1655 1762 1796 1819 Ecce
1824 1763 2058 1819 Joannes

480 1849 576 1922 qui
611 1848 715 1905 sibi
746 1857 887 1905 stare
916 1849 1226 1918 videbatur,
1255 1849 1380 1906 viso
1409 1849 1668 1919 Domino,
1700 1851 1901 1907 cecidit
1948 1859 2081 1907 tan-

481 1955 644 2012 quam
713 1947 999 2006 mortuus;
1068 1938 1197 2011 quia
1271 1940 1651 2013 unusquisque
1710 1942 1798 1996 vir
1861 1949 2083 1998 sanctus

482 2035 750 2101 quantum
802 2044 857 2083 se
913 2028 982 2084 ad
1037 2028 1516 2100 contemplandum
1574 2028 1927 2086 divinitatem
1985 2030 2133 2087 Deis

479 2117 648 2173 altius
702 2116 959 2184 erexerit,
1014 2124 1167 2172 tanto
1221 2116 1368 2190 apud
1424 2135 1481 2173 se
1529 2117 1802 2173 introrsus
1850 2118 2082 2176 inferius

480 2205 663 2274 cadit;
706 2205 833 2277 quia
874 2204 933 2260 in
980 2204 1388 2278 comparatione
1437 2205 1536 2261 Dei
1582 2205 1700 2277 ejus
1758 2206 2081 2279 magnitudo

480 2310 643 2368 quam
677 2312 845 2368 parva
873 2295 965 2363 sit,
1001 2295 1161 2352 facile
1207 2295 1487 2368 perspicit.
1521 2295 1675 2352 Unde
1721 2304 1774 2352 et
1818 2304 2078 2370 tanquam

480 2392 731 2441 mortuus
773 2385 994 2453 cecidit,
1024 2385 1158 2459 quia
1194 2384 1250 2440 in
1284 2387 1690 2457 comparatione
1719 2386 1815 2442 Dei
1852 2403 1908 2442 se
1937 2387 2078 2443 nihil

480 2492 596 2533 esse
642 2476 940 2549 perspexit.
1001 2475 1086 2532 Ad
1142 2476 1305 2549 pedes
1354 2478 1574 2545 cecidit,
1630 2478 1759 2551 quia
1816 2478 2081 2535 incarna-

483 2565 652 2621 tionis
693 2565 810 2638 ejus
874 2564 1221 2638 mysterium,
1263 2565 1412 2640 quod
1454 2582 1549 2639 per
1582 2566 1746 2639 pedes
1790 2567 2076 2641 ﬁguratur,

481 2670 539 2712 se
592 2656 749 2711 nullo
808 2655 972 2711 modo
1030 2655 1493 2729 comprehendere
1555 2673 1711 2729 posse
1776 2658 2074 2729 perspexit.

481 2746 555 2800 Et
596 2744 778 2816 posuit
824 2761 1041 2799 manum
1085 2762 1233 2799 suam
1275 2762 1431 2816 super
1475 2761 1555 2799 me
1588 2745 1803 2800 decens:
1851 2746 1977 2802 Noli
2004 2746 2080 2801 ti-

479 2850 636 2888 mere.
713 2833 867 2890 Sicut
919 2849 1115 2889 manus
1179 2833 1238 2889 in
1313 2851 1540 2906 corpore
1616 2835 1852 2907 plurima
1913 2834 2078 2891 habet

479 2922 679 2990 ofﬁcia,
710 2922 787 2976 ita
816 2931 869 2978 et
897 2939 1091 2977 manus
1118 2922 1216 2978 Dei
1247 2922 1303 2977 in
1335 2922 1542 2978 divinis
1572 2924 1873 2996 Scripturis
1892 2925 2077 2995 pluri-

478 3026 596 3066 mas
648 3010 1109 3082 signiﬁcationes;
1134 3011 1235 3066 Job
1265 3028 1502 3084 namque
1524 3012 1799 3084 ﬂagellum
1831 3014 1927 3069 Dei
1952 3030 2079 3069 ma-

481 3115 615 3155 num
646 3098 745 3154 Dei
767 3108 947 3168 vocat,
977 3115 1103 3156 cum
1133 3098 1303 3156 dicit:
1347 3125 1365 3148 ε
1395 3101 1615 3157 Manum
1644 3111 1789 3157 tuam
1811 3100 1969 3172 longe
1991 3102 2075 3158 fac

478 3205 511 3245 a
556 3205 666 3258 me,
707 3195 759 3245 et
802 3188 1041 3245 formido
1085 3195 1180 3245 tua
1216 3205 1329 3245 non
1374 3205 1461 3244 me
1516 3197 1717 3245 terreat
1773 3190 1892 3261 (Job
1947 3206 2070 3257 xm,

479 3277 594 3350 21).
629 3303 647 3326 ι
690 3279 761 3334 Et
815 3277 1015 3334 iterum
1061 3278 1254 3335 amicis
1300 3277 1473 3335 dicit:
1517 3302 1535 3326 α
1563 3278 1898 3335 Miseremini
1942 3278 2071 3347 mei,

478 3370 819 3426 miseremini
850 3371 979 3439 mei,
1009 3372 1201 3427 saltem
1233 3387 1331 3426 vos
1359 3369 1522 3426 amici
1555 3370 1660 3425 mei
1685 3388 1698 3437 ;
1725 3368 1853 3442 quia
1880 3385 2073 3425 manus

476 3459 700 3514 Domini
750 3459 931 3530 tetigit
977 3475 1063 3514 me
1112 3459 1232 3531 (Job
1270 3475 1390 3525 XIX,
1448 3458 1562 3528 21).
1596 3482 1613 3505 ι
1647 3459 1782 3514 Nam
1830 3465 1884 3515 et
1916 3459 2074 3514 lere-

479 3547 647 3601 miam
695 3563 859 3601 manu
902 3546 1183 3616 sapientize
1226 3546 1495 3601 Dominus
1543 3547 1743 3618 tetigit,
1780 3547 1923 3602 sicut
1957 3546 2071 3619 ipse

476 3631 651 3688 dicit:
696 3654 714 3678 ι
746 3633 817 3687 Et
858 3631 1010 3686 misit
1039 3632 1308 3688 Dominus
1343 3648 1565 3687 manum
1591 3649 1767 3700 suam,
1799 3640 1853 3688 et
1894 3633 2075 3706 tetigit

478 3736 541 3776 os
570 3736 775 3790 meum,
814 3728 869 3777 et
915 3720 1061 3776 dixit
1094 3720 1270 3777 mihi:
1309 3722 1450 3777 Ecce
1497 3722 1624 3778 dedi
1655 3723 1821 3777 verba
1850 3739 1970 3778 mea
2014 3722 2072 3779 in

477 3824 572 3866 ore
621 3816 717 3865 tuo
763 3809 976 3882 (Jerem.
1009 3828 1050 3879 ι,
1081 3810 1161 3882 9).
1194 3834 1212 3857 ι
1257 3810 1527 3867 Similiter
1567 3820 1622 3868 et
1666 3811 1858 3867 Daniel
1905 3829 2075 3870 manu

476 3898 901 3957 confortationis
921 3900 1018 3957 Dei
1052 3908 1230 3957 tactus
1258 3906 1358 3969 est,
1393 3901 1611 3973 quando
1643 3908 1863 3974 propter
1894 3902 2074 3958 visio-

476 4004 602 4045 nem
632 3990 931 4063 angelicam
958 3989 1016 4047 in
1035 3999 1180 4047 terra
1211 3998 1512 4064 prostratus
1531 3990 1739 4064 jacens,
1757 4009 1979 4047 manum
2003 3990 2071 4048 ad

475 4093 531 4133 se
555 4078 775 4136 missam
809 4081 973 4150 vidit,
996 4097 1115 4154 quae
1148 4098 1273 4137 eum
1303 4081 1660 4150 confortavit,
1686 4080 1780 4137 cui
1807 4090 1862 4137 et
1890 4080 2066 4137 dixit:

490 4191 508 4214 ι
538 4168 804 4240 Loquere,
835 4171 1090 4239 Domine,
1121 4172 1382 4244 quoniam
1430 4171 1752 4229 confortasti
1783 4186 1868 4226 me
1901 4171 2067 4242 (Dan.

474 4271 534 4322 ι,
566 4255 677 4326 19).
715 4281 733 4305 ι
780 4258 888 4314 Hac
916 4275 1042 4330 ergo
1071 4260 1491 4317 confortationis
1528 4277 1694 4316 manu
1723 4259 1865 4316 idem
1898 4260 2072 4315 Joan-

474 4359 570 4399 nes
598 4350 776 4399 tactus
804 4351 903 4413 est,
936 4362 1057 4418 quze
1084 4363 1210 4403 eum
1240 4364 1309 4404 ne
1337 4365 1394 4404 se
1426 4349 1570 4404 ultra
1600 4347 1823 4403 modum
1854 4346 2067 4420 dejice—

474 4440 557 4488 ret
581 4431 947 4490 confortando
976 4434 1171 4491 erexit.

2189 532 2403 604 judicio
2434 549 2717 591 remanere
2741 534 2899 592 sinit.

2269 623 2450 695 (Vera.
2498 624 2612 696 19.)
2656 649 2674 671 ι
2703 625 2879 682 Scribe
2920 642 3041 698 ergo
3069 644 3185 698 quae
3210 628 3422 699 vidisti,
3457 636 3510 685 et
3536 648 3658 701 quae
3682 644 3809 705 siml,

2194 718 2241 766 et
2269 728 2387 782 quw
2416 719 2626 783 oportet
2640 714 2761 785 ﬁeri
2778 722 2899 786 post
2926 716 3050 772 hac.
3083 716 3184 773 Hic
3214 716 3577 777 demonstrat
3621 738 3727 777 non
3762 742 3808 781 se

2194 799 2261 855 de
2308 803 2678 872 praesentibus
2719 810 2774 859 et
2816 803 3020 861 futuris
3061 806 3485 876 tantummodo,
3539 810 3637 865 sed
3666 820 3717 867 et
3752 813 3810 871 de

2195 889 2487 960 praeteritis
2518 893 2865 965 prophetiam
2904 895 3168 951 texuisse.
3199 897 3382 953 Scribe
3423 915 3552 970 ergo
3593 917 3711 971 qua
3747 905 3805 957 ti-

2194 979 2339 1047 disti,
2390 980 2448 1036 id
2489 989 2591 1051 est,
2631 1000 2751 1056 quas
2799 983 2866 1041 de
2910 986 3203 1058 praeteritis
3233 988 3340 1044 tibi
3371 998 3604 1046 ostensa
3652 1001 3804 1048 sunt:

2194 1086 2309 1139 quce
2360 1078 2501 1140 sunt,
2530 1079 2597 1160 let
2640 1090 2757 1144 qua:
2812 1081 3015 1147 oportet
3058 1077 3180 1149 ﬁeri
3224 1083 3349 1149 post
3407 1080 3541 1149 hinc,
3601 1080 3662 1136 id
3713 1092 3804 1150 est,

2196 1160 2485 1230 praesentia
2512 1170 2566 1218 et
2594 1161 2802 1222 futura.

2267 1251 2449 1322 (Vers.
2487 1250 2603 1325 20.)
2649 1254 2962 1325 Mysterium
3004 1264 3195 1329 septem
3232 1261 3523 1315 stellarum
3567 1278 3699 1331 quas
3728 1262 3805 1316 ei-

2193 1340 2320 1395 disti
2365 1341 2421 1395 in
2459 1342 2676 1398 dextera
2722 1360 2855 1412 mea,
2898 1353 2948 1402 ιι
2991 1352 3184 1418 septem
3237 1350 3571 1406 candelabra
3625 1368 3801 1407 aurea.

2194 1427 2531 1486 Subauditur
2551 1431 2685 1517 quid
2713 1433 3051 1505 signiﬁcent.
3086 1436 3231 1504 Quid
3251 1447 3436 1495 autem
3464 1440 3799 1509 signiﬁcent,

2193 1519 2479 1577 subdendo
2534 1522 2880 1579 manifestat:
2934 1526 3157 1596 Septem,
3206 1526 3413 1600 inquit,
3446 1531 3618 1585 stella
3642 1533 3802 1601 angeli

2192 1617 2315 1666 sunt
2341 1619 2530 1683 septem
2558 1615 2939 1683 Ecclesiarum,
2970 1621 3018 1670 et
3067 1621 3257 1687 septem
3284 1620 3621 1676 candelabra
3650 1639 3801 1677 aurea

2192 1707 2381 1772 septem
2407 1704 2657 1758 Ecalesite
2684 1710 2831 1760 sunt.
2865 1704 3081 1776 Septem
3115 1705 3285 1777 igitur
3314 1710 3548 1781 angelos
3578 1718 3801 1767 rectores

2064 1807 2079 1833 ι
2107 1805 2154 1867 Β
2196 1798 2401 1862 septem
2433 1792 2806 1849 Ecclesiarum
2829 1792 3093 1850 debemus
3109 1794 3443 1869 intelligere,
3467 1816 3536 1855 eo
3557 1802 3706 1874 quod
3719 1819 3799 1857 an-

2192 1882 2343 1954 gelus
2369 1882 2599 1939 nuntius
2639 1883 3070 1956 interpretatur:
3103 1893 3159 1941 et
3190 1886 3286 1958 qui
3316 1888 3556 1945 verbum
3588 1892 3686 1947 Dei
3717 1909 3798 1964 po-

2192 1971 2338 2044 pulis
2365 1973 2720 2043 annuntiant,
2751 1990 2863 2030 non
2897 1976 3358 2033 inconvenienter
3386 1980 3600 2052 angeli,
3626 1981 3682 2037 id
3723 1991 3796 2039 est

2192 2061 2412 2131 nuntii,
2432 2071 2724 2120 vocantur.
2757 2065 2831 2120 Et
2859 2064 3005 2122 sicut
3033 2082 3129 2138 per
3159 2074 3366 2139 septem
3398 2068 3797 2128 Ecclesiasuna

2188 2147 2436 2207 Ecclesia
2491 2152 2786 2223 catholica,
2837 2154 2916 2211 ita
2957 2162 3012 2209 et
3054 2171 3150 2228 per
3188 2164 3399 2229 septem
3452 2168 3697 2217 rectores
3723 2178 3793 2218 se-

2190 2251 2338 2316 ptem
2369 2244 2764 2315 Ecclesiarum,
2792 2264 2985 2308 omnes
3013 2258 3251 2309 rectores
3277 2252 3549 2312 Ecclesiae
3576 2256 3794 2314 catholi-

2189 2348 2265 2389 cze
2294 2332 2671 2405 designantur.

2261 2430 2488 2489 CAPUT
2514 2434 2585 2489 ΙΙ.
2605 2464 2677 2476 —-
2695 2434 2876 2506 (Vers.
2915 2437 2993 2508 1.)
3021 2439 3095 2494 Et
3112 2441 3297 2510 angelo
3324 2441 3585 2499 Ecclesia
3610 2443 3793 2514 Ephesi

2188 2519 2391 2576 scribe:
2440 2522 2562 2577 Haec
2588 2522 2718 2577 dicit
2743 2524 2837 2594 qui
2866 2532 2999 2582 tenet
3027 2533 3218 2598 septem
3259 2530 3443 2585 stellas
3495 2531 3557 2585 in
3588 2532 3791 2587 dextera

2187 2627 2307 2679 sua,
2368 2612 2460 2681 qui
2519 2612 2760 2668 ambulat
2804 2614 2863 2668 in
2910 2616 3076 2671 medio
3109 2624 3298 2688 septem
3350 2621 3789 2677 candelabrorum

2186 2714 2494 2755 aureorum.
2528 2700 2630 2757 Per
2650 2702 2933 2758 dexteram
2953 2702 3056 2760 Dei
3079 2712 3318 2777 potestas
3336 2706 3438 2763 Dei
3460 2707 3522 2763 in
3547 2708 3657 2765 hoc
3684 2709 3790 2765 loco

2186 2793 2369 2859 potest
2407 2787 2724 2860 designari;
2766 2807 2862 2862 per
2906 2792 3113 2861 stellas,
3166 2794 3342 2852 sancti
3389 2796 3784 2866 praedicatores.

2186 2875 2374 2933 Sancti
2440 2877 2613 2950 igitur
2672 2878 3057 2951 praedicatores
3112 2898 3280 2939 manu
3336 2883 3440 2940 Dei
3504 2891 3784 2954 tenentur;

2187 2964 2321 3036 quia
2357 2967 2425 3022 ab
2456 2967 2578 3039 ipso
2617 2968 2994 3040 gubernantur
3040 2978 3094 3027 et
3121 2980 3407 3044 reguntur,
3450 2981 3508 3029 et
3533 2976 3644 3047 ipsi
3670 2984 3787 3032 sunt

2185 3056 2453 3127 copulati,
2502 3058 2648 3117 sicut
2689 3059 2804 3132 ipse
2849 3061 2910 3117 in
2939 3063 3246 3135 Evangelio
3276 3065 3533 3136 loquitur
3568 3067 3782 3124 dicens:

2104 3161 2153 3224 ρ
2199 3167 2218 3190 ι
2255 3143 2409 3200 Sicut
2463 3148 2670 3218 palmes
2728 3164 2842 3204 non
2907 3157 3086 3221 potest
3146 3151 3290 3208 ferre
3355 3154 3633 3225 fructum,
3687 3157 3784 3211 nisi

2181 3235 2443 3291 manserit
2471 3237 2531 3292 in
2561 3236 2710 3307 vite;
2742 3238 2823 3295 sic
2858 3247 2914 3295 et
2948 3256 3069 3310 vos,
3102 3242 3210 3298 nisi
3236 3242 3294 3298 in
3324 3259 3411 3301 me
3457 3245 3781 3303 manseritis-

2182 3324 2366 3394 (Joan.
2414 3343 2514 3393 xv,
2567 3326 2649 3398 4).
2685 3352 2704 3376 ι
2746 3330 2810 3385 In
2856 3329 3039 3386 medio
3095 3346 3230 3387 vero
3283 3340 3495 3404 septem
3544 3336 3781 3394 candelat

2182 3413 2411 3471 brorum
2456 3432 2758 3474 aureorum
2791 3418 3044 3477 Christus
3073 3421 3341 3491 ambulat,
3369 3424 3517 3480 sicut
3548 3426 3663 3499 ipse
3688 3426 3784 3483 dici

2183 3503 2451 3574 propheta
2483 3522 2495 3559 :
2546 3528 2563 3552 ι
2602 3505 2934 3564 Inhabitabo
2960 3509 3106 3565 inter
3131 3508 3280 3578 illos,
3311 3518 3365 3567 et
3395 3513 3773 3571 inambulabo:

2183 3600 2238 3647 et
2275 3607 2371 3648 ero
2415 3592 2641 3650 illorum
2688 3596 2855 3664 Deus,
2900 3603 2956 3654 et
2998 3597 3105 3671 ipsi
3154 3608 3316 3655 erunt
3355 3600 3501 3658 mihi
3557 3604 3774 3676 populus

2185 3680 2373 3752 (Leuit.
2403 3698 2566 3752 xxvr,
2597 3683 2709 3755 12).
2744 3709 2764 3733 ι

2257 3778 2437 3850 (Vera.
2502 3779 2586 3852 2.)
2648 3782 2766 3838 Scio
2821 3799 2987 3854 opera
3044 3790 3155 3840 tua.
3223 3785 3305 3841 Ea
3356 3786 3623 3846 videlicet
3665 3806 3769 3863 qua

2181 3867 2495 3939 operabaris
2523 3871 2699 3941 prius,
2747 3879 3041 3946 antequam
3072 3874 3448 3947 refrigesceret
3494 3878 3554 3933 in
3586 3887 3637 3935 te
3662 3878 3768 3934 cha-

2181 3956 2334 4012 ritas.
2366 3958 2439 4015 Et
2470 3960 2705 4015 laborem
2734 3968 2781 4016 et
2808 3963 3121 4032 patientiam
3141 3970 3307 4033 tuam,
3338 3966 3397 4023 id
3425 3976 3512 4023 est
3541 3984 3767 4041 persecu-

2180 4045 2379 4115 tiones,
2437 4064 2572 4121 quas
2617 4066 2717 4122 pro
2770 4051 2998 4109 nomine
3054 4069 3175 4111 meo
3224 4055 3504 4127 patienter
3563 4060 3764 4115 toleras.

2180 4136 2255 4190 Et
2313 4152 2419 4190 non
2470 4144 2615 4209 potes
2670 4140 2928 4197 sustinere
2978 4145 3146 4199 malos
3207 4145 3424 4217 (Matth.
3484 4164 3611 4216 xm,
3662 4149 3767 4218 29).

2181 4221 2319 4279 Cum
2360 4223 2642 4296 Scriptura
2693 4227 2889 4283 divina
2944 4217 3106 4286 nobis
3138 4231 3423 4304 praecipiat
3469 4242 3531 4289 ut
3576 4217 3767 4291 tolere-

2179 4327 2304 4367 mus
2348 4312 2552 4381 malos;
2611 4330 2712 4370 cur
2752 4315 2845 4373 hic
2875 4317 3150 4387 laudatur,
3201 4320 3349 4391 quod
3382 4337 3500 4378 non
3542 4323 3765 4395 potuerit

2178 4400 2450 4456 sustinere
2476 4402 2691 4459 malos?
2716 4404 2823 4461 Sed
2851 4406 2919 4462 de
2962 4406 3235 4464 haereticis
3275 4409 3420 4465 mihi
3448 4411 3662 4468 dictum
3692 4412 3764 4467 vi-

2095 4521 2146 4579 D
2178 4489 2340 4579 detur
2371 4509 2384 4558 ;
2418 4509 2544 4549 nam
2578 4495 2961 4566 proximorum
2992 4497 3137 4552 mala
3165 4498 3467 4572 aliquando
3492 4501 3764 4574 reprehen-

545 4582 726 4653 (Vers.
754 4582 867 4654 18.)
897 4583 1012 4654 Ego
1041 4598 1159 4638 sum
1181 4584 1394 4655 primus
1419 4589 1469 4638 et
1493 4583 1825 4639 novissimus.
1855 4583 1912 4640 Si
1942 4583 2066 4655 pri—
2100 4578 2131 4579 ί
2173 4578 2353 4635 dendo
2382 4581 2653 4654 corrigere
2687 4582 2973 4652 debemus,
3006 4591 3252 4658 tempore
3290 4587 3552 4647 videlicst
3588 4606 3765 4663 Oppor-

470 4686 612 4738 mus,
644 4687 745 4727 cur
771 4671 919 4729 dixit
945 4671 1111 4728 Arius
1140 4672 1348 4729 Filium
1378 4672 1478 4729 Dei
1507 4672 1732 4728 initium
1762 4671 2020 4729 habuisse
2042 4673 2071 4729 ?

467 4760 526 4817 Si
556 4761 705 4818 enim
748 4761 972 4819 initium
1002 4761 1219 4832 habuit,
1252 4777 1364 4818 non
1406 4760 1523 4833 ipse
1562 4761 1795 4834 primus,
1829 4760 1924 4817 sed
1952 4760 2068 4833 ipse

466 4864 499 4904 a
526 4864 637 4922 quo
671 4850 895 4908 initium
937 4850 1193 4922 sumpsit,
1234 4850 1361 4906 fuit.
1412 4850 1630 4906 Primus
1661 4865 1790 4923 ergo
1847 4856 1902 4905 et
1956 4866 2069 4906 no-

465 4936 728 4996 vissimus
772 4940 888 5013 ipse
915 4947 1015 5008 est,
1062 4940 1192 5015 quia
1231 4939 1396 4997 sicuti
1441 4940 1606 4996 ﬁnem
1657 4955 1767 4996 non
1815 4938 2061 5008 habebit,

462 5024 545 5082 sic
572 5041 674 5084 nec
701 5027 926 5085 initium
956 5029 1169 5086 habuit.
1217 5031 1293 5086 Et
1319 5029 1404 5100 fui
1433 5035 1694 5098 mortuus,
1724 5036 1772 5084 et
1806 5046 1913 5085 ecce
1940 5046 2061 5085 sum

460 5112 639 5168 vivens
680 5115 736 5170 in
774 5118 966 5173 saecula
1010 5120 1342 5175 sacellorum.
1393 5119 1509 5176 Hoc
1540 5118 1894 5174 manifestum
1955 5125 2055 5175 est.

457 5204 535 5260 Et
564 5206 723 5262 habeo
751 5209 922 5264 claves
947 5210 1134 5265 mortis
1166 5215 1216 5264 et
1242 5209 1460 5281 inferni.
1495 5210 1601 5278 Qui
1625 5211 1837 5267 clavem
1888 5209 2062 5267 alicu-

452 5290 546 5363 jus
573 5292 771 5352 domus
808 5286 993 5363 habet,
1030 5313 1192 5370 quem
1236 5298 1379 5367 vult,
1413 5298 1776 5367 intromittit;
1805 5305 1861 5354 et
1888 5313 2058 5372 quem

458 5381 598 5449 vult,
629 5382 698 5438 ab
743 5383 992 5456 ingressu
1035 5385 1233 5441 domus
1280 5386 1517 5457 repellit.
1551 5386 1652 5442 Per
1684 5387 1895 5443 clavem
1927 5403 2057 5460 ergo

456 5476 692 5539 potestas
733 5472 863 5528 Filii
895 5473 995 5529 Dei
1026 5472 1374 5546 intelligitur.
1425 5473 1621 5530 Claves
1652 5475 1822 5548 igitur
1858 5477 2058 5533 mortis

455 5563 510 5611 et
548 5558 750 5615 inferni
781 5560 895 5632 ipse
925 5560 1198 5631 possidet;
1246 5562 1376 5633 quia
1402 5578 1540 5634 quos
1572 5564 1714 5631 vult,
1744 5581 1777 5621 a
1810 5563 2058 5620 damna-

454 5641 607 5701 tione
662 5648 856 5704 mortis
893 5655 1171 5722 perpetuas
1225 5649 1657 5708 misericorditer
1712 5652 1945 5722 liberat;
1998 5661 2056 5711 et

2180 4677 2352 4725 tunc:
2427 4669 2727 4743 aliquando
2800 4672 3071 4744 patienter
3140 4674 3428 4744 tolerare;
3509 4686 3573 4735 ut
3642 4693 3766 4752 quos

2177 4758 2448 4816 correctio
2473 4776 2587 4816 non
2617 4760 2897 4831 emendat,
2944 4761 3208 4834 patientia
3234 4763 3305 4820 ad
3333 4768 3764 4825 emendationem

2177 4855 2455 4919 provocet.
2488 4848 2628 4905 Sunt
2655 4866 2892 4924 namque
2921 4851 3196 4921 nonnulli,
3243 4854 3339 4927 qui
3378 4857 3765 4927 reprehendere

2176 4936 2459 5008 proximos
2487 4938 2764 5004 nesciunt,
2806 4938 2914 4995 nisi
2944 4938 3027 4995 ira
3055 4939 3405 4999 inﬂammati.
3439 4945 3649 5001 Horum
3678 4945 3763 5001 ali-

2175 5025 2299 5097 quis
2329 5025 2375 5082 si
2423 5043 2535 5083 non
2587 5028 2768 5084 solum
2825 5044 2925 5101 pro
2974 5038 3189 5101 magna,
3220 5047 3417 5089 verum
3464 5036 3631 5091 etiam
3675 5050 3762 5107 pro

2174 5130 2343 5187 parva
2369 5115 2554 5189 aliqua
2589 5133 2647 5173 re
2676 5124 2870 5174 contra
2897 5117 3216 5189 proximum
3242 5131 3559 5180 commotus
3585 5123 3758 5190 fuerit,

2172 5205 2365 5263 tandiu
2406 5207 2545 5264 iram
2581 5208 2642 5264 in
2669 5208 2833 5265 corde
2863 5216 3056 5282 gestat,
3085 5226 3258 5283 usque
3306 5211 3439 5270 dum
3472 5215 3533 5270 in
3561 5213 3759 5272 actibus

2171 5297 2411 5369 proximi
2453 5298 2671 5372 aliquid
2718 5299 2925 5369 videat,
2957 5300 3103 5373 quod
3136 5302 3536 5374 reprehendere
3561 5304 3752 5378 possit:

2170 5395 2225 5445 et
2273 5395 2407 5446 tunc
2445 5390 2602 5446 laetus
2639 5389 2900 5459 efﬁcitur,
2941 5407 3069 5448 cum
3108 5392 3556 5464 reprehensionis
3592 5393 3753 5451 vindi-

2166 5484 2309 5534 ctam
2341 5478 2600 5552 proximo
2625 5480 2897 5537 intulerit.
2918 5480 3080 5549 Quod
3098 5481 3145 5537 si
3166 5482 3334 5539 alicui
3350 5483 3558 5541 viderit
3580 5483 3752 5556 displi-

2165 5568 2363 5637 cuisse,
2394 5568 2533 5626 dicit
2570 5586 2626 5625 se
2672 5570 2790 5625 zelo
2818 5570 2920 5627 Dei
2950 5570 3056 5629 hoc
3085 5570 3297 5628 fecisse.
3331 5572 3419 5628 Ad
3450 5582 3506 5628 te
3532 5590 3658 5646 ergo
3685 5572 3749 5626 lo-

2165 5670 2326 5729 quor,
2388 5657 2484 5731 qui
2537 5656 2666 5716 talis
2715 5674 2794 5717 es.
2857 5658 2969 5720 Cur
3015 5658 3217 5734 quaeris
3255 5659 3449 5720 fallere
3490 5676 3619 5720 eum
3662 5659 3746 5734 qui
