3880 6198
192 307 307 363 857

1089 300 1548 361 BERENGAUDI
1586 297 1960 357 EXPOSITIO
1999 298 2070 355 IN
2107 295 2612 354 APOCALYPSIN.

3395 292 3501 350 858

194 430 422 488 occulta
447 427 695 500 cordium
725 426 1083 485 considerat?
1106 426 1163 482 Si
1189 426 1337 482 zelus
1366 424 1466 481 Dei
1492 425 1550 480 in
1588 431 1643 479 te
1680 430 1786 491 est,
1817 425 1869 484 Α
1898 420 2145 478 Ecclesia
2168 420 2351 476 locum
2393 435 2554 475 suum
2589 417 2799 491 perdet,
2830 434 2953 474 cum
2988 417 3271 489 Scriptura
3298 416 3447 472 dicat
3481 433 3493 471 :

194 535 305 575 cur
341 517 488 574 oculi
514 517 595 573 tui
630 532 725 589 per
748 517 965 572 diversa
992 521 1138 579 505
1166 522 1435 588 vagantur
1476 528 1626 568 more
1664 511 1795 567 dia-

197 614 407 685 bolico,
440 614 755 671 desiderans
783 615 988 670 malum
1016 613 1199 686 potius
1246 612 1434 668 videre
1476 624 1639 683 quam
1686 610 1796 665 bo-

198 722 361 773 num,
392 705 710 761 desiderans
747 706 804 760 in
852 705 1105 777 proximo
1149 703 1336 760 videre
1379 703 1606 771 malum,
1648 700 1796 775 quod

199 795 592 867 reprehendas,
648 811 760 851 non
806 795 1036 862 bonum,
1081 794 1228 851 unde
1275 792 1609 850 aedificeris?
1656 792 1796 848 Sunt

198 885 371 941 etiam
429 883 612 949 multi,
666 883 760 956 qui
804 899 896 939 eos
923 900 955 938 a
984 883 1186 956 quibus
1231 884 1471 955 aliquam
1533 880 1795 953 injuriam

200 973 570 1043 pertulerunt,
602 972 766 1029 etiam
800 990 898 1046 pro
930 973 1177 1029 minimis
1200 972 1418 1029 delictis
1447 971 1798 1044 impatienter

200 1064 593 1121 insectantur:
653 1080 747 1119 eos
797 1080 929 1119 vero
984 1079 1122 1136 quos
1178 1063 1440 1136 diligunt,
1472 1079 1585 1119 non
1614 1064 1794 1120 solum

201 1170 319 1210 non
373 1152 799 1225 reprehendunt,
850 1153 1104 1225 quamvis
1146 1153 1385 1226 graviter
1427 1153 1791 1226 deliquerint;

198 1243 303 1299 sed
327 1243 490 1299 etiam
521 1249 634 1298 tota
664 1242 870 1298 virtute
896 1242 1218 1299 defendunt.
1269 1243 1313 1299 Ο
1362 1242 1561 1297 infelix
1606 1241 1795 1297 amici-

200 1332 307 1399 tia,
336 1347 455 1404 quas
489 1332 648 1387 illum
679 1348 841 1404 quem
869 1331 1054 1402 diligit
1084 1331 1313 1388 tacendo
1350 1339 1405 1387 et
1452 1330 1797 1388 defendendo

198 1420 429 1476 diabolo
455 1419 622 1476 tradit
653 1436 665 1473 :
699 1420 859 1476 illum
901 1437 1032 1477 vero
1052 1422 1141 1477 cui
1174 1421 1346 1476 iratus
1372 1426 1474 1488 est,
1506 1418 1797 1490 reprehen-

198 1509 390 1566 dendo
419 1526 451 1565 a
479 1509 699 1565 diabolo
727 1508 1027 1566 abstrahit!
1063 1509 1344 1567 Correctio
1373 1525 1501 1580 ergo
1532 1508 1629 1563 illa
1647 1506 1799 1578 justa

199 1609 309 1669 est,
340 1617 459 1674 qua:
515 1616 585 1656 ex
626 1600 725 1656 Dei
751 1600 868 1656 zelo
896 1607 951 1656 et
977 1616 1162 1656 amore
1196 1600 1437 1655 fraterno
1467 1596 1750 1654 descendit
1780 1613 1791 1651 :

200 1706 331 1761 quae
358 1706 469 1745 non
498 1699 720 1762 pr0pter
740 1689 879 1745 iram
902 1688 1312 1757 vindicandam,
1330 1688 1424 1745 sed
1441 1695 1663 1760 propter
1683 1685 1797 1741 ani-

1916 532 1935 556 ‹
1964 511 2084 565 Non
2120 509 2423 565 morientur
2460 516 2639 580 patres
2686 525 2785 580 pro
2823 507 2975 575 filiis,
3032 522 3207 580 neque
3258 505 3359 561 ﬁlii
3397 520 3498 577 pro

1902 598 2149 670 patribus
2173 599 2289 654 suis
2321 615 2331 651 :
2364 597 2459 653 sed
2485 596 2863 669 unusquisque
2893 596 2951 652 in
2996 603 3219 668 peccato
3246 610 3346 650 suo
3380 610 3492 650 mo-

1904 686 2076 742 rietur
2120 688 2334 757 (Jerem.
2388 704 2548 753 xxxx,
2602 686 2691 754 29,
2739 685 2883 753 30)?
2922 711 2940 734 ›
3007 685 3111 741 Sed
3160 700 3256 757 per
3315 684 3497 739 locum

1904 776 2124 831 videtur
2162 775 2300 831 mihi
2339 792 2565 845 merces,
2596 792 2722 848 qum
2772 774 2856 830 illi
2909 791 3007 846 pro
3054 774 3314 845 pastorali
3361 789 3538 829 cura.

1903 865 2222 934 debebatur,
2251 864 2545 937 designari,
2576 872 2638 920 ut
2679 864 2751 919 sit
2779 880 2969 919 sensus
3003 880 3013 917 :
3053 863 3170 918 Nisi
3215 862 3501 934 poeniten-

1905 955 2037 1010 tiam
2090 955 2263 1026 egeris
2310 970 2408 1025 pro
2454 970 2519 1009 eo
2549 953 2694 1027 quod
2724 952 3045 1008 charitatem
3078 960 3231 1007 tuam
3264 951 3497 1022 primam
3548 975 3555 983 -

1903 1042 2195 1116 reliquisti,
2226 1050 2280 1098 et
2309 1042 2377 1098 ad
2406 1042 2581 1115 prima
2607 1057 2769 1113 opera
2798 1057 2909 1097 non
2939 1039 3201 1103 redieris;
3259 1046 3320 1093 ut
3350 1037 3499 1110 quod

1904 1148 1998 1188 ore
2043 1130 2325 1204 praedicas,
2356 1148 2516 1203 opere
2552 1131 2777 1202 impleas
2811 1122 2842 1185 τ’
2860 1128 3189 1196 mercedem,
3237 1144 3358 1201 qua:
3394 1125 3501 1183 tibi

1904 1238 2003 1294 pro
2031 1222 2289 1295 pastorali
2318 1238 2448 1279 cura
2481 1221 2801 1289 debebatur,
2831 1220 3172 1276 subtraham.

1978 1330 2157 1402 (Vers.
2188 1329 2267 1400 6.)
2311 1353 2329 1377 ε
2364 1329 2467 1386 Sed
2500 1329 2603 1385 hoc
2640 1328 2807 1384 habes
2839 1327 3123 1399 (videlicet
3165 1333 3225 1381 ut
3252 1325 3501 1382 candela-

1905 1417 2065 1473 brum
2083 1434 2193 1474 non
2216 1418 2524 1489 moveatur)
2552 1417 2681 1491 quia
2706 1416 2874 1473 odisti
2904 1416 3046 1472 facta
3070 1415 3499 1482 Nicolaitarum,

1905 1522 2026 1579 quae
2056 1514 2109 1562 et
2137 1523 2235 1579 ego
2264 1506 2355 1563 odi
2388 1507 2490 1578 (7).
2527 1530 2544 1551 ι
2600 1507 2670 1561 Et
2701 1515 2781 1562 est
2822 1521 3013 1561 sensus
3058 1524 3068 1561 :
3119 1506 3224 1560 Pro
3254 1520 3318 1559 eo
3351 1502 3501 1576 quod

1907 1594 2071 1651 odisti
2105 1596 2249 1652 facta
2278 1595 2701 1662 Nicolaitarum,
2746 1611 2866 1667 quae
2905 1603 2958 1649 et
2987 1609 3085 1666 ego
3123 1592 3237 1660 odi,
3291 1607 3498 1648 merces

1907 1703 2027 1760 quas
2060 1686 2159 1742 tibi
2210 1702 2310 1757 pro
2357 1685 2616 1757 pastorali
2661 1700 2793 1740 cura
2837 1682 3157 1749 debebatur,
3187 1680 3371 1738 adhuc
3398 1678 3510 1735 tibi

200 1796 357 1836 mam
386 1778 624 1852 proximi
654 1778 970 1835 salvandam
996 1778 1290 1851 profertur.
1308 1778 1510 1833 Verum
1530 1776 1658 1849 quia
1681 1775 1801 1831 haec
1835 1781 1880 1841 Β
1914 1782 2116 1830 manet.
2148 1774 2432 1831 Nicolaitze
2456 1789 2588 1829 vero
2609 1780 2764 1828 erant
2793 1772 3057 1838 haeretici,
3087 1787 3224 1843 quos
3254 1768 3509 1842 superius

198 1868 399 1940 paucis
443 1867 709 1935 diximus,
758 1867 827 1923 ad
876 1882 939 1922 ea
976 1884 1097 1941 quas
1150 1867 1439 1939 coepimus,
1491 1866 1797 1921 redeamus.

196 1958 384 2029 Igitur
410 1957 515 2013 hoc
542 1957 689 2029 quod
718 1956 938 2029 praesuli
969 1955 1231 2013 Ecclesia
1268 1955 1472 2028 Ephesi
1504 1972 1535 2010 a
1562 1955 1803 2012 Domino

193 2048 413 2104 dicitur
445 2064 455 2102 :
492 2049 631 2116 Quia
657 2066 764 2103 non
789 2054 934 2118 potes
965 2048 1221 2102 sustinere
1249 2049 1439 2115 malos,
1467 2047 1534 2103 de
1564 2046 1798 2103 haereti-

195 2137 288 2194 cis
318 2136 582 2193 debemus
610 2135 955 2208 intelligere;
990 2135 1170 2190 omnis
1197 2135 1343 2190 enim
1383 2122 1479 2207 qui
1508 2144 1693 2208 pastor
1721 2143 1804 2191 est

198 2224 496 2290 Ecclesiae,
528 2223 844 2280 societatem
875 2223 1284 2289 haereticorum,
1314 2231 1578 2296 quantum
1607 2232 1805 2296 potest,

198 2313 389 2368 vitare
441 2311 647 2379 debet;
734 2328 803 2368 ne
858 2327 955 2383 per
1010 2311 1354 2369 occasionem
1412 2312 1810 2369 familiaritatis

200 2417 403 2459 eorum
458 2399 628 2456 corda
697 2399 1038 2472 simplicium
1116 2416 1330 2456 veneno
1404 2417 1517 2457 sum
1585 2400 1811 2457 malitias

202 2498 590 2562 corrumpant.
623 2489 778 2547 Sicut
822 2490 968 2546 enim
1005 2490 1168 2563 lupus
1216 2491 1435 2563 quietus
1486 2492 1631 2546 inter
1681 2507 1812 2547 oves

209 2580 338 2636 sine
395 2579 723 2636 laceratione
764 2580 1080 2636 earumdem
1111 2580 1301 2636 ovium
1332 2580 1537 2636 versari
1567 2596 1679 2636 non
1718 2596 1810 2651 po-

212 2674 345 2734 test,
377 2667 457 2723 sic
483 2684 583 2724 nec
608 2666 904 2725 haereticus
964 2667 1108 2724 inter
1154 2668 1453 2741 simplices.
1504 2669 1764 2742 Sequitur
1796 2685 1808 2724 :

212 2757 292 2811 Et
319 2754 526 2810 tentasti
553 2771 655 2821 eos,
687 2756 781 2825 qui
809 2771 864 2810 se
899 2756 1082 2811 dicunt
1124 2759 1391 2828 apostolos
1443 2774 1567 2824 esse,
1607 2763 1655 2811 et
1706 2771 1815 2811 non

214 2848 380 2909 sunt;
437 2849 488 2898 et
536 2842 781 2898 invenisti
820 2862 904 2900 eos
941 2845 1226 2901 mendaces.
1260 2845 1494 2913 Quidam
1526 2862 1694 2917 prava
1719 2844 1812 2900 do-

215 2939 407 2989 centes
445 2931 785 3003 temporibus
831 2935 1229 3004 apostolorum,
1278 2934 1553 3006 apostolos
1599 2949 1656 2989 se
1699 2949 1815 2989 esse

215 3019 512 3088 dicebant;
546 3028 607 3076 ut
645 3037 741 3093 per
769 3023 1134 3078 reverentiam
1166 3023 1409 3079 nominis
1451 3022 1672 3079 facilius
1697 3038 1813 3094 pra-

219 3125 351 3164 vam
380 3107 688 3164 doctrinam
729 3109 788 3164 in
816 3108 1080 3166 cordibus
1106 3110 1450 3165 audientium
1482 3110 1812 3180 plantarent.

219 3199 336 3253 Hos
386 3206 441 3253 et
494 3199 775 3270 apostolus
802 3200 1005 3255 Paulus
1029 3198 1255 3255 damnat
1296 3200 1384 3271 (II
1414 3200 1541 3256 Cor.
1574 3215 1634 3267 x,
1668 3199 1757 3270 12)
1798 3216 1810 3253 ;

217 3295 277 3344 et
312 3286 581 3343 Dominus
622 3287 681 3342 in
729 3289 1031 3360 Evangelio
1059 3288 1332 3345 cavendos
1382 3287 1647 3356 insinuat,
1687 3303 1811 3343 cum

218 3375 363 3432 dicit
395 3392 406 3429 :
453 3399 471 3421 ι
510 3375 796 3432 Attendite
842 3393 874 3431 a
914 3376 1069 3432 falsis
1115 3376 1420 3449 prophetis,
1456 3376 1551 3448 qui
1584 3376 1818 3432 veniunt

218 3467 292 3524 ad
329 3483 427 3523 vos
466 3468 525 3522 in
579 3467 924 3524 vestimentis
979 3466 1191 3536 ovium,
1245 3467 1576 3523 intrinsecus
1633 3473 1812 3522 autem

219 3563 356 3614 sunt
402 3557 519 3629 lupi
557 3572 780 3630 rapaces
810 3558 1023 3627 (Matth.
1066 3574 1165 3623 νη,
1202 3557 1315 3628 15).
1352 3581 1371 3604 ι
1421 3556 1531 3613 Hos
1557 3572 1686 3628 ergo
1714 3555 1817 3612 iste

221 3646 394 3703 falsos
447 3662 746 3720 eorumque
798 3645 1107 3705 doctrinam
1162 3646 1356 3703 falsam
1408 3661 1524 3703 esse
1570 3662 1818 3718 compro-

220 3735 401 3793 havit.

302 3833 486 3905 (Vers.
519 3833 571 3902 3,
612 3834 694 3903 4.)
730 3836 807 3891 Et
845 3834 1163 3906 patientiam
1211 3835 1388 3899 habes,
1422 3840 1470 3888 et
1514 3834 1820 3890 sustinuisti

218 3928 444 3997 propter
472 3938 659 3977 nomen
684 3939 875 3992 meum,
908 3929 956 3978 et
987 3941 1092 3978 non
1112 3922 1345 3994 defecisti
1367 3943 1388 3990 ;
1416 3924 1473 3980 id
1500 3931 1600 3992 est,
1634 3923 1693 3978 in
1715 3922 1821 3979 hoc

224 4011 480 4085 apparuit
509 4013 773 4085 patientia
799 4021 918 4083 tua,
955 4015 1085 4087 quia
1112 4015 1172 4070 in
1200 4013 1502 4083 laboribus,
1537 4029 1673 4086 quos
1718 4029 1820 4085 pro

224 4102 456 4159 nomine
511 4119 633 4159 meo
687 4103 1023 4171 sustinuisti,
1054 4118 1168 4159 non
1196 4103 1467 4160 defecisti.
1527 4104 1628 4159 Sed
1661 4103 1821 4158 habeo

224 4192 510 4248 adversum
536 4198 598 4260 te,
613 4192 754 4263 quod
772 4192 1081 4247 charitatem
1099 4197 1247 4248 tuam
1271 4193 1507 4264 primam
1534 4191 1815 4262 reliquisti.

227 4280 393 4337 Multi
424 4288 553 4337 sunt
581 4281 674 4354 qui
696 4281 755 4337 in
776 4280 941 4338 initio
958 4282 1337 4339 conversionis
1366 4297 1478 4337 sum
1508 4280 1567 4336 in
1596 4280 1823 4336 servitio

227 4370 332 4428 Dei
387 4370 658 4429 ferventes
710 4373 1007 4440 exsistunt,
1059 4371 1155 4428 sed
1231 4387 1488 4444 processu
1556 4370 1826 4442 temporis

1911 1862 2055 1918 dixit
2084 1879 2193 1918 non
2225 1878 2382 1934 posse
2411 1878 2538 1917 eum
2568 1862 2860 1917 sustinere.

1985 1969 2166 2041 (Vers.
2202 1970 2279 2040 7.)
2315 1968 2419 2035 Qui
2464 1968 2614 2023 habet
2649 1984 2806 2022 aures
2855 1967 3130 2032 audiendi,
3160 1966 3351 2021 audiat
3378 1965 3510 2036 quid

1916 2058 2148 2129 Spiritus
2177 2058 2319 2112 dicat
2346 2058 2613 2113 Ecclesiis.
2644 2056 2783 2124 Quia
2809 2057 3023 2113 cunctis
3050 2071 3211 2111 aures
3240 2053 3512 2111 habenti—

1914 2147 2017 2203 bus
2043 2146 2181 2203 dicit
2216 2164 2227 2201 :
2264 2146 2368 2214 Qui
2396 2147 2545 2202 habet
2572 2162 2729 2201 aures
2757 2145 3031 2210 audiendi,
3065 2144 3292 2210 audiat;
3350 2160 3511 2201 aures

1915 2239 2105 2309 procul
2137 2236 2307 2293 dubio
2332 2235 2515 2293 cordis
2542 2234 2793 2307 requirit.
2831 2234 3062 2293 Vincenti
3096 2234 3231 2290 dabo
3278 2234 3427 2289 edere
3451 2234 3514 2289 de

1920 2328 2059 2397 ligno
2085 2327 2225 2395 vita,
2256 2326 2396 2397 quod
2431 2332 2506 2380 est
2534 2326 2589 2379 in
2613 2326 2872 2397 paradiso
2901 2324 3000 2379 Dei
3026 2325 3147 2380 mei.
3195 2327 3316 2379 Duo
3366 2324 3515 2395 ligna

1917 2415 2142 2470 fuerunt
2190 2414 2248 2468 in
2290 2413 2472 2470 medio
2500 2413 2760 2486 paradisi,
2792 2429 2821 2468 e
2851 2412 3052 2485 quibus
3088 2428 3259 2467 unum
3300 2412 3512 2483 lignum

1920 2505 2068 2571 vitae,
2101 2504 2333 2559 alterum
2395 2518 2529 2558 vero
2591 2504 2801 2574 lignum
2850 2501 3093 2557 scientiae
3125 2500 3255 2555 boni
3287 2508 3342 2556 et
3379 2499 3513 2555 mali

1921 2592 2235 2648 vocabatur.
2268 2592 2514 2659 Quorum
2547 2593 2725 2646 virtus
2780 2591 2908 2646 talis
2953 2596 3087 2657 erat,
3120 2598 3182 2644 ut
3212 2589 3258 2644 si
3291 2588 3413 2660 quis
3443 2603 3513 2643 ex

1922 2680 2072 2752 ligno
2101 2680 2228 2736 vitae
2257 2679 2604 2746 comedisset,
2630 2696 2740 2735 non
2780 2685 3085 2735 moreretur
3114 2677 3171 2731 in
3203 2685 3470 2732 mternum
3494 2691 3506 2730 :

1922 2771 1966 2825 si
1991 2770 2115 2843 quis
2145 2787 2275 2843 vero
2306 2786 2376 2825 ex
2407 2769 2558 2842 ligno
2588 2767 2831 2825 scientia:
2861 2767 2992 2823 boni
3023 2773 3076 2822 et
3108 2766 3234 2821 mali
3265 2763 3512 2822 comede-

1922 2867 2024 2928 ret,
2047 2859 2301 2933 quamvis
2320 2868 2460 2915 esset
2489 2857 2837 2924 immortalis,
2868 2855 3115 2912 mortalis
3142 2855 3327 2912 statim
3360 2854 3515 2909 ﬁeret

1925 2947 2079 3018 (Gen.
2108 2964 2171 3014 ιι,
2198 2947 2313 3017 27).
2355 2946 2642 3002 Paradisus
2674 2945 2842 3019 igitur
2872 2944 3173 3001 Ecclesium
3212 2940 3506 3013 signiﬁcat:

1923 3036 2134 3107 lignum
2166 3052 2296 3091 vero
2325 3035 2454 3091 vitae
2485 3036 2542 3090 in
2584 3034 2767 3091 medio
2794 3032 3033 3105 paradisi
3062 3031 3318 3089 Christus
3346 3038 3426 3085 est
3453 3030 3513 3086 in

1847 3139 1889 3199 α
1928 3125 2111 3181 medio
2152 3126 2413 3183 Ecclesiae
2463 3141 2595 3182 suae.
2628 3124 2861 3196 Lignum
2893 3132 3074 3179 autem
3101 3121 3344 3179 scientiae
3382 3121 3515 3177 boni

1926 3224 1979 3270 et
2009 3216 2160 3283 mali,
2191 3215 2339 3288 quod
2399 3223 2452 3271 et
2503 3216 2679 3287 ipsum
2732 3214 2789 3269 in
2839 3214 3022 3269 medio
3079 3211 3316 3284 paradisi
3346 3210 3518 3267 fuisse

1925 3303 2151 3369 dicitur,
2181 3303 2462 3359 diabolum
2491 3303 2789 3376 significat,
2830 3302 2927 3375 qui
2977 3302 3121 3357 inter
3159 3299 3349 3355 fideles
3390 3297 3517 3354 dis—

1925 3408 2143 3449 currere
2172 3408 2281 3447 non
2300 3400 2513 3460 cessat;
2547 3399 2609 3447 ut
2637 3406 2991 3464 quoscunque
3021 3397 3216 3461 potest,
3252 3386 3512 3458 decipiat.

1925 3482 2160 3554 Lignum
2191 3482 2360 3553 igitur
2389 3483 2515 3538 vitae
2541 3482 2609 3537 ad
2633 3482 2856 3548 electos,
2883 3480 3091 3553 lignum
3123 3496 3252 3536 vero
3274 3478 3518 3536 scientias

1926 3570 2055 3627 boni
2072 3579 2127 3626 et
2141 3571 2270 3627 mali
2303 3571 2372 3626 ad
2400 3570 2659 3643 reprobos
2689 3570 2943 3643 pertinet.
2979 3571 3212 3625 Fructus
3231 3585 3358 3641 ergo
3381 3566 3517 3639 ligni

1926 3664 2054 3720 vita)
2084 3664 2242 3720 electi
2271 3663 2588 3732 comedunt,
2620 3670 2682 3718 ut
2730 3663 2787 3717 in
2842 3670 3110 3717 aeternum
3168 3660 3364 3714 vivant
3394 3658 3476 3731 (8)
3504 3676 3518 3727 ;

1926 3754 2056 3827 quia
2082 3763 2355 3826 praecepta
2378 3752 2665 3825 Evangelii
2695 3751 3038 3816 custodiunt,
3070 3756 3132 3805 ut
3162 3749 3218 3804 in
3250 3757 3517 3805 aeternum

1925 3844 2120 3899 vivant
2164 3860 2290 3899 cum
2344 3842 2621 3898 Domino:
2674 3840 2887 3896 fructus
2939 3854 3070 3893 vero
3105 3837 3241 3910 ligni
3275 3836 3522 3893 scientiae

1928 3931 2060 3987 boni
2110 3938 2165 3987 et
2220 3931 2350 3985 mali
2412 3929 2629 4001 reprobi
2685 3927 3001 3993 comedunt,
3050 3933 3105 3981 et
3162 3925 3520 3992 moriuntur;

1929 4019 2058 4093 quia
2089 4017 2529 4091 suggestionibus
2559 4016 2790 4083 diaboli,
2845 4014 3211 4086 omnibusque
3270 4012 3425 4069 vitiis
3468 4019 3525 4069 et

1930 4107 2306 4180 voluptatibus
2337 4114 2671 4178 pascuntur;
2732 4103 2880 4159 unde
2909 4111 3169 4159 aeternam
3200 4100 3523 4157 damnatio—

1931 4212 2056 4252 nem
2082 4196 2187 4251 sibi
2214 4196 2527 4269 acquirunt.
2562 4195 2634 4250 Et
2661 4193 2806 4250 sicut
2835 4192 3055 4249 mulieri
3086 4191 3527 4249 delectabiliores

1932 4286 2156 4342 fuerunt
2188 4286 2398 4341 fructus
2428 4284 2565 4358 ligni
2592 4283 2838 4341 scientiae
2868 4282 3002 4339 boni
3047 4288 3103 4338 et
3148 4281 3303 4349 mali,
3363 4296 3527 4354 quam

1932 4374 2141 4431 fructus
2170 4373 2306 4446 ligni
2335 4372 2497 4441 vitae;
2559 4373 2636 4428 ita
2677 4380 2732 4428 et
2762 4370 3011 4444 reprobis
3039 4369 3417 4428 delectabilior
3445 4376 3529 4424 est

225 4466 524 4560 tepescunt
570 4478 582 4516 :
636 4461 785 4560 quod
836 4461 968 4518 huic
1020 4461 1239 4534 praesuli
1298 4460 1558 4518 Ecclesia:
1615 4458 1823 4532 Ephesi
1852 4501 1903 4560 Β
1933 4464 2106 4537 gloria
2134 4463 2298 4536 hujus
2325 4462 2533 4532 saeculi,
2572 4478 2737 4536 quam
2787 4461 2966 4519 oculis
3012 4460 3259 4533 corporis
3283 4459 3525 4560 .vident,

229 4551 528 4624 contigisse
555 4553 910 4609 manifestum
940 4560 1043 4608 est.

307 4651 490 4724 (Vers.
517 4652 600 4723 5.)
627 4652 883 4712 Memento
910 4668 1032 4722 ergo
1061 4651 1198 4706 unde
1238 4649 1515 4705 excideris.
1549 4648 1702 4705 Unde
1732 4665 1825 4704 ex-

229 4741 382 4799 cisus
409 4757 466 4797 es
486 4740 514 4797 ‘t
549 4743 628 4797 De
656 4741 924 4798 charitate
959 4759 971 4796 :
1005 4741 1052 4796 si
1080 4739 1148 4795 de
1176 4739 1446 4796 charitate
1473 4739 1693 4795 excisus
1744 4754 1821 4806 es,

232 4829 304 4887 de
339 4832 454 4887 Deo
480 4829 698 4888 excisus
722 4847 816 4897 es;
864 4830 993 4904 quia
1020 4831 1165 4886 Deus
1193 4829 1432 4886 charitas
1463 4838 1547 4884 est
1581 4830 1639 4899 (Ι
1665 4828 1825 4883 Joan.

234 4935 313 4985 ιν,
348 4918 460 4991 16).
493 4920 570 4975 Et
608 4937 701 4990 age
744 4919 1123 4991 paenitentiam.
1160 4917 1433 4974 Videlicet
1461 4933 1527 4973 eo
1557 4916 1704 4989 quod
1731 4930 1829 4987 per

232 5015 514 5079 torporem
541 5017 596 5065 et
623 5008 901 5080 ignaviam
929 5015 1080 5063 tuam
1123 5022 1155 5062 a
1209 5006 1476 5064 charitate
1520 5006 1834 5078 disjnnctus

234 5116 309 5156 es.
342 5101 419 5156 Et
449 5099 631 5171 prima
659 5106 752 5155 tua
776 5116 938 5171 opera
964 5098 1054 5169 fac
1098 5115 1111 5153 :
1156 5098 1241 5153 sin
1285 5104 1460 5152 autem
1505 5096 1709 5152 veniam
1741 5097 1835 5152 tibi

231 5188 356 5253 cito,
385 5194 433 5243 et
485 5188 696 5243 movebo
750 5188 1129 5244 candelabrum
1168 5192 1314 5242 tuum
1343 5186 1404 5241 de
1434 5188 1546 5242 loco
1574 5204 1693 5254 suo,
1724 5186 1833 5241 nisi

230 5278 596 5349 penitentiam
648 5279 830 5350 egeris.
881 5279 939 5336 Si
990 5294 1085 5351 per
1127 5276 1521 5335 candelabrum
1585 5275 1835 5332 Ecclesia

238 5364 446 5438 Ephesi
470 5363 806 5438 designatur,
836 5382 937 5425 cur
992 5370 1215 5438 propter
1259 5369 1542 5436 peccatum
1599 5362 1837 5436 pastoris

314 5581 397 5653 (7)
411 5582 515 5655 _Ita
544 5597 682 5655 mss.
717 5600 735 5655 ;_
771 5590 828 5639 at
872 5582 987 5640 edit
1014 5626 1030 5652 ,
1058 5599 1150 5653 ego
1177 5581 1286 5655 odi.
1318 5582 1429 5639 Pro
1457 5598 1514 5638 eo
1542 5582 1685 5655 quod
1719 5583 1838 5639 illo-

244 5651 381 5708 rum
392 5652 542 5724 facta
575 5651 753 5721 odisti,
785 5671 902 5726 qua;
937 5660 985 5711 et
1008 5651 1101 5728 ego
1127 5653 1291 5709 odivi.

1935 4570 2095 4627 quam
2155 4554 2328 4626 gloria
2369 4553 2608 4611 cmlestis
2667 4551 2877 4623 patriae,
2908 4566 3029 4623 quae
3073 4547 3297 4606 nonnisi
3350 4545 3530 4603 oculis

1936 4642 2316 4716 spiritualibus
2387 4643 2628 4699 videtur.
2683 4640 2789 4696 Sed
2860 4640 3039 4696 oritur
3099 4636 3353 4710 quaestio,
3425 4650 3526 4690 cur

1937 4732 2150 4805 lignum
2180 4734 2423 4790 scientiae
2474 4732 2605 4787 boni
2649 4739 2705 4786 et
2754 4728 2887 4784 mali
2922 4727 3160 4794 dicatur,
3192 4741 3318 4782 cum
3351 4724 3532 4796 primo

1938 4824 2151 4881 homini
2182 4825 2468 4882 scientiam
2500 4822 2631 4879 mali
2662 4819 3084 4887 ministraverit,
3108 4834 3221 4874 non
3241 4816 3529 4875 scientiam

1937 4913 2091 4970 boni.
2145 4914 2278 4981 Quae
2332 4911 2471 4968 mihi
2539 4910 2617 4967 ita
2670 4909 2934 4966 solvenda
2988 4907 3254 4974 videtur,
3318 4904 3532 4977 primus

1941 5018 2178 5074 namque
2202 5000 2444 5074 angelus,
2468 4999 2688 5072 quando
2716 5005 2931 5054 creatus
2957 5005 3057 5067 est,
3080 4995 3369 5054 scientiam
3399 4995 3531 5051 boni

1940 5091 2158 5160 habuit,
2186 5107 2299 5146 non
2326 5088 2613 5146 scientiam
2645 5088 2774 5144 mali
2806 5105 2817 5143 :
2869 5087 3160 5146 scientiam
3216 5102 3348 5143 vero
3397 5085 3534 5141 mali

1942 5197 2038 5254 per
2088 5179 2439 5252 semetipsum
2494 5177 2733 5247 invenit,
2771 5176 2842 5233 ob
2875 5192 3041 5250 quam
3069 5191 3287 5233 causam
3318 5173 3387 5231 de
3437 5173 3536 5230 illa

1943 5269 2153 5327 caelesti
2181 5267 2354 5340 gloria
2380 5267 2625 5340 dejectus
2665 5274 2766 5323 est.
2815 5267 2894 5322 De
2938 5266 3088 5338 ligno
3136 5281 3264 5338 ergo
3291 5263 3536 5321 scientiae

1944 5358 2078 5415 boni
2123 5365 2177 5415 et
2213 5357 2345 5414 mali
2396 5356 2607 5430 primus
2648 5355 2815 5412 homo
2843 5354 3103 5425 comedit,
3134 5353 3355 5428 quando
3382 5352 3537 5409 illius

1951 5652 1962 5663 .
2021 5582 2102 5663 (8)
2133 5579 2285 5663 Edit.
2313 5586 2552 5647 tantum,
2580 5575 2754 5633 vivent
2781 5592 2897 5634 cum
2919 5575 3187 5643 Domino;
3215 5581 3409 5635 cetera
3444 5570 3537 5631 ad-

1942 5658 2089 5728 jecta
2116 5658 2246 5711 sunt
2274 5667 2345 5708 ex
2375 5666 2507 5709 mss.
