3880 6198
393 314 498 373 859

1417 316 1513 371 AD
1552 314 1787 371 OPERA
1823 314 1879 370 S.
1920 313 2253 372 AMBROSII
2292 313 2669 370 APPENDIX.
3623 311 3724 367 860

396 441 771 515 suggestiones
797 447 1018 497 secutus
1045 446 1146 506 est,
1168 439 1262 514 qui
1293 439 1578 496 scientiam
1609 439 1741 495 boni
1771 446 1825 495 et
1858 440 1988 495 mali
2023 443 2074 502 A
2107 442 2252 495 Deus
2279 439 2424 495 dixit
2452 438 2519 494 ad
2546 439 2694 494 Noe:
2734 460 2753 485 ‹
2782 438 2884 494 Per
2916 439 3298 511 memetipsum
3326 438 3553 511 juravi,
3586 436 3716 512 quia

398 532 671 598 habebat;
710 545 886 602 neque
914 528 1061 584 enim
1096 528 1302 600 lignum
1326 528 1612 583 scientiam
1646 526 1774 581 mali
1799 528 1994 583 docere

396 621 601 692 potuit,
636 619 728 675 sed
775 617 1031 673 diabolus
1085 616 1179 687 qui
1240 624 1569 688 praeceptum
1624 615 1723 671 Dei
1779 615 1994 671 homini

395 707 703 779 transgredi
730 705 918 761 suasit.
957 705 1102 760 Dicit
1131 720 1257 775 ergo
1293 721 1304 758 :
1375 704 1607 760 Vincenti
1653 705 1789 759 dabo
1842 706 1990 760 edere

395 797 458 851 de
489 797 628 867 ligno
682 795 818 860 vita,
869 794 1011 863 quod
1058 798 1131 846 est
1179 792 1235 845 in
1275 792 1535 862 paradiso
1582 793 1679 848 Dei
1728 792 1848 848 mei.
1896 794 1993 848 Ille

358 884 595 951 gviucit,
628 882 720 954 qui
768 880 824 936 in
876 879 1037 935 bonis
1084 880 1342 950 operibus
1370 896 1542 952 usque
1571 880 1637 935 ad
1666 881 1831 937 ﬁnem
1866 881 1995 937 vitae

355 977 507 1028 'suaa
539 976 868 1042 perseverat.
903 968 1163 1024 Vincenti
1220 984 1349 1040 ergo
1401 968 1655 1030 Christus
1712 970 1871 1025 edere
1927 971 1995 1026 de

397 1060 547 1132 ligno
578 1058 707 1113 vitae
737 1056 928 1124 dabit;
958 1057 1086 1130 quia
1105 1066 1369 1130 praecepta
1404 1075 1503 1113 sua
1532 1074 1702 1130 usque
1731 1058 1795 1114 ad
1828 1058 1993 1114 ﬁnem

395 1149 526 1203 vitae
553 1145 903 1204 servantibus
932 1146 1370 1203 immortalitatis
1391 1164 1501 1202 suae
1538 1147 1767 1219 gloriam
1802 1148 1858 1202 in
1890 1165 1992 1203 cm-

398 1238 521 1293 lesti
553 1235 896 1292 beatitudine
925 1251 1108 1292 secum
1141 1234 1329 1303 dabit;
1364 1243 1425 1291 ut
1466 1252 1593 1292 cum
1625 1252 1689 1291 eo
1718 1236 1993 1292 interuall-

398 1333 479 1381 ter
508 1324 721 1391 vivant,
758 1322 917 1394 cujus
949 1331 1219 1396 praecepta
1249 1324 1307 1379 in
1352 1327 1554 1381 saeculo
1584 1325 1747 1397 positi
1778 1339 1995 1380 servare

396 1412 747 1469 studuerunt.
774 1412 930 1480 Quod
960 1420 1145 1468 autem
1175 1423 1382 1485 patrem
1414 1416 1586 1470 Deum
1619 1431 1781 1469 suum
1812 1421 1991 1483 vocat,

396 1502 464 1558 ad
497 1501 895 1558 humanitatem
928 1503 1189 1574 pertinet.

470 1592 653 1662 (Vers.
680 1591 734 1659 8,
773 1593 855 1663 9.)
884 1593 958 1647 Et
1000 1593 1187 1663 angelo
1238 1594 1482 1663 Smyrnae
1508 1592 1755 1648 Ecclesia:
1781 1594 1945 1648 scribe
1976 1608 1989 1649 :

394 1682 516 1737 Haec
547 1682 673 1736 dicit
694 1682 905 1753 primus
942 1688 992 1737 et
1018 1683 1352 1749 novissimus,
1397 1682 1489 1753 qui
1533 1681 1639 1752 fuit
1685 1690 1926 1739 mortuus
1948 1690 1997 1739 et

2104 545 2212 583 non
2245 527 2499 599 adjiciam
2522 530 2669 583 ultra
2692 543 2857 600 aquas
2884 527 3081 583 diluvii
3120 544 3286 599 super
3310 536 3527 584 terram
3555 528 3710 597 (Gen.

2104 634 2184 685 1x,
2221 618 2331 688 11).
2362 642 2379 663 ι
2427 616 2663 673 Videtur
2708 633 2835 689 ergo
2890 616 3026 672 mihi
3055 633 3153 688 per
3182 617 3534 689 romphaeam
3575 617 3714 673 divi.

2105 723 2233 763 nam
2272 707 2609 779 Scripturam
2643 706 2839 762 debere
2870 707 3126 778 intelligi,
3158 725 3282 780 qua:
3313 714 3548 780 propter
3578 725 3713 763 rese

2104 795 2277 852 cauda
2309 796 2445 851 vitia
2471 805 2631 853 acuta
2660 813 2774 853 esse
2820 796 3047 863 dicitur,
3088 806 3143 852 et
3172 804 3400 869 propter
3431 797 3548 852 duo
3579 797 3721 852 Tes-

2104 891 2347 940 tamenta
2381 892 2611 958 utraque
2641 891 2790 956 parte
2821 892 2980 940 acuta
3022 884 3460 940 demonstratur.
3492 885 3632 940 Nam
3660 893 3715 941 et

2107 971 2280 1029 Vetus
2307 982 2361 1028 et
2379 973 2591 1027 Novum
2624 973 3032 1028 Testamentum
3067 972 3173 1029 hoc
3202 973 3368 1029 nobis
3397 974 3719 1029 indesinen-

2108 1068 2189 1115 ter
2220 1059 2536 1128 admonent,
2569 1068 2630 1116 ut
2648 1061 2787 1115 vitia
2814 1060 3195 1133 relinquamus
3221 1068 3276 1116 et
3306 1061 3368 1116 in
3394 1061 3561 1118 bonis
3589 1080 3717 1135 ope-

2105 1149 2259 1206 ribus
2312 1151 2673 1222 nosmetipsos
2721 1166 3107 1225 exerceamus;
3158 1159 3430 1225 quatenus
3480 1153 3716 1208 salutem

2104 1239 2413 1296 animarum
2435 1248 2742 1296 nostrarum
2771 1239 3021 1295 invenire
3050 1240 3347 1313 possimus.

2177 1328 2359 1399 (Vers.
2398 1329 2509 1400 l3.)
2545 1329 2660 1385 Scio
2688 1329 2779 1383 ubi
2804 1329 3034 1396 habitas,
3062 1329 3153 1383 ubi
3179 1330 3322 1384 sedes
3349 1335 3426 1384 est
3468 1333 3709 1386 Satanaz:

2104 1418 2161 1474 id
2189 1426 2289 1487 est,
2323 1418 2466 1473 inter
2490 1419 2618 1474 illos
2648 1418 2884 1485 habitas,
2918 1419 3013 1491 qui
3047 1435 3310 1474 sessorem
3345 1419 3556 1476 habent
3586 1421 3721 1476 dia-

2103 1506 2315 1562 bolum.
2349 1508 2420 1562 Et
2450 1513 2583 1561 tenes
2618 1523 2805 1561 nomen
2830 1525 3022 1575 meum,
3055 1514 3103 1562 et
3145 1524 3253 1561 non
3302 1508 3510 1577 negasti
3556 1510 3721 1579 ﬁdem

2102 1612 2272 1650 meam
2300 1612 2310 1649 :
2347 1595 2403 1650 id
2432 1603 2533 1663 est,
2575 1596 2831 1668 quamvis
2875 1596 2943 1651 ab
2990 1596 3089 1665 eis,
3123 1597 3270 1652 inter
3298 1613 3437 1668 quos
3469 1596 3717 1666 habitas,

2103 1700 2203 1756 pro
2263 1685 2489 1740 nomine
2544 1701 2666 1740 meo
2713 1685 2932 1741 assidue
2988 1686 3398 1758 persecutiones
3427 1687 3715 1758 perferas;

394 1771 525 1826 uiuit
557 1790 568 1827 :
606 1772 723 1828 Scio
749 1773 1139 1827 tribulationem
1164 1777 1329 1839 tuam,
1362 1778 1409 1826 et
1432 1779 1795 1843 paupertatem
1828 1780 1990 1839 tuam.
2024 1794 2071 1855 B
2104 1781 2286 1828 tamen
2312 1789 2514 1829 nomen
2543 1790 2725 1829 meum
2758 1781 2931 1842 tenes,
2964 1781 3017 1829 et
3046 1774 3207 1830 ﬁdem
3249 1791 3429 1829 meam
3457 1791 3572 1830 non
3624 1792 3718 1831 ne-

394 1862 579 1917 Potest
610 1862 729 1918 ﬁeri
758 1870 819 1917 ut
851 1862 1260 1933 Sntyruaaorum
1294 1862 1539 1917 Ecclesia
1568 1863 1814 1919 eamdem
1861 1880 1994 1936 per—

395 1950 736 2007 secutionem
765 1966 797 2006 a
826 1949 1231 2007 contribulibus
1259 1950 1373 2004 suis
1404 1949 1462 2004 in
1494 1951 1688 2022 rapina
1717 1950 1990 2007 bonorum

395 2055 624 2095 suorum
655 2040 962 2110 pertulerit,
989 2055 1149 2111 quam
1185 2045 1239 2094 et
1281 2038 1378 2093 illa
1406 2054 1527 2110 quae
1552 2038 1695 2110 apud
1728 2038 1994 2095 Hieroso-

397 2127 600 2199 lymam
656 2134 792 2183 erat.
846 2126 1081 2200 Ideoque
1126 2126 1412 2182 tribulatio
1459 2135 1512 2182 et
1558 2136 1846 2198 paupertas
1874 2128 1994 2200 ejus

393 2224 541 2282 506
569 2234 602 2274 a
636 2218 893 2285 Domino,
928 2234 1090 2291 quam
1120 2235 1219 2290 pro
1249 2218 1367 2289 ipso
1398 2215 1684 2287 sustinuit,
1717 2217 1990 2275 laudatur.

396 2317 579 2372 Potest
607 2323 661 2371 et
689 2333 786 2388 per
813 2316 918 2373 hoc
967 2315 1284 2371 voluntaria
1307 2323 1605 2388 paupertas
1636 2316 1893 2389 intelligi,
1924 2316 1992 2372 de

395 2422 502 2477 qua
536 2404 806 2461 Dominus
842 2404 980 2461 dicit
1010 2406 1069 2460 in
1094 2404 1396 2476 Evangelio
1430 2422 1441 2459 :
1496 2428 1514 2451 ι
1546 2404 1697 2461 Beati
1731 2421 1993 2477 pauperes

394 2494 614 2567 spiritu,
664 2493 923 2565 quoniam
974 2493 1221 2565 ipsorum
1273 2502 1354 2550 est
1417 2509 1654 2565 regnum
1725 2494 1990 2549 cmlorum

397 2586 610 2655 (Matth.
646 2602 704 2652 ν,
735 2584 814 2655 3).
857 2609 876 2632 ι

360 2666 366 2671 ’
467 2675 567 2731 Sed
594 2674 736 2730 dives
754 2690 806 2728 es
843 2691 855 2728 :
887 2688 1093 2745 pauper
1121 2670 1381 2728 videlicet
1412 2672 1598 2740 rebus,
1633 2671 1788 2727 dives
1815 2671 1991 2726 virtu-

397 2764 564 2819 tibus.
597 2766 671 2819 Et
698 2762 1082 2834 blasphemaris
1127 2761 1193 2816 ab
1242 2762 1330 2829 iis,
1361 2762 1454 2831 qui
1499 2777 1552 2815 se
1578 2760 1760 2815 dicunt
1781 2761 1993 2815 Iudicas

394 2870 518 2921 esse,
557 2860 737 2907 etnon
765 2858 923 2917 sunt;
955 2851 1043 2906 sed
1070 2856 1193 2904 sunt
1228 2866 1489 2920 synagoga
1546 2850 1776 2906 Satanae.
1817 2848 1992 2905 Judaei

393 2942 720 2999 conﬁtentes
770 2941 1203 3012 interpretantur
1254 2956 1266 2994 :
1327 2938 1501 2995 Judaei
1558 2938 1653 3011 qui
1710 2939 1991 2997 Christum

397 3032 840 3103 blasphemantes
868 3036 1088 3100 negant,
1122 3045 1233 3083 non
1260 3028 1456 3096 Judaei,
1491 3029 1548 3083 id
1576 3036 1679 3097 est,
1729 3029 1993 3085 conﬁten-

397 3129 497 3189 tes,
528 3120 623 3177 sed
652 3134 927 3192 synagoga
963 3118 1176 3174 Satanae
1226 3134 1338 3173 non
1391 3117 1846 3175 iucouvenieuter
1894 3135 1989 3174 vo-
2020 3147 2065 3210 ο

392 3217 609 3266 cantur.

464 3299 646 3370 (Vers.
690 3300 776 3367 10,
810 3299 924 3368 11.)
959 3299 1107 3355 Nihil
1135 3300 1323 3354 horum
1355 3298 1557 3367 timeas,
1586 3316 1706 3370 qua:
1725 3315 1992 3372 passurus

390 3407 462 3445 es.
498 3389 881 3445 Praedicuntur
905 3388 954 3445 ei
986 3389 1235 3457 adversa,
1260 3395 1321 3444 ut
1352 3388 1635 3445 venientia
1663 3389 1884 3446 facilius
1912 3397 1990 3445 to-

391 3477 565 3532 lerare
594 3484 794 3546 posset.
828 3478 960 3530 Ecce
985 3477 1248 3530 missurus
1276 3483 1350 3531 est
1376 3478 1624 3532 diabolus
1656 3495 1724 3532 ea:
1760 3477 1904 3533 vobis
1934 3478 1992 3531 in

388 3580 668 3630 carcerem,
697 3570 757 3618 ut
782 3563 1045 3617 tentemiui
1075 3564 1180 3632 (9),
1212 3564 1269 3619 id
1302 3571 1403 3631 est,
1434 3566 1704 3638 quosdam
1732 3582 1803 3621 ex
1830 3565 1992 3623 vobis

386 3650 662 3719 diabolus,
690 3651 747 3707 id
776 3658 858 3707 est
887 3650 1129 3706 ministri
1160 3651 1388 3721 diaboli,
1422 3654 1481 3709 in
1509 3670 1781 3711 carcerem
1841 3654 1991 3712 mis-

396 3740 513 3798 suri
542 3748 707 3808 sunt;
754 3747 816 3796 ut
844 3738 1133 3795 tentemiui
1169 3747 1354 3796 utrum
1388 3742 1447 3797 in
1477 3742 1676 3799 timore
1706 3760 1989 3816 poenarum

389 3846 421 3886 a
449 3829 559 3887 ﬁde
588 3829 861 3898 recedere,
889 3845 960 3886 an
998 3845 1097 3901 pro
1125 3844 1309 3885 amore
1339 3828 1546 3887 Christi
1589 3832 1733 3888 mori
1786 3832 1988 3891 delibe-

390 3917 541 3975 retis.
564 3921 642 3974 Et
676 3917 928 3975 habebitis
959 3917 1353 3973 tribulationem
1383 3918 1562 3974 diebus
1607 3920 1797 3976 decem.
1828 3922 1989 3979 Tem-

390 4023 493 4078 pus
538 4023 648 4080 quo
697 4007 816 4065 haec
861 4007 1169 4079 persecutio
1214 4007 1494 4065 crudelius
1525 4009 1788 4067 saevitura
1825 4020 1985 4081 esset,

393 4094 809 4152 demonstravit.
851 4098 983 4152 Esto
1010 4096 1182 4169 ﬁdelis
1212 4112 1375 4166 usque
1401 4097 1473 4153 ad
1504 4105 1746 4168 mortem,
1779 4106 1827 4154 et
1856 4100 1989 4157 dabo

392 4182 486 4238 tibi
506 4199 755 4237 coronam
779 4186 920 4241 vita.
945 4185 1160 4242 Corona
1178 4186 1309 4243 vitae
1337 4186 1569 4259 gloriam
1599 4188 1988 4261 sempiternam

390 4269 752 4326 demonstrat.

463 4366 568 4434 Qui
595 4366 745 4422 habet
773 4383 951 4435 aures,
995 4368 1187 4423 audiat
1220 4369 1349 4438 quid
1380 4371 1614 4441 Spiritus
1642 4372 1784 4427 dicat
1806 4374 1983 4429 Eccle-

2103 1863 2259 1937 gasti.
2290 1867 2365 1920 Et
2414 1865 2472 1918 in
2527 1865 2709 1919 diebus
2761 1865 2873 1920 illis
2932 1865 3160 1937 Antipas
3225 1865 3368 1920 testis
3423 1883 3587 1933 meus,
3622 1867 3719 1936 qui

2103 1953 2302 2008 occisus
2330 1959 2404 2007 est
2426 1953 2571 2025 apud
2599 1970 2705 2019 eos,
2735 1954 2828 2007 ubi
2843 1954 3071 2009 Satanas
3100 1953 3321 2008 habitat.
3350 1955 3427 2009 Et
3451 1955 3509 2008 in
3530 1954 3716 2008 diebus

2101 2041 2233 2108 illis,
2266 2040 2323 2096 id
2352 2048 2455 2110 est,
2488 2041 2544 2114 in
2574 2040 2770 2097 diebus
2815 2041 3020 2114 quibus
3067 2041 3373 2113 persecutio
3420 2042 3565 2113 apud
3612 2058 3718 2097 vos

2101 2130 2340 2202 amplius
2392 2112 2661 2198 fervbbat,
2693 2112 2926 2202 Antipas
2955 2112 3111 2199 testis
3140 2145 3318 2196 meus,
3352 2112 3713 2198 subauditur,

2101 2219 2337 2288 exstitit,
2369 2219 2464 2292 qui
2495 2219 2709 2276 occisus
2752 2229 2835 2276 est
2881 2219 3025 2291 apud
3082 2236 3198 2286 vos,
3228 2218 3322 2274 ubi
3350 2219 3584 2275 Satanas
3616 2219 3716 2275 ba-

2099 2309 2261 2365 bitat.
2292 2308 2454 2381 Apud
2485 2326 2583 2365 vos
2611 2308 2826 2365 occisus
2853 2317 2955 2376 est,
2997 2317 3052 2365 et
3077 2324 3187 2363 non
3220 2324 3252 2364 a
3276 2307 3438 2363 vobis
3469 2325 3483 2362 :
3517 2310 3613 2365 sed
3642 2310 3715 2365 ab

2102 2399 2216 2454 illis
2244 2399 2392 2455 inter
2417 2415 2558 2472 quos
2585 2415 2684 2455 vos
2712 2398 2994 2466 habitatis,
3028 2397 3087 2453 in
3117 2397 3319 2471 quibus
3346 2396 3565 2453 habitat
3592 2398 3715 2454 dia-

2100 2487 2281 2543 holus.

2175 2576 2359 2647 (Vers.
2391 2574 2477 2643 14,
2513 2575 2627 2644 15.)
2652 2574 2753 2631 Sed
2783 2574 2943 2631 habeo
2970 2575 3252 2630 adversum
3282 2581 3328 2630 te
3352 2591 3548 2647 pauca,
3578 2576 3711 2646 quia

2100 2666 2253 2720 habes
2303 2666 2416 2721 illic
2466 2672 2687 2720 tenentes
2740 2665 3034 2721 doctrinam
3085 2666 3334 2731 Balaam,
3365 2664 3461 2734 qui
3490 2664 3716 2720 docebat

2100 2758 2271 2813 Balac
2294 2757 2497 2811 mittere
2520 2756 2830 2811 scandalum
2853 2771 3030 2810 coram
3062 2755 3192 2826 ﬁliis
3222 2756 3392 2811 Israel
3413 2771 3425 2808 :
3444 2755 3525 2809 ita
3552 2756 3712 2810 habes

2100 2853 2148 2901 et
2199 2852 2255 2900 tu
2310 2853 2530 2901 tenentes
2572 2845 2869 2900 doctrinam
2894 2845 3308 2901 Nicolaitarum.
3337 2844 3598 2916 Legimus
3648 2845 3708 2900 in

2102 2936 2245 2991 libro
2267 2935 2491 2990 Numeri
2521 2933 2669 3006 quod
2700 2933 2861 2989 Balac
2888 2949 2987 2988 rex
3017 2932 3383 2989 Moabitarum
3413 2932 3483 2989 ad
3511 2949 3705 3004 sugge-

2101 3024 2335 3080 stionem
2368 3024 2589 3079 Balaam
2612 3023 2853 3095 posuerit
2881 3022 3155 3095 speciosas
3192 3021 3453 3078 mulieres
3483 3022 3543 3077 in
3573 3038 3705 3079 cou-

2103 3120 2292 3184 spectu
2347 3113 2588 3168 ﬁliorum
2640 3112 2803 3169 Israel
2852 3111 2961 3167 diis
2988 3111 3106 3167 suis
3132 3110 3522 3178 sacriﬁcantes,
3572 3127 3705 3184 qua-

2104 3218 2226 3257 rum
2258 3201 2616 3274 pulchritudo
2642 3217 2754 3257 non
2795 3201 2973 3257 solum
3017 3199 3086 3256 ad
3118 3199 3540 3272 perpetrandam
3575 3200 3700 3256 libi-

2101 3289 2285 3346 dinem
2317 3306 2410 3347 eos
2465 3289 2756 3357 accendit;
2811 3290 2905 3345 sed
2957 3290 3122 3344 etiam
3173 3297 3235 3344 ut
3288 3288 3358 3345 de
3414 3288 3703 3346 sacriﬁciis

2099 3395 2290 3435 eorum
2319 3378 2687 3447 comedereut,
2717 3377 2979 3451 perduxit
3012 3378 3199 3447 (Num.
3231 3393 3373 3444 xxv,
3407 3377 3459 3444 1,
3492 3378 3577 3449 2).
3611 3377 3702 3433 Ni-

2099 3468 2314 3524 colaitaa
2346 3483 2477 3523 vero
2506 3476 2664 3523 erant
2693 3467 2940 3523 haeretici
2972 3466 3194 3538 nuptias
3216 3465 3577 3534 detestantes,
3605 3466 3697 3522 do-

2099 3564 2392 3630 centesque
2422 3555 2628 3625 ﬁdeles,
2677 3563 2738 3611 ut
2786 3555 3210 3629 quibuscunque
3249 3556 3479 3623 vellent,
3512 3556 3700 3614 misce-

2099 3654 2291 3702 rentur
2346 3661 2498 3701 more
2541 3644 2862 3701 bestiarum.
2903 3643 3057 3701 Sicut
3104 3659 3234 3717 ergo
3265 3661 3363 3717 per
3388 3645 3696 3701 doctrinam

2098 3737 2340 3803 Balaam,
2373 3734 2476 3791 ﬁlii
2506 3735 2672 3790 Israel
2702 3734 2758 3790 in
2806 3732 3190 3790 fornicationis
3236 3734 3446 3803 malum
3493 3734 3696 3806 delapsi

2098 3833 2246 3891 sunt,
2270 3831 2490 3897 propter
2508 3823 2657 3895 quod
2684 3821 2844 3878 multi
2871 3837 3063 3879 eorum
3084 3822 3388 3893 perierunt,
3413 3823 3498 3878 ita
3524 3831 3581 3879 et
3609 3823 3695 3879 Ni-

2097 3913 2311 3971 colaitae
2340 3912 2604 3987 quosdam
2645 3928 2715 3967 ex
2765 3910 3043 3979 ﬁdelibus,
3073 3911 3169 3984 qui
3198 3911 3345 3982 apud
3373 3911 3695 3985 Pergamum

2097 4010 2272 4071 erant,
2306 4019 2404 4058 sua
2432 4017 2601 4074 prava
2644 3999 2900 4057 doctrina
2944 3999 3001 4055 iu
3051 3998 3443 4057 fornicationis
3492 4000 3694 4056 malum

2097 4092 2436 4165 dejecerunt,
2476 4090 2732 4148 docentes
2762 4106 2854 4146 eos
2881 4099 2943 4146 ut
2987 4091 3145 4146 nullo
3174 4091 3341 4147 modo
3372 4106 3429 4146 se
3474 4090 3695 4147 vinculo

2098 4182 2377 4254 conjugali
2400 4180 2704 4247 irretirent,
2733 4178 2829 4235 sed
2860 4178 3284 4253 quibuscunque
3311 4181 3547 4248 vellent,
3582 4196 3695 4252 pas-

2096 4274 2202 4331 sim
2236 4273 2617 4329 miscerentur.
2648 4268 2807 4336 Quod
2851 4276 3035 4326 autem
3063 4269 3202 4326 dicit
3232 4287 3247 4324 :
3280 4270 3460 4326 Habeo
3498 4270 3695 4325 aduer-

2097 4381 2216 4420 sum
2246 4369 2291 4417 te
2313 4378 2509 4433 pauca,
2538 4358 2812 4431 signiﬁcat
2842 4375 3047 4432 paucos
3073 4376 3145 4416 ex
3168 4359 3431 4416 ﬁdelibus
3455 4360 3526 4416 ab
3573 4360 3690 4415 h:e-

387 4454 503 4511 siis.
540 4454 643 4523 Qui
670 4454 871 4524 uicerit,
904 4473 1011 4511 non
1044 4456 1261 4512 ltedetur
1288 4476 1321 4512 a
1351 4465 1517 4513 morte
1562 4461 1807 4517 secunda.
1841 4460 1984 4528 Quid
2016 4499 2067 4559 D
2099 4453 2287 4510 retiCiS
2324 4468 2439 4509 esse
2467 4451 2741 4522 ἀθεθρῐοε.

387 4547 460 4603 sit
485 4562 633 4603 mors
662 4546 923 4614 secunda,
955 4545 1014 4601 in
1049 4545 1405 4618 sequentibus
1430 4547 1700 4605 dicemus.

463 4646 644 4720 (Vers.
698 4644 812 4715 12.)
852 4646 927 4701 Et
970 4646 1153 4717 angelo
1198 4645 1447 4716 Pergami
1476 4647 1725 4703 Ecclesia:
1772 4650 1979 4705 scribe:

390 4738 512 4794 ch
540 4736 670 4792 dicit
701 4735 793 4806 qui
823 4736 975 4791 habet
991 4736 1313 4807 romphwam
1338 4742 1565 4807 utraque
1580 4744 1736 4809 parte
1752 4745 1981 4796 acutam.

388 4824 491 4881 Per
544 4823 876 4896 romphaiam
918 4823 1213 4897 judiciaria
1269 4826 1490 4881 Domini
1543 4834 1780 4898 potestas
1810 4835 1986 4899 potest

391 4913 627 4987 intelligi
666 4930 678 4968 :
712 4930 836 4986 quae
867 4922 1104 4987 utraque
1132 4923 1285 4986 parte
1317 4922 1471 4971 acuta
1502 4914 1729 4984 dicitur,
1763 4926 1987 4989 propter

388 5002 500 5060 duo
540 5003 773 5074 judicia,
805 5020 975 5059 unum
1007 5004 1154 5077 quod
1188 5004 1394 5060 factum
1434 5012 1516 5062 est
1542 5022 1639 5077 per
1662 5023 1879 5078 aquam,
1909 5007 1984 5063 al-

392 5101 572 5151 terum
601 5095 749 5167 quod
776 5094 871 5150 ﬁet
899 5111 996 5167 per
1024 5095 1228 5166 ignem.
1270 5094 1377 5151 Sed
1406 5097 1757 5153 excludimur
1783 5098 1851 5154 ab
1882 5098 1988 5155 hoc

389 5182 695 5251 intellectu,
727 5200 794 5239 eo
838 5185 986 5256 quod
1033 5184 1175 5241 illud
1216 5184 1492 5256 judicium
1528 5184 1641 5257 jam
1679 5196 1981 5259 peractum,

385 5280 552 5345 atque
598 5289 695 5345 per
743 5273 1176 5330 misericordiam
1229 5274 1327 5331 Dei
1374 5274 1644 5331 abolitum
1682 5276 1773 5332 sit.
1831 5276 1987 5332 Tunc

386 5375 623 5435 namque
662 5361 864 5434 judicii
912 5362 1066 5420 illius
1093 5379 1324 5420 acumen
1352 5364 1592 5420 deletum
1630 5372 1731 5427 est.
1764 5364 1985 5437 quando

462 5594 546 5663 (9)
609 5592 714 5649 Hic
766 5599 953 5649 textus
1008 5593 1067 5650 in
1121 5592 1257 5651 edit.
1327 5591 1562 5665 rejectus
1627 5594 1807 5651 fuerat
1878 5602 2004 5668 post
2046 5594 2232 5665 verba,
2318 5597 2546 5654 tolerare
2600 5601 2773 5667 posset
2824 5610 2837 5650 :

393 5678 523 5720 ωδε.

2170 4543 2352 4615 (Vers.
2389 4540 2503 4612 16.)
2554 4539 2812 4597 Similiter
2843 4539 3210 4611 pamitentiam
3253 4557 3366 4611 age.
3403 4540 3523 4598 Hoc
3553 4538 3692 4613 quod

2095 4632 2253 4698 dicit,
2302 4629 2569 4697 similiter,
2609 4628 2830 4686 videtur
2882 4627 3022 4685 mihi
3069 4628 3138 4685 ad
3185 4628 3443 4701 angelum
3492 4629 3687 4702 Ephesi

2098 4720 2357 4779 Ecclesiae
2397 4720 2684 4791 respicere,
2733 4718 2825 4776 cui
2865 4717 3070 4776 dicitur
3115 4738 3128 4776 :
3179 4720 3551 4776 Pamitentiam
3581 4735 3688 4790 age,

2098 4831 2154 4868 eo
2200 4811 2341 4883 quod
2396 4809 2704 4866 charitatem
2750 4814 2898 4865 tuam
2931 4809 3167 4880 primam
3194 4811 3500 4881 reliqueris.
3532 4811 3690 4880 Quasi

2096 4902 2309 4959 diceret
2351 4917 2363 4955 :
2400 4899 2553 4957 Sicut
2580 4898 2811 4970 praecepi
2843 4900 3036 4971 angelo
3064 4898 3292 4972 Ephesi,
3321 4908 3386 4957 ut
3414 4902 3693 4974 paeniten-

2094 4992 2229 5051 tiam
2259 4997 2462 5063 ageret,
2496 5006 2562 5046 eo
2608 4989 2755 5062 quod
2781 4988 3105 5046 charitatem
3151 4990 3387 5062 primam
3429 4994 3693 5067 reliquis-

2093 5091 2193 5149 set,
2255 5080 2515 5137 similiter
2568 5086 2622 5136 et
2657 5088 2740 5137 ‘tu
2792 5078 3177 5152 pmnitentiam
3229 5098 3347 5155 age,
3378 5099 3443 5140 eo
3481 5083 3629 5156 quod
3661 5098 3691 5137 a

2093 5176 2361 5236 charitate
2389 5176 2736 5244 deviaveris;
2788 5184 2851 5232 ut
2886 5177 3102 5251 aliquos
3145 5186 3368 5236 tuorum
3418 5195 3519 5251 per
3565 5178 3687 5235 taci-

2092 5272 2412 5329 turnitatem
2444 5270 2743 5326 amitteres.
2776 5269 2834 5325 Si
2865 5270 3167 5340 quominus,
3198 5271 3406 5326 ueniam
3446 5271 3548 5327 tibi
3572 5271 3681 5326 cito.

2091 5362 2242 5418 Solet
2271 5377 2366 5433 per
2390 5359 2688 5416 adventum
2718 5358 2944 5417 Domini
2972 5354 3121 5416 mors
3146 5359 3384 5433 intelligi
3411 5378 3426 5429 ;
3477 5357 3682 5417 unicui-

2884 5558 2989 5653 sed
3043 5601 3239 5653 contra
3302 5594 3675 5655 auctoritatem
