3880 6198
192 334 324 391 861

1129 337 1584 397 BERENGAUDI
1622 338 1997 398 EXPOSITIO
2032 341 2105 398 ΙΝ
2140 340 2645 402 APOCALYPSIN.

3418 353 3524 411 862

197 473 325 530 que
382 456 529 513 enim
587 459 856 515 Dominus
884 467 1017 517 tunc
1062 460 1237 530 venit,
1280 462 1498 535 quando
1543 479 1638 535 per
1667 481 1808 521 mor-
1840 468 1890 527 Α
1919 465 2134 521 Patrem
2194 482 2354 522 suum
2406 468 2625 527 dicebat
2677 471 2875 540 Deum,
2914 473 3179 545 aequalem
3229 490 3285 530 se
3314 475 3521 535 faciens

200 553 329 603 tem
363 548 603 603 animam
634 564 667 604 a
699 564 925 622 corpore
968 560 1202 623 separat.
1240 552 1376 620 Cito,
1410 552 1467 607 id
1496 561 1578 610 est
1612 553 1816 625 impro-

203 633 361 699 vise,
390 636 529 693 sicut
560 637 627 692 de
664 653 825 693 servo
864 639 1171 711 negligente
1224 641 1494 698 Dominus
1538 641 1595 697 in
1635 644 1815 698 Evan-

201 724 364 796 gelio
394 725 674 797 loquitur:
724 726 946 784 «Veniet
977 736 1159 784 autem
1188 730 1458 786 Dominus
1486 730 1632 787 servi
1665 732 1818 788 illius

201 810 272 867 in
306 811 398 868 die
432 829 540 887 quo
571 816 768 884 nescit,
799 826 851 873 et
886 816 1020 873 hora
1049 833 1156 890 qua
1193 818 1446 890 ignorat;
1506 826 1561 875 et
1602 819 1817 876 dividet

201 918 367 969 eum,
396 911 715 976 partemque
741 903 859 976 ejus
888 923 1013 964 cum
1045 906 1351 978 hypocritis
1390 916 1558 980 ponet
1595 910 1810 979 (Matth.

198 1009 377 1061 xxrv,
425 993 541 1064 51).
577 1019 595 1040 ι
642 995 817 1052 Homo
852 998 999 1053 enim
1030 1015 1098 1054 ex
1130 1000 1314 1056 anima
1342 1008 1397 1057 et
1427 1019 1655 1075 corpore
1681 1019 1812 1059 con-

199 1081 399 1139 sistit:
433 1082 636 1140 dividit
663 1086 933 1143 Dominus
963 1087 1246 1146 hominem
1296 1107 1421 1147 cum
1479 1091 1725 1148 animam
1783 1110 1814 1148 a

201 1188 443 1244 corpore
481 1182 693 1245 separat
723 1192 734 1229 :
762 1183 968 1247 partem
997 1176 1116 1250 ejus
1138 1195 1263 1234 cum
1294 1179 1603 1252 hypocritis
1634 1181 1810 1253 ponit,

202 1260 436 1334 quando
465 1261 728 1343 animam,
777 1281 897 1338 quae
927 1267 1167 1324 secunda
1196 1285 1320 1341 pars
1348 1277 1430 1325 est
1461 1269 1519 1325 in
1559 1269 1807 1339 homine,

202 1370 316 1426 pro
343 1355 731 1429 iniquitatibus
759 1358 874 1414 suis
910 1376 1036 1416 cum
1076 1360 1266 1435 impiis
1307 1361 1660 1420 cruciandam
1690 1369 1812 1419 tra—

201 1442 318 1501 dit.
378 1447 439 1502 In
487 1446 595 1503 hoc
644 1447 791 1520 quod
847 1447 1030 1506 dicit:
1100 1450 1308 1509 Veniam
1369 1452 1462 1506 tibi
1516 1451 1638 1520 cito,
1684 1452 1812 1507 talis

202 1533 355 1589 mihi
402 1550 594 1591 sensus
646 1551 764 1592 esse
820 1537 1084 1593 videtur:
1149 1538 1205 1595 Si
1260 1538 1641 1610 paenitentiam
1700 1555 1811 1595 non

201 1624 408 1694 egeris,
437 1624 655 1680 veniam
706 1625 807 1682 tibi
836 1626 985 1693 cito;
1019 1634 1081 1682 ut
1127 1634 1182 1683 te
1232 1643 1328 1699 per
1357 1635 1613 1695 mortem,
1645 1645 1808 1701 quam

201 1712 512 1785 praevidere
544 1714 795 1786 negligis,
849 1715 1168 1772 dissolvam.
1218 1716 1512 1789 Sequitur:
1573 1719 1648 1773 Et
1684 1734 1760 1787 pu

199 1803 379 1874 gnabo
434 1820 551 1858 cum
602 1804 714 1860 illis
758 1806 816 1860 in
867 1805 1046 1877 gladio
1095 1806 1207 1862 oris
1234 1807 1334 1862 mei
1365 1824 1382 1861 :
1413 1808 1470 1864 id
1499 1814 1601 1875 est,
1632 1806 1803 1863 alium
1837 1827 1881 1887 Β

201 1891 268 1947 in
310 1893 432 1949 loco
460 1900 556 1949 tuo
587 1910 808 1966 ponam,
855 1902 909 1952 et
963 1912 1162 1968 ponam
1219 1895 1462 1967 gladium
1508 1896 1802 1952 verborum

202 1998 459 2037 meorum
504 1983 562 2038 in
605 1999 698 2039 ore
739 1982 879 2055 ejus,
930 1984 988 2040 in
1029 2001 1138 2058 quo
1185 1984 1412 2057 dejiciat
1465 1985 1809 2042 adversarios

200 2071 480 2128 veritatis.

281 2159 468 2229 (Vers.
516 2159 631 2230 17.)
669 2161 773 2228 Qui
792 2161 944 2216 habet
973 2178 1152 2229 aures,
1184 2162 1373 2216 audiat
1401 2163 1532 2232 quid
1574 2163 1810 2234 Spiritus

200 2252 354 2307 dicat
384 2252 659 2308 Ecclesiis.
712 2252 1040 2326 Ubicunque
1082 2252 1201 2309 haec
1244 2254 1516 2310 sententia
1560 2256 1806 2326 ponitur,

202 2342 298 2397 vel
330 2340 387 2395 in
426 2342 752 2413 Evangelio,
784 2344 871 2400 vel
905 2344 962 2398 in
994 2344 1350 2416 Apocalypsi,
1395 2344 1679 2401 sciendum
1728 2354 1810 2403 est

206 2430 509 2501 mysticum
559 2446 675 2487 esse
713 2431 860 2504 quod
908 2431 1134 2501 dicitur,
1183 2440 1236 2488 et
1279 2432 1346 2489 ad
1386 2433 1807 2504 intelligendum

205 2517 459 2576 difﬁcile.
540 2519 774 2576 Vincenti
830 2520 964 2576 dabo
1018 2537 1217 2576 manna
1276 2521 1656 2578 absconditum.
1697 2523 1812 2578 Le-

213 2608 396 2682 gimus
441 2608 500 2664 in
538 2608 725 2665 Veteri
781 2610 1149 2678 Testamento,
1208 2609 1338 2683 quia
1389 2612 1654 2683 populum
1702 2613 1810 2669 Ju-

214 2696 459 2753 dzeorum
513 2713 609 2768 per
653 2697 866 2753 deserta
913 2698 1249 2770 gradientem
1297 2700 1567 2756 Dominus
1609 2717 1810 2758 manna

213 2786 427 2859 paverit
485 2786 689 2857 (Etod.
718 2803 837 2854 xvi,
897 2785 1010 2857 14),
1056 2803 1230 2860 usque
1291 2787 1421 2843 dum
1454 2789 1711 2845 venirent
1738 2790 1807 2846 ad

214 2882 414 2930 terram
446 2875 909 2947 repromissionis.
955 2877 1058 2932 Per
1097 2892 1297 2931 manna
1341 2876 1513 2949 igitur
1541 2878 1811 2950 sapientia

213 2979 335 3036 qua:
365 2963 618 3021 Christus
650 2971 750 3031 est,
784 2963 1023 3036 intelligi
1051 2971 1229 3036 potest
1260 2982 1273 3020 :
1336 2990 1354 3013 ε
1402 2967 1521 3038 Ipse
1549 2974 1631 3023 est
1658 2967 1806 3023 enim

212 3052 371 3124 panis
398 3053 561 3108 vivus
597 3052 693 3125 qui
727 3053 794 3109 de
824 3052 965 3109 caelo
995 3052 1277 3109 descendit
1309 3053 1489 3125 (Joan.
1523 3073 1603 3124 v1,
1631 3056 1743 3126 51).
1778 3080 1796 3103 ι

212 3141 330 3197 Hoc
355 3157 491 3214 pane
532 3143 757 3199 aluntur
804 3159 994 3199 omnes
1052 3143 1232 3211 electi,
1291 3142 1349 3198 in
1383 3143 1598 3199 deserto
1645 3153 1809 3217 atque
1842 3181 1886 3241 ϐ

210 3230 270 3286 in
298 3229 493 3286 itinere
536 3229 705 3302 hujus
734 3231 921 3288 saeculi
955 3231 1142 3304 positi,
1187 3247 1360 3304 usque
1406 3232 1538 3288 dum
1582 3233 1810 3288 veniant

208 3317 280 3373 ad
308 3324 508 3374 terram
544 3320 1011 3392 repromissionis,
1040 3319 1096 3375 id
1124 3327 1207 3376 est
1235 3319 1301 3377 ad
1344 3321 1618 3377 cmlestem
1671 3320 1809 3376 bea-

208 3406 503 3463 titudinem
554 3425 719 3482 quam
768 3410 1082 3481 repromisit
1128 3412 1274 3467 Deus
1320 3409 1682 3482 diligentibus
1727 3426 1803 3466 se.

209 3495 611 3552 Absconditum
669 3506 853 3554 autem
903 3496 1028 3554 ideo
1081 3498 1305 3566 dicitur,
1357 3498 1486 3571 quia
1540 3497 1807 3569 sapientia

207 3584 306 3641 Dei
337 3585 587 3656 superbis
627 3585 1011 3655 absconditur,
1055 3595 1111 3643 et
1156 3586 1463 3643 humilibus
1506 3587 1804 3653 reveletur,

206 3673 355 3730 sicut
392 3673 507 3746 ipse
535 3674 672 3731 dicit
701 3675 759 3731 in
788 3676 1092 3748 Evangelio
1123 3694 1134 3732 :
1183 3701 1201 3723 ι
1230 3675 1510 3734 Conﬁteor
1536 3675 1661 3741 tibi,
1692 3676 1805 3731 Pa-

209 3771 316 3830 ter,
380 3763 618 3819 Domine
663 3764 791 3820 cmli
843 3771 898 3820 et
952 3772 1131 3834 terrae,
1165 3765 1293 3840 quia
1321 3764 1659 3822 abscondisti
1688 3764 1806 3821 haec

206 3867 239 3907 a
281 3851 620 3922 sapientibus
667 3859 721 3908 et
772 3852 1162 3925 prudentibus,
1207 3860 1261 3910 et
1289 3853 1548 3911 revelasti
1576 3868 1639 3910 ea
1675 3868 1800 3926 par-

206 3940 354 3996 vulis
385 3939 598 4012 (Matth.
621 3958 701 4011 x1,
732 3941 847 4013 25).
881 3966 900 3989 ι

286 4032 431 4091 507
471 4030 546 4085 Et
580 4030 714 4085 dabo
743 4029 832 4086 illi
860 4030 1123 4086 calculum
1153 4028 1457 4085 candidum.
1481 4029 1584 4085 Per
1609 4027 1804 4085 calcu-

208 4127 343 4195 lum,
382 4127 477 4200 qui
523 4127 664 4199 lapis
693 4142 896 4198 parvus
925 4133 1027 4195 est,
1059 4134 1112 4182 et
1157 4142 1190 4182 a
1234 4125 1558 4183 calculando
1586 4125 1666 4181 sic
1692 4140 1803 4180 vo:-

204 4222 380 4283 catur,
422 4215 789 4287 Evangelium
833 4230 1122 4287 possumus
1162 4214 1409 4286 accipere
1478 4212 1619 4281 Quia
1659 4211 1802 4268 sicut

205 4304 418 4378 antiqui
448 4304 649 4361 horum
676 4304 923 4377 lapidum
956 4304 1373 4361 multitudinem
1414 4319 1663 4376 magnam
1694 4300 1801 4357 sibi

205 4384 627 4467 congregabant'
657 4394 726 4450 ad
771 4394 1086 4467 partiendos
1142 4403 1196 4451 et
1252 4391 1583 4449 dividendos
1611 4407 1798 4446 nume-

1930 556 2044 611 Deo
2097 556 2279 627 (Joan.
2327 573 2382 625 v,
2435 558 2547 629 18).
2598 584 2616 607 ι
2673 560 2728 616 Si
2760 561 3012 618 Christus
3057 564 3319 636 aequalem
3361 582 3417 622 se
3448 566 3522 623 fa-

1928 643 2112 701 ciebat
2165 647 2300 714 Deo,
2347 663 2447 702 cur
2473 645 2610 703 dicit
2648 649 2814 705 Arius
2860 650 3127 707 minorem
3170 668 3285 709 esse
3315 655 3518 712 Filium

1928 731 2089 787 Patre
2110 733 2138 789 ‘l
2169 734 2286 792 Hoc
2315 750 2442 807 ergo
2488 752 2690 792 nomen
2720 738 2867 811 quod
2910 739 2966 794 in
3010 741 3222 797 calculo
3254 743 3519 816 scriptum

1929 828 2034 891 est,
2064 824 2254 881 nullus
2281 824 2407 894 scit,
2464 827 2571 883 nisi
2601 828 2696 900 qui
2735 830 2964 902 accipit;
3010 832 3139 904 quia
3179 834 3520 905 omnipoten-

1926 911 2082 979 tiam,
2143 911 2517 978 divinitatem.
2576 917 2939 988 aequalitatem
2995 919 3121 975 Filii
3179 937 3306 976 cum
3356 922 3521 979 Patre

1928 999 2117 1055 nullus
2162 1000 2301 1056 scire
2330 1005 2614 1073 praevalet,
2646 1005 2752 1060 nisi
2792 1008 2880 1063 cui
2929 1006 3180 1063 doctrina
3227 1009 3517 1081 Evangelii

1923 1087 2049 1143 data
2077 1088 2263 1145 fuerit.
2317 1091 2419 1147 Sed
2451 1100 2533 1148 est
2570 1093 2724 1149 aliud
2773 1095 2920 1167 quod
2966 1112 3066 1151 nos
3109 1105 3331 1165 movet;
3389 1114 3517 1153 nam

1922 1177 2084 1249 paulo
2114 1177 2367 1249 superius
2399 1178 2590 1235 dixit:
2668 1181 2900 1238 Vincenti
2954 1182 3087 1237 dabo
3142 1200 3339 1239 manna
3387 1185 3519 1241 abs—

1921 1266 2207 1333 conditum,
2264 1274 2313 1322 et
2358 1268 2493 1323 dabo
2548 1270 2634 1326 illi
2686 1272 2948 1326 calculum
3001 1272 3303 1341 candidum,
3361 1278 3410 1327 et
3462 1273 3519 1327 in

1920 1355 2122 1409 calculo
2152 1372 2340 1410 nomen
2372 1363 2540 1425 tuum,
2588 1359 2728 1429 quod
2773 1376 2922 1414 nemo
2969 1361 3085 1425 scit,
3137 1360 3244 1415 nisi
3295 1361 3387 1431 qui
3419 1377 3520 1416 ac-

1921 1443 2067 1514 cipit.
2100 1445 2155 1501 Si
2201 1444 2370 1518 igitur
2406 1447 2540 1503 solis
2588 1448 2699 1504 illis
2733 1449 2828 1522 qui
2865 1449 3148 1505 diabolum
3179 1450 3433 1519 vincunt,
3464 1460 3519 1507 et

1920 1548 2141 1601 manna,
2170 1541 2224 1589 et
2249 1536 2514 1603 calculus,
2545 1545 2597 1592 et
2629 1538 2871 1594 nominis
2898 1538 3100 1594 Christi
3133 1538 3297 1594 datur
3328 1539 3519 1595 scien-

1921 1620 2029 1689 tia;
2070 1637 2196 1695 ergo
2222 1623 2380 1697 impii
2403 1626 2495 1698 qui
2537 1626 2822 1683 diabolum
2868 1644 2980 1683 non
3008 1628 3262 1696 vincunt,
3303 1628 3397 1684 sed
3449 1629 3518 1686 ab

1920 1725 1984 1766 eo
2015 1711 2335 1782 vincuntur,
2394 1717 2647 1788 quamvis
2704 1717 2995 1789 baptisma,
3047 1719 3303 1791 quamvis
3351 1719 3516 1775 ﬁdem

1922 1799 2127 1857 Christi
2158 1803 2453 1859 videantur
2510 1806 2831 1877 suscepisse,
2890 1807 2958 1862 ab
3006 1807 3110 1863 hoc
3159 1815 3341 1864 tamen
3402 1824 3517 1864 mu-

1918 1904 2046 1945 nere
2074 1889 2239 1946 alieni
2271 1892 2569 1949 esxistunt.
2602 1894 2707 1949 Sed
2745 1894 2883 1950 dicit
2941 1896 3183 1968 aliquis:
3232 1895 3519 1962 Quomodo

1918 1977 2191 2035 litteratus
2219 1981 2472 2054 quisque,
2500 1990 2553 2038 et
2592 1983 2649 2038 in
2668 1982 2877 2039 divinis
2908 1983 3209 2056 Scripturis
3246 1985 3518 2055 eruditus,

1919 2068 2242 2138 mysterium
2274 2071 2519 2126 nominis
2558 2070 2766 2129 Christi
2798 2072 3009 2140 nescit;
3051 2076 3305 2146 quamvis
3333 2082 3386 2131 et
3417 2093 3517 2132 sae-

1917 2157 2103 2211 culum
2127 2157 2340 2231 diligat,
2373 2167 2428 2215 et
2458 2161 2786 2233 voluptuose
2809 2162 2994 2217 vivat?
3011 2161 3152 2219 Huic
3163 2179 3260 2234 ego
3282 2163 3517 2220 duorum

1918 2242 2208 2302 hominum
2240 2248 2678 2305 similitudinem
2713 2251 2818 2305 mel
2849 2251 3085 2306 multum
3118 2252 3517 2324 possidentium

1918 2350 2213 2406 opponam,
2258 2354 2326 2392 ex
2356 2338 2556 2411 quibus
2584 2355 2728 2394 unus
2775 2357 2843 2395 ex
2875 2357 2939 2396 eo
2968 2341 3125 2397 edere
3154 2343 3351 2399 solitus
3380 2353 3515 2413 erat,

1917 2423 2056 2478 alter
2085 2438 2219 2479 vero
2247 2426 2315 2481 ab
2346 2425 2463 2497 ejus
2503 2444 2620 2494 esu,
2652 2428 2887 2499 quadam
2920 2430 3239 2487 necessitate
3267 2440 3513 2503 cogente,

1918 2512 2179 2569 omnibus
2208 2513 2387 2570 modis
2411 2516 2746 2573 abstinebat.
2779 2517 2916 2585 Quis
2943 2517 3139 2574 horum
3172 2519 3273 2575 tibi
3297 2521 3517 2577 videtur

1918 2617 2166 2673 saporem
2200 2603 2379 2659 mellis
2422 2605 2594 2660 satius
2630 2606 2952 2677 cognovisse
2974 2607 3002 2661 Ῡ
3037 2607 3233 2680 Utique
3280 2624 3515 2680 respon-

1917 2689 2069 2746 debit
2100 2690 2239 2746 mihi
2277 2692 2407 2765 quia
2435 2692 2542 2757 his,
2576 2694 2670 2766 qui
2712 2694 2830 2765 ejus
2876 2693 3168 2750 dulcedine
3193 2695 3399 2767 perfrui
3429 2712 3513 2752 so-

1918 2779 2051 2835 litus
2079 2787 2212 2835 erat.
2254 2782 2326 2836 Et
2377 2788 2560 2837 tamen
2608 2784 2652 2838 si
2698 2783 3086 2854 interrogasses
3123 2791 3418 2857 utrumque
3446 2784 3515 2840 de

1918 2868 2097 2927 melle.
2152 2870 2311 2942 cujus
2358 2877 2498 2928 esset
2552 2872 2782 2942 saporis,
2838 2880 3092 2945 uterque’
3130 2872 3512 2930 dulcissimum

1917 2974 2032 3014 esse
2062 2958 2363 3016 fateretur:
2395 2960 2491 3017 sed
2519 2960 2726 3017 diceret
2765 2961 2881 3029 ille,
2919 2961 3067 3034 quod
3095 2961 3340 3029 audivit;
3383 2963 3511 3032 iste,

1918 3049 2063 3121 quod
2093 3058 2352 3122 expertus
2381 3059 2497 3107 erat
2528 3067 2539 3106 :
2572 3052 2725 3107 illius
2766 3052 2954 3124 lingua
2996 3053 3330 3125 loqueretur,
3362 3054 3510 3126 quod

1918 3137 2102 3193 fauces
2156 3138 2504 3209 ignorabant,
2559 3139 2721 3196 istius
2773 3150 2954 3197 autem
3012 3141 3159 3214 quod
3214 3141 3507 3199 delectatio

1918 3226 2197 3283 docuerat.
2232 3228 2329 3284 Ille
2359 3230 2529 3301 igitur
2552 3231 2646 3303 qui
2699 3230 2800 3285 mel
2852 3246 2963 3285 non
3000 3230 3069 3285 ad
3095 3230 3385 3299 utendum,
3411 3231 3506 3287 sed

1916 3314 1985 3369 ad
2012 3314 2166 3372 lucra
2193 3318 2570 3390 exaggeranda
2604 3317 2936 3390 possidebat,
2979 3335 3070 3375 eos
3089 3319 3383 3391 signiﬁcat,
3411 3320 3507 3393 qui

1915 3419 1984 3458 ex
2013 3404 2243 3460 scientia
2271 3405 2586 3462 divinarum
2609 3407 3015 3479 Scripturarum
3039 3407 3269 3479 gloriam
3300 3416 3505 3481 tempo-

1914 3492 2083 3549 ralem
2114 3495 2238 3565 plus
2266 3511 2427 3568 quam
2457 3504 2715 3552 aeternam
2745 3505 3033 3568 capessunt
3062 3498 3170 3568 (9')
3196 3515 3206 3552 :
3251 3496 3345 3553 ille
3374 3513 3507 3552 vero

1914 3581 2009 3655 qui
2040 3582 2147 3638 mel
2171 3582 2238 3639 ad
2265 3584 2370 3640 hoc
2402 3584 2733 3656 possidebat,
2776 3593 2839 3641 ut
2881 3584 3000 3657 ejus
3032 3586 3324 3642 dulcedine
3353 3586 3504 3641 assi-

1913 3670 2019 3727 due
2050 3672 2343 3740 frueretur;
2372 3690 2464 3731 eos
2488 3675 2780 3747 signiﬁcat,
2812 3676 2908 3748 qui
2945 3677 3202 3733 mandata
3239 3676 3337 3733 Dei
3393 3692 3505 3733 non

1912 3776 2011 3832 pro
2040 3762 2210 3835 gloria
2239 3764 2549 3835 temporali,
2606 3766 2701 3821 sed
2753 3781 2853 3837 pro
2907 3781 3093 3820 amore
3144 3765 3242 3821 Dei
3294 3765 3505 3822 discere

1916 3851 2169 3921 student;
2226 3861 2288 3909 ut
2331 3871 2428 3926 per
2483 3870 2672 3911 eorum
2721 3856 3094 3926 operationem
3147 3855 3217 3911 ad
3273 3856 3504 3927 gloriam

1911 3948 2169 3998 aeternam
2209 3943 2497 4014 pervenire
2526 3953 2858 4000 mereantur.
2919 3944 3038 4000 Illis
3086 3944 3345 4000 mandata
3377 3944 3500 4012 Dei,

1911 4030 2164 4101 quamvis
2209 4046 2270 4085 ea
2311 4029 2630 4102 praedicent,
2660 4030 2845 4086 dulcia
2873 4047 2983 4086 non
3021 4038 3153 4087 sunt
3182 4049 3195 4099 ;
3229 4030 3358 4105 quia
3388 4047 3501 4088 non
3578 4089 3589 4096 _

1910 4115 2259 4174 dulcedinem
2296 4118 2533 4175 caelestis
2561 4118 2772 4190 patriae,
2800 4118 2894 4174 sed
2924 4118 3273 4177 dulcedinem
3320 4128 3503 4177 terre-

1910 4222 2059 4275 nam,
2090 4222 2209 4279 quaa
2259 4206 2685 4263 amaritudinem
2740 4215 2980 4280 generat,
3034 4208 3317 4281 diligunt:
3376 4208 3501 4266 istis

1908 4302 2090 4351 autem
2145 4294 2402 4352 mandata
2443 4296 2543 4352 Dei
2597 4313 2720 4368 spes
2767 4296 3004 4353 cmlestis
3062 4297 3254 4370 patriae
3317 4297 3505 4355 dulcia

1902 4386 2060 4456 facit,
2097 4387 2240 4445 sicut
2277 4386 2414 4444 dicit
2442 4388 2732 4445 Psalmista
2769 4406 2781 4443 :
2830 4413 2849 4437 ι
2874 4389 3049 4456 Quam
3097 4388 3283 4446 dulcia
3314 4389 3503 4446 fauci—

206 4500 329 4550 ros;
386 4483 463 4540 ita
512 4483 765 4541 doctores
821 4484 1083 4542 Ecclesiae
1138 4485 1315 4539 multa
1344 4482 1512 4539 verba
1537 4482 1798 4553 Evange-
1827 4549 1862 4553 _
1906 4477 2012 4534 bus
2052 4478 2190 4534 meis
2219 4478 2440 4552 eloquia
2472 4484 2587 4546 tua,
2618 4478 2875 4545 Domine,
2906 4495 3069 4551 super
3093 4480 3202 4534 mel
3231 4486 3285 4534 et
3312 4478 3501 4533 favum

205 4571 265 4627 lii
293 4572 352 4627 in
380 4573 643 4630 cordibus
688 4573 803 4630 suis
848 4580 1202 4646 congregant,
1251 4588 1486 4646 quorum
1529 4587 1656 4627 cum
1687 4549 1799 4627 ob-
1827 4549 1876 4608 Π
1908 4566 1991 4622 ori
2023 4583 2144 4623 meo
2173 4549 2346 4640 (Psal.
2392 4585 2589 4637 cxvm,
2625 4567 2784 4637 103)!
2828 4593 2845 4615 ι
2889 4549 2991 4622 Illi
3025 4582 3154 4637 ergo
3184 4565 3288 4621 soli
3316 4566 3503 4621 sciunt

205 4660 491 4718 scuritates
546 4670 601 4718 et
637 4662 953 4735 spirituales
1000 4661 1394 4733 intelligentiae
1444 4668 1498 4716 et
1527 4660 1797 4716 utilitates

203 4749 546 4807 auditoribus
575 4750 690 4808 suis
720 4751 995 4824 aperiunt,
1028 4749 1183 4824 quasi
1210 4766 1469 4806 numeros
1499 4766 1627 4805 suos
1654 4748 1795 4805 divi-

201 4838 339 4896 dunt
364 4849 420 4897 et
451 4842 787 4914 partiuntur.
827 4845 902 4900 Et
928 4842 984 4897 in
1006 4843 1212 4898 calculo
1242 4858 1430 4897 nomen
1454 4858 1649 4896 novum
1668 4840 1797 4896 scri-

194 4936 364 5002 ptum,
394 4933 534 5003 quod
562 4950 711 4988 nemo
740 4933 855 5002 scit,
888 4934 997 4988 nisi
1025 4932 1120 5003 qui
1146 4931 1356 5004 accipit.
1394 4930 1552 4998 Quod
1581 4938 1662 4987 est
1691 4930 1798 4986 hoc

202 5035 401 5076 nomen
431 5019 662 5089 Christi,
692 5021 838 5093 quod
868 5021 927 5077 in
957 5020 1172 5078 calculo
1196 5017 1483 5091 Evangelii
1528 5018 1794 5090 scriptum

200 5124 313 5165 esse
341 5107 549 5165 dicitur
576 5110 606 5166 ?
650 5134 667 5157 ι
719 5110 780 5166 In
809 5108 1084 5183 principio
1108 5115 1225 5164 erat
1254 5107 1524 5176 Verbum,
1552 5115 1607 5162 et
1659 5106 1790 5163 Ver-

199 5197 328 5255 bqu
359 5205 476 5254 erat
504 5198 647 5272 apud
680 5201 876 5269 Deum,
907 5208 962 5256 et
1005 5201 1151 5256 Deus
1178 5205 1294 5255 erat
1319 5197 1564 5254 Verbum
1606 5196 1789 5269 (Joan.

201 5288 412 5359 1,1);n
455 5295 510 5343 et
554 5287 792 5345 iterum:
863 5312 882 5337 ι
936 5290 1049 5362 Ego
1099 5295 1155 5345 et
1207 5288 1367 5344 Pater
1400 5301 1570 5341 unum
1603 5299 1795 5340 sumus

201 5375 381 5446 (Joan.
415 5392 472 5445 x,
504 5375 630 5449 30);
665 5403 684 5426 ι
726 5384 782 5434 et
837 5377 984 5434 idem
1042 5375 1377 5450 evangelista
1427 5374 1487 5430 in
1514 5374 1624 5429 alio
1671 5373 1793 5428 loco

197 5463 332 5521 dicit
363 5481 376 5521 :
407 5463 549 5533 Quia
591 5481 705 5522 non
740 5466 918 5524 solum
964 5465 1213 5524 solvebat
1257 5462 1577 5533 Sabbatum,
1617 5459 1713 5517 sed
1739 5467 1795 5516 et

1904 4671 2106 4712 nomen
2167 4656 2289 4725 Dei,
2351 4656 2448 4729 qui
2504 4655 2827 4712 custodiunt
2880 4653 3134 4708 mandata
3184 4653 3331 4709 Dei:
3405 4651 3501 4725 qui

1904 4761 2035 4801 vero
2078 4747 2340 4802 saeculum
2402 4745 2665 4816 diligunt,
2717 4742 2810 4814 qui
2875 4741 2933 4796 in
2986 4739 3311 4814 quibusdam
3345 4740 3503 4797 vitiis

1904 4834 2224 4906 semetipsos
2252 4831 2547 4904 dejiciunt,
2580 4830 2675 4904 qui
2709 4828 2983 4885 desideria
3014 4828 3197 4886 carnis
3243 4845 3355 4885 suae
3384 4845 3501 4902 per-

1906 4921 2125 4989 ﬁciunt,
2159 4920 2418 4978 nesciunt
2448 4934 2651 4976 nomen
2671 4917 2808 4985 Dei;
2843 4915 2973 4990 quia
2999 4917 3254 4974 timorem
3286 4925 3341 4973 et
3355 4933 3502 4974 amo-

1902 5027 2018 5067 rem
2050 5009 2169 5082 ejus
2188 5028 2220 5067 a
2249 5017 2431 5066 mente
2460 5026 2559 5066 sua
2585 5008 2878 5081 abjiciuut.
2917 5006 3123 5065 Aliter:
3176 5009 3362 5065 Potest
3406 5023 3504 5081 per

1902 5100 2180 5157 calculum
2212 5114 2525 5174 nomenque
2558 5099 2612 5154 in
2644 5115 2709 5156 eo
2740 5098 3006 5171 scriptum
3036 5096 3318 5154 beatitudo
3343 5097 3501 5154 cmle~

1901 5191 2001 5247 stis
2020 5190 2210 5262 patriae
2234 5189 2530 5263 designari;
2561 5199 2622 5246 ut
2638 5205 2734 5263 per
2751 5190 3025 5247 calculum
3041 5188 3282 5247 caelestis
3300 5188 3499 5262 patria,

1901 5297 1998 5355 per
2026 5297 2226 5337 nomen
2275 5297 2407 5339 vero
2447 5283 2504 5339 in
2553 5299 2618 5340 eo
2660 5282 2927 5356 scriptum
2954 5279 3237 5339 beatitudo
3263 5281 3503 5338 caelestis

1901 5370 2093 5443 patriai
2113 5370 2398 5443 ﬁguretur.
2432 5372 2549 5429 Hoc
2591 5389 2721 5446 ergo
2749 5389 2952 5429 nomen
2987 5372 3174 5428 nullus
3218 5369 3343 5438 scit,
3391 5368 3501 5426 nisi

1902 5459 1997 5533 qui
2027 5458 2229 5532 accipit
2255 5460 2570 5529 calculum;
2600 5460 2731 5535 quia
2778 5468 2982 5535 quanta
3028 5459 3102 5518 sit
3129 5459 3227 5515 illa
3263 5456 3501 5519 caelestis

268 5674 375 5749 (9‘)
425 5674 614 5736 Codex
670 5676 850 5749 Gem.,
880 5678 1066 5753 gloriae
1103 5678 1411 5755 temporalis
1466 5678 1595 5754 plus
1639 5690 1801 5750 quam
1827 5680 2033 5735 (eterna
2058 5692 2271 5751 capaces
2291 5686 2431 5737 sunt.
