3880 6198
415 317 523 376 863

1412 320 1507 374 AD
1547 317 1781 373 OPERA
1819 314 1874 370 S.
1917 313 2250 373 AMBROSII
2286 312 2668 370 APPENDIX.

3676 316 3779 372 864

418 444 702 503 beatitudo
723 446 913 503 nullus
943 446 1082 502 scire
1116 445 1395 517 praevalet,
1445 442 1551 498 nisi
1604 440 1698 513 qui
1743 440 1810 495 ad
1863 439 2082 500 hancA
2112 439 2271 494 scient
2299 437 2750 499 omnesEcclesite
2794 439 2923 508 quia
2974 454 3061 509 ego
3104 454 3222 493 sum
3310 443 3578 494 semitam
3623 457 3777 495 renes

419 536 706 608 pervenire
765 534 1045 603 meruerit,
1103 534 1247 589 sicut
1310 531 1447 587 dicit
1505 531 1670 586 Isaias
1702 529 2008 602 propheta:

432 651 450 673 ι
491 627 698 683 Oculus
736 642 847 680 non
900 625 1063 691 vidit,
1095 626 1260 688 Deus,
1302 621 1503 693 absque
1543 629 1615 688 te,
1661 636 1780 692 quae
1812 635 2011 691 praepa-

420 715 556 771 rasti
584 714 1032 786 exspectantibus
1062 720 1113 766 te
1142 714 1275 781 (Isa.
1305 727 1461 777 wa,
1492 708 1571 781 4).
1593 734 1611 756 ι

492 806 672 877 (Vers.
732 803 815 870 18,
875 802 986 871 19.)
1049 803 1125 856 Et
1176 800 1358 869 angelo
1435 800 1704 869 Thyatira
1768 799 2015 853 Ecclesia:

416 894 581 947 scribe
614 909 624 945 :
658 893 780 947 Haec
808 890 935 945 dicit
981 890 1154 945 Filius
1201 889 1318 956 Dei,
1374 888 1467 958 qui
1521 889 1670 942 habet
1727 889 1902 942 oculos
1956 877 2015 942 ut

414 982 682 1050 ﬂammam
750 978 907 1049 ignis,
972 984 1019 1032 et
1075 978 1231 1050 pedes
1287 977 1398 1046 ejus
1455 976 1650 1031 similes
1686 976 2009 1032 aurichalco.

417 1066 561 1134 Quid
616 1066 723 1123 ista
776 1066 1109 1138 signiﬁcent,
1162 1066 1415 1138 superius
1469 1064 1681 1122 dictum
1734 1072 1833 1121 est.
1897 1065 2013 1121 Scio

415 1174 578 1227 opera
636 1163 746 1224 tua,
795 1164 841 1212 et
882 1158 1212 1226 charitatem,
1264 1164 1312 1212 et
1356 1158 1532 1232 ﬁdem,
1563 1165 1609 1212 et
1638 1157 2011 1226 ministerium,

415 1258 463 1307 et
510 1252 823 1323 patientiam
878 1259 1044 1315 tuam,
1103 1260 1152 1307 et
1200 1271 1362 1324 opera
1420 1259 1511 1307 tua
1538 1252 1823 1307 novissima
1846 1253 2011 1324 plu-ra

410 1342 706 1413 prioribus.
740 1342 842 1399 Hic
859 1358 952 1414 per
972 1343 1159 1398 omnia
1190 1343 1461 1410 laudatur,
1495 1342 1589 1398 sed
1614 1343 1758 1400 sicut
1785 1359 2011 1416 sequen-

416 1430 493 1486 tia
525 1431 902 1501 manifestant,
934 1434 1050 1489 sola
1076 1433 1471 1490 taciturnitatis
1515 1434 1678 1506 culpa
1704 1433 1763 1489 in
1809 1450 1872 1490 eo
1918 1452 2014 1490 re-

412 1519 679 1591 dargitur.

486 1609 667 1679 (Vers.
699 1609 814 1681 20.)
849 1612 948 1667 Sed
976 1611 1135 1667 habeo
1166 1612 1448 1667 adversum
1494 1619 1559 1678 te,
1593 1613 1723 1684 quia
1748 1613 2013 1685 permittis

412 1700 689 1756 mulierem
733 1701 966 1770 Iezabel,
1017 1718 1133 1772 quae
1179 1720 1232 1757 se
1288 1703 1416 1759 dicit
1463 1704 1766 1774 propheten,
1835 1704 2014 1759 docere

2121 535 2168 583 et
2195 528 2376 583 corda.
2419 530 2520 583 Per
2550 544 2705 582 renes
2730 528 2823 599 qui
2855 527 2996 583 infra
3028 544 3230 599 corpus
3276 528 3693 597 continentur,
3723 536 3774 585 et

2121 634 2189 673 ex
2211 616 2411 689 quibus
2442 615 2613 672 libido
2655 615 2945 688 procedere
2985 616 3210 684 dicitur,
3240 626 3480 689 peccata
3509 617 3766 675 abscon-

2121 706 2276 762 dita:
2311 722 2405 779 per
2452 707 2618 762 corda
2661 714 2841 762 autem
2888 706 3249 778 cogitationes
3300 708 3553 764 occulta:
3594 707 3764 764 desi-

2122 806 2375 869 gnantur.
2412 797 2481 851 Et
2510 804 2591 851 est
2619 813 2807 851 sensus
2841 814 2852 850 :
2906 799 2979 852 Et
3022 797 3202 864 scient,
3238 796 3511 853 videlicet
3564 798 3636 853 in
3668 798 3759 853 die

2116 884 2336 956 judicii,
2372 884 2593 958 quando
2640 893 2694 940 et
2754 884 2873 956 ipsa
2919 885 3139 955 mulier,
3192 894 3247 941 et
3294 902 3496 941 omnes
3529 888 3636 958 qui
3671 886 3760 942 de.

2122 974 2263 1045 cepti
2294 982 2423 1029 sunt
2452 973 2519 1028 ab
2566 990 2649 1039 ea,
2708 972 3157 1040 damnabantur;
3216 990 3414 1030 omnes
3445 975 3755 1043 Ecclesiae,

2122 1062 2179 1119 td
2225 1070 2327 1131 est,
2361 1079 2550 1119 omnes
2607 1060 2924 1120 Christiano
2985 1062 3209 1119 nomine
3257 1072 3586 1132 censentur,
3639 1080 3755 1119 non

2121 1154 2298 1210 solum
2327 1154 2508 1222 electi,
2540 1153 2636 1209 sed
2666 1153 2833 1208 etiam
2876 1157 3022 1215 508
3051 1151 3294 1225 reprobi,
3325 1153 3455 1224 quia
3500 1171 3597 1226 ego
3633 1171 3753 1208 sum

2121 1257 2363 1307 scrutans
2391 1268 2539 1307 renes
2567 1258 2613 1307 et
2642 1251 2829 1317 corda,
2861 1249 2918 1306 id
2970 1258 3070 1317 est,
3124 1266 3240 1304 non
3271 1251 3456 1305 solum
3509 1259 3752 1321 peccata

2121 1357 2242 1413 quae
2299 1348 2506 1413 patent,
2568 1341 2902 1396 verumtiam
2955 1348 3010 1396 et
3063 1357 3185 1414 qua)
3237 1341 3459 1396 latent:
3522 1340 3627 1397 sed
3698 1349 3752 1396 et

2125 1430 2270 1503 ipsas
2298 1429 2658 1501 cogitationes
2690 1430 2931 1496 intueor,
2960 1437 3014 1486 et
3055 1430 3113 1485 in
3155 1428 3252 1485 illa
3292 1429 3387 1484 die
3415 1428 3566 1485 dabo
3601 1429 3748 1486 uni-

2120 1522 2320 1594 cuique
2350 1529 2592 1577 vestrum
2626 1520 2929 1576 secundum
2956 1536 3120 1592 opera
3148 1528 3350 1576 vestra.

2195 1621 2378 1691 (Vers.
2434 1620 2548 1692 24.)
2617 1620 2767 1679 Vobis
2816 1625 2993 1675 autem
3037 1620 3153 1674 dico
3202 1620 3424 1688 caeteris,
3458 1621 3559 1690 qui
3622 1622 3741 1693 (10)

2128 1710 2396 1779 Thyatira:
2462 1709 2602 1777 estis,
2665 1708 2961 1780 quicunque
3012 1724 3119 1763 non
3169 1709 3363 1763 habent
3422 1709 3741 1764 doctrinam

411 1795 460 1844 et
508 1790 747 1843 seducere
814 1806 992 1844 servos
1042 1808 1198 1858 meos,
1267 1791 1534 1861 fornicari
1592 1799 1640 1848 et
1692 1793 2014 1848 manducare
2041 1792 2086 1851 B
2118 1797 2270 1866 hanc,
2300 1797 2392 1868 qui
2422 1815 2527 1852 non
2544 1802 2893 1868 cognoverunt
2920 1796 3257 1852 altitudinem
3287 1798 3530 1865 Salonis,
3557 1814 3739 1868 quem-

410 1878 473 1933 de
535 1877 857 1947 idolothytis.
937 1878 1063 1935 Hazc
1146 1880 1369 1945 mulier,
1436 1898 1558 1954 quae
1619 1879 1829 1937 Iezabel
1896 1884 2004 1938 im-

411 1964 672 2039 piissimaa
743 1978 1113 2038 comparatur,
1154 1967 1277 2025 ideo
1324 1986 1380 2024 se
1421 1970 1725 2042 propheten
1769 1972 2005 2028 menda-

411 2054 551 2109 ci'er
598 2056 907 2124 aﬂimabat,
944 2064 1004 2112 ut
1048 2057 1265 2114 facilius
1297 2058 1400 2114 sub
1452 2059 1735 2131 religionis
1782 2062 2006 2118 nomine

408 2145 599 2199 falsam
666 2143 973 2201 doctrinam
1024 2145 1083 2201 in
1135 2147 1401 2219 populum
1450 2147 1549 2203 Dei
1584 2149 2000 2207 introduceret:

408 2240 462 2290 et
507 2233 651 2290 sicut
716 2233 929 2291 Iezabel
984 2235 1209 2307 cogebat
1272 2237 1536 2308 populum
1583 2239 1680 2294 Dei
1730 2240 2005 2297 culturam

406 2321 504 2379 Dei
536 2322 802 2391 deserere,
836 2332 889 2380 et
911 2323 1058 2380 idola
1100 2326 1347 2381 venerari
1381 2343 1393 2381 :
1432 2326 1508 2381 ita
1561 2334 1615 2382 et
1666 2326 1784 2385 haec
1824 2345 2006 2401 popu-

409 2415 524 2469 lum
552 2414 651 2469 Dei
691 2431 722 2470 a
751 2416 969 2472 cultura
1016 2417 1140 2483 Dei,
1191 2416 1248 2473 id
1291 2426 1374 2475 est
1417 2434 1450 2474 a
1476 2418 1585 2476 fide
1615 2428 1785 2487 recta,
1828 2436 2004 2477 cona-

406 2503 574 2560 batur
605 2520 701 2577 per
734 2520 955 2577 pravam
986 2505 1296 2563 doctrinam
1354 2523 1622 2579 separare.
1679 2510 2004 2566 Fornicatur

405 2594 554 2650 enim
635 2595 821 2652 anima
886 2614 1229 2671 quaacunque
1292 2614 1319 2652 a
1382 2600 1497 2655 Deo
1573 2608 1816 2656 creatore
1902 2617 2002 2657 suo

405 2681 634 2739 recedit.
666 2683 1045 2756 Idolothytum
1080 2692 1238 2741 vocat
1284 2686 1420 2743 illud
1463 2685 1609 2759 quod
1665 2685 1829 2743 idolis
1884 2695 2001 2744 erat

407 2779 807 2827 consecratum.
832 2774 1073 2829 Docebat
1102 2774 1249 2829 enim
1269 2773 1386 2831 huic
1407 2775 1605 2830 mulier
1633 2776 1775 2832 nihil
1805 2793 2001 2833 nocere

404 2852 759 2924 fidelibus,'si
802 2859 1152 2916 comederent
1207 2877 1398 2917 carnes
1439 2879 1561 2935 qua;
1599 2863 1763 2921 idolis
1792 2865 2000 2920 immo-

402 2944 677 2999 labantur.

477 3033 657 3103 (Vers.
693 3033 808 3105 21.)
866 3037 941 3092 Et
967 3037 1087 3091 dedi
1132 3038 1218 3094 illi
1266 3045 1484 3113 tempus,
1534 3050 1591 3098 ut
1637 3045 1997 3114 paenitentiam

2115 1886 2401 1942 admodum
2430 1886 2514 1941 illi
2568 1886 2769 1953 dicunt,
2818 1902 2924 1940 non
2976 1886 3185 1940 mittam
3244 1902 3406 1957 super
3452 1904 3550 1940 vos
3577 1887 3738 1942 aliud

2108 1975 2338 2046 pondus.
2373 1975 2489 2030 Hoc
2518 1974 2667 2047 quod
2721 1974 2883 2043 dicit,
2938 1973 3159 2030 videtur
3211 1974 3350 2029 mihi
3384 1991 3501 2030 non
3535 1975 3606 2031 ad
3636 1974 3729 2031 do-

2113 2064 2347 2120 ctrinam
2405 2064 2657 2120 mulieris
2701 2072 2936 2131 tantum,
3000 2063 3094 2119 sed
3126 2063 3196 2120 ad
3247 2064 3417 2119 falsos
3446 2064 3734 2136 apostolos

2114 2153 2404 2225 pertinere,
2436 2153 2532 2226 qui
2585 2152 2854 2209 docebant
2884 2168 2995 2217 eos,
3045 2153 3139 2225 qui
3177 2168 3247 2208 ex
3301 2152 3563 2225 gentibus
3601 2170 3716 2209 cre-

2113 2244 2384 2310 diderant,
2416 2251 2476 2299 ut
2519 2244 2579 2299 in
2622 2244 2796 2315 legem
2826 2251 2878 2298 et
2911 2242 3389 2300 circumcisionem
3423 2251 3705 2300 verteren-

2112 2342 2222 2390 tur.
2252 2336 2324 2391 Et
2359 2334 2490 2407 quia
2531 2333 2707 2391 Judaei
2763 2333 2831 2390 de
2879 2333 3014 2407 legis
3048 2333 3400 2391 observantia
3427 2335 3723 2407 superbie-

2111 2424 2263 2491 bant,
2295 2431 2350 2479 et
2380 2432 2502 2495 post
2539 2423 2906 2494 Evangelium
2936 2423 3125 2479 datum
3173 2422 3425 2479 custodia
3453 2423 3595 2495 legis
3625 2441 3719 2480 se-

2108 2512 2353 2571 cundum
2382 2514 2619 2570 litteram
2652 2512 2795 2569 nihil
2825 2520 2911 2569 est
2937 2512 3090 2569 aliud
3121 2529 3283 2586 quam
3321 2514 3570 2569 servitus
3605 2514 3719 2570 dia-

2107 2601 2260 2669 boli;
2292 2619 2581 2676 possumus
2627 2618 2722 2675 per
2751 2601 3103 2658 altitudinem
3146 2601 3380 2671 Satanae,
3432 2603 3614 2675 ipsam
3646 2603 3714 2658 le-

2109 2710 2252 2767 gem,
2310 2693 2356 2748 si
2422 2692 2713 2748 carnaliter
2784 2691 3071 2763 impletur,
3144 2690 3476 2763 intelligere.
3557 2690 3714 2759 Quod

2108 2782 2276 2854 igitur
2295 2780 2452 2848 dicit,
2491 2781 2598 2836 tale
2627 2787 2709 2836 est
2740 2798 2752 2836 :
2809 2780 2963 2838 Vobis
2984 2779 3099 2835 dico
3139 2780 3360 2847 ceteris,
3390 2781 3487 2850 qui
3543 2781 3713 2850 Thya-

2109 2871 2224 2925 tira:
2247 2869 2367 2925 estis
2386 2886 2403 2923 .'
2435 2869 2695 2925 videlicet
2733 2868 2827 2941 qui
2866 2868 2923 2923 in
2952 2867 3061 2923 fide
3089 2867 3412 2940 perstitistis
3445 2886 3458 2923 :
3490 2868 3709 2938 quicun-

2105 2976 2204 3030 que
2244 2975 2351 3013 non
2405 2958 2599 3013 habent
2637 2957 2939 3012 doctrinam
2986 2957 3141 3026 hanc,
3182 2956 3238 3012 id
3291 2964 3391 3024 est,
3454 2957 3553 3029 qui
3601 2974 3708 3013 non

2104 3053 2428 3119 receperunt
2456 3046 2765 3103 doctrinam
2796 3044 2949 3101 illius
3001 3046 3254 3118 pessimae
3285 3045 3575 3102 mulieris:
3620 3048 3709 3117 qui

399 3130 593 3195 ageret,
625 3132 801 3180 etnon
843 3129 955 3183 vult
999 3130 1249 3200 poenitere
1296 3149 1331 3186 a
1384 3132 1830 3203 fornicationibus
1859 3136 1989 3193 suis.
2031 3152 2074 3213 ο
2102 3152 2209 3190 non
2235 3141 2586 3207 cognoverunt
2614 3135 2949 3190 altitudinem
3003 3136 3238 3202 Satanae,
3272 3135 3708 3205 quemadmodum

398 3213 553 3271 Sicut
579 3222 632 3270 et
661 3215 851 3273 beatus
882 3217 983 3275 Job
1003 3218 1070 3275 de
1102 3220 1276 3293 impio
1297 3221 1435 3278 dicit
1458 3241 1470 3278 :
1519 3249 1535 3272 ι
1557 3224 1721 3280 Dedit
1744 3225 1827 3281 illi
1848 3228 1994 3282 Deus

396 3303 581 3362 locum
612 3306 972 3378 poenitentiae,
1017 3318 1071 3367 et
1119 3311 1211 3368 ille
1255 3312 1460 3370 abusus
1502 3330 1566 3370 eo
1594 3322 1677 3371 est
1708 3315 1764 3371 in
1795 3332 1997 3387 super-

396 3391 544 3449 biam
587 3394 706 3463 (Job
741 3412 901 3463 xxxv,
936 3397 1051 3468 23).
1084 3422 1102 3446 ›

470 3492 653 3563 (Vers.
730 3493 819 3560 22,
896 3494 1011 3566 23.)
1087 3497 1221 3552 Ecce
1291 3499 1439 3553 mitto
1498 3516 1613 3555 eam
1680 3500 1738 3555 in
1788 3502 1990 3570 lectum,

396 3585 445 3634 et
486 3580 581 3648 qui
638 3581 964 3636 mcechantur
1031 3599 1147 3637 cum
1209 3600 1289 3652 ea,
1347 3586 1406 3639 in
1464 3587 1808 3643 tribulatione
1867 3605 1994 3645 ma-

396 3671 570 3737 xima,
647 3673 753 3728 nisi
820 3675 1181 3746 paenitentiam
1263 3680 1495 3751 egerint,
1567 3688 1617 3736 et
1675 3683 1817 3754 ﬁlios
1879 3684 1993 3754 ejus

395 3759 710 3833 interﬁciam
769 3770 953 3820 morte.
1030 3765 1170 3822 Ecce
1237 3767 1477 3839 mulieri,
1544 3776 1600 3825 et
1662 3770 1794 3827 ﬁliis
1874 3771 1992 3844 ejus

395 3850 733 3922 ptenitentiae
802 3854 957 3911 locus
1026 3856 1216 3913 nullus
1280 3857 1647 3929 promittitur,
1713 3876 1779 3916 eo
1844 3861 1991 3934 quod

395 3939 739 4011 poenitentia:
782 3949 997 4017 tempus
1041 3962 1075 4002 a
1127 3948 1240 4003 Deo
1285 3947 1391 4005 sibi
1438 3947 1715 4005 indultum
1761 3966 1993 4022 spreve-

395 4029 509 4085 rint
578 4049 591 4087 :
660 4032 730 4088 iis
811 4042 991 4091 autem
1066 4035 1162 4108 qui
1229 4036 1645 4095 mmchabantur
1706 4057 1834 4097 cum
1905 4057 1987 4110 ea,

394 4117 578 4175 adhuc
642 4121 795 4177 locus
850 4125 1191 4195 pauitantia:
1247 4127 1673 4199 repromittitur.
1716 4130 1992 4186 Videntur

394 4221 524 4277 ergo
594 4209 733 4265 mihi
792 4210 832 4265 ii
894 4213 988 4284 qui
1063 4215 1477 4272 moechabantur
1553 4236 1680 4275 cum
1750 4235 1832 4288 ea,
1898 4236 1990 4276 eos

394 4295 701 4368 designare,
753 4298 869 4369 qui,
932 4302 1116 4371 pravis
1167 4302 1286 4374 ejus
1356 4307 1749 4364 assertionibus
1804 4310 1988 4364 faven-

394 4395 496 4457 tes,
548 4403 648 4444 nec
711 4388 844 4444 dum
903 4399 1086 4448 autem
1146 4409 1214 4449 ex
1262 4404 1379 4451 toto
1445 4398 1502 4453 in
1562 4399 1775 4455 foveam
1833 4400 1988 4456 mali-

392 4477 483 4533 tia)
559 4477 677 4550 ejus
741 4478 975 4536 demersi
1041 4482 1257 4538 fuerant
1308 4502 1320 4539 :

392 4566 510 4639 ejus
572 4584 667 4624 eos
730 4568 1025 4641 designari,
1092 4572 1186 4643 qui
1267 4571 1383 4645 jam
1469 4589 1536 4630 ex
1597 4583 1713 4633 toto
1795 4579 1863 4636 ab
1926 4597 1992 4639 ea

391 4655 605 4730 decepti
664 4658 1129 4716 medicamentum
1191 4663 1553 4720 correctionis
1608 4666 1763 4722 nullo
1823 4670 2005 4739 modo,

391 4749 635 4820 recipere
692 4750 972 4808 volebant.
1023 4751 1125 4807 Per
1166 4752 1366 4809 lectum
1417 4762 1596 4811 autem
1629 4754 1688 4812 in
1736 4774 1844 4831 quo
1873 4777 1988 4817 mu-

389 4837 494 4893 lier
524 4840 793 4923 mittenda
819 4849 954 4907 erat,
990 4842 1240 4923 infernus
1285 4845 1628 4919 designatur,
1664 4848 1721 4903 in
1755 4865 1865 4922 quo
1891 4868 1987 4908 se-

388 4928 578 4999 pultus
659 4918 745 4986 est
819 4939 874 4987 et
949 4931 1123 5000 dives,
1155 4918 1254 4989 'de
1340 4918 1448 5008 quo
1516 4935 1654 4993 dicit
1718 4918 1988 4998 Dominus

388 5015 446 5071 in
508 5017 811 5091 Evangelia
871 5037 883 5075 :
959 5046 977 5068 ι
1033 5022 1282 5080 Mortuus
1328 5034 1410 5081 est
1463 5033 1646 5081 autem
1701 5034 1755 5082 et
1810 5028 1987 5098 dives,

386 5112 441 5160 et
495 5108 747 5179 sepultus
808 5116 890 5165 est
946 5108 1004 5163 in
1069 5110 1284 5167 inferno
1354 5113 1504 5183 (Luc.
1589 5131 1706 5183 xvi,
1770 5116 1884 5187 22).
1953 5141 1971 5164 ι

390 5191 491 5248 Per
522 5194 932 5252 tribulationem
965 5214 1096 5253 vero
1133 5200 1452 5267 maximam,
1486 5202 1543 5256 in
1585 5218 1691 5274 qua
1746 5204 1984 5275 ponendi

386 5290 543 5338 erant
573 5285 668 5357 qui
699 5285 1116 5342 maechabantur
1157 5305 1279 5343 cum
1328 5305 1410 5357 ea,
1451 5290 1560 5345 nisi
1605 5291 1983 5363 paenitentiam

387 5379 649 5441 agerent;
708 5382 761 5429 et
815 5390 912 5446 per
956 5384 1188 5431 mortem
1233 5379 1291 5434 in
1336 5393 1445 5450 qua
1480 5377 1585 5432 ﬁlii
1612 5376 1730 5449 ejus
1758 5379 1985 5455 interii-1

384 5461 565 5520 ciendi
596 5475 773 5537 erant,
806 5468 994 5525 eadem
1051 5469 1255 5525 inferni
1308 5487 1467 5543 poena
1518 5470 1858 5544 designatur.
1908 5475 1984 5530 Et

2104 3224 2191 3279 illi
2218 3224 2417 3292 dicunt,
2441 3223 2497 3279 id
2531 3231 2633 3291 est,
2664 3223 2757 3296 qui
2786 3224 2956 3295 legem
2980 3239 3092 3278 non
3124 3231 3509 3295 susceperunt,
3526 3239 3706 3295 quem-

2103 3311 2402 3369 admodum
2434 3313 2556 3369 falsi
2591 3313 2826 3385 apostoli
2871 3311 3091 3377 dicunt,
3141 3320 3205 3368 ut
3266 3328 3381 3367 eam
3417 3313 3704 3369 carnaliter

2104 3400 2370 3473 impleant
2411 3421 2421 3459 :
2458 3410 2782 3474 receperunt
2835 3401 3059 3476 quidem
3089 3417 3233 3468 eam,
3262 3409 3324 3456 ut
3347 3401 3703 3473 spiritualiter

2103 3492 2368 3564 impleant
2392 3511 2405 3561 ;
2444 3508 2555 3548 non
2587 3500 2908 3565 receperunt
2935 3500 3119 3548 autem
3149 3507 3291 3559 eam,
3324 3500 3388 3547 ut
3415 3494 3702 3549 carnaliter

2102 3582 2436 3639 custodiant.
2493 3582 2661 3638 Verbi
2697 3581 2912 3655 gratia:
2969 3580 3052 3637 illi
3100 3580 3382 3650 dicebant,
3431 3582 3566 3655 quia
3600 3583 3699 3638 nisi

2100 3670 2515 3728 circumcidatis
2559 3688 2778 3728 carnem
2811 3670 3070 3743 praeputii
3100 3670 3291 3737 vestri,
3323 3686 3440 3726 non
3484 3671 3701 3743 potestis

2101 3760 2238 3817 salvi
2280 3760 2399 3816 ﬁeri
2434 3761 2576 3832 (Act.
2611 3776 2706 3829 xv,
2742 3759 2795 3830 1)
2832 3777 2844 3815 ;
2885 3759 2977 3816 isti
3007 3766 3191 3814 autem
3223 3758 3697 3817 circumcisionem

2100 3865 2212 3905 non
2243 3848 2557 3916 carnaliter,
2604 3847 2698 3903 sed
2753 3847 3117 3919 spiritualiter
3166 3846 3563 3919 intelligentes,
3590 3849 3698 3905 cir-

2098 3938 2493 3997 cumcidebant
2520 3955 2551 3994 a
2577 3937 2836 3994 cordibus
2864 3945 2918 3993 et
2946 3954 2977 3993 a
3030 3953 3193 3994 carne
3221 3953 3321 3994 sua
3366 3938 3560 3994 omnia
3607 3939 3692 3993 vi-

2101 4030 2199 4085 tia.
2229 4028 2317 4084 Illi
2347 4028 2627 4095 dicebant,
2660 4037 2723 4084 ut
2776 4034 3062 4083 servarent
3108 4026 3436 4096 Sabbatum,
3476 4028 3614 4083 nihil
3642 4028 3691 4082 in

2100 4134 2164 4187 eo
2195 4118 2457 4174 facientes
2483 4118 2699 4189 operis:
2755 4117 2847 4173 isti
2907 4132 3038 4173 vero
3090 4133 3254 4172 omne
3300 4125 3523 4190 tempus
3577 4119 3694 4173 vita

2101 4223 2214 4262 suae
2237 4222 2332 4279 pro
2353 4206 2589 4263 Sabbato
2611 4205 2965 4279 accipientes,
2986 4205 3054 4261 ab
3069 4206 3225 4261 omni
3247 4222 3410 4278 opere
3431 4205 3692 4273 servili,id

2099 4304 2202 4365 est,
2236 4314 2265 4352 a
2290 4298 2547 4370 peccatis,
2580 4296 2637 4351 in
2668 4305 2933 4370 quantum
2976 4304 3255 4369 poterant,
3307 4296 3587 4353 abstinere
3611 4313 3691 4353 cu-

2101 4385 2314 4442 rabant.
2345 4387 2465 4442 Non
2493 4386 2699 4441 mittant
2728 4402 2887 4456 super
2912 4402 3002 4440 vos
3032 4385 3187 4441 aliud
3205 4386 3441 4457 pondus,
3492 4384 3546 4440 id
3598 4392 3688 4452 est,

1416 4501 1512 4557 per
1578 4488 1723 4545 ﬁlios
1799 4499 1979 4547 autem
2012 4505 2063 4564 Β
2095 4474 2191 4548 qui
2217 4475 2273 4530 in
2304 4473 2411 4530 ﬁde
2449 4475 2788 4547 perstitistis,
2839 4474 2935 4547 qui
2981 4474 3151 4531 falsos
3175 4475 3456 4564 apostolos
3482 4489 3593 4529 non
3620 4490 3688 4564 re-

2099 4564 2342 4637 cepistis.
2373 4565 2494 4620 Non
2527 4564 2740 4620 mittam
2769 4580 2933 4637 super
2966 4581 3065 4620 vos
3113 4562 3266 4619 aliud
3314 4562 3555 4635 pondus,
3592 4562 3687 4622 nisi

2099 4653 2250 4725 quod
2286 4652 2354 4708 ab
2374 4653 2636 4725 apostolis
2675 4660 3005 4726 praceptum
3036 4660 3121 4709 est
3149 4651 3310 4708 vobis
3343 4671 3358 4719 ;
3414 4660 3480 4708 ut
3531 4651 3685 4707 absti-

2100 4744 2277 4800 neatis
2332 4760 2432 4799 vos
2481 4743 2549 4799 ab
2600 4743 2739 4799 escis
2793 4758 2914 4815 qua
2943 4742 3109 4799 idolis
3138 4740 3525 4808 immolantur,
3559 4750 3611 4797 et
3658 4756 3685 4794 δ

2098 4836 2386 4903 suﬂ‘ocato,
2417 4841 2470 4889 et
2496 4833 2781 4905 sanguine,
2811 4839 2865 4888 et
2892 4831 3258 4888 fornicatione
3289 4831 3453 4902 (Ibid.
3483 4830 3598 4900 29).

2173 4934 2354 5004 (Vers.
2398 4932 2514 5004 25.)
2575 4932 2939 4989 Verumtamen
2993 4929 3048 4984 id
3080 4929 3224 4999 quod
3266 4929 3490 4998 habetis,
3522 4936 3680 4996 tenete,

2098 5021 2257 5079 donec
2285 5020 2511 5077 veniam.
2547 5022 2628 5077 Ac
2654 5019 2701 5077 si
2730 5019 2937 5076 diceret
2969 5036 2981 5072 :
3032 5017 3177 5085 Quia
3215 5017 3435 5089 parvuli
3465 5017 3612 5088 estis,
3637 5025 3683 5073 et

2098 5111 2180 5167 lac
2208 5111 2367 5167 vobis
2397 5128 2533 5183 opus
2587 5118 2670 5166 est
2712 5126 2823 5167 non
2853 5106 3065 5166 solidus
3106 5107 3286 5176 cibus,
3326 5107 3495 5164 ﬁdem
3534 5124 3678 5181 quam

2095 5200 2391 5271 didicistis,
2425 5208 2622 5269 tenete,
2656 5200 2832 5257 donec
2863 5200 3080 5255 veniam
3111 5218 3125 5267 ;
3176 5208 3238 5256 ut
3286 5216 3385 5273 per
3413 5200 3679 5275 aspiratio.

2095 5291 2181 5347 nis
2213 5308 2346 5347 meai
2375 5291 2604 5364 gratiam
2644 5291 2712 5348 ad
2741 5290 2938 5347 altiora
2975 5305 3140 5363 opera
3186 5289 3460 5347 virtutum
3492 5289 3678 5364 agenda

2091 5398 2191 5436 vos
2219 5398 2534 5453 provocem.

2163 5472 2346 5545 (Vers.
2397 5473 2485 5542 26,
2534 5472 2622 5541 27,
2655 5471 2773 5543 28.)
2805 5472 2878 5530 Et
2909 5470 3005 5544 qui
3049 5471 3258 5541 uicerit,
3301 5477 3352 5527 et
3391 5468 3676 5528 custodierit

472 5644 588 5715 (10)
615 5646 791 5715 Edit.,
821 5650 957 5718 dico,
986 5652 1284 5724 ceterisque
1298 5656 1392 5726 qui.
1432 5656 1697 5728 Thyatira
1724 5674 1736 5713 :
1770 5674 1926 5727 mss.,
1955 5658 2071 5716 dico
2098 5658 2296 5716 actem
2315 5677 2338 5727 ;
2366 5658 2477 5732 qui,
2502 5665 2608 5717 etc.
