3880 6198
92 270 195 329 865

1009 267 1465 328 BERENGAUDI
1503 220 1877 325 Exeosmo
1915 266 1987 323 IN
2023 262 2526 325 APOCALYPSIN.

3291 267 3396 326 866

102 410 252 465 usque
301 391 354 446 in
391 392 545 463 ﬁnem
600 408 759 463 opera
788 410 923 463 mea,
954 395 1088 450 dabo
1112 395 1160 450 ei
1180 399 1486 466 potestatem
1523 411 1683 465 super
1707 400 1758 459 Α
1790 392 2143 450 tabernaculo
2191 392 2402 461 ﬂoruit,
2424 408 2698 465 nucesque
2728 392 2992 464 produxit
3030 393 3216 464 (Num.
3248 408 3394 461 xvu,

100 490 274 555 gentes,
332 486 381 535 et
422 485 556 550 reget
588 497 675 537 eas
704 484 760 537 in
787 484 939 554 virga
982 483 1178 553 ferrea,
1219 490 1268 538 et
1312 491 1561 555 tanquam
1590 500 1685 539 vas

100 571 241 643 ﬁguli
274 568 692 640 confringentur,
736 572 871 626 sicut
907 579 954 627 et
979 590 1067 643 ego
1091 573 1263 645 accepi
1289 592 1323 628 a
1353 573 1515 629 Patre
1545 591 1677 629 meo.

103 664 193 718 Per
234 660 394 715 finem
440 659 497 713 in
543 658 649 714 hoc
693 659 811 715 loco
842 676 987 715 mors
1019 660 1347 733 intelligitur
1378 680 1390 717 :
1426 663 1519 734 qui
1552 678 1682 734 ergo

101 749 285 804 vicerit
329 746 598 802 mundum
656 755 709 802 et
742 749 1212 821 concupiscentias
1255 749 1393 821 ejus,
1422 760 1475 805 et
1506 766 1681 822 perse-

99 835 299 893 veravit
326 851 498 908 usque
539 836 593 889 in
635 834 798 891 ﬁnem
839 855 852 903 ;
906 837 1127 893 dabitur
1166 839 1214 893 ei
1247 846 1486 911 potestas
1517 854 1682 910 super

99 934 291 999 gentes,
323 932 376 978 et
433 931 581 995 reget
629 939 718 979 eas
761 924 817 979 in
865 926 1019 997 virga
1061 925 1254 981 ferrea.
1287 926 1395 982 Sed
1424 934 1477 981 et
1509 926 1555 981 si
1584 943 1682 998 per

97 1017 252 1071 finem
300 1028 447 1068 mors
502 1012 850 1086 intelligitur,
883 1013 1159 1086 quomodo
1189 1015 1348 1071 electi
1382 1025 1503 1087 post
1533 1031 1678 1069 mor-

96 1114 196 1161 tem
246 1112 429 1177 gentes
481 1104 745 1160 dicuntur
795 1122 1014 1179 regere;
1071 1123 1195 1162 cum
1251 1109 1309 1163 in
1365 1108 1463 1163 illa
1524 1107 1682 1164 beata

92 1196 200 1252 vita
227 1196 413 1249 nullus
442 1194 532 1261 sit,
586 1194 681 1266 qui
740 1203 958 1267 regatur
1011 1196 1067 1250 in
1127 1196 1280 1269 virga
1332 1197 1679 1264 ferrea;ubi

92 1282 223 1337 nihil
261 1281 579 1350 distortum,
617 1282 868 1357 nihilque
916 1300 1145 1355 pravum
1205 1286 1534 1341 invenitur?
1564 1286 1682 1340 Nisi

90 1372 221 1427 forte
271 1387 335 1425 eo
385 1386 547 1426 sensu
594 1371 988 1445 intelligamus,
1038 1391 1146 1447 quo
1178 1375 1355 1430 illud:
1389 1375 1493 1442 Qui
1526 1375 1678 1443 fecit,

89 1478 199 1533 quas
229 1460 415 1517 futura
442 1470 591 1519 sunt.
643 1465 843 1521 Omnia
884 1467 1030 1522 enim
1064 1483 1182 1540 quae
1212 1468 1514 1524 secundum
1555 1466 1681 1521 dis-

90 1551 416 1623 positionem
442 1554 541 1609 Dei
572 1554 755 1611 ﬂenda
783 1563 933 1624 sunt,
966 1556 1023 1611 in
1054 1556 1535 1628 praedestinatione
1563 1553 1682 1626 ejus

81 1639 184 1711 jam
222 1640 379 1713 quasi
437 1640 580 1698 facta
618 1643 931 1711 exsistunt;
964 1643 1093 1717 quia
1121 1661 1232 1699 non
1264 1652 1441 1717 potest
1470 1644 1589 1699 ﬁeri
1619 1650 1680 1699 ut

86 1729 409 1787 immutetur
439 1729 646 1804 aliquid
678 1747 746 1787 ex
785 1733 1044 1788 omnibus
1072 1749 1192 1806 quae
1222 1733 1413 1788 statuit
1443 1734 1586 1788 Deus
1620 1739 1682 1787 ut
1710 1752 1756 1812 Β

84 1816 231 1873 ﬂant.
263 1817 540 1875 Similiter
585 1827 641 1875 et
684 1820 907 1889 sanctis,
948 1838 1084 1893 quos
1113 1821 1388 1893 praescivit
1419 1822 1565 1876 Deus
1596 1820 1678 1875 fu-

86 1915 231 1962 turos
282 1904 485 1977 justos,
517 1915 571 1963 et
627 1907 686 1963 in
728 1907 891 1966 bonis
927 1909 1187 1981 operibus
1215 1916 1677 1980 perseveraturos,

84 2006 199 2054 ante
227 2005 415 2055 ortum
456 2000 679 2057 illorum
709 1999 816 2057 hoc
842 2001 1117 2072 praestitit,
1149 2010 1211 2057 ut
1239 2000 1477 2057 habeant
1503 2008 1681 2073 potes-

84 2095 240 2143 tatem
272 2104 440 2160 super
468 2096 677 2161 gentes,
735 2097 788 2145 et
846 2097 1037 2162 regant
1075 2106 1167 2147 eas
1209 2090 1266 2146 in
1296 2090 1452 2163 virga
1481 2090 1676 2157 ferrea,

82 2178 216 2232 sicut
267 2177 339 2233 ad
384 2178 679 2233 Jeremiam
710 2177 958 2250 loquitur
984 2178 1218 2235 dicens:
1284 2204 1303 2226 ι
1354 2179 1678 2250 Priusquam

84 2275 131 2324 te
156 2267 458 2324 formarem
489 2268 548 2324 in
585 2277 762 2336 utero,
804 2269 937 2324 novi
966 2275 1020 2324 te
1052 2287 1064 2324 :
1098 2277 1152 2325 et
1179 2276 1471 2340 antequam
1501 2268 1680 2325 exires

83 2356 144 2413 de
173 2356 369 2423 vulva,
428 2356 771 2413 sanctificavi
819 2364 909 2425 te;
963 2366 1018 2413 et
1070 2356 1392 2429 prophetam
1424 2357 1481 2411 in
1510 2355 1680 2427 genti-

84 2445 179 2501 bus
238 2444 370 2502 dedi
422 2453 477 2501 te
536 2446 751 2515 (Jerem.
786 2463 824 2513 ι,
857 2446 939 2511 5).
988 2471 1008 2495 ι
1057 2446 1121 2502 In
1176 2445 1415 2501 secundo
1466 2445 1681 2516 psalmo

84 2534 343 2607 scriptum
376 2541 461 2590 est
487 2534 619 2607 quia
650 2534 799 2590 dixit
826 2536 987 2590 Pater
1022 2535 1091 2591 ad
1119 2534 1323 2591 Filium
1353 2551 1365 2589 :
1414 2558 1431 2580 ε
1461 2533 1682 2588 Postula

84 2639 113 2677 a
150 2639 256 2691 me,
290 2629 347 2679 et
375 2621 522 2678 dabo
554 2630 739 2695 gentes
782 2621 1159 2679 hereditatem
1191 2629 1361 2690 tuam,
1392 2628 1446 2677 et
1476 2635 1680 2692 posses-

82 2712 285 2768 sionem
336 2719 492 2767 tuam
550 2712 815 2768 terminos
859 2721 1039 2768 terrai.
1086 2712 1256 2783 Reges
1311 2726 1402 2766 eos
1427 2710 1485 2765 in
1528 2709 1683 2780 virga

85 2800 269 2870 ferrea,
297 2808 566 2874 tanquam
594 2818 692 2857 vas
717 2801 872 2875 ﬁguli
892 2800 1207 2874 confringes
1224 2816 1317 2855 eos
1348 2800 1520 2870 (Psal.
1542 2816 1601 2866 ιι,
1624 2798 1678 2867 8,

85 2889 158 2959 9).
189 2913 209 2937 ι
242 2889 413 2945 Dedit
443 2890 605 2946 Pater
636 2889 778 2945 Filio
807 2896 1149 2961 potestatem,
1191 2896 1252 2943 ut
1296 2894 1448 2959 regat
1494 2894 1680 2958 gentes

84 2977 139 3032 in
168 2978 322 3051 virga
355 2978 540 3034 ferrea
572 2995 585 3034 :
636 2977 790 3035 dedit
814 2986 867 3034 et
898 2977 1072 3034 Filius
1100 2983 1422 3049 potestatem
1450 2982 1680 3047 aposto-

87 3065 149 3121 lis
178 3074 231 3121 et
260 3067 480 3123 caeteris
515 3064 987 3138 praedicatoribus,
1024 3073 1086 3121 ut
1114 3072 1304 3137 regant
1340 3071 1394 3120 et
1419 3062 1523 3136 ipsi
1554 3079 1679 3135 gen-

85 3163 159 3211 tes
190 3156 246 3211 in
278 3156 442 3228 virga
501 3156 694 3224 ferrea,
755 3164 810 3211 et
859 3163 1115 3229 tanquam
1168 3171 1264 3212 vas
1316 3153 1469 3226 ﬁguli
1500 3162 1681 3210 conte-

85 3251 203 3298 rant
256 3261 367 3301 eas.
415 3246 523 3300 Per
570 3245 778 3317 virgam
837 3244 1006 3315 igitur
1060 3244 1289 3300 ferream
1317 3242 1679 3313 Evangelium

83 3330 426 3405 designatur,
480 3332 622 3389 sicut
665 3340 719 3388 et
756 3350 853 3405 per
887 3333 1096 3405 virgam
1141 3333 1378 3403 ligneam
1404 3331 1514 3386 lex.
1546 3332 1681 3386 Nam

84 3419 230 3493 virga
289 3423 499 3492 lignea,
550 3437 658 3493 qua
702 3421 959 3477 utebatur
1004 3421 1239 3494 Moyses,
1281 3419 1453 3491 ipsam
1484 3420 1680 3492 legem,

81 3522 195 3579 quas
253 3507 321 3565 ab
367 3526 433 3565 eo
501 3507 628 3564 data
669 3516 750 3565 est
808 3508 1215 3581 praetendebat;
1276 3508 1392 3579 ipsa
1446 3523 1682 3579 namque

82 3597 251 3668 virga,
280 3597 429 3653 sicut
462 3597 523 3652 in
553 3597 749 3654 Exodo
776 3598 1011 3669 legimus
1044 3597 1245 3668 (Exod.
1274 3613 1412 3663 xvu,
1445 3596 1511 3663 6;
1547 3595 1679 3665 imo,

82 3684 235 3741 Num.
268 3702 368 3754 xx,
399 3685 498 3758 ιι),
530 3685 799 3757 percussit
821 3686 907 3741 bis
934 3685 1167 3754 silicem,
1199 3692 1253 3741 et
1297 3700 1523 3757 egressae
1553 3690 1683 3739 sunt

81 3786 228 3844 aqua:
260 3774 606 3847 largissimas,
639 3774 716 3830 ita
744 3782 806 3830 ut
836 3775 1071 3847 populus
1100 3773 1311 3829 biberet
1331 3781 1385 3829 et
1408 3772 1679 3845 jumenta.

85 3859 248 3934 Virga
289 3863 466 3936 igitur
510 3869 593 3918 est
641 3862 815 3920 Vetus
838 3864 1243 3919 Testamentum
1271 3881 1282 3918 :
1313 3860 1444 3917 bina
1468 3877 1683 3934 percus-

85 3954 162 4010 sio
193 3957 368 4028 legem
401 3968 458 4015 et
485 3956 816 4031 prophetas:
855 3966 1009 4029 petra
1032 3968 1213 4016 autem
1235 3958 1517 4016 Christum
1550 3956 1682 4028 ﬁgu-

87 4044 253 4101 rabat.
323 4046 498 4119 Virga
553 4062 679 4118 ergo
726 4046 812 4103 bis
862 4045 1071 4104 silicem
1128 4046 1415 4120 percussit,
1464 4043 1684 4117 quando

86 4134 680 4193 VetusTestamentum
698 4152 794 4209 per
818 4136 987 4208 legem
1012 4144 1065 4192 et
1090 4136 1381 4208 prophetas
1402 4134 1681 4191 Christum

86 4222 151 4278 ad
208 4225 655 4299 redemptionem
702 4226 917 4297 generis
971 4224 1200 4280 humani
1244 4230 1538 4279 venturum
1569 4237 1684 4277 esse

87 4313 362 4383 praedixit.
418 4316 493 4371 Et
550 4314 680 4387 quia
727 4314 1067 4387 impossibile
1095 4320 1212 4369 erat
1255 4319 1317 4367 ut
1345 4328 1408 4367 ea
1439 4328 1558 4383 quae
1588 4327 1685 4382 per

88 4399 253 4472 legem
302 4412 358 4459 et
402 4404 700 4476 prophetas
744 4403 1205 4475 praedicabantur,
1252 4417 1363 4456 non
1396 4400 1683 4471 impleren-

85 4504 190 4565 tur,
242 4500 392 4557 sicut
437 4501 714 4556 Dominus
769 4500 907 4556 dicit
958 4500 1015 4553 in
1058 4495 1402 4569 Evangelia:
1466 4520 1484 4543 ι
1532 4495 1681 4550 Faci-

88 4585 189 4642 lius
218 4597 300 4644 est
329 4591 536 4646 coelum
568 4600 623 4647 et
651 4598 853 4647 terram
887 4587 1136 4655 transire,
1186 4602 1292 4659 qua
1345 4602 1518 4641 unum
1570 4584 1683 4639 iota

86 4684 175 4731 aut
217 4693 365 4733 unus
404 4693 546 4748 apex
585 4686 937 4749 prmtereatur
962 4694 993 4731 a
1018 4678 1154 4749 lege,
1186 4676 1280 4749 qui
1312 4690 1423 4730 non
1458 4674 1680 4747 implea-

88 4770 172 4817 tur
204 4764 357 4835 (Luc.
390 4783 515 4833 xvr,
551 4768 662 4837 17).
726 4791 745 4814 ι
789 4765 956 4837 Virga
994 4765 1081 4821 bis
1131 4764 1341 4821 silicem
1390 4765 1678 4836 percussit,

84 4854 301 4925 quando
336 4854 609 4912 vaticinia
633 4855 1023 4928 prophetarum
1052 4863 1214 4928 atque
1246 4854 1378 4927 legis
1407 4854 1683 4927 quodam-

85 4941 245 4997 modo
269 4946 687 5015 compulerunt,
720 4953 780 5001 ut
811 4945 977 5000 homo
1007 4944 1125 5001 ﬁeri
1154 4946 1299 4999 Deus
1338 4943 1677 5015 dignaretur.

84 5028 343 5089 Percussa
395 5039 482 5088 est
526 5034 695 5106 igitur
736 5042 913 5105 petra,
953 5041 1007 5088 et
1060 5048 1283 5104 egressae
1345 5039 1472 5089 sunt
1530 5047 1681 5103 aquas

83 5117 443 5191 largissimae;
494 5123 625 5193 quia
666 5122 918 5180 Christus
947 5121 1248 5178 secundum
1283 5120 1387 5177 hoc
1416 5120 1564 5192 quod
1602 5118 1684 5175 di-

82 5212 227 5263 ctum
260 5219 399 5277 erat,
435 5211 691 5279 veniens,
722 5210 930 5267 ﬂuenta
957 5209 1222 5267 doctrinas
1250 5209 1503 5276 cmlestis,
1528 5207 1586 5263 id
1604 5215 1687 5264 est

84 5295 472 5370 Evangelium,
530 5298 600 5356 de
645 5318 701 5356 se
760 5300 1043 5373 produxit.
1075 5298 1224 5355 Bibit
1251 5300 1487 5371 populus
1524 5304 1578 5353 et
1599 5297 1686 5369 ju-

83 5393 284 5457 menta,
334 5388 395 5445 id
428 5394 517 5446 est
549 5388 722 5446 Judaei
756 5398 809 5447 et
838 5398 1044 5462 gentes.
1087 5390 1208 5461 Ipsa
1237 5387 1401 5445 etiam
1451 5387 1607 5460 virga
1628 5386 1686 5444 in

1791 482 1850 553 8)
1880 501 1893 550 ;
1935 482 2066 555 quia
2098 483 2157 538 in
2191 482 2545 538 tabernaculo
2579 482 2838 538 Ecclesia
2869 474 3054 555 pbstea
3097 481 3269 538 Vetus
3295 482 3393 537 Te-

1792 579 2128 629 stamentum
2162 572 2322 628 ﬂores
2341 573 2672 644 spiritalium
2695 589 2951 629 sensuum
2984 573 3235 644 protulit,
3263 572 3395 644 ipsi-

1792 678 1896 734 que
1927 662 2089 718 ﬂores
2118 662 2330 718 fructus
2364 663 2636 719 bonorum
2665 679 2890 734 operum
2937 663 3251 719 ediderunt.
3272 662 3388 718 Hoc

1792 756 1969 804 totum
2021 750 2145 805 ideo
2189 749 2453 817 diximus,
2513 758 2574 805 ut
2626 750 3127 806 demonstraremus
3180 767 3277 822 per
3324 750 3392 805 lio

1793 854 1985 908 gneam
2009 837 2220 909 virgam
2250 838 2589 910 designatum
2624 839 2791 895 fuisse
2823 840 3017 910 legem.

1861 929 1933 984 Et
1961 930 2089 1001 quia
2109 930 2411 986 austeriora
2439 939 2568 986 sunt
2589 938 2855 1002 praecepta
2880 930 3019 986 Novi
3045 930 3382 986 Testamenti

1792 1033 1958 1088 quam
2006 1019 2237 1086 Veteris,
2279 1034 2389 1073 non
2446 1018 2747 1091 incongrue
2781 1036 2876 1091 per
2914 1019 3123 1090 virgam
3155 1019 3387 1074 ferream

1790 1107 2177 1178 Evangelium,
2246 1124 2342 1179 per
2410 1107 2646 1179 ligneam
2707 1115 2889 1162 autem
2950 1108 3038 1162 lex
3104 1108 3388 1179 ﬁguratur.

1789 1194 1851 1250 In
1907 1195 2003 1250 illa
2058 1195 2305 1251 dicitur:
2375 1221 2393 1243 ι
2447 1195 2778 1264 Comedetis,
2848 1206 2902 1253 et
2957 1196 3387 1263 saturabimini;

1789 1283 2014 1351 bibetis,
2068 1294 2122 1340 et
2179 1284 2624 1352 inebriabimini;
2667 1285 2976 1351 dormietis,
3017 1295 3071 1341 et
3126 1302 3236 1341 non
3285 1286 3391 1342 erit

1791 1372 1886 1443 qui
1917 1379 2189 1429 exterreat
2228 1374 2373 1445 (Lev.
2406 1390 2559 1440 χχιιι,
2601 1374 2655 1441 5,
2694 1374 2795 1446 6);
2838 1380 2893 1429 et
2939 1374 3177 1429 iterum:
3228 1399 3246 1421 ι
3278 1374 3394 1431 C0-

1790 1459 2025 1517 medetis
2080 1463 2453 1519 vetustissima
2518 1472 2785 1530 veterim,
2867 1473 2921 1519 et
2992 1472 3175 1520 vetera
3231 1464 3393 1520 novis

1790 1551 2309 1620 supervenientibus
2337 1552 2640 1624 projicietis
2675 1554 2835 1624 (Ibid.
2873 1554 2961 1627 10)
2998 1572 3011 1621 ;
3069 1580 3087 1601 ι
3134 1563 3188 1611 et
3218 1554 3393 1610 multa

1789 1639 1898 1695 alia
1940 1657 2059 1713 qua:
2103 1642 2172 1698 ad
2220 1642 2611 1699 delectationes
2658 1644 2906 1699 carnales
2944 1644 3245 1715 pertinent.
3291 1643 3393 1699 Hic

1790 1737 1973 1784 autem
2002 1729 2208 1786 dicitur
2239 1748 2252 1794 ;
2301 1755 2319 1777 ι
2350 1732 2548 1788 Videte
2587 1749 2656 1788 ne
2687 1743 2987 1805 graventur
3017 1734 3183 1790 corda
3210 1740 3393 1789 vestra

1790 1816 1846 1870 in
1874 1818 2098 1889 crapula
2149 1825 2204 1873 et
2232 1817 2527 1885 ebrietate,
2575 1827 2629 1875 et
2682 1821 2831 1877 curis
2873 1820 2991 1891 ejus
3022 1820 3206 1876 saeculi
3236 1821 3388 1890 (Luc.

1787 1921 1909 1975 xxi,
1966 1906 2098 1977 34);
2149 1914 2203 1962 et
2259 1907 2495 1963 iterum:
2542 1932 2558 1954 -
2588 1912 2756 1964 Arcta
2800 1915 2855 1963 et
2892 1914 3123 1979 augusta
3178 1906 3272 1962 via
3310 1915 3392 1963 est

1787 2011 1907 2067 quae
1936 1996 2092 2053 ducit
2137 1994 2206 2051 ad
2260 1995 2433 2051 vitam
2484 1997 2697 2067 (Matth.
2732 2013 2833 2063 vn,
2868 1996 2997 2067 Ib);
3045 2021 3063 2043 ι
3108 2003 3163 2052 et
3190 1997 3391 2053 Paulus

1787 2085 2065 2157 apostolus
2091 2085 2228 2143 dicit
2262 2103 2273 2140 :
2322 2111 2340 2134 ι
2371 2087 2435 2142 Iu
2467 2085 2727 2142 omnibus
2747 2085 3109 2143 exhibeamus
3139 2093 3393 2142 nosmet-

1788 2174 1934 2246 ipsos
1986 2175 2132 2231 sicut
2187 2174 2286 2231 Dei
2332 2174 2641 2242 ministros,
2692 2174 2752 2229 in
2794 2175 2969 2230 multa
3010 2174 3297 2247 patientia,
3332 2176 3390 2231 in

1788 2262 2019 2333 vigiliis,
2065 2263 2121 2317 in
2164 2261 2397 2334 jejuniis
2439 2264 2529 2333 (ΙΙ
2559 2263 2685 2319 Cor.
2714 2280 2793 2330 vr,
2822 2261 2879 2335 4)
2909 2281 2923 2331 ;
2956 2288 2975 2312 ι
3010 2273 3064 2320 et
3091 2263 3200 2319 alia
3230 2263 3390 2318 innu-

1788 2353 2096 2420 merabilia,
2128 2369 2248 2424 quae
2275 2354 2333 2409 in
2364 2354 2520 2409 Novo
2549 2354 2898 2410 Testamento
2929 2356 2997 2411 de
3029 2355 3391 2412 maceratione

1787 2458 1986 2498 camus
2033 2442 2415 2498 inveniuntur.
2463 2443 2599 2499 Nam
2658 2452 2714 2500 et
2776 2445 3051 2501 Dominus
3104 2445 3162 2501 in
3211 2445 3389 2501 Evan-

1788 2535 1929 2606 gelio
1983 2550 2146 2607 quam
2179 2536 2485 2591 austeriora
2528 2536 2642 2591 sint
2679 2552 2777 2591 sua
2805 2545 3074 2607 praacepta
3102 2536 3389 2608 praeceptis

1789 2624 1943 2695 legis,
2000 2624 2317 2681 manifestat
2363 2641 2489 2680 cum
2537 2624 2719 2681 dicit:
2767 2648 2785 2671 ι
2815 2625 3065 2681 Audistis
3114 2625 3244 2698 quia
3274 2624 3391 2680 dic-

1789 2720 1909 2768 tum
1941 2722 2021 2769 est
2064 2713 2306 2786 antiquis
2339 2733 2350 2770 :
2399 2716 2518 2771 Non
2574 2715 2827 2783 occides;
2886 2715 2982 2788 qui
3019 2723 3201 2771 autem
3232 2716 3391 2772 occi-

1786 2802 1949 2871 derit,
1975 2819 2099 2858 reus
2127 2802 2233 2858 erit
2258 2802 2475 2874 judicio
2506 2821 2517 2859 :
2555 2819 2653 2876 ego
2677 2812 2859 2859 autem
2890 2802 3017 2860 dico
3047 2802 3225 2872 vobis,
3258 2803 3390 2875 quia

1786 2893 1967 2947 omnis
2016 2891 2117 2964 qui
2151 2890 2402 2948 irascitur
2453 2892 2611 2948 fratri
2653 2908 2772 2960 suo,
2822 2908 2946 2948 reus
2991 2892 3096 2947 erit
3124 2891 3383 2963 judicio:

1786 2980 1880 3053 qui
1909 2988 2092 3036 autem
2122 2980 2328 3036 dixerit
2356 2980 2514 3036 fratri
2558 2998 2680 3048 suo,
2719 2983 2881 3051 Hace,
2925 2998 3051 3037 reus
3090 2980 3194 3036 erit
3239 2996 3388 3037 con-

1712 3105 1756 3166 ο
1791 3068 1921 3125 cilio
1954 3087 1965 3125 :
2000 3069 2094 3142 qui
2124 3077 2304 3125 autem
2336 3070 2562 3139 dixerit,
2599 3071 2786 3139 Fatue,
2832 3086 2957 3126 reus
2985 3069 3090 3127 erit
3121 3070 3387 3144 gehennae

1793 3158 1935 3229 ignis
1992 3159 2202 3230 (Matth.
2236 3176 2291 3226 ν,
2324 3158 2411 3227 2i,
2443 3159 2565 3231 22);
2616 3182 2635 3206 ι
2692 3166 2746 3215 et
2784 3159 2984 3215 iterum
3021 3177 3033 3216 :
3094 3184 3114 3207 ι
3164 3161 3387 3216 Dictum

1793 3255 1874 3302 est
1920 3247 2164 3319 antiquis
2209 3266 2221 3303 :
2264 3249 2380 3303 Non
2427 3253 2571 3311 509
2614 3248 3019 3305 moechaberis:
3071 3265 3169 3321 ego
3199 3258 3384 3305 autem

1793 3344 1918 3401 dico
1948 3344 2107 3401 vobis
2163 3346 2292 3418 quia
2328 3346 2421 3418 qui
2464 3346 2668 3402 viderit
2713 3346 2999 3402 mulierem
3029 3346 3096 3402 ad
3126 3345 3383 3418 concupi-

1793 3433 2047 3489 scendam
2100 3451 2239 3502 eam,
2285 3435 2471 3491 statim
2520 3434 2828 3493 moechatus
2857 3442 2940 3491 est
2984 3450 3102 3490 eam
3134 3434 3192 3489 in
3220 3433 3384 3490 corde

1793 3538 1893 3578 suo
1931 3522 2091 3594 (Ibid.
2140 3523 2228 3592 27,
2270 3524 2402 3595 28);
2436 3549 2454 3571 ι
2498 3533 2553 3580 et
2581 3524 2779 3581 iterum
2816 3541 2826 3578 :
2874 3549 2893 3572 ι
2926 3523 3147 3580 Dictum
3181 3529 3263 3579 est
3290 3538 3383 3577 au-

1794 3614 1962 3687 tiquis
1994 3632 2006 3668 :
2040 3613 2367 3685 Quicunque
2396 3611 2671 3668 dimiserit
2701 3628 2931 3668 uxorem
2965 3629 3142 3681 suam,
3176 3612 3270 3669 det
3300 3611 3384 3668 illi

1794 3703 2043 3758 libellum
2074 3702 2288 3775 repudii
2328 3719 2342 3769 ;
2377 3718 2476 3775 ego
2504 3710 2685 3758 autem
2717 3701 2843 3759 dico
2872 3702 3031 3758 vobis
3064 3719 3076 3757 :
3128 3701 3387 3769 Quicun-

1794 3808 1899 3864 que
1948 3793 2222 3849 dimiserit
2267 3808 2497 3848 uxorem
2528 3809 2704 3860 suam,
2755 3798 2983 3863 excepta
3025 3807 3184 3847 causa
3214 3789 3384 3845 forni-

1795 3881 2055 3948 cationis,
2111 3881 2462 3948 mmchatur;
2537 3889 2592 3936 et
2647 3881 2740 3953 qui
2787 3879 3072 3936 dimissam
3137 3878 3382 3945 duxerit,

1796 3971 2101 4027 moechatur
2133 3971 2293 4042 (Ibid.
2340 3971 2427 4036 31,
2462 3969 2555 4041 32)
2590 3987 2603 4035 ;
2656 3995 2675 4018 ι
2716 3979 2771 4025 et
2814 3969 3011 4024 iterum
3045 3968 3199 4039 (ll):
3248 3991 3265 4013 ι
3294 3967 3385 4021 Di-

1795 4067 1943 4116 ctum
1975 4066 2056 4116 est
2090 4059 2332 4131 antiquis
2366 4076 2377 4114 :
2421 4059 2655 4114 Oculum
2687 4074 2784 4129 pro
2809 4056 2987 4122 oculo,
3035 4055 3255 4111 dentem
3287 4070 3386 4127 pro

1795 4149 1958 4207 dente
1989 4167 2003 4217 ;
2059 4165 2157 4222 ego
2192 4156 2374 4204 autem
2404 4148 2528 4203 dico
2574 4148 2733 4204 vobis
2762 4163 2872 4202 non
2902 4148 3151 4203 resistere
3192 4147 3336 4203 malo
3368 4165 3380 4203 :

1794 4238 1888 4294 sed
1937 4238 1982 4293 si
2026 4238 2149 4310 quis
2189 4245 2242 4293 te
2287 4238 2613 4309 percusserit
2656 4237 2711 4292 in
2758 4237 3040 4293 dexteram
3074 4236 3383 4305 maxillam,

1796 4328 1974 4398 praebe
2004 4326 2087 4381 illi
2117 4334 2171 4381 et
2199 4327 2458 4383 alteram:
2492 4334 2547 4413 et
2573 4328 2666 4400 qui
2699 4327 2938 4384 voluerit
2960 4327 3206 4384 tunicam
3234 4333 3384 4382 tuam

1709 4451 1760 4510 Β
1795 4418 2007 4486 tollere,
2058 4417 2275 4473 dimitte
2318 4417 2367 4472 ei
2424 4424 2477 4473 et
2534 4417 2759 4510 pallium
2804 4413 3288 4510 (Ibi—dL-38-4O);»
3333 4421 3387 4469 et

1790 4507 2037 4562 iterum:
2090 4532 2107 4554 ι
2146 4507 2367 4563 Dictum
2415 4515 2495 4562 est
2542 4504 2784 4577 antiquis
2836 4523 2846 4560 :
2897 4503 3106 4575 Diliges
3144 4501 3384 4557 amicum

1791 4602 1968 4664 tuum,
2001 4604 2055 4652 et
2084 4596 2213 4653 odio
2247 4596 2474 4651 habebis
2504 4596 2791 4650 inimicum
2827 4602 2984 4648 tuum
3017 4610 3030 4656 ;
3072 4608 3171 4663 ego
3200 4600 3384 4646 autem

1790 4686 1915 4744 dico
1942 4685 2101 4742 vobis
2134 4704 2145 4741 :
2180 4686 2406 4758 Diligite
2441 4684 2697 4741 inimicos
2722 4690 2953 4748 vestros,
2984 4678 3290 4735 benefacite
3317 4678 3386 4734 iis

1791 4776 1885 4849 qui
1910 4777 2146 4832 oderunt
2187 4791 2302 4842 vos,
2334 4783 2389 4830 et
2417 4782 2566 4829 orate
2597 4788 2694 4842 pro
2722 4767 3186 4841 persequentibus
3215 4775 3269 4823 et
3295 4783 3387 4823 ca-

1793 4863 2195 4919 lumniantibus
2246 4879 2379 4929 vos;
2426 4870 2485 4917 ut
2528 4861 2650 4917 sitis
2690 4858 2792 4914 ﬁlii
2837 4856 3013 4911 Patris
3047 4856 3239 4923 vestri,
3292 4856 3387 4929 qui

1792 4952 1850 5007 in
1879 4952 2033 5008 cmlis
2062 4959 2142 5007 est
2191 4951 2353 5021 (Ibid.
2402 4949 2609 5019 43-45).
2659 4973 2677 4995 ι
2722 4947 2847 5001 Haec
2875 4945 3045 5017 igitur
3075 4943 3242 5000 verba
3266 4946 3388 5001 Do-

1794 5041 1929 5097 mini
1971 5058 2093 5112 quae
2125 5038 2476 5111 protulimus,
2522 5044 2707 5110 aperte
2744 5035 3125 5092 demonstrant
3153 5050 3250 5105 per
3278 5032 3386 5089 vir-

1793 5148 1914 5205 gam
1964 5131 2194 5186 ferream
2246 5128 2630 5201 Evangelium,
2668 5145 2763 5202 per
2802 5128 3036 5201 ligneam
3068 5136 3250 5183 autem
3283 5126 3386 5182 fra-

1794 5221 1955 5293 gilem
1999 5227 2052 5275 et
2080 5219 2305 5274 mollem
2353 5219 2524 5291 legem
2569 5217 2834 5292 ﬁgurari;
2887 5233 2984 5290 per
3029 5232 3159 5273 vasa
3203 5222 3387 5271 autem

1794 5311 1947 5384 ﬁguli
1973 5309 2140 5368 corda
2170 5308 2459 5382 gentilium
2485 5309 2743 5366 omnibus
2762 5307 3043 5364 erroribus
3070 5307 3386 5363 daemonum

1795 5401 2001 5473 repleta
2028 5399 2404 5471 designantur,
2434 5414 2556 5471 quae
2592 5416 2625 5456 a
2652 5405 2805 5456 tactu
2830 5399 2999 5469 virgae
3027 5396 3215 5454 ferreae
3244 5411 3387 5453 con-

160 5627 209 5706 (l
226 5628 280 5708 l)
312 5627 560 5693 Deerant
590 5624 645 5691 in
675 5631 761 5693 ed.
790 5627 865 5693 Et
890 5627 1103 5704 iterum,
1130 5641 1304 5708 usque
1330 5625 1401 5691 ad
1427 5622 1627 5690 dimitte
1641 5621 1690 5688 ei
1724 5629 1773 5687 et
1796 5619 2028 5702 pallium
2059 5638 2077 5684 .‘
2107 5634 2269 5701 quem
2298 5618 2482 5685 locum
2511 5617 2889 5697 supplevimus
2915 5631 2944 5673 e
2972 5629 3102 5670 mss.
