3880 6198
483 226 588 283 867

1492 230 1587 284 ΑΙ)
1629 228 1864 285 ()PERA
1901 228 1957 284 S.
2000 227 2332 285 AMBROSII
2370 228 2748 285 APPENDIX.

3712 231 3807 286 868

480 349 657 407 fracta
685 356 851 418 sunt;
897 349 1027 422 quia
1058 350 1312 408 veniente
1344 351 1634 423 Evangelii
1672 352 1864 424 gratia,
1896 351 2083 407 omnis
2111 353 2161 413 A
2196 350 2538 407 habitatione
2575 350 2896 420 subtrahat;
2927 350 3020 425 qui
3053 352 3110 408 in
3150 351 3539 425 pravitatibus
3568 354 3697 410 suis
3724 372 3806 410 re-

485 456 637 496 error
678 439 969 513 gentilium
1017 439 1328 496 destructus
1357 449 1459 507 est,
1497 448 1548 495 et
1594 456 1713 512 quae
1745 448 1902 495 erant
1930 447 2089 495 antea

488 546 614 585 vasa
641 529 854 596 ﬁctilia,
898 529 1042 584 facta
1086 537 1215 585 sunt
1260 546 1386 584 vasa
1433 529 1624 595 ferrea,
1675 538 1868 585 contra
1902 531 2090 587 omnia

484 625 811 674 testamenta
839 616 1175 683 daemonum,
1209 623 1262 670 et
1305 624 1497 672 contra
1527 618 1933 689 persecutiones
1973 617 2089 674 ho-

486 708 699 763 minum
725 708 995 761 malorum
1028 704 1347 760 fortissima.
1622 772 1649 787 κ

556 802 629 854 Et
659 800 791 853 dabo
822 798 907 852 illi
945 798 1153 851 stellam
1188 798 1545 855 matutinam:
1594 799 1649 855 id
1684 810 1784 869 est,
1818 803 2085 874 meipsum

485 887 627 942 dabo
667 887 789 952 illi;
851 886 964 956 ipse
1013 894 1095 940 est
1141 885 1286 940 enim
1338 886 1497 941 stella
1544 889 1834 958 matutina,
1870 890 1936 945 de
1978 907 2087 962 quo

486 976 626 1043 dicit
654 974 964 1045 Scriptura:
1022 1000 1038 1019 -
1079 973 1302 1028 Orietur
1329 976 1486 1030 stella
1516 991 1582 1030 ex
1600 976 1785 1045 lacob,
1818 988 1871 1034 et
1898 995 2084 1035 exsur-

485 1077 573 1138 get
604 1067 770 1121 homo
798 1064 865 1120 de
897 1064 1086 1131 Israel,
1116 1072 1169 1119 et
1200 1065 1470 1135 percutiet
1498 1064 1665 1121 duces
1695 1068 1852 1123 Moab
1898 1070 2081 1135 (Num.

481 1174 645 1224 xxiv,
688 1156 857 1225 17).»
914 1154 1074 1211 Moab
1122 1154 1337 1210 dicitur
1382 1170 1451 1211 ex
1485 1164 1636 1227 patre
1670 1157 1825 1228 (l2):
1871 1166 1924 1213 et
1967 1160 2086 1214 Do—

485 1244 670 1299 minus
711 1243 917 1299 Judaeis
946 1242 1131 1298 dixit:
1198 1267 1215 1289 ε
1246 1243 1359 1299 Vos
1407 1259 1475 1298 ex
1526 1251 1675 1315 patre
1705 1245 1926 1301 diabolo
1956 1248 2085 1304 estis

487 1333 672 1405 (Joan.
721 1349 846 1400 vni,
879 1331 994 1401 44).
1030 1357 1048 1380 ι
1096 1333 1275 1387 Duces
1310 1348 1437 1404 ergo
1465 1333 1623 1389 Moab
1652 1335 1922 1391 Dominus
1960 1352 2084 1408 per-

482 1423 674 1492 cussit,
709 1422 929 1496 quando
976 1437 1166 1478 omnes
1212 1420 1575 1479 fabricatores
1605 1441 1850 1480 errorum
1882 1425 2086 1482 exina-

482 1512 648 1569 nivit.
1978 1570 1981 1575 .

555 1605 786 1663 CAPUT
828 1604 924 1661 III.
972 1635 1043 1645 —
1084 1604 1266 1673 (Vers.
1318 1604 1395 1675 1.)
1439 1606 1512 1661 Et
1552 1607 1737 1677 angelo
1769 1606 1957 1664 Sardis
1985 1608 2085 1663 Ec-

2197 439 2503 512 quiescens,
2559 456 2734 513 neque
2794 457 2826 496 a
2879 440 3033 498 vitiis
3082 442 3206 498 vult
3260 441 3569 510 abstinere,
3640 459 3809 516 neque

2197 527 2369 600 ipsam
2424 538 2655 586 mortem
2703 537 2830 586 ante
2876 532 3066 588 oculos
3093 547 3320 604 ponere,
3350 532 3503 589 sicut
3534 533 3808 590 Dominus

2195 617 2333 674 dicit
2376 619 2432 673 in
2472 620 2810 692 Evangelio:
2876 644 2894 667 ι
2924 619 3064 687 Quia
3099 620 3143 676 si
3193 621 3361 676 sciret
3404 622 3808 693 paterfamilias

2197 721 2303 778 qua
2334 706 2469 762 hora
2506 708 2596 762 fur
2642 715 2908 763 venturus
2960 716 3119 777 esset,
3172 708 3430 781 vigilaret
3481 710 3710 783 utique,
3759 721 3805 768 et

2197 811 2307 850 non
2362 797 2565 853 sineret
2620 796 2833 869 perfodi
2884 797 3109 854 domum
3159 815 3314 854 suam
3366 800 3593 869 (Matth.
3650 817 3803 868 xxiv,

2196 886 2311 958 43).
2345 914 2362 935 ι
2404 888 2504 943 Per
2541 888 2992 959 patremfamilias
3023 898 3263 945 mentem
3308 906 3617 962 possumus
3656 893 3803 947 intel-

2196 976 2403 1048 ligere;
2454 978 2583 1050 quia
2627 978 2770 1034 sicut
2828 978 3223 1051 paterfamilias
3274 979 3547 1035 omnibus
3597 980 3702 1053 qui
3754 982 3802 1037 in

2193 1065 2360 1121 domo
2397 1074 2547 1134 sunt,
2589 1067 2960 1138 principatur;
2995 1067 3073 1122 ita
3101 1075 3156 1123 et
3185 1082 3340 1123 mens
3370 1066 3651 1123 omnibus
3680 1068 3801 1124 acti-

2193 1153 2298 1210 bus
2325 1156 2569 1227 corporis
2597 1166 2649 1212 et
2677 1155 3109 1224 cogitationibus
3144 1156 3455 1229 prafertur.
3503 1156 3676 1213 Pater
3715 1157 3802 1229 igi-

2194 1256 2286 1304 tur
2334 1247 2569 1304 familias
2615 1247 2840 1315 dormit,
2896 1247 3093 1322 furque
3140 1247 3368 1303 veniens
3420 1247 3665 1304 domum
3696 1249 3805 1321 ejus

2195 1335 2456 1409 perfodit,
2492 1337 2709 1408 quando
2740 1353 2893 1392 mens
2922 1337 2980 1392 in
3001 1335 3467 1393 delectationibus
3483 1338 3803 1393 carnalibus

2194 1426 2562 1498 requiescens,
2596 1443 2744 1482 mors
2762 1425 2893 1482 dum
2927 1442 3039 1481 non
3063 1425 3420 1498 praevidetur,
3453 1429 3800 1498 supervenit,

2192 1522 2355 1588 atque
2394 1515 2616 1572 domum
2658 1517 2907 1589 corporis
2951 1515 3287 1589 perfodiens,
3316 1516 3571 1572 animam
3603 1517 3800 1574 abstra-

2196 1601 2298 1660 hit.
2349 1604 2405 1660 Si
2447 1612 2629 1660 autem
2673 1604 3011 1678 vigilaverit,
3045 1605 3103 1662 id
3132 1613 3233 1672 est,
3266 1605 3324 1661 in
3350 1605 3523 1662 bonis
3548 1607 3801 1680 operibus

482 1696 653 1752 etesia:
692 1695 892 1750 scribe:
948 1694 1069 1750 Haec
1114 1694 1262 1759 dicit,
1298 1694 1390 1765 qui
1444 1694 1594 1750 habet
1634 1701 1823 1766 septem
1862 1696 2084 1767 spiritus
2114 1708 2160 1769 Β
2192 1695 2641 1766 perseveraverit,
2677 1703 2908 1752 mortem
2945 1711 3056 1751 non
3104 1702 3167 1751 ut
3195 1695 3394 1765 furem,
3428 1696 3531 1753 sed
3573 1705 3637 1753 ut
3678 1697 3798 1754 libe-

484 1787 603 1855 Dei,
657 1792 707 1841 et
748 1791 938 1857 septem
984 1786 1181 1840 stellas.
1229 1783 1442 1855 Septem
1474 1784 1703 1856 spiritus
1749 1784 1848 1841 Dei
1876 1795 2082 1857 septem

481 1883 612 1933 sunt
656 1875 801 1931 dona
845 1872 1082 1945 Spiritus
1128 1871 1326 1940 sancti,
1363 1889 1483 1944 quas
1532 1871 1588 1927 in
1638 1872 1938 1929 Dominum
1977 1873 2085 1930 de-

482 1963 761 2021 scendisse
790 1961 1056 2035 propheta
1086 1961 1251 2017 Isaias
1290 1959 1535 2017 ostendit
1564 1960 1753 2018 dicens
1778 1981 1789 2018 :
1839 1988 1857 2010 ‹
1890 1965 1962 2021 Et
1990 1981 2084 2021 re-

482 2054 727 2127 quiescet
764 2068 928 2124 super
966 2067 1091 2107 eum
1146 2049 1373 2122 spiritus
1412 2049 1656 2118 Domini,
1706 2050 1938 2123 spiritus
1982 2070 2081 2109 sa-

483 2142 705 2214 pientiae
734 2148 788 2196 et
831 2139 1165 2205 intellectus,
1198 2136 1427 2210 spiritus
1456 2138 1675 2196 consilii
1704 2148 1758 2195 et
1785 2140 2080 2199 fortitudi-

483 2233 591 2301 nis,
614 2233 842 2305 spiritus
862 2231 1105 2287 scientiae
1127 2238 1181 2285 et
1201 2230 1421 2302 pietatis
1447 2248 1457 2286 :
1487 2237 1540 2285 et
1560 2230 1792 2302 replebit
1821 2248 1945 2287 eum
1976 2233 2082 2304 spi-

484 2325 623 2381 ritus
651 2322 868 2379 timoris
899 2321 1120 2379 Domini
1154 2322 1283 2391 (Isa.
1314 2338 1398 2386 x1,
1428 2321 1482 2389 2,
1504 2321 1584 2393 3).
1609 2347 1627 2369 ι
1660 2323 1739 2377 De
1768 2321 1857 2378 his
1875 2330 2082 2395 septem

484 2412 793 2485 spiritibus,
845 2428 983 2484 quos
1031 2411 1301 2467 Dominus
1338 2410 1573 2479 dederit,
1623 2410 1679 2465 in
1727 2411 2084 2484 sequentibus

482 2503 764 2560 dicemus:
798 2501 932 2575 quid
980 2500 1095 2557 sint
1122 2509 1305 2556 autem
1356 2508 1560 2572 septem
1596 2500 1788 2569 stellae,
1834 2501 2084 2573 superius

482 2592 692 2649 dictum
730 2598 830 2648 est.
882 2591 1161 2664 Sequitur,
1218 2590 1334 2647 Scio
1376 2607 1537 2662 opera
1570 2596 1682 2659 tua,
1729 2590 1857 2660 quia
1898 2606 2083 2645 nomen

478 2680 633 2736 habes
674 2680 812 2751 quod
858 2680 1027 2745 vivas,
1070 2685 1117 2733 et
1162 2685 1403 2733 mortuus
1451 2695 1522 2734 es.
1581 2678 1791 2734 Nomen
1849 2677 2083 2734 habebat

480 2770 627 2844 quod
658 2770 893 2835 viveret,
923 2768 979 2824 id
1009 2777 1111 2835 est,
1144 2785 1345 2824 nomen
1376 2766 1750 2824 Christianum
1777 2784 1788 2821 :
1818 2765 1912 2822 sed
1939 2782 2079 2822 mor-

479 2866 609 2914 tuus
637 2866 783 2925 erat;
832 2856 962 2930 quia
990 2856 1119 2911 ﬁdei
1165 2872 1351 2928 opera,
1383 2871 1504 2928 qua)
1546 2862 1628 2911 est
1656 2854 1913 2923 charitas,
1970 2870 2082 2911 non

482 2947 738 3003 habebat.

2192 1783 2446 1841 ratricem
2481 1783 2736 1857 perferet.

2264 1911 2446 1983 (Vers.
2479 1910 2561 1983 4.)
2593 1912 2693 1967 Sed
2721 1911 2877 1966 habes
2899 1926 3076 1982 pauca
3111 1911 3330 1967 nomina
3360 1912 3422 1965 in
3460 1912 3681 1979 Sardis,
3715 1914 3799 1984 qui

2191 2016 2297 2053 non
2324 1999 2741 2070 inquinaverunt
2768 1999 3072 2055 vestimenta
3100 2016 3218 2054 sua.
3249 2000 3395 2056 Ecce
3422 1999 3693 2073 discipuli
3716 2019 3797 2073 pa-

2192 2087 2326 2143 stori
2356 2087 2656 2160 negligenti
2694 2095 3112 2159 praeponuntur,
3156 2097 3221 2143 ut
3250 2088 3446 2144 saltem
3497 2087 3560 2144 in
3607 2107 3793 2146 eorum

2193 2177 2505 2234 imitatione
2534 2176 2841 2248 proﬁceret.
2874 2175 2979 2233 Sed
3014 2175 3219 2231 mirum
3248 2193 3557 2249 cur.pauca
3572 2180 3796 2235 nomina

2193 2265 2392 2321 habere
2421 2266 2657 2334 dicatur,
2689 2274 2744 2321 et
2773 2281 2885 2321 non
2912 2278 3114 2338 paucos
3138 2264 3412 2321 homines.
3444 2266 3558 2322 Sed
3597 2267 3708 2324 hoc
3732 2270 3795 2324 ad

2193 2354 2581 2412 excellentiam
2612 2371 2864 2426 magnam
2893 2353 3133 2427 alicujus
3163 2355 3338 2411 sancti
3368 2357 3640 2428 pertinet,
3672 2375 3791 2413 cum

2192 2460 2318 2500 eum
2364 2447 2509 2501 Deus
2559 2445 2888 2501 nominatim
2936 2445 3077 2501 scire
3124 2444 3347 2512 dicitur,
3411 2444 3562 2502 sicut
3622 2448 3791 2518 Moysi

2192 2534 2436 2606 perfecto
2470 2534 2592 2589 viro
2620 2533 2855 2590 dicitur:
2904 2557 2923 2581 ε
2962 2533 3105 2589 Novi
3149 2542 3201 2590 te
3227 2550 3296 2589 ex
3324 2534 3557 2590 nomine
3587 2537 3789 2605 (Exod.

2191 2638 2398 2690 xxxiii,
2434 2623 2525 2694 17)
2557 2641 2571 2690 ;
2607 2648 2625 2671 ι
2658 2631 2712 2679 et
2739 2621 3010 2678 Dominus
3037 2621 3175 2678 dicit
3201 2622 3261 2676 in
3278 2622 3628 2694 Evangelio:
3682 2650 3702 2670 ι
3728 2624 3792 2679 Et

2192 2711 2443 2783 proprias
2498 2727 2629 2767 oves
2684 2719 2844 2767 vocat
2908 2711 3261 2778 nominatim,
3330 2718 3386 2766 et
3440 2710 3634 2768 educit
3706 2728 3789 2767 eas

2193 2803 2375 2870 (Joan.
2412 2819 2469 2871 x,
2518 2802 2598 2874 3).
2633 2827 2652 2850 ι
2692 2802 2790 2858 Isti
2832 2818 2958 2874 ergo
2987 2801 3169 2875 pauci,
3208 2800 3305 2874 qui
3355 2819 3492 2859 voce
3542 2804 3647 2859 Dei
3683 2805 3788 2859 lau-

2190 2889 2311 2946 dari
2360 2898 2661 2959 merentur,
2695 2907 2808 2946 non
2839 2890 3272 2963 inquinaveruut
3314 2892 3652 2949 vestimenta
3674 2909 3784 2960 sua,

2189 2980 2246 3036 id
2298 2987 2399 3048 est,
2432 2979 2761 3035 munditiam
2794 2995 2957 3053 quam
3006 2980 3065 3035 in
3094 2980 3367 3052 baptismo
3405 2991 3785 3054 perceperunt,

554 3035 737 3142 (Yfri-
782 3035 1025 3142 2913f“)
1720 3040 2082 3142 fﬁfmflﬁ?
2110 3065 2155 3126 Ο
2188 3033 2444 3127 sordibus
2473 3069 2739 3125 vitiorum
2790 3033 2899 3125 rion
2947 3033 3512 3142 inquindveruntht
3537 3033 3785 3127 αέιιηὺιιιαζ

481 3123 748 3180 moritura
803 3129 975 3179 erant.
1044 3121 1251 3195 Vigilat
1305 3122 1399 3195 qui
1455 3138 1667 3194 semper
1718 3121 1863 3177 bona
1914 3137 2078 3193 opera

479 3219 736 3271 exercet:
768 3210 1086 3284 praecipitur
1133 3226 1261 3284 ergo
1302 3208 1435 3267 huic
1483 3218 1547 3266 ut
1591 3210 1803 3282 vigilet,
1854 3208 1912 3265 id
1970 3216 2073 3279 est,

477 3313 541 3362 ut
597 3304 657 3361 in
718 3303 1004 3361 charitatis
1051 3303 1309 3375 operibus
1359 3302 1713 3374 semetipsum
1780 3309 2071 3369 exerceat;

476 3411 547 3451 ne
584 3410 756 3466 parva
786 3394 933 3450 bona
960 3409 1081 3466 quae
1114 3392 1297 3449 adhuc
1326 3391 1619 3447 videbatur
1650 3389 1870 3458 habere,
1902 3388 2078 3461 depe-

480 3488 677 3543 rirent.
711 3487 853 3554 Quia
884 3486 1026 3541 sicut
1073 3503 1271 3558 corpus
1301 3494 1579 3541 mortuum
1617 3494 1697 3542 est
1725 3485 1843 3541 sine
1870 3484 2075 3553 anima,

479 3574 556 3628 ita
594 3581 647 3627 et
675 3588 776 3628 nos
804 3573 1068 3647 quaelibet
1098 3572 1245 3629 bona
1273 3573 1562 3629 videamur
1601 3572 1819 3640 habere,
1861 3579 2078 3628 mortua

476 3668 627 3728 sunt,
659 3660 704 3715 si
735 3659 975 3715 charitas
1019 3658 1294 3716 defuerit:
1331 3661 1449 3715 Non
1487 3661 1623 3714 enim
1667 3660 1876 3714 invenio
1914 3677 2077 3732 opera

479 3754 570 3804 tua
594 3750 757 3820 plena
787 3765 963 3804 coram
995 3749 1103 3804 Deo
1132 3765 1265 3804 meo.
1296 3746 1417 3803 Non
1445 3755 1602 3803 erant
1631 3748 1812 3820 plena,
1844 3748 1937 3805 sed
1966 3765 2075 3806 va-

475 3857 599 3899 cua.
626 3839 756 3914 quia
783 3837 1051 3898 charitate
1082 3855 1194 3894 non
1225 3836 1609 3911 replebantur:
1643 3838 1789 3894 unde
1817 3847 1871 3895 et
1900 3839 2076 3911 quin-

474 3946 580 4005 que
609 3930 851 4004 virgines
903 3929 1067 4007 fatuie
1112 3944 1143 3983 a
1189 3926 1554 3984 contubernio
1597 3927 1795 4000 Sponsi
1837 3929 2075 3986 caalestis

476 4022 705 4094 repulsae
737 4027 886 4089 sunt,
930 4019 1061 4092 quia
1107 4019 1289 4075 oleum
1330 4014 1617 4074 charitatis
1666 4018 1722 4074 in
1769 4018 1917 4076 vasis
1959 4015 2075 4075 suis

476 4110 677 4166 habere
707 4111 1006 4166 noluerunt
1033 4108 1251 4181 (Matth.
1283 4123 1423 4178 xxv,
1460 4107 1666 4181 10.12).

550 4198 731 4268 (Vers.
765 4199 845 4269 3.)
878 4200 943 4254 In
973 4205 1137 4253 mente
1164 4215 1285 4270 ergo
1314 4197 1442 4253 habe
1469 4194 1701 4268 qualiter
1743 4197 2000 4270 acceperis
2028 4203 2076 4253 et

475 4284 734 4353 audieris,
781 4291 829 4339 et
869 4302 1041 4353 serva,
1081 4293 1127 4339 et
1158 4286 1521 4356 pwnitentiant
1560 4303 1693 4357 age:
1741 4286 1797 4341 id
1844 4291 1945 4354 est,
1978 4302 2074 4341 re-

475 4371 702 4427 cordare
732 4371 969 4444 qualiter
996 4371 1160 4427 ﬁdem
1195 4373 1401 4430 Christi
1432 4373 1490 4428 in
1519 4374 1847 4447 baptismate
1875 4390 2072 4446 perce-

476 4461 643 4538 peris,
693 4460 787 4515 ubi
829 4459 1129 4531 promisisti
1175 4461 1617 4516 renuntiaturum
1670 4470 1724 4517 te
1771 4460 1991 4518 diabolo
2021 4471 2075 4519 et

476 4550 735 4607 omnibus
791 4547 1050 4620 operibus
1095 4546 1245 4619 ejus:
1296 4549 1582 4605 recordare
1630 4551 1793 4606 etiam
1851 4551 1986 4623 quid
2041 4567 2074 4607 a

475 4639 797 4699 doctoribus
843 4637 969 4693 ﬁdei
1015 4636 1365 4705 Christiana,
1419 4636 1512 4710 qui
1559 4647 1611 4694 te
1656 4636 1820 4694 ﬁdem
1864 4637 2069 4696 Christi

478 4728 806 4797 docuerunt,
855 4727 1092 4801 qualiter
1130 4733 1184 4782 te
1240 4728 1429 4782 vivere
1474 4732 1773 4798 oporteret,
1822 4726 2065 4785 audisti:

475 4820 550 4875 Et
575 4836 729 4875 serva
757 4817 899 4889 quod
928 4817 1148 4885 audisti,
1190 4823 1238 4872 et
1276 4816 1636 4888 plenitentiam
1670 4833 1763 4888 age
1785 4834 1805 4881 ;
1833 4832 1897 4872 eo
1924 4813 2070 4889 quod

474 4926 505 4965 a
530 4908 694 4965 bonis
732 4907 990 4981 operibus
1025 4906 1221 4963 tandiu
1248 4906 1527 4978 torpuisti.
1562 4904 1621 4963 Si
1646 4923 1765 4978 ergo
1793 4923 1897 4962 non
1926 4905 2072 4978 vigi-

474 4997 705 5064 laceris;
742 4996 799 5051 id
843 5005 946 5065 est,
993 4996 1062 5054 ad
1104 4996 1249 5051 bona
1276 5012 1440 5067 opera
1479 4994 2068 5069 agenda’temetipsum

477 5102 589 5141 non
634 5086 998 5143 excitaveris:
1061 5087 1275 5143 Veniam
1318 5092 1567 5157 tanquam
1615 5084 1730 5156 fur,
1780 5092 1830 5141 et
1878 5086 2071 5141 nescies

470 5192 579 5246 qua
607 5176 741 5230 hora
769 5174 975 5230 veniam
1021 5175 1093 5229 ad
1141 5181 1204 5230 te.
1252 5174 1341 5231 llli
1383 5175 1654 5231 Dominus
1682 5181 1941 5248 tanquam
1980 5173 2071 5229 fur

472 5264 813 5338 supervenit,
853 5272 916 5321 ut
960 5280 1085 5320 eum
1134 5280 1231 5337 per
1260 5273 1492 5322 mortem
1537 5265 1607 5322 ab
1644 5264 1747 5322 hac
1793 5263 2071 5320 mundana

2190 3166 2381 3215 verunt
2409 3176 2606 3214 mecum
2641 3159 2701 3213 in
2743 3159 2904 3227 albis,
2933 3158 3063 3230 quia
3103 3158 3251 3231 digni
3292 3166 3454 3224 sunt;
3484 3160 3540 3216 id
3590 3170 3691 3229 est,
3732 3162 3781 3216 in

2185 3247 2349 3304 bonis
2372 3246 2651 3320 operibus.
2676 3230 2710 3247 ί

2259 3373 2442 3441 (Vers.
2473 3372 2529 3441 5,
2574 3372 2655 3444 6.)
2697 3372 2801 3440 Qui
2844 3371 3046 3440 vicerit,
3075 3369 3151 3426 sic
3191 3371 3443 3427 vestietur
3470 3372 3781 3428 uestimentis

2184 3461 2365 3529 albis;
2427 3460 2485 3518 id
2537 3469 2639 3530 est,
2694 3460 2789 3534 qui
2836 3476 2933 3534 per
2982 3460 3363 3533 paenitentiam
3411 3468 3469 3516 et
3522 3462 3776 3535 lacrymas

2185 3550 2468 3607 diabolum
2519 3550 2737 3619 vicerit,
2788 3558 2843 3607 et
2891 3549 3029 3606 vitia
3075 3549 3262 3606 omnia
3311 3566 3343 3605 a
3387 3566 3448 3605 se
3491 3552 3773 3623 expulerit,

2184 3639 2430 3696 eamdem
2479 3638 2811 3696 munditiam
2857 3654 3021 3711 quam
3068 3637 3375 3710 baptizatus
3418 3639 3685 3711 possidet,
3728 3649 3773 3695 et

2185 3728 2300 3801 ipse
2346 3734 2735 3802 consequetur.
2782 3729 2910 3786 Haec
2941 3727 3065 3784 ideo
3095 3727 3254 3796 dicit,
3298 3736 3362 3784 ut
3411 3736 3469 3784 et
3517 3736 3768 3801 pastorem

2184 3818 2371 3875 Sardis
2424 3816 2708 3886 Ecclesiae,
2765 3823 2821 3873 et
2875 3833 3066 3872 omnes
3121 3816 3284 3871 etiam
3342 3825 3658 3889 peccatores
3713 3816 3767 3871 ad

2183 3906 2565 3979 paenitentiam
2606 3911 2883 3978 provocet.
2915 3906 2991 3960 Et
3014 3921 3119 3959 non
3148 3904 3323 3960 delebo
3353 3922 3543 3960 nomen
3578 3907 3687 3976 ejus
3718 3910 3769 3959 de

2186 3995 2320 4052 libro
2351 3996 2488 4051 υἱιω.
2521 3993 2579 4051 Si
2626 3994 2831 4050 librum
2860 3993 2990 4049 vitae
3020 3992 3566 4064 praedestinationem
3608 4001 3766 4059 vocat,

2182 4085 2459 4158 quomodo
2485 4083 2553 4140 de
2604 4083 2747 4140 libro
2788 4083 2913 4139 vitae
2962 4082 3165 4154 aliquis
3197 4081 3370 4159 deleri
3412 4091 3614 4155 potest,
3656 4101 3763 4140 cum

2182 4173 2480 4247 Apostolus
2509 4172 2692 4230 dicat:
2759 4198 2777 4222 ι
2809 4173 2959 4240 Quos
3001 4171 3653 4245 autempracdestinavit,
3680 4172 3765 4227 hos

2181 4273 2235 4322 et
2263 4264 2521 4322 vocavit:
2571 4272 2625 4320 et
2663 4280 2799 4337 quos
2829 4262 3069 4332 vocavit,
3111 4261 3214 4319 hos
3241 4271 3295 4319 et
3315 4263 3679 4335 justiﬁcavit:
3720 4271 3766 4318 et

2182 4371 2320 4429 quos
2335 4352 2680 4428 justiﬁcavit,
2705 4355 2851 4426 ipsos
2871 4362 2926 4409 et
2946 4351 3463 4425 gloriﬁcavit(Rom.
3479 4371 3604 4422 vui,
3620 4353 3754 4423 30)?-

2182 4444 2299 4500 Nisi
2326 4445 2467 4501 forte
2488 4444 2565 4500 ita
2587 4443 2989 4516 intelligamus:
3022 4442 3162 4499 Sunt
3192 4443 3354 4498 multi
3382 4444 3481 4516 qui
3511 4443 3581 4499 ab
3610 4443 3767 4499 homi-

2184 4532 2346 4589 nibus
2378 4532 2516 4605 justi
2561 4540 2845 4605 putantur,
2879 4531 2974 4587 sed
3015 4532 3074 4587 in
3115 4541 3414 4602 conspectu
3455 4532 3555 4588 Dei
3590 4531 3764 4603 injusti

2181 4622 2475 4678 exsistunt.
2522 4622 2668 4693 Ergo
2715 4620 2967 4676 homines
3004 4619 3099 4692 qui
3144 4636 3236 4675 eos
3270 4618 3453 4690 justos
3482 4621 3762 4685 aestimant,

2171 4707 2285 4784 jam
2318 4712 2375 4767 in
2405 4712 2547 4768 libro
2594 4711 2694 4767 Dei
2733 4727 2826 4767 eos
2876 4709 3109 4783 scriptos
3148 4724 3266 4766 esse
3292 4719 3530 4783 putant:
3583 4710 3674 4767 sed
3713 4710 3763 4765 in

2178 4799 2267 4855 die
2302 4799 2521 4871 judicii,
2570 4813 2693 4856 cum
2735 4800 2879 4856 facta
2925 4800 3278 4871 reproborum
3310 4807 3480 4873 atque
3500 4800 3761 4871 justorum

2178 4889 2439 4945 omnibus
2506 4887 2799 4960 patebunt,
2864 4887 2980 4943 hac
3044 4888 3335 4960 inscriptio
3408 4897 3576 4961 atque
3642 4888 3762 4943 falsa

2177 4977 2417 5050 suspicio
2473 4993 2504 5032 a
2558 4977 2836 5032 mentibus
2891 4981 3036 5038 510
3083 4992 3271 5031 eorum
3319 4975 3619 5045 delebitur,
3649 4990 3759 5033 cum

2178 5092 2369 5132 eorum
2402 5073 2814 5131 damnationem
2853 5090 2951 5147 pro
2981 5072 3362 5145 impietatibus
3389 5072 3509 5129 suis
3536 5087 3760 5143 conspe-

2178 5168 2383 5225 xerint.
2430 5169 2505 5225 Et
2549 5166 2829 5239 conﬁtebor
2857 5184 3042 5223 nomen
3071 5165 3186 5236 ejus
3222 5183 3405 5221 coram
3432 5167 3602 5223 Patre
3639 5181 3752 5231 meo,

2178 5264 2229 5314 et
2279 5275 2460 5315 coram
2523 5257 2725 5330 angelis
2788 5258 2905 5314 Dei.
2969 5255 3257 5315 Confessio
3318 5256 3425 5312 ista
3480 5262 3615 5313 tunc
3673 5254 3754 5309 ﬁet

547 5503 675 5575 (12)
719 5503 802 5559 Ita
847 5521 1021 5572 mss;
1066 5503 1153 5562 ed.
1213 5518 1367 5572 vero,
1422 5521 1543 5578 quae
1590 5502 1735 5561 inter
1783 5519 1947 5561 voces
1995 5520 2062 5561 ea:
2110 5507 2286 5574 patre,
2348 5520 2413 5562 ac
2461 5500 2611 5572 istas,
2671 5497 2841 5560 Duces
2904 5517 3026 5574 ergo
3080 5496 3259 5569 Moab,
3313 5494 3743 5572 interponuntur,

474 5577 923 5643 praetermittunt.
