3880 6198
539 288 639 346 871

1552 294 1647 350 AD
1686 294 1923 353 OPERA
1959 294 2014 353 S.
2060 288 2389 356 AMBROSII
2419 297 2797 357 APPENDIX.
3678 315 3739 371 δῖε

538 417 682 474 visio
715 416 883 490 pacis,
913 414 970 472 id
999 424 1081 472 est
1106 416 1247 471 visio
1285 416 1405 473 Dei.
1434 418 1644 474 Nomen
1672 435 1801 489 ergo
1831 419 2133 477 Jerusalem
2162 422 2213 482 A
2243 425 2461 479 culmen
2502 423 2855 495 perfectionis
2879 425 3123 482 excrevit
3153 426 3297 501 (23).
3336 428 3439 485 Iste
3463 438 3621 488 autem
3645 451 3739 506 prie-

539 525 703 581 super
748 523 1198 581 unumquemque
1240 507 1471 564 electum
1522 509 1805 577 scribitur,
1849 511 1980 567 dum
2033 512 2137 571 hoc

538 598 839 670 unicuique
888 598 1245 663 conceditur,
1296 606 1355 653 ut
1401 599 1576 653 Deum
1625 599 1743 655 sine
1789 599 1898 656 ﬁne
1949 602 2137 659 videre

539 696 830 743 mereatur.
872 687 1085 743 Aliter:
1135 688 1344 741 Nomen
1388 687 1683 743 Jerusalem
1717 706 1880 761 super
1923 708 2135 748 unum—

538 800 809 859 quemque
833 786 1067 840 electum
1099 783 1377 849 scribitur,
1405 800 1469 838 eo
1496 784 1643 857 quod
1669 784 1782 854 ipse
1810 787 2132 857 Jerusalem,

540 877 596 931 in
628 893 786 947 quem
820 877 964 930 Deus
1011 890 1234 946 regnare
1265 875 1543 946 dignetur,
1576 874 1632 931 in
1685 878 1940 936 societate
1970 880 2135 936 vide-

538 971 665 1025 licet
693 970 1011 1040 angelorum
1060 970 1420 1043 omniumque
1462 972 1788 1040 electorum,
1821 975 1915 1045 qui
1965 976 2133 1031 Jeru-

536 1062 701 1116 salem
733 1061 971 1117 ccelestis
999 1067 1287 1116 vocantur.
1322 1060 1425 1116 Sed
1458 1063 1682 1131 mirum,
1714 1080 1813 1118 cur
1832 1066 2131 1123 Jerusalem

534 1149 601 1206 de
648 1151 802 1207 cmlis
848 1150 1191 1207 descendisse
1233 1152 1457 1222 dicitur,
1505 1172 1630 1213 cum
1667 1159 1904 1217 sciamus
1933 1163 2133 1219 electos

534 1254 723 1293 omnes
755 1256 787 1293 a
816 1241 978 1296 terris
1006 1240 1072 1297 ad
1103 1243 1270 1298 caelos
1314 1247 1679 1303 conscendere
1719 1251 1989 1321 quotidie,
2020 1270 2132 1309 non

533 1333 601 1388 de
641 1334 956 1391 coelestibus
1003 1334 1071 1390 ad
1126 1344 1344 1393 terrena
1391 1340 1587 1398 relabi.
1637 1343 1745 1400 Sed
1788 1348 2025 1405 Domino
2065 1350 2132 1406 de

533 1424 687 1481 coelis
742 1426 809 1482 ad
858 1427 1296 1500 redemptionem
1349 1434 1563 1503 generis
1617 1436 1844 1494 humani
1895 1442 2133 1500 descen-

532 1513 716 1583 dente,
759 1519 922 1575 simul
970 1519 1134 1576 etiam
1168 1523 1343 1579 sancti
1386 1526 1822 1601 descenderunt;
1858 1536 1987 1607 quia
2015 1536 2127 1609 jam

533 1621 629 1677 per
675 1609 1174 1680 praadestinationis
1218 1618 1446 1686 gratiam
1493 1621 1575 1678 illi
1624 1627 1905 1699 conjuncti
1954 1640 2127 1701 erant,

533 1709 671 1766 quos
701 1713 796 1769 per
822 1700 1257 1763 misericordiam
1286 1725 1438 1767 suam
1470 1713 1739 1775 redimere
1760 1725 1899 1783 511
1931 1700 2129 1781 venieé

531 1790 644 1849 bat.
676 1797 749 1851 Et
792 1815 979 1855 nomen
1016 1819 1183 1859 meum
1210 1823 1440 1875 novum;
1493 1812 1755 1873 videlicet
1796 1825 1862 1874 ut
1904 1829 2132 1877 vocetur

530 1885 680 1946 ﬁlius
708 1893 826 1961 Dei,
860 1895 1003 1955 sicut
1031 1909 1085 1956 et
1109 1917 1207 1974 ego
1236 1920 1357 1961 sum
1389 1908 1567 1966 Filius
1591 1913 1709 1969 Dei.

604 1981 784 2050 (Vers.
838 1985 950 2059 14.)
1001 1990 1074 2045 Et
1113 1995 1297 2063 angelo
1344 1996 1612 2054 Laodicea:
1657 2003 1904 2060 Ecclesia:
1931 2008 2124 2064 scribe:

528 2069 650 2165 Haec
679 2073 840 2165 dicit:
882 2079 1069 2148 Amen,
1104 2085 1244 2138 testis
1275 2086 1445 2157 ﬁdelis
1481 2096 1529 2143 et
1554 2107 1728 2148 verus.
1760 2095 1958 2165 Amen,
2001 2114 2129 2155 vere

528 2158 645 2215 sive
675 2160 913 2253 ﬁdeliter
938 2167 1364 2242 interpretatur:
1406 2179 1554 2250 quod
1584 2189 1664 2237 est
1692 2199 1877 2253 amen,
1910 2158 2016 2243 hoc
2046 2195 2127 2244 est

527 2250 682 2307 testis
709 2252 890 2311 ﬁdelis
934 2266 986 2313 et
1028 2276 1210 2317 verus.
1249 2266 1351 2331 Qui
1394 2274 1471 2323 est
1504 2271 1831 2343 principium
1864 2250 2127 2332 creatura:

525 2339 815 2437 Dei._1‘ion
866 2347 990 2405 ideo
1038 2368 1094 2408 se
1129 2352 1462 2428 principium
1504 2339 1768 2420 creaturae
1819 2366 1919 2421 Dei
1965 2366 2120 2437 dicit,

528 2429 676 2500 quod
719 2430 833 2503 ipse
862 2436 934 2492 sit
964 2450 1197 2512 creatus,
1231 2446 1321 2502 sed
1359 2449 1505 2521 quod
1549 2451 1617 2507 ab
1646 2454 1771 2526 ipso
1799 2459 1987 2515 omnia
2014 2429 2125 2516 sint

527 2525 726 2587 creata,
766 2530 826 2578 ut
856 2534 986 2596 puta
1031 2531 1364 2593 architectus
1393 2538 1524 2595 fecit
1567 2525 1792 2600 domum
1821 2564 1831 2601 :
1883 2547 1929 2603 si
1960 2548 2124 2604 inter-

528 2612 805 2701 rogaveris
821 2616 945 2688 quis
968 2618 1133 2677 fuerit
1153 2624 1484 2699 principium
1512 2629 1731 2701 domus,
1750 2634 1968 2694 dicetur
1988 2639 2087 2695 tibi
2107 2657 2118 2695 :

524 2696 892 2798 Artifex,_qui
937 2722 1055 2762 eam
1104 2712 1257 2783 prius
1300 2696 1481 2773 mente
1537 2696 1810 2794 concepit,
1851 2733 1904 2780 et
1939 2736 2125 2798 postea

525 2785 820 2847 aediﬁcavit
843 2812 856 2861 ;
882 2798 1011 2867 quia
1035 2799 1233 2857 domus
1252 2804 1597 2881 sibimetipsi
1627 2785 1964 2884 principium
1994 2815 2123 2872 dare

525 2891 635 2931 non
666 2881 866 2947 potuit.

600 2973 780 3042 (Vers.
819 2978 931 3050 15.)
964 2982 1079 3038 Scio
1119 3003 1279 3057 opera
1309 2996 1419 3060 tua,
1450 2994 1575 3063 quia
1605 3014 1766 3068 neque
1783 2998 2018 3071 frigidus
2048 3018 2119 3071 es,

522 3080 686 3135 neque
726 3070 950 3168 c‘a-lidus.
996 3077 1251 3168 Frigidus
1297 3101 1409 3141 non
1456 3096 1606 3158 erat;
1658 3093 1819 3165 quia,
1870 3098 2121 3168 quamvis

524 3170 688 3253 opera
726 3157 996 3222 ﬁdeinon
1027 3148 1270 3241 haberet,
1299 3176 1414 3232 sola
1444 3177 1553 3235 ﬁde
1669 3148 2118 3253 iustumiexisti-
2150 3148 2194 3209 C

523 3245 736 3338 mabat:
770 3252 982 3312 calidus
1020 3274 1129 3315 non
1159 3270 1294 3332 erat,
1335 3265 1465 3338 quia
1509 3245 1747 3327 chariias
1791 3272 1877 3328 illi
1908 3272 2112 3331 deerat.

527 3337 735 3431 Utinam
782 3343 1016 3417 frigidus
1049 3368 1201 3421 esses,
1250 3337 1615 3417 autiicalidus:
1664 3361 1719 3416 id
1768 3370 1869 3431 est,
1903 3365 2116 3422 utinam

518 3436 615 3483 aut
663 3429 930 3490 cbaritate
978 3436 1238 3509 ferveres,
1296 3455 1393 3502 aut
1447 3456 1499 3503 te
1544 3457 1917 3522 peccatorem,
1975 3454 2117 3513 sicut

518 3533 595 3585 es,
652 3521 981 3593 aastimares;
1040 3539 1101 3585 ut
1144 3548 1243 3602 per
1297 3535 1551 3593 timorem
1611 3540 1757 3611 ignis
1814 3546 2004 3599 aeterni
2060 3554 2115 3602 et

522 3606 899 3702 paenitentiam
958 3614 1027 3670 ad
1082 3616 1228 3675 bona
1301 3639 1465 3694 opera
1530 3606 1739 3700 agenda
1797 3631 2117 3705 impellere-

517 3707 612 3749 1⁵18.

591 3782 773 3855 (Vers.
810 3789 922 3867 16.)
968 3794 1068 3852 Sed
1111 3797 1238 3870 quia
1268 3802 1471 3875 tepidus
1511 3825 1582 3878 es,
1622 3807 1873 3881 incipiam
1914 3821 1959 3871 te
1985 3833 2114 3872 evo—

517 3889 772 3975 rnerehex
825 3900 915 3938 ore
959 3904 1088 3943 meo.
1142 3891 1301 3964 Aqua
1342 3896 1526 3968 tepida
1572 3899 1619 3955 si
1669 3899 1865 3958 hausta
1923 3903 2111 3975 fuerit,

521 3966 801 4029 fastidium
854 3988 1074 4049 generat
1108 3999 1119 4037 :
1162 3966 1584 4058 ideoque—facile
1628 3988 1896 4062 rejicitur.
1942 3994 2006 4050 In
2052 3966 2113 4052 os

520 4075 653 4117 vero
692 4065 915 4123 Domini
964 4077 1096 4127 tunc
1122 4072 1485 4148 ingredimur,
1524 4082 1742 4154 quando
1785 4100 1880 4155 per
1922 4084 2115 4157 bapti-

518 4175 695 4214 smum
726 4178 757 4216 a
786 4162 939 4219 vitiis
969 4165 1227 4223 omnibus
1257 4172 1561 4241 emundati,
1583 4172 1830 4229 membra
1857 4173 1974 4246 ejus
2000 4175 2111 4232 eﬂi-

514 4247 714 4303 cimur.
749 4250 922 4320 Igitur
943 4253 990 4307 si
1017 4254 1181 4311 ﬁdem
1209 4275 1330 4330 quae
1358 4277 1455 4332 per
1485 4262 1807 4319 c'baritatem
1832 4271 2112 4336 operatur,

514 4342 566 4391 et
618 4353 779 4409 quam
838 4340 897 4395 in
954 4341 1280 4415 baptismate
1338 4351 1711 4423 promisimus,
1770 4371 1802 4409 a
1846 4354 2111 4412 cbaritate

516 4438 851 4504 tepescentes
899 4440 1111 4509 operari
1162 4445 1587 4517 neglexei-imus,
1629 4448 1696 4504 ab
1725 4466 1817 4505 ore
1862 4451 2108 4519 Domini,

516 4502 687 4577 veluti
722 4502 996 4596 quoddam
1025 4502 1283 4586 nocivum
1314 4549 1379 4589 ac
1398 4502 1749 4591 fastidiosum
1767 4502 2110 4610 fetidumque
2140 4502 2187 4561 D
2217 4528 2395 4597 Ρτθιίο
2446 4528 2713 4600 sapientia
2764 4541 2997 4600 ematur:
3040 4550 3167 4590 cum
3217 4530 3312 4587 10b
3363 4526 3519 4583 dicat:

514 4614 817 4686 rejicimur,
843 4618 985 4674 sicut
1012 4619 1128 4692 ipse
1161 4620 1307 4678 dixit
1334 4623 1402 4679 de
1424 4642 1479 4680 se
1496 4625 1613 4697 ipso
1643 4626 1933 4699 discipulis
1961 4629 2103 4685 suis:

525 4729 542 4751 ε
580 4706 697 4778 Ego
745 4724 863 4763 sum
916 4710 1069 4779 vitis,
1104 4717 1157 4766 et
1206 4729 1303 4770 vos
1331 4716 1620 4786 palmites;
1654 4725 1708 4773 et
1748 4719 1906 4772 Pater
1953 4734 2108 4774 meus

508 4797 750 4869 agricola
778 4808 878 4856 est.
910 4802 1141 4859 Omnem
1173 4805 1457 4877 palmitem
1497 4824 1609 4863 non
1638 4808 1899 4865 ferentem
1932 4810 1988 4865 in
2020 4826 2106 4865 me

509 4885 778 4955 fructum,
801 4889 1061 4959 praecidet
1086 4908 1233 4961 eum,
1261 4900 1315 4949 et
1339 4911 1557 4952 omnem
1588 4897 1681 4971 qui
1706 4898 1810 4953 fert
1838 4898 2104 4967 fructum,

507 4975 765 5047 purgabit
809 4993 933 5034 eum
979 4980 1119 5052 (22),
1161 4991 1224 5039 ut
1258 4983 1473 5042 fructus
1519 4987 1644 5058 plus
1693 4987 1882 5046 aﬁ‘erat
1921 4989 2101 5061 (Joan.

505 5077 603 5132 xv,
638 5064 690 5130 1,
721 5064 772 5134 2,
803 5066 883 5137 5).
918 5092 935 5114 ι

580 5154 764 5225 (Vers.
800 5157 912 5229 17.)
947 5158 1087 5226 Quia
1112 5159 1243 5215 dicis
1283 5162 1423 5232 quod
1458 5163 1599 5220 dives
1627 5181 1764 5236 sum,
1794 5173 1841 5222 et
1868 5168 2105 5240 locuple-

507 5246 667 5311 tatus,
708 5250 755 5298 et
794 5246 1001 5301 nullius
1041 5265 1175 5318 egeo.
1224 5249 1392 5306 Dives
1432 5260 1486 5307 et
1538 5254 1902 5325 locupletatus
1957 5266 2103 5314 recte

502 5331 709 5389 dicitur
756 5335 868 5418 qui
901 5336 1159 5393 omnibus
1211 5338 1512 5397 virtutibus
1561 5343 1775 5414 plenus,
1821 5362 1993 5418 usque
2031 5346 2102 5403 ad

575 5432 694 5511 (22)
735 5416 910 5501 Editt,
944 5434 1001 5488 in
1031 5453 1111 5489 me
1138 5436 1371 5511 fructum
1394 5441 1647 5510 purgabit
1683 5460 1819 5511 eum,
1852 5416 1947 5499 sed
1985 5435 2100 5501 hia-

505 5502 803 5579 tumﬁbunc
830 5502 1185 5579 inssqomnes
1205 5502 1620 5579 supple-verunt.

573 5570 690 5693 (ἐξ)
735 5573 921 5629 Codex
949 5575 1130 5645 Gem.,
1147 5570 1523 5648 persecutionis
1545 5583 1792 5639 excrevit.
1822 5584 1942 5640 Non
1969 5584 2100 5641 satis

499 5652 662 5694 recte.

2248 513 2332 567 sul
2390 513 2650 569 Ecclesiae
2679 514 2959 571 Laodiceae
2987 524 3209 587 propter
3238 518 3407 573 solam
3436 518 3580 576 ﬁdem
3613 526 3740 579 omni-

2245 600 2349 655 bus
2398 601 2701 657 virtutibus
2728 602 2956 659 divitem
2986 619 3043 658 se
3071 612 3123 659 et
3152 605 3476 677 locupletem
3501 608 3738 679 aestimabat,

2210 719 2229 747 ι
2248 697 2303 745 et
2346 689 2489 745 nihil
2539 707 2597 746 se
2621 691 2688 747 ad
2717 694 2946 748 salutem
2977 701 3235 750 aeternam
3266 697 3621 767 acquirendam
3643 701 3739 755 aliud

2246 795 2423 850 egere,
2474 796 2585 835 non
2643 781 2949 853 recogitans
2978 782 3119 838 illud
3147 783 3299 856 quod
3346 785 3479 842 dicit
3504 790 3737 859 apostolus;

2243 884 2374 939 quia

2242 956 2357 1024 26).
2382 980 2401 1003 ι

2444 894 2462 917 ι
2518 870 2652 926 ﬁdes
2700 871 2819 927 sine
2868 872 3125 943 operibus
3177 873 3357 930 otiosa
3403 882 3479 930 est
3522 876 3679 945 (Iacob.
3702 897 3739 941 ll,

2313 1088 2386 1142 Et
2414 1089 2578 1145 nescis
2602 1093 2731 1161 quia
2759 1098 2813 1147 tu
2843 1109 2893 1147 es
2916 1094 3147 1163 miser,et
3176 1097 3502 1165 miserabilis,
3523 1106 3563 1153 et
3581 1117 3737 1171 poupu.

2241 1180 2289 1228 et
2329 1193 2511 1245 aecus,
2542 1185 2590 1232 et
2620 1180 2813 1236 nudus.
2846 1182 3103 1239 Miserum
3135 1202 3263 1242 eum
3294 1185 3534 1255 dicimus,
3561 1188 3735 1260 quicum

2242 1273 2558 1336 paupertate
2590 1275 2642 1323 et
2669 1270 2918 1327 nuditate
2947 1274 3110 1329 etiam
3136 1275 3324 1348 aliqua
3346 1275 3627 1332 inﬁrmitate
3652 1293 3737 1347 pre-

2241 1353 2432 1410 mitur.
2496 1355 2764 1413 Similiter
2818 1366 2871 1414 et
2908 1359 3011 1416 iste
3066 1362 3236 1418 miser
3272 1371 3326 1420 et
3357 1363 3639 1421 miserabilis
3657 1364 3735 1420 ideo

2239 1440 2467 1513 dicitur,
2510 1447 2655 1517 quod
2705 1465 2909 1522 pauper
2936 1457 3051 1505 erat
3094 1451 3413 1521 virtutibus,
3439 1461 3595 1508 mente
3617 1470 3735 1509 cacus

2243 1530 2384 1606 (21’s),
2412 1535 2671 1606 operibus
2696 1536 2861 1593 bonis
2889 1538 3092 1596 nudus.

2311 1669 2492 1740 (Vers.
2543 1670 2656 1742 18.)
2700 1671 2903 1727 Suadeo
2935 1672 3026 1728 tibi
3052 1689 3220 1729 emere
3245 1692 3281 1730 a
3307 1692 3383 1730 me
3407 1692 3578 1730 aurum
3592 1675 3733 1747 proba-

2240 1762 2369 1824 tum,
2437 1757 2678 1828 ignitum.
2724 1758 2827 1815 Per
2876 1776 3070 1816 aurum
3125 1761 3392 1834 sapientia
3444 1764 3728 1835 intelligitur,

2238 1844 2383 1899 sicut
2438 1845 2704 1918 scriptum
2745 1856 2867 1903 est:
2921 1873 2939 1896 ι
2989 1848 3303 1907 Thesaurus
3327 1850 3731 1908 desiderabilisre—

2236 1933 2471 2005 quiescit
2515 1934 2572 1989 in
2635 1951 2729 1990 ore
2785 1936 3047 2009 sapientis
3093 1940 3284 2010 (Prov.
3315 1956 3429 2007 xxi,
3460 1940 3593 2009 20).,
3625 1938 3726 2006 Quod

2236 2021 2524 2093 probatum
2573 2023 2799 2094 dicitur,
2830 2027 2960 2099 quia
2986 2028 3245 2099 probatos
3272 2038 3326 2086 et
3354 2029 3589 2102 perfectos
3608 2027 3728 2083 reddit

2235 2126 2425 2167 omnes
2475 2128 2612 2184 quos
2665 2113 2926 2184 possidet.
2990 2112 3236 2188 Ignitum
3293 2134 3418 2174 vero
3443 2117 3548 2174 ideo
3569 2114 3725 2181 dicitur,

2234 2200 2365 2270 quia
2410 2216 2599 2256 eorum
2653 2209 2862 2259 mentes
2913 2202 2972 2258 in
3006 2205 3212 2277 quibus
3240 2205 3458 2273 habitat,
3487 2206 3534 2261 in
3555 2219 3724 2260 amorem

2233 2288 2332 2343 Dei
2386 2296 2548 2363 atque
2577 2291 2817 2362 proximi
2849 2294 3122 2351 accendit.
3157 2298 3227 2351 Et
3253 2295 3375 2368 quia
3404 2311 3515 2351 vera
3535 2293 3723 2368 sapientia

2233 2396 2302 2435 ex
2356 2377 2565 2434 divinis
2620 2380 2920 2453 Scripturis
2980 2385 3268 2451 acrescit,
3322 2385 3574 2441 Psalmista
3606 2382 3723 2438 mani-

2239 2467 2420 2536 festat,
2451 2484 2578 2524 cum
2608 2464 2773 2525 dicit:
2819 2494 2837 2516 ι
2867 2471 3103 2545 Eloquia
3156 2474 3371 2530 Domini
3397 2474 3582 2546 eloquia
3606 2478 3721 2535 casta,

2233 2568 2521 2631 argentum
2568 2561 2693 2633 igne
2733 2564 3134 2635 examinatum,
3168 2567 3440 2640 probatum
3460 2576 3604 2631 terrae,
3627 2578 3720 2635 pur-

2230 2657 2415 2721 gatum
2464 2653 2773 2723 septuplum
2825 2655 2999 2726 (Psal.
3049 2672 3136 2726 x1,
3171 2657 3247 2729 7).
3280 2683 3297 2706 ιι
3338 2655 3542 2728 Eloquia
3563 2650 3717 2709 Domini

2230 2743 2448 2815 eloquia
2499 2753 2650 2801 casta
2703 2753 2868 2813 sunt;
2912 2746 3044 2819 quia
3094 2756 3272 2806 castas
3327 2756 3512 2805 mentes
3555 2761 3578 2800 a
3614 2743 3717 2798 vitiis

2230 2831 2487 2888 reddunt.
2542 2833 2646 2889 Sed
2697 2850 2820 2891 cum
2867 2834 3007 2890 nihil
3060 2839 3283 2911 purgari
3315 2837 3485 2911 possit,
3511 2834 3596 2890 nisi
3618 2828 3716 2904 quod

2229 2921 2514 2977 sordidum
2582 2930 2665 2978 est
2696 2966 2712 2992 ,
2779 2924 3141 2996 quaerendum
3200 2928 3353 2983 nobis
3401 2935 3471 2981 est
3517 2917 3714 2996 quomodo

2227 3009 2445 3083 eloquia
2503 3011 2725 3067 Domini
2777 3014 2994 3085 purgari
3044 3014 3324 3083 dicantur,
3354 3014 3408 3070 in
3435 3012 3596 3086 quibus
3616 3006 3713 3062 nihil

2227 3098 2512 3154 sordidum
2562 3115 2678 3157 esse
2729 3108 2923 3172 potest.
2968 3103 3209 3176 Eloquia
3259 3120 3378 3176 ergo
3408 3098 3590 3159 Domini
3616 3096 3712 3151 sicut

2229 3195 2514 3258 argentum
2542 3187 2667 3259 igne
2695 3190 3006 3246 examinata
3034 3208 3154 3250 esse
3182 3193 3455 3259 dicuntur;
3481 3188 3585 3262 quia
3611 3198 3709 3240 men-

2229 3283 2311 3333 tes
2349 3276 2597 3333 ﬁdelium
2655 3279 2951 3352 aliquando
2977 3281 3103 3353 igne
3136 3281 3468 3357 poenitentiai,
3495 3270 3710 3348 aliquando

2229 3367 2356 3439 igne
2378 3368 2665 3426 charitatis
2690 3370 2759 3426 ab
2800 3372 3060 3429 omnibus
3096 3373 3348 3431 sordibus
3379 3370 3594 3426 vitiorum
3615 3376 3707 3457 exa-

2228 3457 2444 3514 minant
2493 3459 2634 3532 (25).
2666 3459 2823 3527 Quod
2848 3469 3031 3519 autem
3055 3462 3140 3519 ait
3170 3480 3182 3519 :
3233 3462 3490 3548 Probatur?!
3520 3462 3648 3548 ῑςννφτ
3668 3463 3705 3502 ¹¹¹

2228 3545 2457 3603 Hebraeo
2512 3547 2720 3604 habet:
2781 3550 3096 3621 Separatum
3152 3571 3188 3608 a
3239 3558 3391 3606 terra.
3432 3543 3559 3614 Quod
3593 3543 3703 3594 etiam

2230 3638 2544 3708 septuplum
2593 3647 2883 3712 purgatum
2934 3640 3168 3710 dicitur,
3198 3648 3405 3713 propter
3437 3640 3600 3707 septem
3621 3641 3702 3699 ρῑί·

2227 3724 2471 3796 gationes
2531 3742 2664 3798 quas
2717 3728 2910 3785 divina
2937 3729 3222 3802 Scriptura
3250 3730 3306 3786 in
3332 3744 3383 3784 se
3408 3721 3619 3784 continet,
3641 3727 3701 3768 εθ·

2225 3821 2371 3885 ptem
2399 3814 2663 3873 videlicet
2691 3817 2944 3885 virtutes,
2975 3819 3180 3892 quibus
3207 3817 3382 3875 omnia
3408 3812 3523 3869 vitia
3542 3815 3699 3880 pars”

2225 3910 2360 3959 tur:
2428 3905 2890 3977 quemadmodum
2939 3909 3078 3981 gulae
3143 3907 3336 3965 vitium
3391 3903 3605 3993 ρυτεξιξιξ

2224 3991 2641 4063 abstinentiam,
2671 3996 2926 4068 superbia
2953 4012 3049 4069 per
3077 3996 3459 4056 humilitatem,
3489 3981 3621 4043 libido
3636 3988 3699 4072 per

2225 4080 2584 4153 pudicitiam;
2621 4066 2830 4153 odium,
2863 4066 3114 4154 avaritia,
3137 4084 3359 4151 invidia,
3388 4088 3435 4136 et
3456 4074 3592 4132 multa
3610 4066 3694 4154 alia,

2223 4185 2319 4241 per
2361 4170 2704 4229 cbaritatem.
2763 4173 3033 4230 Similiter
3085 4153 3144 4231 et
3185 4183 3367 4232 cetera
3416 4153 3693 4258 vina-habent

2222 4257 2404 4316 hostes
2452 4276 2598 4329 suos,
2656 4277 2687 4317 a
2712 4262 2940 4334 ,"quibus
2966 4272 3061 4320 aut
3083 4264 3390 4326 vincuntur,
3414 4260 3494 4312 aut
3516 4243 3689 4345 νίίξίξωξ

2223 4349 2293 4404 Et
2348 4350 2477 4423 quia
2527 4332 2777 4425 superius
2820 4354 3089 4410 Dominus
3112 4353 3266 4422 dicit,
3292 4359 3351 4407 ut
3380 4357 3560 4405 aurum,
3580 4332 3620 4390 id
3640 4333 3692 4382 εει

2227 4438 2518 4510 sapientia,
2573 4457 2605 4496 a
2653 4457 2710 4497 se
2738 4449 2968 4510 ematur;
3001 4442 3343 4516 quaerendum
3370 4432 3507 4493 nobis
3528 4428 3691 4517 eslillu"

2227 4528 2395 4563 nrnlin
2446 4528 2708 4563 conixian
2764 4541 2977 4563 nlnnlnu
3041 4550 3165 4563 ,πη-η
3224 4530 3312 4563 [nia
3363 4526 3519 4563 ﬂinnt‘
3570 4509 3691 4563 01‘0"

3639 4614 3681 4661 ;l

2218 4614 2442 4672 dabitur
2466 4635 2662 4674 aurum
2694 4620 2940 4678 obrizum
2983 4640 3081 4695 pro
3108 4640 3171 4678 ea
3197 4620 3310 4695 (Job
3355 4627 3527 4705 xxviii,
3549 4602 3619 4705 l5)

2215 4722 2316 4763 nec
2368 4707 2521 4763 aliud
2565 4709 2719 4782 quid,
2766 4712 2912 4784 quod
2937 4686 3083 4768 inter
3111 4686 3350 4768 homines
3375 4686 3691 4784 pretiosius

2212 4796 2395 4855 betur.
2453 4772 2726 4873 Sed-quo
2777 4772 2956 4874 pretio
3006 4812 3235 4872 ematur,
3288 4772 3393 4872 ipsi;

2212 4890 2547 4959 manifestat,
2598 4869 2723 4947 cum
2772 4869 2955 4948 dicit:
3010 4920 3028 4939 ι
3085 4893 3266 4948 Timor
3317 4869 3692 4974 Dominiipfiifft

2215 4978 2502 5050 sapientia,
2531 4950 2617 5035 ἐι
2676 4982 2927 5038 recedere
2982 4999 3013 5037 a
3057 4982 3198 5038 malo
3234 4950 3687 5063 intelliganturmli‘b

2210 5067 2351 5140 28).:
2411 5068 2533 5123 Non
2565 5069 2711 5142 quod
2743 5069 2856 5139 ille,
2893 5070 2987 5144 qui
3019 5072 3192 5138 timet,
3216 5066 3460 5141 perlectus
3483 5055 3541 5111 sit
3563 5055 3607 5146 ιιι
3625 5055 3689 5146 5?“

2211 5134 2440 5231 pientia,
2473 5134 2600 5214 cuni
2628 5134 3115 5231 apostolus-dicat:
3176 5134 3346 5223 λ-Οιιί
3371 5157 3525 5207 antem

2210 5223 2321 5304 non
2368 5223 2451 5305 est
2500 5223 2773 5320 perfectus
2810 5249 2868 5305 in
2910 5248 3259 5353 charitate‘U
3278 5245 3419 5342 Iud":
3448 5223 3684 5353 ,ξνιηῗξξΐὲ

2209 5337 2303 5394 sed
2333 5336 2478 5410 quod
2501 5318 2839 5409 sapientiam
2865 5336 2981 5409 jam
3019 5318 3283 5410 possidere
3309 5324 3501 5397 incipit:
3529 5318 3664 5388 qui!"

2307 5443 2398 5545 24)
2430 5444 2854 5527 Desiderabatur
2874 5446 2931 5501 in
2960 5445 3092 5528 edit.
3121 5447 3486 5545 mentecwctﬂin
3521 5486 3624 5545 mis
3639 5476 3684 5533 ab

2307 5516 2374 5545 ea:
2451 5516 2579 5545 nun
2662 5517 2913 5545 1.1.2-1.“...
2970 5514 3248 5545 -1.-......Jn
3277 5523 3383 5545 mna
3405 5520 3428 5545 η
3486 5512 3529 5545 rt

2307 5443 2374 5499 24
2430 5444 2854 5501 Desiderabatur
2874 5446 2931 5501 in
2960 5445 3092 5502 edit.
3121 5447 3276 5499 mente
3299 5448 3457 5492 ciem.
3521 5493 3529 5503 .

2306 5443 2398 5587 25)
2447 5516 2600 5573 Εάἱῐ-
2652 5517 2916 5574 Fidelium
2965 5514 3248 5588 aliquando
3277 5511 3383 5581 igne
3405 5503 3529 5588 oliui?

2204 5562 2755 5711 pm‘ii—ibiis-Erdib-us“
2786 5562 3116 5654 examinavit;
3164 5562 3444 5641 mssfvero
3465 5562 3680 5625 nobiscum

2227 5665 2431 5711 aciunt.

2227 5665 2431 5714 actum.
