3880 6198
112 444 208 501 873
965 438 1421 495 BERENGAUDI
1459 434 1831 493 EXPOSITIO
1870 435 1942 491 IN
1979 433 2480 491 APOCALYPSIN.

3294 432 3397 487 874

113 564 416 638 eapretium
447 562 576 619 dare
619 563 861 620 inchoat.
914 563 1157 619 Pretium
1206 570 1391 618 autem
1439 560 1559 632 ejus
1604 568 1686 616 est
1716 563 1763 620 A
1799 558 1893 614 sed
1924 574 2019 630 per
2049 558 2401 631 adoptionem
2433 567 2564 615 sunt
2596 556 2737 625 ﬁlii;
2785 556 2908 613 ideo
2955 556 3202 613 diversas
3246 556 3399 613 sedes

111 657 267 713 timor
289 653 530 720 Domini,
574 651 977 709 abrenuntiatio
1023 652 1311 718 vitiorum,
1344 650 1688 723 pmnitentia,

111 746 370 815 lacrymze,
404 758 565 812 opera
592 740 1001 797 misericordiae.
1046 741 1117 795 Et
1171 739 1294 795 ideo
1341 756 1452 795 non
1486 739 1691 794 incon-

109 834 378 889 venienter
405 830 652 902 sequitur
687 849 697 885 :
740 831 802 887 Ut
834 831 1061 900 locuples
1088 830 1205 899 ﬁas.
1249 829 1393 896 Quia
1436 828 1555 883 sine
1586 828 1692 884 hoc

110 921 274 994 pretio
317 918 383 973 ad
432 919 913 990 locupletationem
961 918 1254 985 virtutum,
1302 917 1449 989 quod
1477 924 1558 972 est
1596 934 1693 972 sa—

24 1042 33 1051 υ
106 1009 323 1082 pientia,
355 1024 518 1063 nemo
550 1008 834 1079 pervenire
877 1014 1072 1078 potest.
1112 1009 1186 1063 Et
1213 1007 1529 1061 vestimentis
1557 1006 1692 1062 albis

105 1100 361 1156 induaris.
396 1099 739 1154 Vestimenta
763 1099 887 1154 alba
916 1107 1045 1155 sunt
1074 1115 1239 1171 opera
1270 1098 1435 1153 bona.
1484 1100 1559 1152 Et
1588 1114 1694 1151 non

99 1194 348 1261 appareat
375 1186 614 1257 confusio
660 1188 919 1243 nuditatis
968 1194 1089 1243 tuae.
1125 1186 1397 1243 Confusio
1428 1184 1696 1241 nuditatis

103 1278 192 1332 illa
235 1284 340 1344 est,
388 1275 455 1331 de
499 1292 605 1348 qua
646 1276 784 1333 dicit
814 1274 1140 1332 Psalmista:
1202 1302 1219 1323 ι
1248 1278 1396 1333 Ecce
1441 1276 1586 1330 enim
1637 1275 1695 1330 in

97 1364 481 1439 iniquitatibus
522 1373 819 1437 conceptus
848 1383 990 1433 sum,
1046 1374 1097 1422 et
1128 1365 1185 1420 in
1215 1365 1454 1438 peccatis
1485 1364 1697 1436 peperit

98 1472 180 1511 me
212 1462 387 1510 mater
431 1471 549 1510 mea
596 1455 771 1526 (Psal.
803 1473 857 1523 1.,
900 1456 977 1526 7).
1006 1481 1025 1504 ι
1071 1455 1223 1512 Hanc
1262 1463 1444 1511 autem
1488 1452 1695 1510 confu-

96 1546 300 1601 sionem
342 1544 615 1602 nuditatis
643 1545 805 1601 bonis
834 1544 1092 1616 operibus
1125 1544 1337 1616 operire
1385 1543 1647 1599 debemus
1677 1560 1691 1610 ;

96 1652 217 1691 nam
256 1635 512 1708 quamvis
549 1635 651 1691 iste
701 1634 990 1708 episcopus
1036 1634 1201 1691 ﬁdem
1236 1634 1482 1698 haberet,
1513 1632 1696 1688 nudus

97 1731 273 1779 tamen
309 1723 556 1791 dicitur;
609 1740 673 1779 eo
713 1722 860 1796 quod
890 1723 957 1778 ab
989 1722 1247 1795 operibus
1286 1722 1417 1778 ﬁdei
1455 1730 1693 1777 vacaret.

92 1814 164 1868 Et
190 1812 418 1883 collyrio
449 1813 638 1882 inunge
667 1813 844 1867 oculos
876 1818 1012 1876 tuos,
1064 1817 1122 1865 ut
1148 1811 1348 1865 videas.
1379 1811 1481 1866 Per
1508 1811 1698 1882 colly-

94 1902 259 1969 rium,
302 1901 453 1974 quod
480 1900 778 1973 caliginem
809 1900 878 1957 ab
909 1901 1085 1957 oculis
1104 1900 1354 1971 detergit,
1387 1901 1697 1972 lacrymas—

94 2006 197 2061 que
246 1988 464 2057 educit,
544 1989 875 2061 poenitentia
920 1996 1082 2061 atque
1127 1989 1480 2060 compunctio
1516 1991 1699 2048 cordis

91 2087 268 2151 potest
318 2079 598 2152 intelligi;
650 2079 765 2150 ipsa
816 2088 900 2135 est
944 2095 1180 2152 namque
1228 2096 1348 2152 quae
1397 2081 1465 2137 ab
1517 2081 1696 2137 oculis

88 2168 290 2223 mentis
317 2169 618 2239 caliginem
644 2166 905 2223 caecitatis
929 2166 1180 2239 detergit,
1217 2176 1379 2240 atque
1408 2169 1477 2224 ad
1503 2168 1693 2225 viden-

88 2257 214 2313 dum
258 2274 393 2330 quae
425 2257 499 2313 sit
527 2255 821 2312 retributio
838 2255 1117 2328 justorum
1147 2264 1201 2311 et
1249 2265 1696 2330 poeuapeccato-

85 2363 203 2403 rum
232 2346 417 2403 acuit.

154 2436 347 2504 (Vers.
377 2435 495 2506 19.)
528 2436 799 2515 Εροριιοε
827 2451 970 2499 amo,
1004 2451 1174 2504 arguo
1204 2438 1256 2488 et
1288 2434 1503 2506 castigo.
1544 2435 1699 2492 Sicut

85 2529 220 2587 dicit
276 2528 622 2599 Scriptura:
674 2552 693 2575 ι
731 2528 906 2595 Quem
954 2529 1103 2584 enim
1154 2528 1365 2601 diligit,
1428 2530 1698 2588 Dominus

85 2619 319 2691 corripit
352 2637 363 2673 ε
406 2617 648 2688 ﬂagellat
665 2625 847 2673 autem
869 2634 1088 2674 omnem
1106 2618 1285 2673 ﬁlium
1316 2635 1475 2691 quem
1503 2620 1699 2693 recipit

84 2708 277 2779 (Hebr.
310 2723 423 2773 xu,
447 2706 528 2776 6).
558 2731 576 2754 ι

152 2795 344 2867 (Vers.
381 2793 504 2864 20.)
533 2794 818 2849 1Emulare
871 2810 1012 2864 ergo,
1065 2801 1114 2849 et
1164 2795 1519 2865 paenitentiam
1557 2812 1651 2866 age
1683 2814 1695 2851 :

82 2884 137 2940 id
177 2894 285 2951 est,
331 2885 603 2939 aemulare
649 2883 844 2953 bonos,
904 2892 957 2940 et
1010 2884 1386 2956 pcenitentiam
1426 2902 1521 2958 age
1563 2905 1576 2954 ;
1637 2903 1701 2942 eo

79 2975 225 3046 quod
256 2992 290 3029 a
318 2974 495 3029 bonis
523 2974 782 3045 operibus
813 2991 986 3046 usque
1032 2975 1197 3031 modo
1241 2979 1535 3048 torpueris.
1568 2978 1702 3031 Ecce

78 3063 243 3117 stoad
274 3064 507 3130 ostium,
537 3070 585 3116 et
606 3064 763 3133 pulso
798 3081 808 3118 :
838 3063 1020 3133 siquis
1048 3064 1282 3119 audierit
1312 3082 1480 3119 vocem
1509 3083 1700 3135 meam,

74 3159 120 3206 et
162 3153 458 3223 aperuerit
502 3150 755 3220 januam,
802 3152 1012 3208 intrabo
1053 3154 1125 3208 ad
1174 3155 1348 3222 illum,
1399 3160 1445 3208 et
1493 3155 1701 3211 eamabo

1804 647 2113 703 sortiuntur
2140 647 2443 704 secundum
2469 646 2793 701 meritorum
2826 644 3224 701 diversitatem.
3260 645 3396 701 Prae-

1799 745 1904 794 stet
1946 739 2049 794 hoc
2078 739 2262 807 nobis,
2302 738 2369 795 de
2396 754 2504 810 quo
2541 735 2821 809 loquimur
2853 753 2866 802 ;
2899 742 2961 790 ut
2990 735 3048 789 in
3087 751 3274 793 earum
3320 751 3397 790 se-

1800 830 1952 886 dium
1988 829 2383 885 distributione
2428 845 2527 884 nos
2568 827 2753 884 miseri
2797 835 3005 898 partem
3060 826 3260 882 habere
3291 844 3399 882 me-

1802 934 2038 984 reamur,
2087 918 2240 973 Jesus
2287 916 2540 973 Christus
2586 915 2857 972 Dominus
2900 923 3105 982 noster,
3139 914 3233 986 qui
3272 932 3399 970 cum

1802 1005 1958 1061 Patre
1991 1013 2044 1062 et
2086 1005 2294 1077 Spiritu
2332 1013 2521 1061 sancto
2579 1004 2724 1060 vivit
2754 1012 2808 1059 et
2852 1011 3040 1075 regnat
3087 1003 3145 1058 in
3200 1004 3402 1059 smcula

1803 1098 2155 1164 saeculorum,
2186 1114 2369 1153 amen.

2186 1200 2279 1255 DE
2328 1199 2401 1254 VI
2412 1199 2615 1256 SIONE
2662 1197 3007 1256 SECUNDA.

1874 1289 2032 1346 Ratio
2088 1288 2336 1360 deposcit
2392 1287 2518 1360 (26)
2576 1294 2637 1342 ut
2682 1295 2806 1359 post
2858 1295 3067 1358 septem
3119 1286 3399 1360 epistolas,

1804 1395 1939 1452 quas
1983 1379 2052 1435 ad
2089 1387 2294 1451 septem
2340 1378 2643 1445 Ecclesias,
2692 1394 2812 1450 quae
2851 1392 3015 1432 unam
3073 1378 3401 1434 catholicam

1804 1468 2110 1539 designant,
2149 1469 2382 1523 Joannes
2410 1465 2637 1533 direxit,
2684 1466 2740 1521 in
2777 1466 2978 1538 quibus
3027 1466 3219 1523 ﬁdeles
3247 1467 3401 1523 insti-

1805 1565 2057 1625 tuuntur,
2108 1557 2346 1629 qualiter
2391 1555 2459 1611 ad
2515 1555 2787 1612 virtutum
2833 1555 3218 1613 celsitudinem
3275 1572 3402 1611 con-

1806 1648 2064 1705 scendere
2106 1647 2361 1714 debeant,
2419 1646 2665 1718 ejusdem
2723 1648 2982 1706 Ecclesiae
3033 1659 3207 1708 status
3239 1658 3403 1724 atque

1805 1739 2126 1795 sublimitas
2156 1737 2500 1794 manifestius
2526 1736 2889 1795 describatur.

1878 1826 2107 1885 CAPUT
2134 1829 2231 1885 IV.
2262 1859 2333 1869 —
2364 1829 2546 1901 (Vers.
2604 1829 2682 1900 1.)
2726 1830 2853 1885 Post
2898 1831 3003 1885 haec
3044 1831 3156 1886 vidi
3212 1832 3405 1886 ostium

1726 1912 1773 1973 B
1802 1929 2044 1995 apertum
2071 1921 2128 1976 in
2158 1923 2304 1977 coelo.
2356 1921 2458 1976 Per
2503 1919 2732 1989 ostium,
2767 1920 3021 1978 Christus
3051 1921 3403 1993 intelligitur,

1802 2014 1896 2086 qui
1927 2012 2103 2069 dicit:
2147 2034 2165 2058 ι
2195 2011 2312 2081 Ego
2341 2026 2463 2066 sum
2494 2009 2733 2066 ostium:
2781 2027 2878 2082 per
2928 2028 3014 2067 me
3059 2011 3106 2067 si
3157 2012 3281 2084 quis
3309 2012 3407 2067 in—

1802 2102 2038 2171 troierit,
2087 2100 2392 2158 salvabitur
2451 2100 2632 2170 (Joan.
2680 2116 2739 2168 x,
2794 2100 2875 2171 9).
2909 2125 2927 2148 ι
2990 2098 3149 2168 Quod
3201 2101 3404 2157 ostium

1803 2199 2052 2263 apertum
2095 2206 2211 2246 esse
2241 2189 2492 2255 dicitur;
2536 2188 2666 2262 quia
2713 2188 2975 2245 omnibus
3017 2189 3086 2246 ad
3130 2206 3187 2246 se
3217 2189 3408 2246 venire

1804 2278 2263 2347 desiderantibus,
2322 2277 2575 2350 quamvis
2628 2278 2821 2333 multis
2876 2277 3174 2335 sceleribus
3227 2278 3407 2351 depri-

1806 2376 2050 2435 mantur,
2081 2366 2284 2422 ostium
2333 2364 2722 2421 misericordiae
2756 2382 2868 2420 suae
2907 2366 3119 2438 aperire
3166 2383 3279 2423 non
3314 2367 3405 2423 de-

1806 2457 2090 2530 dignatur,
2121 2456 2263 2512 sicut
2293 2471 2407 2527 ipse
2453 2453 2590 2510 dicit
2637 2453 2694 2508 in
2742 2454 3046 2525 Evangelio
3078 2472 3089 2508 :
3157 2479 3175 2502 ι
3206 2455 3406 2513 Venite

1806 2547 1874 2602 ad
1905 2563 2013 2614 me,
2046 2561 2238 2601 omnes
2267 2544 2361 2616 qui
2392 2542 2652 2598 laboratis
2688 2550 2741 2597 et
2786 2542 2997 2599 onerati
3038 2543 3192 2612 estis,
3224 2552 3278 2600 et
3307 2562 3407 2617 ego

1806 2635 2049 2691 reﬁciam
2103 2651 2200 2689 vos
2248 2634 2463 2705 (Matth.
2496 2648 2579 2695 χι,
2610 2630 2727 2701 28).
2762 2657 2781 2680 ι
2822 2632 2925 2687 Per
2974 2633 3172 2688 coelum
3224 2641 3404 2688 autem

1806 2723 2054 2781 Ecclesia
2078 2722 2413 2794 designatur.
2448 2721 2552 2778 Sed
2583 2721 2627 2776 si
2663 2722 2845 2776 omnis
2867 2722 2961 2793 qui
2992 2738 3088 2792 per
3112 2721 3315 2778 ostium
3344 2723 3404 2778 in

1808 2815 1955 2872 ovile
1984 2814 2196 2882 ovium,
2221 2812 2278 2869 id
2308 2819 2409 2879 est,
2429 2811 2487 2867 in
2517 2820 2757 2867 sanctam
2780 2811 3081 2867 Ecclesiam
3106 2811 3403 2882 introierit,

1809 2902 2153 2960 salvabitur:
2208 2899 2448 2972 reprobi,
2496 2916 2729 2972 quorum
2779 2899 3210 2956 innumerabiles
3242 2900 3404 2956 intra

1810 3002 2053 3050 sanctam
2095 2991 2396 3048 Ecclesiam
2436 2989 2812 3058 continentur,
2860 3007 2969 3062 quo
3017 2990 3173 3047 aditu
3231 2992 3399 3046 intro-

1810 3083 1996 3139 ierunt
2024 3083 2051 3137 εἰ
2083 3084 2160 3137 De
2192 3082 2295 3137 hoc
2322 3079 2618 3135 Dominum
2638 3081 3072 3152 interrogemus;
3104 3081 3180 3136 ait
3212 3081 3396 3137 enim:

1814 3199 1844 3221 ,ι
1872 3172 1976 3240 Qui
2028 3188 2139 3227 non
2174 3171 2346 3226 intrat
2386 3188 2483 3243 per
2529 3169 2730 3226 ostium
2765 3170 2823 3225 in
2869 3171 3017 3225 ovile
3063 3171 3274 3240 ovium,
3304 3170 3400 3226 sed

72 3258 192 3296 Cum
220 3243 346 3311 ίηο»
378 3249 430 3297 ει
462 3241 576 3312 ίΡδε
604 3259 820 3335 mecm?-
854 3243 1041 3335 ΡυῙδεη
1074 3244 1344 3335 Dominus
1396 3244 1464 3300 ad
1494 3245 1697 3300 οδῐίυη]
1729 3274 1773 3335 C
1805 3261 2050 3319 ascendit
2078 3260 2323 3328 aliunde,
2354 3241 2446 3315 ille
2476 3258 2565 3314 fur
2598 3268 2679 3315 est
2711 3266 2766 3314 et
2785 3260 2925 3314 latro
2959 3260 3139 3331 (Joan.
3173 3276 3232 3324 x,
3270 3260 3384 3330 1).»

69 3343 361 3402 nostrum,
429 3350 564 3389 cum
618 3348 713 3404 per
761 3333 1099 3404 Scripturam
1147 3334 1394 3390 divinam
1449 3336 1696 3408 quotidie

70 3440 171 3479 nos
215 3425 525 3492 admonet,
560 3432 621 3479 ut
666 3424 803 3479 vitia
846 3425 1238 3497 reiinquentes,
1268 3426 1335 3482 ad
1365 3426 1505 3482 bona
1535 3443 1698 3499 opera

66 3515 287 3586 agenda
340 3523 769 3571 convertamur.
815 3514 1018 3571 Vocem
1051 3514 1168 3587 ejus
1217 3515 1493 3585 audimus,
1525 3525 1577 3571 et
1602 3516 1698 3588 ja-

67 3619 239 3659 nuam
299 3604 617 3677 aperimus,
692 3619 818 3658 cum
892 3601 1147 3659 mandata
1202 3609 1346 3666 512
1415 3602 1533 3675 ejus
1584 3614 1699 3661 tota

64 3701 275 3757 mentis
331 3700 660 3756 intentione
707 3699 1058 3771 suscipimus.
1113 3701 1201 3757 Ad
1254 3717 1356 3757 nos
1404 3718 1535 3757 vero
1583 3701 1699 3774 ipse

65 3788 264 3856 intrat,
312 3805 456 3845 cum
510 3787 834 3843 charitatem
883 3804 1035 3845 suam
1080 3790 1139 3845 in
1194 3791 1452 3848 cordibus
1498 3792 1699 3848 nostris

60 3879 306 3950 plantat.
349 3878 565 3935 Cmnat
587 3892 718 3931 vero
747 3876 1059 3947 nobiscum,
1090 3895 1214 3935 cum
1249 3879 1316 3936 de
1344 3881 1549 3936 nostris
1577 3898 1698 3953 pro-

60 3968 313 4025 fectibus
349 3964 569 4040 gaudet
598 3966 738 4039 (εδ).
772 3965 1066 4023 Coenamus
1101 3984 1202 4025 nos
1238 3985 1367 4026 cum
1414 3969 1535 4038 illo,
1570 3986 1697 4026 cum

60 4057 129 4114 de
160 4076 263 4131 spe
294 4056 562 4116 ccelestis
592 4056 781 4128 gloriae
812 4057 1174 4115 exsultamus.

135 4149 338 4220 (Vers.
375 4145 512 4217 21.)
566 4146 669 4213 Qui
695 4146 898 4214 vicerit,
931 4146 1063 4203 dabo
1099 4154 1147 4202 et
1185 4154 1490 4218 potestatem
1525 4148 1701 4203 sedere

60 4255 272 4293 mecum
303 4239 369 4292 in
405 4238 604 4291 throno
632 4252 742 4290 meo
769 4252 790 4299 ;
831 4235 965 4290 sicut
1000 4243 1047 4290 et
1088 4254 1176 4308 ego
1209 4238 1330 4304 vici,
1357 4244 1405 4292 et
1448 4237 1557 4292 sedi
1583 4254 1699 4292 cum

55 4329 230 4384 Patre
257 4345 385 4383 meo
415 4326 479 4380 in
516 4325 700 4379 throno
741 4323 872 4393 ejus.
915 4324 1065 4381 Vicit
1114 4324 1368 4382 Christus
1394 4325 1698 4393 diabolum,

59 4420 316 4477 vincunt
347 4426 411 4473 et
445 4416 629 4473 sancti
649 4414 767 4486 ejus
788 4434 799 4471 :
824 4414 918 4472 sed
946 4415 1198 4473 Christus
1215 4432 1310 4489 per
1324 4417 1699 4497 semetipsum,

51 4511 239 4567 sancti
275 4526 430 4565 vero
465 4506 590 4578 ejus
621 4523 733 4562 non
760 4523 858 4578 per
888 4506 1227 4578 semetipsos,
1260 4507 1353 4562 sed
1384 4522 1478 4578 per
1499 4506 1697 4578 ipsum.

1808 3353 2133 3423 Quicunque
2178 3366 2306 3421 ergo
2367 3348 2472 3403 hoc
2513 3347 2659 3420 quod
2709 3347 2768 3403 in
2821 3347 3093 3419 baptismo
3140 3347 3401 3421 promise-

1810 3442 2293 3511 rtmt,‘observare
2340 3441 2557 3507 nolunt,
2609 3455 2720 3494 non
2765 3455 2861 3510 per
2905 3439 3108 3496 ostium
3146 3440 3206 3495 in
3256 3438 3402 3496 ovile

1810 3532 2021 3602 ovium,
2069 3531 2162 3587 sed
2211 3530 2435 3585 aliunde
2483 3528 2866 3585 ascenderunt.
2925 3531 2999 3584 Et
3057 3547 3161 3583 voa:
3198 3527 3401 3600 prima,

1810 3638 1969 3692 quam
1997 3620 2205 3689 audivi,
2229 3626 2481 3689 tanquam
2512 3618 2645 3673 tuba:
2677 3618 2932 3688 loquentis
2958 3634 3176 3685 mecum,
3207 3617 3400 3673 dicens.

1810 3712 2015 3769 Vocem
2047 3710 2279 3781 primam
2313 3711 2485 3767 Vetus
2513 3708 2919 3764 Testamentum
2943 3709 3187 3782 accipere
3217 3727 3401 3783 possu-

1812 3817 1934 3856 mus
1965 3819 1976 3856 :
2009 3799 2103 3855 sed
2134 3800 2332 3855 melius
2368 3798 2505 3854 mihi
2539 3795 2780 3866 videtur,
2829 3806 2889 3853 ut
2920 3814 3015 3869 per
3056 3815 3247 3855 vocem
3278 3801 3402 3872 pri—

1811 3908 1957 3947 mam
2017 3892 2281 3947 Joannem
2356 3890 2657 3962 Baptistam
2718 3889 3109 3959 intelligamus,
3176 3889 3243 3944 de
3295 3905 3404 3962 quo

1814 3981 2083 4052 scriptum
2120 3986 2201 4035 est
2236 3997 2247 4034 :
2297 4003 2315 4025 ι
2355 3980 2426 4034 Et
2484 3986 2566 4041 tu,
2627 3994 2781 4050 puer,
2834 3977 3099 4049 propheta
3130 3977 3404 4035 Altissimi

1812 4070 2094 4127 vocaberis
2126 4088 2138 4136 ;
2172 4069 2392 4141 praeibis
2422 4068 2569 4123 enim
2600 4075 2724 4123 ante
2753 4068 3050 4123 Dominum
3078 4084 3267 4141 parare
3286 4070 3405 4127 vias

1811 4159 1930 4231 ejus
1957 4159 2027 4215 ad
2055 4158 2290 4214 dandam
2338 4157 2623 4214 scientiam
2653 4159 2848 4213 salutis
2876 4158 3023 4229 plebi
3071 4157 3189 4231 ejus
3220 4160 3278 4215 in
3308 4177 3404 4216 re-

1814 4248 2129 4304 missionem
2173 4253 2518 4319 peccatorum
2562 4263 2751 4302 eorum
2801 4247 2951 4319 (Luc.
3004 4265 3044 4317 ι,
3092 4247 3178 4318 76,
3224 4251 3336 4323 77).
3372 4278 3390 4301 ι

1811 4336 1915 4393 Sed
1946 4346 1999 4394 et
2028 4338 2143 4408 ipse
2171 4337 2406 4392 Joannes
2447 4353 2503 4393 se
2532 4353 2722 4393 vocem
2756 4344 2934 4404 vocat,
2967 4336 3190 4394 dicens:
3236 4362 3254 4385 ι
3286 4340 3403 4413 Ego

1813 4444 1923 4482 vox
1964 4427 2254 4483 clamantis
2302 4426 2358 4481 in
2388 4426 2639 4482 deserto:
2688 4426 2923 4499 Dirigite
2960 4427 3108 4482 viam
3154 4429 3398 4497 Domini,

1812 4517 1957 4573 sicut
1985 4517 2132 4572 dixit
2161 4516 2327 4572 lsaias
2376 4517 2641 4589 propheta
2695 4518 2875 4589 (Joan.
2911 4536 2948 4585 ι,
2981 4518 3049 4573 23
3082 4536 3095 4586 ;
3144 4519 3255 4574 Isa.
3307 4535 3399 4588 XL,

51 4602 229 4657 Dedit
258 4602 442 4656 Pater
478 4597 624 4653 Filio
668 4604 993 4668 potestatem
1023 4596 1327 4653 secundum
1358 4596 1505 4668 quod
1535 4596 1700 4652 homo
1733 4626 1780 4684 Β
1813 4605 1893 4678 3).
1926 4632 1945 4655 ι
1986 4607 2057 4661 Et
2086 4607 2215 4678 quia
2240 4606 2556 4679 praedicatio
2588 4603 2704 4676 ejus
2734 4606 3161 4677 circumquaque
3194 4623 3401 4678 percre-

46 4697 158 4757 est,
192 4697 263 4745 ut
295 4687 512 4745 sedeat
538 4685 598 4740 in
627 4685 826 4742 throno
853 4684 971 4756 ejus
996 4703 1008 4742 :
1060 4684 1211 4741 dedit
1249 4692 1303 4740 et
1331 4684 1511 4741 Filius
1540 4694 1704 4759 pote-

48 4786 263 4833 statem
300 4774 536 4833 sanctis
579 4774 715 4844 suis,
756 4782 820 4830 ut
864 4774 1087 4831 sedeant
1150 4781 1205 4829 et
1252 4773 1357 4846 ipsi
1396 4774 1453 4830 in
1498 4775 1702 4831 throno

43 4866 194 4939 ejus.
240 4865 367 4923 Sed
406 4863 675 4922 Christus
724 4862 790 4919 ad
839 4862 1120 4920 dexteram
1152 4862 1329 4919 Patris
1357 4863 1530 4931 sedet,
1559 4863 1703 4920 sicut

42 4957 194 5013 dicit
221 4953 593 5012 Psalmista:
632 4979 650 5001 ι
679 4953 836 5009 Dixit
856 4953 1125 5009 Dominus
1147 4953 1382 5008 Domino
1413 4969 1556 5021 meo,
1574 4952 1703 5009 sede

36 5062 72 5103 ει
103 5044 350 5103 dextris
400 5041 554 5097 meis
587 5043 764 5114 (Psal.
814 5042 1055 5112 c1x,i);
1107 5067 1124 5089 ι
1185 5042 1314 5113 quia
1362 5043 1587 5115 aequalis
1623 5051 1702 5099 est

38 5142 202 5199 Patri
243 5161 257 5199 :
299 5138 513 5197 sancti
543 5145 726 5195 autem
764 5154 881 5194 non
910 5137 979 5193 ad
1027 5136 1308 5193 dexteram
1352 5138 1483 5194 Filii
1515 5139 1703 5195 sedere

34 5231 365 5299 dicuntur,
411 5226 524 5284 sed
552 5227 611 5283 in
638 5227 863 5284 sedibus
889 5227 1023 5295 suis,
1055 5226 1200 5282 sicut
1245 5226 1391 5283 dixit
1435 5227 1705 5284 Dominus

33 5322 97 5376 in
132 5317 500 5391 Evangelia
536 5334 546 5372 :
603 5344 621 5366 ι
652 5317 921 5375 Sedebitis
948 5324 1003 5373 et
1032 5333 1129 5373 vos
1158 5331 1322 5388 super
1351 5316 1507 5372 sedes
1556 5316 1704 5373 duo-

30 5409 261 5481 decim,
303 5405 658 5482 judicantes
712 5406 1004 5464 duodecim
1062 5405 1237 5463 tribus
1287 5405 1450 5461 Israel
1491 5406 1702 5475 (Matth.

29 5518 167 5571 xm,
208 5500 350 5572 28).
390 5523 413 5546 ι
465 5496 584 5567 Ipsi
626 5497 772 5554 enim
803 5516 914 5556 non
965 5498 1293 5556 naturaliter
1322 5505 1385 5553 ut
1432 5495 1702 5566 Christus,

111 5625 251 5701 (25)
295 5622 402 5701 Ita‘
432 5636 630 5701 mss._;
665 5622 798 5701 edit.
845 5626 1027 5701 autem
1058 5640 1070 5679 :
1106 5622 1195 5678 Ad
1241 5637 1336 5678 nos
1362 5636 1485 5677 vero
1514 5619 1702 5689 intrat,

30 5692 166 5773 cuin
190 5692 445 5773 nostris!
463 5692 796 5773 profectibus
822 5696 1028 5768 gaudet.

106 5770 247 5844 (26)
313 5762 518 5825 Ratio
591 5762 903 5836 deposcit:
965 5762 1302 5834 manifestius
1357 5763 1704 5831 describatur,

358 5865 634 5920 Px'rnon.
673 5863 846 5922 XVII.

1811 4694 1951 4751 buit.
1992 4712 2103 4750 vox
2131 4695 2537 4768 praedicationis
2583 4694 2701 4766 ejus
2740 4699 2885 4750 tuba:
2932 4694 3130 4750 similis
3174 4693 3397 4751 dicitur.

1811 4783 1915 4839 Sed
1962 4783 2096 4857 quid
2149 4802 2259 4839 vox
2306 4784 2411 4838 ista
2457 4783 2622 4850 dicat,
2656 4782 2944 4837 audiamus
2979 4783 3245 4837 :Ascende
3281 4784 3399 4852 huc,

1810 4879 1859 4928 et
1904 4874 2172 4928 ostendam
2212 4873 2305 4927 tibi
2357 4889 2472 4941 qua:
2501 4876 2702 4941 oportet
2749 4870 2870 4941 ﬁeri
2897 4870 3167 4940 posthaec;
3214 4870 3269 4926 id
3299 4882 3401 4941 cst,

1811 4969 2027 5017 terrena
2054 4961 2239 5017 desere
2274 4960 2416 5032 (27),
2476 4968 2528 5014 et
2566 4959 2634 5014 ad
2679 4959 2918 5015 coelestia
2955 4957 3202 5014 animum
3233 4963 3399 5034 erige.

1811 5048 1990 5105 Aliter
2018 5067 2028 5104 :
2061 5049 2296 5104 Joannes
2322 5048 2655 5120 evangelista
2674 5065 2962 5121 personam
2991 5066 3179 5107 eorum
3216 5052 3274 5108 in
3299 5052 3404 5110 hoc

1811 5137 1933 5193 loco
1967 5137 2126 5209 gerit,
2160 5137 2255 5209 qui
2286 5153 2382 5209 per
2403 5137 2667 5193 Joannem
2696 5138 2998 5210 Baptistam
3029 5140 3087 5195 in
3118 5140 3401 5199 Christum

1811 5225 2190 5293 crediderunt,
2242 5234 2296 5281 et
2329 5225 2486 5281 multi
2524 5242 2589 5281 eo
2635 5235 2880 5299 tempore
2922 5230 3275 5301 exstiterunt,
3307 5232 3402 5305 qui

1815 5316 2083 5372 Joannem
2115 5313 2399 5371 Christum
2422 5315 2799 5374 aestimabant:
2848 5318 3085 5377 Joannes
3114 5338 3244 5377 \ero
3272 5339 3404 5378 sur-

1812 5394 1939 5462 sum
1981 5404 2258 5462 auditores
2298 5421 2426 5461 suos
2473 5412 2681 5462 mentes
2729 5406 2936 5479 erigere
2966 5409 3247 5479 suadebat,
3276 5427 3401 5468 cum

1813 5511 1869 5551 se
1893 5510 2005 5551 non
2034 5493 2317 5551 Christum
2349 5510 2464 5551 esse
2492 5493 2728 5564 dicebat,
2770 5495 2864 5553 sed
2891 5499 3126 5554 alterum
3156 5499 3250 5571 qui
3282 5505 3405 5571 post

1816 5620 1949 5677 edit.
1981 5621 2139 5677 Rom.
2166 5635 2195 5675 e
2227 5617 2406 5675 medio
2437 5621 2654 5677 tulerat.

1814 5693 2003 5818 de(27)
2060 5693 2216 5747 Rom.
2269 5690 2427 5760 edit.,
2477 5692 2708 5746 Ascende
2763 5692 2882 5757 huc,
2932 5692 2988 5746 id
3040 5700 3135 5759 est,
3198 5700 3404 5747 terrena

1877 5780 2007 5819 sere.

3051 5861 3122 5917 28
