1940 3099
237 212 291 242 87ῢ

739 215 787 242 ΑΒ
807 214 924 242 OPEBA
943 214 971 241 S.
991 213 1157 242 AMBROSII
1177 212 1370 241 APPENDIX.

1855 213 1896 241 876

236 284 265 303 se
276 280 409 304 venturus
424 279 491 310 erat,
515 275 627 304 dicens:
652 276 711 304 Non
740 284 799 303 sum
816 284 865 312 ego
880 275 1007 304 Christus
1022 284 1027 303 :
1045 278 1069 307 Α
1085 274 1273 310 Redemptoris
1288 275 1376 302 nostri
1397 274 1476 302 nulla
1496 282 1587 308 mens,
1602 275 1680 303 sicut
1702 279 1760 308 est,
1777 283 1897 311 compre-

237 321 330 349 veniet
358 329 422 349 vero
439 321 537 348 fortior
555 329 598 348 me
621 325 682 356 post
699 329 753 355 me,
777 333 786 344 ι
808 320 886 356 cujus
901 329 956 348 non
972 328 1033 348 sum

237 366 337 403 dignus
355 370 386 393 ut
407 366 510 393 solvam
535 366 680 401 corrigiam
701 367 888 394 calceamenti.
911 368 969 402 Ipse
984 375 1034 394 vos

237 410 387 447 baptizabit
404 411 431 437 in
455 410 559 446 Spiritu
581 416 674 439 sancto
690 416 716 439 et
744 411 805 446 igne
833 412 925 447 (Joan.
943 421 961 445 ι,
988 411 1033 443 27,

238 456 283 490 33)
298 464 303 484 ;
317 468 325 477 -
343 459 369 481 et
381 454 498 482 iterum:
518 467 526 477 ι
543 455 623 481 lllum
647 459 754 491 oportet
773 464 902 489 crescere,
926 464 970 483 me
988 463 1033 482 au-

238 504 291 527 tem
308 498 396 525 minui
413 498 502 531 (Joan.
520 508 560 531 ιιι,
578 499 634 534 30).
652 512 660 521 -
682 499 733 526 Sed
749 505 775 527 et
797 500 949 536 discipulos
968 508 1032 527 suos

237 542 418 571 conscendere
433 551 541 570 sursum
558 543 694 577 monebat,
714 553 775 571 cum
794 553 821 572 se
841 544 1032 577 deserendum,

237 592 261 614 et
278 587 416 614 Christum
434 597 491 615 esse
507 589 675 624 sequendum
695 589 837 617 manifesta
853 589 958 616 ratione
975 597 1033 625 per-

237 633 360 661 doceliat.
386 632 490 660 Deinde
510 632 656 669 sequitur:
680 635 711 659 lz‘t
734 634 867 661 ostendam
894 634 950 667 tibi,
975 642 1033 669 quo:

237 678 405 713 Optii'lt’iﬁcri
418 681 477 713 post
491 678 562 710 liter;
590 688 619 705 ac
636 679 656 705 si
674 679 775 706 diceret
792 689 797 707 :
816 680 843 707 Si
864 688 972 707 sursum
988 688 1034 707 cor

237 723 367 756 erexeris,
384 723 410 750 id
426 726 476 756 est,
497 723 519 749 si
535 723 674 750 Christum
693 723 745 750 title
761 728 869 752 secutus
893 724 987 758 fueris,
1004 731 1035 751 ea

238 777 297 803 qua)
312 767 406 801 doceo,
418 772 444 795 et
459 775 519 803 qua:
534 772 649 795 ventura
660 773 733 801 sunt,
746 769 827 796 etiam
838 769 898 806 ipso
908 769 1033 801 docente,

239 812 318 839 facile
333 820 496 848 cognoscere
510 813 620 848 poteris.

274 857 364 888 (Vers.
380 857 419 892 2.)
437 858 470 884 Et
492 857 579 883 statim
601 857 643 891 fui
676 858 701 883 in
723 858 820 893 spiritu
836 867 843 892 ;
861 858 889 885 id
903 862 954 890 est,
970 866 1033 886 cum

237 901 265 928 in
279 901 417 928 Christum
437 901 545 929 credere
562 902 642 936 crrpi,
656 911 688 928 ex
705 902 808 929 carnali
837 902 970 938 spiritalis
988 902 1034 930 ef—

237 946 323 973 fectus
340 955 409 973 sum.
428 948 461 973 Et
477 955 529 973 mw
544 947 613 973 scdi’s
626 947 712 982 positu
737 950 794 974 erat
811 947 838 974 in
861 948 934 979 cwlo,
950 950 973 974 et
985 955 1036 973 su—

233 998 288 1026 pra
303 991 402 1019 sedens.
419 991 469 1019 Per
483 991 593 1025 coelum,
612 995 642 1018 ut
667 999 749 1027 supra
764 992 896 1026 diximus,
912 991 1036 1021 Ecclesia

236 1035 395 1071 designatur
412 1044 417 1063 :
436 1035 514 1063 sedes
529 1043 595 1063 vero
613 1035 701 1071 posita
725 1035 752 1063 in
777 1036 857 1071 coelo,
876 1037 960 1065 corda
974 1044 1035 1064 san-

236 1083 343 1108 ctorum
369 1080 398 1107 in
422 1080 545 1108 Ecclesia
565 1081 798 1108 commorantium
823 1081 957 1117 designat.
983 1081 1034 1115 Qui

237 1132 302 1151 vero
318 1132 400 1160 supra
414 1124 506 1153 sedem
524 1125 600 1153 visus
620 1129 660 1153 est
685 1125 789 1159 sedere,
816 1126 888 1154 Deus
913 1130 964 1160 est,
987 1125 1036 1162 qui

237 1168 265 1196 in
281 1168 410 1197 cordibus
431 1175 589 1198 sanctorum
615 1178 728 1199 suorum
746 1170 884 1199 inhabitat
898 1175 980 1207 atque
994 1178 1033 1198 se-

237 1213 293 1247 det,
310 1213 381 1242 sicut
401 1215 550 1250 Apostolus
572 1215 641 1243 dicit
658 1224 664 1243 :
696 1227 705 1239 -
721 1216 865 1252 Templum
890 1216 963 1244 enim
986 1216 1035 1244 Dei

237 1262 361 1286 sanctum
377 1262 426 1293 est,
443 1259 516 1295 quod
531 1260 597 1288 estis
607 1268 656 1288 vos
672 1261 699 1295 (1
715 1261 778 1288 Cor.
795 1269 836 1294 in,
855 1261 910 1297 i7).
926 1273 934 1284 ι

274 1303 365 1339 (Vers.
377 1304 418 1339 3.)
434 1305 471 1331 Et
484 1305 531 1339 qui
545 1304 656 1338 sedebat,
671 1305 767 1333 similis
786 1309 844 1333 erat
858 1305 975 1342 aspectui
991 1306 1037 1333 la-

234 1347 307 1384 pidis
326 1349 445 1385 juspidis
461 1352 484 1376 et
500 1350 596 1378 sardii.
624 1350 712 1386 Jaspis
738 1351 837 1379 viridis
861 1351 961 1379 coloris
984 1355 1035 1384 est,

238 1392 346 1421 sardius
360 1398 451 1421 autem
468 1395 546 1422 rubei
564 1404 569 1422 :
587 1403 634 1430 per
656 1396 826 1424 viriditatem
842 1405 906 1432 ergo
918 1396 1034 1432 jaspidis

237 1437 370 1465 divinitas
395 1438 481 1465 nostri
510 1439 660 1467 Salvatoris
686 1448 692 1466 :
717 1448 764 1475 per
789 1440 916 1468 ruborem
945 1444 1035 1468 autem

237 1481 322 1508 sardii
350 1481 408 1516 ejus
435 1481 592 1510 humanitas
621 1483 789 1519 designatur.
812 1485 938 1513 Salvator
952 1485 1037 1521 igitur

237 1530 331 1554 noster
344 1530 372 1553 et
391 1526 558 1554 viriditatem
579 1527 696 1564 jaspidis
712 1529 739 1556 in
763 1539 790 1557 se
814 1531 955 1564 continet;
972 1530 1037 1566 quia

237 1570 388 1599 secundum
405 1570 577 1600 divinitatem
594 1580 642 1608 per
656 1574 749 1601 omnia
764 1574 877 1610 aequalis
892 1579 932 1602 est
942 1574 1014 1602 Patri
1027 1582 1033 1602 :

237 1620 264 1644 et
290 1615 417 1644 ruborem
442 1616 538 1651 sardii,
566 1617 630 1653 quia
655 1618 805 1647 secundum
833 1619 1033 1647 humanitatem
1052 1637 1073 1667 Ο

238 1661 321 1688 homo
338 1661 474 1696 perfectus
490 1662 609 1695 exsistit,
629 1663 700 1691 sicut
715 1664 847 1699 scriptum
863 1668 922 1692 est:
946 1677 954 1687 ε
973 1665 1034 1692 Per-

238 1705 326 1733 fectus
339 1706 421 1738 Deus,
443 1706 580 1741 perfectus
602 1707 695 1741 homo,
711 1716 744 1735 ex
760 1708 852 1736 anima
867 1709 994 1737 rationali
1010 1713 1036 1736 et

238 1749 359 1776 humana
382 1757 463 1776 carne
492 1750 644 1778 subsistens
672 1752 800 1787 (Symbol.
826 1753 873 1780 sub
894 1754 1037 1781 Athanasii

237 1793 366 1827 noniine).
384 1805 392 1816 -

273 1838 308 1864 Et
327 1836 376 1863 iris
390 1840 448 1864 erat
466 1837 492 1864 in
514 1838 627 1866 circuitu
645 1841 723 1873 sedis,
738 1841 834 1868 similis
852 1842 1037 1870 visionisma—

236 1882 363 1917 ragdinw.
380 1882 411 1910 In
428 1882 526 1910 Genesi
539 1883 666 1919 legimus,
677 1885 741 1921 quia
751 1885 824 1914 dixit
832 1887 904 1915 Deus
913 1887 945 1915 ad
960 1888 1016 1916 Noe
1028 1897 1034 1916 ι

245 1940 253 1951 .
265 1927 364 1955 Arcum
377 1935 466 1954 meum
475 1935 572 1962 ponam
585 1928 613 1955 in
623 1929 744 1957 nubibus
754 1930 826 1965 cceli,
836 1935 862 1958 et
874 1932 1037 1960 recordabor

237 1972 348 2001 foederis
364 1971 416 2000 mei
430 1972 599 2008 sempiterni,
615 1975 689 2011 quod
698 1980 806 2011 pactum
816 1981 856 2004 est
868 1977 940 2005 inter
950 1979 1036 2006 Deum

237 2020 264 2045 ct
278 2025 387 2045 omnem
403 2016 523 2045 animam
540 2018 680 2047 viventem
693 2021 770 2055 (Gen.
787 2030 826 2055 rx,
840 2022 883 2054 13,
898 2023 969 2058 15).ι
988 2023 1039 2051 Per

237 2070 330 2089 arcum
344 2062 438 2097 igitur,
454 2062 500 2098 qui
517 2063 546 2090 in
567 2064 676 2100 signum
699 2065 853 2094 clementiae
878 2067 925 2095 Dei
950 2067 1037 2095 homi-

238 2106 319 2133 nibus
334 2106 363 2133 in
378 2110 449 2134 terra
465 2108 682 2138 consistentibus
707 2115 827 2146 apparet,
850 2112 1039 2140 misericordia

237 2150 286 2178 Dei
302 2158 356 2177 non
373 2150 601 2180 inconvenienter
615 2154 759 2190 accipitur.
786 2155 837 2184 Iris
856 2164 930 2191 ergo,
955 2156 984 2184 id
999 2161 1039 2185 est

237 2203 327 2229 arcus,
341 2194 432 2223 sedem
448 2196 508 2230 Dei,
534 2197 562 2224 id
587 2202 627 2226 est
648 2198 810 2235 Ecclesiam,
827 2202 1014 2230 circumdabat
1030 2211 1036 2235 ;

238 2241 302 2276 quia
319 2239 377 2275 ejus
402 2240 592 2269 misericordia
617 2251 668 2270 nos
696 2245 906 2279 circumdando,
921 2247 1039 2282 protegit

238 2289 264 2312 et
291 2285 434 2321 gubernat,
451 2289 532 2321 atque
556 2287 589 2314 ab
606 2287 796 2317 invisibilibus
824 2290 950 2319 hostibus
976 2291 1037 2327 (28)

238 2330 384 2358 defendit:
409 2330 460 2357 uln
489 2330 547 2366 ipso
574 2331 661 2365 enim,
689 2333 760 2370 sicut
784 2334 851 2362 dicit
879 2335 1039 2371 Apostolus,

238 2375 369 2409 vhimus,
386 2383 531 2402 movemur
546 2380 572 2403 et
593 2385 688 2404 sumus
705 2378 775 2412 (Act.
798 2387 868 2413 xvn,
884 2380 941 2414 28).
955 2392 963 2403 ι
986 2380 1039 2413 Qui

238 2428 316 2448 arcus
331 2420 543 2448 similitudinem
571 2423 707 2458 smaragdi
732 2423 858 2452 habuisse
880 2424 972 2453 dictus
986 2429 1037 2459 est,

239 2465 286 2501 qui
302 2464 395 2493 nimia;
416 2469 497 2502 atque
524 2466 686 2502 gratissima)
703 2468 854 2497 viriditatis
867 2474 907 2497 est
924 2479 930 2497 :
952 2470 1039 2506 jaspis

239 2517 315 2543 vero,
331 2509 363 2536 de
380 2517 434 2545 quo
449 2511 576 2546 superius
590 2511 723 2547 diximus,
741 2513 841 2541 viridis
851 2514 951 2542 coloris
966 2518 1038 2547 513

240 2565 290 2594 est,
317 2559 389 2588 sicut
403 2561 572 2596 smaragdos.
590 2562 641 2589 Sed
657 2563 716 2599 ejus
731 2564 857 2592 viriditas
872 2565 969 2592 obtusa
977 2567 1035 2591 est:

240 2604 367 2632 viriditas
378 2613 443 2633 vero
467 2607 603 2642 smaragdi
615 2609 758 2644 perspicua
768 2613 818 2643 est,
830 2609 909 2645 cujus
917 2609 1038 2645 pulchri-

241 2648 307 2677 tudo
319 2649 414 2677 oculos
429 2649 597 2679 intuentium
615 2651 649 2679 ad
677 2661 705 2680 se
721 2653 874 2680 mirandam
892 2652 1036 2689 pertrahit.

241 2692 291 2720 Per
305 2692 472 2721 viriditatem
495 2702 559 2730 ergo
571 2694 697 2731 jaspidis,
720 2696 792 2724 sicut
816 2697 950 2731 diximus,
966 2696 1038 2724 divi-

241 2737 313 2764 nitas
327 2738 414 2766 nostri
441 2738 592 2767 Salvatoris
619 2741 770 2776 accipitur;
788 2750 848 2778 quas
872 2742 988 2770 obscura
1011 2746 1038 2769 et

242 2782 406 2816 quibusdam
421 2783 531 2812 nebulis
551 2784 659 2812 obtecta
679 2789 738 2819 est;
769 2787 834 2823 quia
861 2787 1036 2815 divinitatem

1051 957 1072 986 Β

1090 320 1208 347 hendere
1230 323 1318 355 potest
1335 329 1340 347 :
1358 324 1384 348 et
1407 323 1510 355 quanto
1530 319 1614 348 altius
1630 328 1659 348 se
1685 328 1771 348 mens
1786 320 1822 347 ad
1842 330 1895 357 per-

1089 364 1266 391 scrutandum
1279 364 1407 398 erexerit,
1423 368 1502 392 tanto
1517 365 1637 400 amplior
1651 365 1748 400 caligo
1764 365 1790 392 ei
1807 366 1895 402 objici-

1091 413 1144 436 tur.
1161 409 1211 435 Per
1234 409 1404 436 viriditatem
1421 417 1487 436 vero
1510 409 1658 444 smaragdi,
1672 417 1739 445 qua:
1754 411 1892 446 perspicua

1089 459 1139 489 est,
1157 447 1347 483 misericordia
1362 456 1472 483 Domini
1488 460 1564 484 recte
1580 456 1748 492 designatur
1764 466 1771 488 ;
1795 458 1895 486 miseri-

1089 500 1182 527 cordia
1196 509 1313 536 namque
1327 501 1438 528 Domini
1452 504 1507 528 tam
1523 502 1668 536 perspicua
1683 505 1735 533 est,
1755 506 1786 528 ut
1804 502 1893 528 nullus

1090 544 1172 572 homo
1187 554 1281 573 sanam
1300 549 1419 573 mentem
1436 545 1589 581 possidens,
1605 546 1677 573 hanc
1692 546 1827 582 ignorare.
1848 554 1894 572 va-

1090 589 1153 616 leat.
1188 589 1254 623 Quis
1287 590 1363 617 enim
1391 590 1553 618 immensam
1578 590 1808 618 misericordiam
1842 590 1897 619 Dei.

1090 641 1172 669 quam
1196 641 1259 669 erga
1280 633 1431 661 humanum
1456 642 1540 669 genus
1564 634 1705 668 exhibuit,
1730 639 1759 662 et
1783 635 1896 662 exhibet

1090 677 1225 713 quotidie,
1243 678 1367 713 ignorare
1391 682 1491 714 potest,
1512 679 1638 715 quamvis
1652 679 1748 706 verbis
1768 679 1894 715 perfecte,

1090 722 1223 757 explicari
1250 731 1305 750 non
1328 722 1413 758 possit
1436 722 1449 750 ‘i
1471 723 1522 750 Sed
1542 727 1570 750 et
1589 723 1642 751 hoc
1666 723 1742 759 quod
1771 724 1896 751 viridim

1090 766 1173 802 hujus
1195 766 1294 802 lapidis
1311 767 1452 795 hebetatos
1466 768 1571 801 oculos,
1591 768 1613 795 si
1629 768 1794 804 inspicitur,
1813 769 1847 796 ad
1862 769 1897 796 \i-

1089 810 1210 838 dendum
1225 811 1310 845 acuit,
1327 815 1415 847 potest
1430 811 1625 839 misericordia
1647 813 1695 839 Dei
1719 814 1893 841 convenire:

1090 856 1200 891 quando
1216 856 1290 883 enim
1313 856 1340 883 in
1356 857 1474 892 peccatis
1486 855 1619 891 jacemus,
1643 861 1670 884 et
1686 857 1794 885 scelera
1808 863 1894 885 nostra

1090 908 1139 928 nos
1164 900 1333 936 deprimunt,
1351 900 1492 928 hebetatos
1507 901 1602 929 oculos
1621 901 1726 929 mentis
1751 901 1892 930 habemus.

1090 946 1157 974 Cum
1174 953 1239 972 vero
1261 945 1467 973 consideramus
1490 945 1707 973 misericordiam
1722 947 1788 979 Dei,
1806 947 1895 982 quali—

1090 994 1131 1017 ter
1156 990 1314 1018 meretrices
1336 994 1363 1017 et
1390 990 1517 1024 latrones,
1552 990 1733 1026 omniumque
1759 992 1893 1019 scelerum

1091 1034 1237 1070 generibus
1252 1034 1404 1070 depressos,
1422 1035 1503 1062 etiam
1522 1039 1549 1062 et
1566 1039 1758 1070 persecutores
1773 1044 1839 1063 suos
1853 1044 1894 1071 per

1091 1077 1281 1113 ptenitentiam
1302 1079 1336 1106 ad
1358 1079 1472 1106 salutem
1493 1077 1617 1111 reduxit,
1641 1078 1676 1106 ad
1703 1086 1783 1114 spem
1808 1080 1893 1106 veniae

1092 1122 1265 1150 reformatur.
1281 1123 1316 1149 Et
1332 1123 1396 1158 quia
1407 1122 1465 1159 jam
1482 1123 1511 1150 in
1524 1123 1688 1159 perditionis
1711 1124 1794 1151 fovea
1819 1124 1893 1152 deti-

1091 1171 1235 1204 nebamur,
1259 1171 1477 1199 misericordiam
1501 1171 1612 1199 Domini
1637 1171 1789 1205 intuentes,
1815 1176 1893 1208 atque

1092 1216 1124 1244 de
1149 1224 1179 1243 ea
1202 1220 1408 1251 praesumentes,
1433 1215 1467 1244 ad
1491 1224 1554 1244 eum
1578 1224 1659 1252 quem
1680 1217 1894 1250 offenderamus,

1091 1260 1277 1296 confugimus,
1298 1264 1328 1287 ut
1342 1260 1401 1295 ejus
1417 1260 1605 1289 misericordia
1623 1269 1639 1288 a
1660 1264 1750 1288 morte
1767 1265 1894 1297 perpetua

1092 1305 1249 1332 liberemur.
1272 1305 1358 1338 Quam
1375 1305 1590 1333 misericordiam
1615 1305 1664 1332 Dei
1691 1305 1842 1333 Psalmista
1857 1307 1893 1333 iu-

1091 1354 1180 1382 tuens,
1196 1357 1245 1377 nec
1255 1357 1314 1376 eam
1330 1349 1422 1377 verbis
1432 1350 1569 1385 explicare
1579 1350 1683 1383 valens,
1695 1350 1791 1386 ipsum
1807 1351 1891 1378 Deum

1092 1395 1309 1423 misericordiam
1326 1403 1402 1423 suam
1418 1396 1537 1429 vocavit,
1557 1395 1651 1423 dicens
1672 1404 1677 1422 :
1707 1407 1716 1419 ι
1730 1396 1806 1423 Deus
1822 1404 1892 1423 meus

1092 1438 1283 1466 misericordia
1299 1447 1358 1466 mea
1373 1440 1464 1471 (Psal.
1479 1448 1558 1473 LVIII,
1576 1439 1635 1474 i8).
1653 1452 1662 1464 ι

1129 1484 1219 1519 (Vers.
1234 1484 1274 1520 4.)
1291 1485 1327 1512 Et
1340 1485 1368 1511 in
1384 1484 1496 1511 circuitu
1514 1484 1582 1511 sedis
1603 1484 1699 1511 sedilia
1714 1484 1813 1519 viginti
1826 1494 1893 1520 qua-

1092 1531 1162 1562 tuor,
1178 1532 1201 1555 et
1215 1537 1296 1564 supra
1314 1530 1419 1556 thronos
1434 1529 1526 1564 viginti
1540 1532 1657 1564 quatuor
1670 1529 1789 1556 seniores
1803 1530 1892 1556 sedm-

1092 1576 1138 1607 tes,
1164 1573 1353 1601 circumamicti
1377 1574 1533 1601 vestimentis
1556 1574 1634 1607 albis,
1660 1576 1683 1600 et
1711 1574 1739 1600 in
1766 1575 1892 1609 capitibus

1090 1627 1181 1646 eorum
1203 1628 1306 1647 coronw
1329 1629 1425 1647 aurem.
1450 1620 1556 1655 Viginti
1580 1623 1700 1655 quatuor
1720 1620 1846 1647 seniores
1866 1620 1889 1646 iu

1092 1663 1145 1691 hoc
1160 1664 1231 1692 libro
1245 1664 1394 1700 aliquando
1410 1664 1503 1692 Patres
1519 1664 1626 1692 Veteris
1643 1664 1825 1697 Testamenti,
1840 1664 1892 1691 ali-

1093 1709 1202 1744 quando
1215 1709 1298 1742 Novi,
1314 1709 1463 1745 aliquando
1477 1709 1559 1736 simul
1575 1713 1709 1745 utrosque
1719 1709 1889 1745 signiﬁcant;

1092 1752 1139 1781 sed
1164 1753 1193 1780 in
1217 1753 1269 1781 hoc
1293 1754 1353 1781 loco
1376 1754 1473 1781 Patres
1495 1753 1602 1781 Veteris
1626 1754 1797 1781 Testamenti
1823 1754 1889 1781 desi.

1092 1801 1185 1833 gnant,
1203 1797 1249 1833 qui
1265 1797 1364 1833 viginti
1387 1802 1505 1834 quatuor
1525 1798 1659 1826 sedilibus
1674 1797 1781 1825 sedisse
1800 1797 1888 1826 dicun-

1093 1850 1159 1879 tur;
1176 1846 1286 1882 quando
1309 1846 1383 1874 enim
1405 1847 1541 1881 sedemus,
1563 1855 1579 1874 a
1602 1848 1695 1875 labore
1713 1848 1886 1884 quiescimus.

1092 1892 1143 1920 Per
1157 1892 1253 1920 sedilia
1268 1893 1352 1928 igitur
1363 1893 1466 1929 viginti
1477 1897 1594 1929 quatuor
1607 1893 1672 1921 libri
1684 1894 1797 1922 Veteris
1807 1894 1887 1921 Testa-

1093 1938 1179 1965 menti
1194 1937 1384 1973 designantur.
1407 1939 1494 1973 Super
1514 1938 1614 1974 viginti
1635 1943 1757 1975 quatuor
1781 1940 1887 1967 thronos

1094 1982 1194 2017 viginti
1205 1982 1449 2018 quatuorseniores
1459 1982 1560 2010 sedisse
1569 1983 1622 2010 visi
1631 1987 1713 2016 sunt;
1727 1984 1793 2020 quia
1805 1984 1887 2011 Patres

1095 2027 1204 2055 Veteris
1215 2028 1380 2056 Testamenti
1394 2036 1409 2055 a
1417 2028 1557 2055 laboribus
1567 2033 1594 2056 et
1603 2029 1678 2056 curis
1693 2029 1780 2065 hujus
1793 2028 1886 2060 surculi,

1096 2072 1125 2099 in
1136 2071 1252 2100 lectione
1262 2076 1288 2099 et
1300 2072 1478 2100 meditatione
1493 2072 1652 2101 divinorum
1671 2073 1809 2101 librorum
1823 2082 1887 2109 quo-

1093 2118 1240 2145 dammodo
1254 2119 1440 2155 quiescebant.
1467 2119 1520 2147 Sed
1544 2119 1725 2156 quaerendum
1750 2121 1830 2149 nobis
1844 2126 1887 2153 est,

1094 2171 1154 2190 cum
1167 2162 1243 2190 sedes
1256 2163 1407 2191 Ecclesiam
1420 2163 1567 2200 signiﬁcet,
1583 2172 1633 2192 cur
1645 2164 1675 2191 in
1689 2165 1811 2192 circuitu
1825 2164 1889 2192 sedis

1093 2207 1152 2235 haec
1166 2207 1263 2235 sedilia
1283 2208 1416 2244 disposita
1435 2217 1492 2237 esse
1507 2208 1646 2237 dicantur.
1669 2210 1811 2237 Nimirum
1834 2209 1890 2245 quia

1095 2252 1219 2288 quisquis
1234 2253 1430 2288 paterfamilias
1445 2253 1558 2281 domum
1575 2262 1652 2281 suam
1673 2258 1764 2282 tutam
1780 2264 1795 2282 a
1811 2255 1891 2282 latro-

1094 2297 1176 2324 nibus
1190 2301 1216 2324 et
1229 2297 1352 2324 inimicis
1368 2306 1424 2325 esse
1434 2298 1581 2332 desiderat,
1600 2298 1672 2326 hanc
1688 2304 1737 2327 aut
1750 2309 1837 2333 muro,
1851 2304 1891 2326 aut

1095 2351 1166 2378 sepe,
1190 2347 1237 2370 aut
1258 2343 1360 2378 pariete
1382 2343 1546 2371 circumdat.
1571 2344 1709 2372 Similiter
1736 2346 1857 2373 Ecclesia
1870 2349 1892 2371 et

1094 2390 1190 2415 contra
1206 2386 1348 2414 hmreticos
1361 2391 1388 2415 et
1403 2392 1498 2415 contra
1513 2396 1642 2424 paganos,
1653 2389 1701 2424 qui
1715 2389 1802 2417 ﬁdem
1820 2390 1891 2418 Chri-

1095 2432 1131 2459 sti
1149 2431 1176 2458 in
1198 2440 1229 2459 ea
1253 2431 1369 2467 dejicere
1385 2433 1491 2466 volunt,
1508 2433 1614 2460 Veteris
1629 2433 1803 2462 Testamenti
1824 2434 1893 2462 libris

1094 2476 1230 2508 munitur;
1242 2476 1305 2511 quia
1316 2477 1426 2512 quando
1436 2485 1466 2504 ea
1476 2485 1536 2512 qua:
1547 2476 1625 2510 colit,
1636 2477 1717 2512 longe
1726 2483 1792 2505 ante
1801 2479 1892 2506 adun-

1094 2524 1152 2548 tum
1173 2520 1276 2548 Christi
1293 2521 1376 2548 fuisse
1392 2520 1521 2556 prazdicta
1536 2521 1644 2556 probat,
1658 2521 1754 2557 jacula
1774 2522 1892 2550 inimico-

1093 2572 1154 2591 rum
1171 2564 1252 2591 ﬁdem
1277 2564 1379 2593 Christi
1396 2569 1517 2592 evertere
1536 2566 1723 2601 cupientium,
1747 2567 1829 2602 longe
1842 2574 1856 2593 a
1869 2573 1892 2592 se

1094 2609 1210 2645 repellit.
1237 2610 1288 2643 Qui
1309 2618 1386 2637 senes
1408 2610 1608 2638 circumamicti
1625 2611 1806 2639 vestimentis
1828 2609 1891 2638 albis

1093 2654 1176 2681 fuisse
1185 2654 1328 2688 dicuntur,
1340 2655 1403 2682 etin
1415 2654 1551 2690 capitibus
1561 2662 1657 2683 eorum
1668 2663 1780 2683 corona:
1791 2663 1888 2683 aurea:

1093 2706 1140 2734 per
1154 2698 1215 2725 alba
1228 2699 1394 2726 vestimenta
1407 2699 1470 2726 vita:
1485 2700 1601 2735 puritas,
1612 2707 1662 2735 per
1676 2708 1796 2728 coronas
1808 2703 1888 2728 autem

1092 2751 1187 2771 aureas
1199 2752 1281 2779 opera
1296 2744 1368 2772 bona
1381 2744 1569 2779 designantur.

1129 2788 1219 2823 (Vers.
1236 2789 1277 2824 5.)
1292 2789 1329 2816 Et
1344 2789 1374 2817 de
1393 2790 1488 2817 throno
1504 2789 1545 2824 (id
1556 2793 1597 2818 est
1610 2788 1645 2817 de
1658 2788 1797 2823 Ecclesia)
1810 2795 1888 2825 protr

281 2878 339 2913 (‘28)
351 2880 391 2906 Ita
407 2889 470 2908 mss.
485 2890 492 2913 ;
510 2882 576 2910 edit.
591 2890 668 2916 vero,
683 2888 761 2919 atque
776 2894 792 2913 a
806 2886 954 2914 visibilibus
967 2890 990 2914 et
1005 2887 1180 2915 invisibilibus
1194 2888 1317 2917 hostibus.
