3880 6198
87 352 182 407 877

948 353 1406 409 BERENGAUDI
1446 350 1821 408 EXPOSITIO
1860 351 1930 407 IN
1971 349 2468 408 APOCALYPSIN.

3272 352 3378 411 878

88 478 209 532 dunt
235 473 475 544 fulgura,
522 480 570 528 et
598 490 762 542 voces,
794 482 841 530 et
871 477 1127 532 tonitrua.
1178 477 1280 532 Per
1307 477 1525 549 fulgura
1555 477 1672 532 mi-
1709 481 1757 540 Α
1788 475 2081 531 consilium
2115 475 2432 548 quarimus,
2481 473 2719 548 qualiter
2746 475 2811 531 ad
2842 475 2899 530 id
2934 474 3080 548 quod
3109 474 3376 532 desidera-

90 565 279 631 racula,
329 581 448 636 qua
482 580 574 636 per
609 574 830 621 sanctos
881 583 1011 622 suos
1057 576 1316 638 operatur
1353 570 1497 624 Deus
1530 587 1541 624 :
1588 586 1684 640 per

89 669 238 710 voces
257 653 572 724 pradicatio
600 673 610 709 :
671 671 766 725 per
792 655 1038 711 tonitrua
1066 673 1196 711 vero
1227 665 1401 712 terror
1422 657 1680 728 gehenna

83 743 216 815 ignis
245 740 572 812 designatur
597 761 610 808 ;
643 743 772 815 quia
801 745 975 799 sancti
1007 744 1386 815 praedicatores
1415 762 1524 811 eos,
1549 763 1684 818 quos

86 847 256 886 amore
293 831 531 886 caelestis
579 832 769 902 patria
801 851 832 888 a
868 834 1024 890 vitiis
1076 851 1332 891 revocare
1382 846 1680 908 nequeunt,

87 926 158 979 eis
186 931 455 979 tormenta
487 932 728 991 aeterna,
778 943 900 998 qua
953 927 1138 998 impiis
1190 937 1488 998 praparala
1531 937 1679 995 sunt,

87 1023 392 1086 opponunt;
427 1021 487 1067 ut
515 1030 652 1084 quos
682 1014 975 1070 blanditiis
1006 1025 1306 1088 nequeunt,
1343 1019 1533 1072 saltem
1564 1025 1684 1072 ter-

89 1104 290 1157 roribus
315 1119 346 1156 a
377 1102 533 1158 vitiis
562 1110 934 1173 compescant.
967 1104 1039 1158 Et
1067 1111 1257 1174 septem
1290 1106 1556 1176 lampades
1595 1123 1682 1161 ar-

84 1193 246 1246 dentes
273 1197 393 1245 ante
423 1191 663 1245 thronum
699 1191 842 1262 (29).
907 1191 1053 1258 Quid
1085 1193 1197 1248 sint
1226 1202 1434 1266 septem
1469 1196 1684 1267 lampa-

85 1279 189 1345 des,
221 1280 332 1350 ipse
368 1279 618 1351 exponit,
649 1296 774 1336 cum
806 1281 952 1336 dicit
986 1299 997 1336 :
1045 1282 1172 1348 Qua:
1201 1289 1323 1337 sunt
1351 1290 1537 1353 septem
1563 1285 1685 1353 spi-

85 1370 211 1423 ritus
238 1368 353 1422 Dei.
384 1369 486 1423 Per
513 1377 726 1440 septem
761 1369 996 1440 spiritus
1026 1371 1124 1426 Dei
1156 1379 1360 1442 septem
1393 1372 1539 1427 dona
1566 1371 1682 1444 Spi-

88 1458 215 1513 ritus
243 1457 419 1512 sancti
467 1456 732 1513 debemus
772 1457 1108 1529 intelligere,
1141 1476 1260 1531 qua
1292 1461 1348 1514 in
1384 1459 1682 1515 Dominum

86 1545 409 1618 requievisse
441 1547 706 1618 propheta
739 1547 902 1602 Isaias
939 1549 1257 1604 manifestat
1285 1549 1473 1605 dicens
1505 1567 1516 1604 :
1568 1575 1586 1596 ι
1613 1550 1686 1605 Et

87 1635 379 1707 requiescet
409 1651 578 1706 super
610 1653 736 1691 eum
771 1637 1000 1708 spiritus
1023 1637 1269 1705 Domini,
1292 1638 1519 1709 spiritus
1544 1638 1683 1709 sapi-

85 1725 236 1780 entia
265 1735 319 1781 et
352 1725 698 1794 intellectus,
731 1726 960 1798 spiritus
989 1727 1208 1783 consilii
1240 1735 1292 1783 et
1318 1727 1680 1795 fortitudinis,

1793 581 1933 632 mus,
1969 565 2252 636 pervenire
2286 566 2581 619 valeamus.
2634 563 2884 620 Christus
2927 565 3094 635 igitur
3134 573 3215 620 est
3251 581 3376 620 con-

1793 655 2006 710 siliator
2038 663 2240 722 noster,
2278 655 2371 728 qui
2415 656 2706 710 consilium
2753 655 2844 711 dat
2875 656 3110 727 qualiter
3140 656 3380 727 pericula

1790 753 1992 800 aterna
2019 745 2341 810 evadamus;
2378 752 2432 799 et
2460 745 2752 800 consilium
2785 746 2930 817 quod
2960 746 3070 814 dat,
3103 747 3217 818 ipse
3247 763 3378 818 per-

1793 835 1927 901 ficit,
1969 852 2093 889 cum
2124 851 2155 890 a
2185 833 2442 906 periculis
2472 833 2688 890 aeternis
2719 850 2818 887 nos
2849 833 3061 888 liberat.
3113 833 3380 888 Similiter

1791 931 1843 978 et
1873 925 2164 980 consilium
2217 924 2309 979 dat
2346 925 2581 996 qualiter
2623 924 2690 978 ad
2740 923 3111 978 hareditatem
3144 923 3380 994 paradisi

1793 1012 2078 1082 pervenire
2141 1011 2431 1082 possimus,
2482 1019 2535 1065 et
2583 1011 2650 1066 ad
2704 1011 2820 1082 ipsa
2875 1011 3069 1084 gaudia
3121 1013 3234 1083 ipse
3282 1029 3381 1067 nos

1793 1101 2064 1171 perducit.
2115 1100 2353 1171 Spiritus
2397 1101 2580 1172 itaque
2611 1106 2758 1162 514
2793 1101 3012 1156 consilii
3053 1099 3109 1154 in
3158 1100 3381 1156 homine

1793 1198 2016 1254 Christo
2062 1197 2366 1265 descendit,
2415 1197 2546 1252 dum
2577 1215 2608 1252 a
2655 1196 2864 1268 Spiritu
2913 1205 3102 1251 sancto
3141 1196 3381 1267 percepit

1793 1285 2100 1342 doctrinam
2163 1285 2470 1357 Evangelii,
2527 1287 2584 1341 in
2633 1301 2737 1357 qua
2785 1284 3080 1340 consilium
3131 1284 3384 1341 consistit

1792 1376 2041 1430 omnium
2073 1374 2362 1430 hominum
2393 1373 2595 1429 salvari
2623 1373 2985 1445 cupientium.

1864 1475 2102 1545 Spiritus
2157 1474 2318 1529 etiam
2371 1472 2716 1529 fortitudinis
2761 1489 2922 1544 super
2970 1471 3250 1529 Christum
3302 1488 3380 1528 re-

1793 1565 2024 1636 quievit,
2063 1565 2281 1638 quando
2317 1563 2385 1620 ad
2413 1563 2800 1620 debellandum
2849 1563 3061 1618 hostem
3091 1564 3380 1636 antiquum

1794 1654 1952 1709 fortis
1986 1654 2130 1709 inter
2178 1653 2429 1709 homines
2471 1652 2743 1724 apparuit.
2791 1653 2869 1708 De
2908 1651 3011 1708 hac
3037 1669 3136 1707 sua
3165 1653 3380 1708 fortitu-

1794 1744 1922 1800 dine
1955 1745 2068 1816 ipse
2094 1745 2239 1800 dixit
2283 1745 2338 1799 in
2373 1744 2676 1816 Evangelio
2711 1761 2722 1800 :
2770 1767 2788 1791 ι
2817 1744 2962 1798 Dum
2993 1743 3152 1799 fortis
3194 1759 3383 1798 arma—

86 1813 306 1885 spiritus
331 1814 574 1870 scientia
603 1824 657 1870 et
701 1815 934 1887 pietatis
970 1833 981 1869 :
1017 1825 1070 1872 et
1097 1815 1328 1888 replebit
1356 1833 1480 1872 eum
1513 1815 1679 1887 spiri-
1713 1829 1760 1890 B
1793 1843 1879 1890 ms
1929 1813 2172 1891 cﬁstodit
2231 1835 2431 1890 atrium
2488 1813 2670 1902 su'um,
2718 1836 2773 1891 in
2815 1852 2944 1906 pace
2991 1845 3121 1892 sum
3164 1852 3227 1892 ea
3262 1853 3382 1908 qua,

88 1917 168 1964 tus
196 1909 413 1964 timoris
443 1909 664 1964 Domini
697 1911 831 1980 (Isa.
864 1926 944 1976 ιι,
981 1909 1034 1978 2,
1071 1910 1150 1981 3).
1183 1935 1199 1957 ι
1257 1911 1351 1965 Ha
1405 1910 1575 1982 igitur
1603 1925 1680 1966 se-

87 2007 221 2070 ptem
255 1997 551 2070 lampades,
596 1999 653 2054 id
679 2008 760 2054 est
790 2007 1008 2070 septem
1041 1999 1187 2055 dona
1216 2000 1455 2071 Spiritus
1481 1999 1680 2064 sancti,

89 2095 203 2143 ante
232 2087 440 2152 sedem,
491 2087 546 2142 id
574 2095 659 2144 est
685 2095 810 2142 ante
859 2097 1214 2160 conspectum
1259 2090 1516 2146 Ecclesia
1547 2107 1679 2156 suae,

87 2176 264 2231 ardere
291 2177 579 2243 dicuntur,
639 2177 769 2248 quia
796 2177 912 2232 sine
946 2178 1156 2232 lumine
1186 2178 1378 2233 harum
1411 2178 1679 2234 virtutum

92 2267 138 2320 in
165 2273 326 2321 nocte
377 2264 542 2335 hujus
583 2265 771 2320 saculi
804 2266 997 2337 positi,
1041 2283 1136 2337 per
1165 2266 1292 2322 vita
1322 2267 1438 2322 vias
1467 2267 1535 2322 ad
1563 2284 1684 2323 cm-

89 2355 265 2411 lestem
319 2353 555 2425 patriam
600 2353 754 2424 gradi
805 2371 914 2408 non
948 2371 1255 2426 possumus.
1302 2355 1459 2422 Quod
1499 2365 1682 2413 autem

90 2443 361 2500 Christum
395 2442 516 2497 hac
547 2451 755 2513 septem
803 2443 947 2498 dona
989 2460 1020 2498 a
1060 2443 1269 2515 Spiritu
1311 2451 1499 2500 sancto
1537 2461 1681 2501 acce-

91 2533 220 2604 pisse
247 2533 407 2599 dicit,
438 2532 506 2587 ad
537 2532 899 2588 humanitatis
924 2531 1042 2602 ejus
1069 2533 1394 2606 mysterium
1427 2533 1680 2606 pertinet;

93 2637 204 2675 nam
237 2621 544 2677 secundum
577 2621 931 2677 divinitatem
969 2621 1026 2677 in
1059 2623 1216 2678 nullo
1265 2623 1450 2695 augeri
1482 2623 1681 2696 potuit,

91 2709 197 2764 sine
225 2726 334 2782 quo
366 2709 511 2764 nihil
544 2725 658 2764 esse
688 2710 884 2780 potuit.

156 2807 357 2862 Verum
402 2806 572 2878 quari
607 2815 785 2877 potest
831 2823 931 2862 cur
963 2805 1248 2878 propheta,
1297 2824 1421 2862 cum
1463 2807 1579 2863 hac
1604 2825 1682 2863 se-

94 2903 225 2966 ptem
257 2895 402 2950 dona
434 2895 492 2948 in
547 2894 839 2951 Christum
887 2895 1211 2950 descensura
1256 2911 1370 2950 esse
1397 2895 1623 2963 diceret,
1654 2914 1685 2952 a

95 2983 382 3055 majoribus
406 2984 594 3055 coepit,
642 2992 697 3038 et
744 2984 1122 3040 descendendo
1152 2985 1218 3040 ad
1256 2986 1468 3040 minora
1498 3002 1682 3057 perve-

95 3071 186 3127 nit.
235 3073 338 3128 Sed
369 3089 484 3128 non
519 3072 614 3127 abs
644 3089 700 3127 re
734 3089 851 3128 esse
897 3073 1101 3129 factum
1131 3072 1429 3140 videbitur,
1479 3073 1524 3128 si
1559 3074 1682 3128 dili-

1793 1924 2036 1996 possidet
2067 1943 2077 1978 :
2122 1925 2167 1980 si
2197 1932 2381 1980 autem
2416 1925 2613 1981 fortior
2642 1925 2742 1979 illo
2771 1923 3161 1996 superveniens
3186 1924 3384 1979 vicerit

1791 2029 1937 2080 eum,
1970 2013 2232 2070 universa
2276 2029 2429 2068 arma
2459 2012 2578 2084 ejus
2606 2013 2836 2080 auferet,
2885 2011 2941 2066 in
2973 2013 3175 2084 quibus
3215 2011 3381 2068 conﬁ-

1790 2103 1973 2171 debat,
2005 2111 2058 2159 et
2087 2104 2261 2175 spolia
2289 2103 2409 2175 ejus
2437 2102 2736 2160 distribuet
2773 2103 2923 2175 (Luc.
2957 2120 3038 2171 xx,
3069 2103 3158 2168 21,
3193 2104 3308 2176 22).
3350 2129 3368 2150 ι

1863 2192 1991 2248 Post
2036 2192 2421 2250 fortitudinem
2472 2192 2723 2266 sequitur
2771 2192 3018 2248 scientia.
3063 2191 3226 2264 Apud
3273 2192 3384 2248 ho-

1792 2283 1968 2339 mines
2014 2285 2198 2339 multa
2229 2284 2473 2341 scientia
2505 2292 2670 2351 sunt;
2718 2291 2846 2340 sunt
2875 2300 3114 2356 namque
3144 2283 3382 2339 diversa-

1791 2387 1914 2426 rum
1969 2373 2165 2428 artium
2213 2374 2444 2428 diversa
2488 2373 2752 2428 scicntia.
2811 2374 2910 2428 Est
2956 2373 3184 2430 scientia
3240 2373 3383 2428 litte-

1793 2459 1887 2527 ris,
1921 2470 2001 2516 est
2029 2463 2085 2515 in
2118 2461 2412 2517 mundanis
2458 2463 2687 2533 legibus,
2718 2471 2798 2518 est
2828 2463 2886 2517 in
2913 2462 3177 2533 augendis
3222 2461 3385 2517 rebus

1792 2549 2204 2619 temporalibus,
2265 2557 2346 2604 est
2395 2550 2559 2604 etiam
2611 2551 2844 2606 scientia
2897 2551 2954 2604 in
3014 2550 3384 2622 pracavendis

1792 2637 2084 2710 periculis;
2135 2647 2264 2693 sunt
2311 2638 2476 2692 etiam
2518 2639 2702 2706 multi,
2749 2638 2843 2710 qui
2880 2654 2975 2709 per
3018 2638 3381 2693 subtilitatem

1793 2743 1984 2782 sensus
2021 2725 2268 2798 quadam
2297 2727 2483 2782 futura
2511 2726 2832 2799 pravident.
2865 2727 2969 2782 Sed
3000 2727 3097 2781 has
3125 2728 3383 2783 scientias

1791 2817 2090 2889 aliquando
2122 2817 2276 2885 boni,
2329 2817 2625 2888 aliquando
2655 2817 2783 2872 mali
2831 2816 3109 2888 possident
3145 2836 3156 2872 :
3209 2818 3381 2873 scien-

1794 2907 1925 2961 tiam
1970 2923 2099 2962 vero
2130 2924 2248 2979 qua
2281 2908 2337 2960 in
2382 2907 2661 2963 Christum
2693 2906 2994 2974 descendit,
3040 2908 3228 2962 nullus
3273 2909 3404 2980 nisi,

1791 2995 1970 3050 bonus
2005 2995 2202 3050 habere
2232 3003 2426 3066 potest.
2451 2996 2580 3062 Qua
2612 3004 2760 3051 tanta
2790 2995 2912 3063 fuit,
2939 3004 3197 3068 quantam
3229 2997 3384 3052 nulla

1793 3101 1946 3138 mens
1977 3083 2442 3154 comprehendere
2472 3085 2653 3155 potuit
2687 3103 2698 3140 :
2764 3109 2780 3132 ι
2827 3085 2887 3138 Ιιι
2930 3083 3048 3155 ipso
3077 3086 3221 3139 enim
3253 3094 3382 3141 sunt

100 3170 275 3230 genter
305 3161 656 3234 ἱηερὶοἱειῐυΐο
698 3161 833 3217 Nam
865 3162 993 3232 quia
1019 3162 1288 3217 Dominus
1318 3171 1499 3217 "0519r
1528 3162 1680 3217 188113
1715 3190 1762 3252 C
1793 3188 1984 3227 omnes
2041 3172 2283 3227 thesauri
2334 3173 2614 3244 sapientia
2670 3181 2724 3228 et
2774 3174 3014 3229 scientia
3071 3175 3379 3230 absconditi

95 3249 333 3306 Christus
371 3251 440 3306 de
478 3251 574 3305 illa
599 3251 808 3306 caelesti
839 3250 1200 3318 beatitudine,
1232 3250 1289 3304 in
1320 3267 1426 3322 qua
1457 3253 1679 3322 aqualis

93 3351 197 3398 erat
221 3361 314 3415 per
353 3344 544 3399 omnia
573 3344 744 3409 Patri,
783 3343 852 3399 ad
883 3353 1052 3398 terras
1077 3343 1402 3400 descendere
1431 3353 1482 3400 et
1515 3345 1678 3400 homo

92 3434 202 3488 fieri
222 3434 481 3505 dignatus
501 3442 602 3500 est,
630 3443 683 3488 et
707 3433 775 3488 ab
799 3434 1008 3505 angelis
1036 3433 1299 3488 minorari
1329 3435 1526 3502 voluit,
1543 3451 1678 3506 quos

95 3521 196 3591 ipse
251 3529 573 3588 creaverat;
628 3538 739 3577 non
795 3521 1246 3578 inconvenienter
1301 3521 1418 3578 hac
1471 3531 1674 3594 septem

90 3607 222 3664 dona
261 3610 650 3668 descendendo
682 3609 913 3682 accepit,
967 3610 1096 3682 quia
1131 3611 1471 3667 voluntatem
1502 3612 1676 3668 Patris

90 3696 464 3756 descendendo
513 3710 569 3756 et
619 3699 968 3756 humiliando
1006 3717 1062 3756 se
1105 3717 1276 3772 usque
1324 3700 1392 3756 ad
1445 3709 1674 3756 mortem

95 3788 428 3861 adimplevit,
464 3791 609 3848 sicut
635 3791 773 3847 dicit
798 3793 1092 3863 Apostolus
1126 3811 1136 3848 :
1195 3817 1212 3839 ι
1241 3793 1568 3848 llumiliauit
1597 3810 1675 3847 se-

95 3879 380 3951 metipsum
415 3898 592 3954 usque
630 3881 698 3936 ad
731 3889 986 3950 mortem,
1028 3891 1258 3938 mortem
1291 3892 1470 3938 autem
1499 3882 1678 3938 crucis

97 3966 504 4043 (Philipp.n,8).
529 3996 548 4019 ι
581 3971 689 4027 Nos
710 3979 888 4026 autem
913 3970 1006 4042 qui
1029 3971 1096 4026 ab
1117 3971 1233 4042 ipsa
1254 3972 1577 4042 perditionis
1597 3971 1674 4026 fo-

102 4071 189 4111 vea
214 4057 280 4114 ad
300 4059 547 4116 cmlestia
566 4059 940 4129 sublevamur,
965 4076 996 4115 a
1018 4061 1327 4116 minoribus
1355 4061 1670 4132 incipimus,

92 4152 145 4198 ut
173 4147 238 4202 ad
269 4148 476 4220 majora
503 4148 796 4206 crescendo
827 4150 1227 4221 perveniamus.

154 4244 438 4311 Quomodo
464 4258 648 4304 autem
671 4247 786 4304 hac
811 4257 1016 4320 septem
1039 4249 1181 4306 dona
1202 4267 1362 4322 super
1393 4251 1672 4307 Christum

91 4329 486 4403 descenderint,
537 4345 700 4406 prout
740 4337 1011 4393 Dominus
1039 4338 1270 4406 dederit,
1315 4339 1552 4395 breviter
1577 4340 1674 4396 di-

93 4435 288 4478 camus.
313 4424 554 4495 Spiritus
583 4427 863 4498 sapientia
893 4444 1055 4500 super
1085 4426 1361 4484 hominem
1393 4429 1672 4485 Christum

91 4514 372 4585 requievit,
407 4517 628 4590 quando
657 4519 837 4574 Filius
859 4519 957 4574 Dei
979 4519 1276 4575 secundum
1301 4519 1672 4588 divinitatem,
1705 4549 1753 4606 ι)

89 4601 174 4673 qui
204 4605 473 4676 sapientia
504 4606 678 4662 Patris
707 4607 935 4674 dicitur,
973 4607 1030 4662 in
1059 4623 1182 4661 eum
1214 4606 1514 4662 descendit.

153 4699 391 4771 Spiritus
434 4704 815 4777 intelligentia
852 4704 908 4758 in
954 4720 1078 4759 eum
1120 4702 1410 4774 requievit,
1457 4705 1675 4776 quando

89 4791 336 4848 omnibus
367 4794 674 4851 virtutibus
705 4803 804 4863 est,
835 4795 1061 4862 ditatus,
1111 4795 1253 4850 sicut
1287 4794 1341 4848 in
1373 4795 1674 4866 Evangelio

87 4878 340 4950 scriptum
373 4890 456 4938 est
485 4902 496 4938 :
535 4908 553 4931 ι
577 4885 740 4940 Jesus
761 4883 1081 4955 proﬁciebat
1105 4883 1390 4953 sapientia,
1419 4891 1472 4938 et
1494 4891 1669 4950 atate,

87 4974 135 5021 et
164 4971 333 5040 gratia
376 4989 563 5029 coram
612 4976 727 5030 Deo
756 4982 810 5029 et
844 4972 1163 5028 hominibus
1212 4973 1362 5042 (Luc.
1399 4989 1457 5039 ιι,
1492 4972 1606 5042 52).
1640 4999 1659 5021 ι

151 5057 275 5114 Post
315 5059 664 5119 intellectum
713 5063 1005 5119 consilium
1051 5061 1314 5132 sequitur.
1367 5061 1670 5117 Consilium

86 5161 114 5200 a
143 5151 488 5205 consulendo
539 5151 777 5220 dicitur;
831 5167 957 5207 nam
1003 5151 1048 5207 si
1095 5149 1321 5221 aliquod
1367 5150 1670 5221 periculum

87 5236 240 5292 nobis
288 5239 576 5308 imminet,
626 5242 921 5299 consilium
951 5257 982 5296 a
1009 5239 1250 5312 sapiente
1278 5239 1668 5311 perquirimus,

88 5328 318 5396 qualiter
363 5329 672 5403 periculum
703 5331 1018 5388 evadamus.
1065 5328 1331 5386 Similiter
1369 5336 1421 5384 et
1451 5345 1575 5384 cum
1603 5329 1672 5385 ad

90 5413 318 5488 aliquam
376 5417 703 5490 dignitatem
753 5423 940 5481 saculi
980 5419 1344 5480 conscendere
1396 5418 1671 5490 cupimus,

155 5639 268 5711 (29)
303 5641 703 5715 Fragmentum
755 5647 881 5705 cod.
935 5646 990 5703 S.
1051 5642 1350 5701 Audoeni:

91 5718 262 5779 septem
295 5711 588 5786 lampades,
619 5724 722 5773 etc.

1795 3264 2026 3333 (Coloss.
2063 3281 2124 3329 ιι,
2157 3264 2234 3333 3).
2269 3287 2286 3309 ›
2344 3263 2576 3318 Videtur
2606 3264 2791 3336 itaque
2823 3264 2959 3318 mihi
2991 3281 3086 3334 per
3123 3265 3380 3336 spiritum

1789 3354 2035 3410 scientia
2084 3355 2309 3426 aliquod
2357 3355 2561 3410 factum
2611 3353 2726 3426 ejus
2774 3371 2885 3410 non
2935 3356 3132 3411 debere
3177 3357 3378 3411 intelli-

1793 3461 1915 3515 gere
1943 3463 1954 3511 ;
1988 3444 2298 3516 praevidens
2341 3461 2575 3516 namque
2604 3445 2853 3500 Salvator
2877 3453 3083 3512 noster,
3129 3445 3174 3500 si
3203 3461 3376 3502 acces-

1790 3549 1910 3588 sum
1959 3533 2248 3588 hominum
2293 3544 2637 3606 peccatorum
2686 3534 2974 3599 devitaret,
3024 3536 3227 3590 multos
3268 3552 3378 3592 sce-

1790 3624 1986 3679 leratos
2036 3624 2094 3678 in
2150 3624 2547 3696 desperationis
2603 3624 2816 3680 foveam
2865 3641 2978 3680 esse
3025 3623 3376 3694 decidendos,

1790 3715 2166 3788 peccatoribus
2198 3733 2294 3787 per
2329 3715 2643 3772 societatem
2679 3716 2922 3787 corporis
2949 3731 3006 3771 se
3044 3717 3378 3772 conformari

1788 3806 1986 3873 voluit,
2046 3805 2381 3861 manducans
2442 3804 2701 3860 videlicet
2751 3812 2803 3860 et
2856 3804 3049 3860 bibens
3104 3823 3229 3860 cum
3274 3806 3372 3872 eis,

1787 3900 1965 3950 tactus
1995 3895 2158 3951 etiam
2196 3894 2544 3950 meretricum
2587 3910 2696 3948 non
2729 3910 2986 3964 respuens
3020 3913 3031 3948 :
3080 3895 3173 3965 qui
3209 3894 3373 3948 etiam

1787 3992 1840 4039 et
1870 3985 2070 4039 latroni
2116 3986 2172 4038 in
2202 3983 2364 4037 initio
2401 3983 2764 4038 confessionis
2793 3982 2910 4053 ejus
2946 3982 3258 4053 paradisum
3296 3999 3372 4038 re-

1789 4075 2040 4144 promisit
2073 4074 2222 4143 (Luc.
2257 4089 2419 4139 χχιιι,
2453 4072 2569 4145 43),
2611 4082 2670 4128 ut
2697 4073 2953 4128 omnibus
2996 4073 3374 4143 peccatoribus

1787 4163 1984 4217 salvari
2015 4161 2365 4234 cupientibus
2404 4178 2552 4233 spem
2584 4163 2759 4216 venia
2791 4162 3074 4218 tribueret.
3112 4162 3371 4219 Pharisai

1787 4270 1937 4321 vero,
1969 4252 2223 4324 spiritum
2260 4251 2500 4308 scientia
2529 4269 2639 4307 non
2684 4251 2964 4320 habentes,
3014 4253 3371 4324 reprehende-

1784 4345 1916 4401 bant
1944 4360 2102 4410 eum;
2153 4358 2216 4398 eo
2247 4342 2392 4415 quod
2421 4360 2544 4398 cum
2577 4343 2886 4413 publicanis
2914 4351 2967 4398 et
2997 4343 3373 4415 peccatoribus

1788 4433 2156 4488 manducaret.
2206 4431 2308 4487 Sed
2342 4432 2477 4503 ipse,
2508 4432 2764 4504 spiritum
2796 4433 3035 4488 scientia
3069 4432 3368 4503 possidens,

1785 4521 1930 4576 dixit
1955 4521 2034 4576 eis
2069 4539 2078 4575 :
2145 4547 2163 4569 ε
2193 4521 2309 4575 Non
2341 4530 2420 4576 est
2450 4537 2585 4592 opus
2618 4521 2764 4576 sanis
2795 4520 3057 4586 medicus,
3107 4518 3200 4573 sed
3230 4519 3371 4572 male

1785 4612 2117 4667 habentibus
2153 4629 2163 4666 :
2199 4628 2310 4667 non
2343 4612 2466 4668 veni
2497 4628 2690 4668 vocare
2714 4611 2910 4681 justos,
2940 4608 3033 4664 sed
3063 4615 3370 4679 peccatores

1790 4701 1856 4756 ad
1893 4701 2274 4772 panitentiam
2309 4701 2520 4770 (Matth.
2557 4715 2632 4765 ιχ,
2671 4697 2752 4763 12,
2795 4697 2907 4767 13).
2940 4721 2958 4742 ι

1854 4792 1932 4846 De
1971 4790 2169 4862 spiritu
2218 4805 2349 4843 vero
2404 4788 2622 4858 pietatis
2668 4801 2776 4839 non
2824 4791 2904 4838 est
2949 4798 3164 4838 necesse
3209 4780 3369 4837 nobis

1783 4878 2084 4951 quidquam
2115 4876 2315 4931 dicere.
2363 4874 2506 4940 Quid
2536 4874 2681 4929 enim
2713 4881 2824 4927 tam
2855 4871 3028 4942 pium,
3075 4886 3235 4942 quam
3276 4871 3369 4926 ille

1782 4967 1876 5040 qui
1914 4976 2194 5039 peccatum
2230 4981 2341 5019 non
2384 4963 2534 5028 fecit,
2582 4978 2683 5019 nec
2714 4961 2972 5017 inventus
3002 4969 3083 5016 est
3109 4959 3269 5016 dolus
3310 4961 3368 5016 in

1781 5073 1874 5111 ore
1919 5055 2036 5126 ejus
2087 5057 2145 5126 (Ι
2169 5056 2312 5110 Petr.
2351 5071 2408 5120 ιι,
2451 5051 2579 5123 22);
2630 5059 2683 5107 et
2726 5067 2852 5107 cum
2896 5059 3076 5122 posset
3121 5067 3152 5106 a
3195 5059 3369 5107 morte

1781 5153 2049 5219 potestate
2089 5161 2187 5200 sua
2218 5144 2456 5212 liberari,
2499 5159 2554 5198 se
2576 5159 2674 5214 pro
2695 5143 2868 5198 salute
2898 5141 3110 5214 generis
3139 5140 3367 5196 humani

1780 5247 1835 5296 et
1860 5235 2055 5304 teneri,
2105 5242 2158 5290 et
2189 5233 2365 5306 ligari,
2418 5241 2470 5289 et
2501 5231 2751 5304 éonspui,
2800 5239 2853 5287 et
2909 5231 3080 5304 alapis
3127 5229 3283 5299 cadi,
3315 5240 3369 5287 et

1781 5326 2064 5400 flagellari,
2096 5333 2150 5380 et
2179 5322 2424 5395 cruciﬁgi
2457 5321 2707 5394 permisit
2735 5321 2763 5377 ?

1850 5417 2086 5490 Spiritus
2116 5431 2245 5471 vero
2275 5412 2492 5470 timoris
2534 5409 2778 5476 Domini,
2807 5409 2902 5483 qui
2932 5410 3162 5465 ultimus
3199 5409 3365 5481 poni-

1411 5641 1606 5700 Beatus
1660 5640 1888 5701 Ioannes
1943 5641 2212 5714 apostolus
2270 5644 2318 5696 et
2379 5637 2693 5708 evangelista
2752 5637 2810 5689 in
2858 5632 3176 5704 Apocalypsi
3240 5629 3371 5681 vidit
