3880 6198
450 353 556 410 879

1478 340 1572 394 ΑΙ)
1611 335 1846 392 OPERA
1882 333 1937 389 S.
1981 328 2311 388 AMBROSII
2350 322 2729 381 APPENDIX.

3707 307 3791 361 inii

451 492 563 551 tur,
599 479 668 537 ad
696 478 1004 552 passionem
1035 473 1303 546 pertinet;
1357 484 1469 525 non
1514 467 1661 541 quod
1697 465 1898 521 timore
1944 478 2049 519 co-
2075 466 2125 525 Α
2153 456 2291 512 vitia
2318 452 2663 524 derelinquat
2687 469 2699 506 :
2722 457 2776 505 et
2802 447 3116 522 quicunque
3142 442 3594 552 vitia-deserere
3619 437 3785 552 cgipit,

461 584 616 634 actus
646 573 718 629 sit
762 579 822 627 ut
852 586 951 643 pro
982 568 1155 623 salute
1186 564 1396 638 generis
1437 561 1664 618 humani
1699 565 2002 615 moreretur
2034 574 2045 610 :

457 664 553 721 sed
581 663 836 718 timorem
880 674 977 730 pro
1019 654 1332 712 obedientia
1376 652 1619 723 accipere
1656 649 1935 715 debemus,
1985 644 2052 698 de

462 772 571 828 qua
600 755 715 825 ipse
736 751 872 806 dicit
896 766 907 802 :
945 772 962 792 ι
985 747 1103 801 Non
1136 746 1259 800 veni
1285 744 1460 799 facere
1480 743 1821 797 voluntatem
1853 752 2048 800 meam,

458 846 554 903 sed
584 846 921 900 voluntatem
954 836 1072 909 ejus
1101 839 1193 909 qui
1228 836 1375 891 misit
1407 852 1512 903 me,
1554 835 1727 890 Patris
1761 833 1941 901 (Joan.
1973 845 2049 893 v1,

457 934 577 1004 36).
604 957 622 981 ι
659 931 793 986 Nam
819 936 872 984 et
901 927 1101 993 ﬁlium,
1125 925 1218 997 qui
1243 925 1382 997 patri
1413 923 1616 980 carnali
1643 931 1724 976 est
1745 936 1839 992 per
1868 917 2054 972 omnia
2091 926 2094 929 '

456 1020 741 1084 obediens,
775 1023 983 1088 patrem
1013 1014 1206 1069 timere
1235 1012 1493 1079 dicimus,
1524 1028 1651 1067 cum
1676 1010 1771 1064 illa
1797 1005 2051 1063 obedien-

455 1109 535 1164 tia
565 1124 677 1164 non
708 1106 778 1162 sit
810 1102 1047 1170 timoris,
1078 1102 1173 1158 sed
1201 1101 1422 1156 amoris.
1444 1102 1521 1155 De
1551 1115 1659 1171 quo
1688 1098 1883 1152 timore
1912 1092 2053 1146 Psal-

458 1196 620 1251 mista
648 1194 821 1250 dicit:
870 1217 888 1239 ι
927 1192 1116 1246 Timor
1141 1189 1366 1247 Domini
1393 1196 1615 1243 sanctus
1645 1198 1968 1256 permanens
1997 1180 2053 1234 in

457 1285 717 1342 saeculum
763 1280 949 1338 saeculi
1002 1282 1174 1351 (Psal.
1223 1296 1388 1345 xvni,
1441 1276 1571 1346 l0);
1623 1300 1640 1323 ›
1704 1289 1815 1327 non
1874 1279 2053 1326 autem

457 1375 645 1440 timor,
688 1371 782 1427 sed
811 1370 1049 1428 charitas
1079 1368 1179 1424 Dei
1208 1367 1267 1422 in
1295 1366 1557 1423 saeculum
1601 1363 1789 1421 saeculi
1835 1375 2057 1433 perma-

458 1463 634 1519 nebit.

529 1555 687 1612 Nunc
716 1552 951 1624 qualiter
994 1548 1113 1605 haec
1149 1554 1355 1619 septem
1403 1545 1548 1601 dona
1600 1540 1837 1613 Spiritus
1881 1536 2056 1595 sancti

459 1640 760 1713 unicuique
790 1637 1040 1694 ﬁdelium
1084 1634 1438 1701 conveniant,
1490 1630 1732 1688 breviter
1757 1626 2056 1685 dicendum

459 1740 560 1788 est.
610 1732 683 1786 Et
730 1728 860 1802 quia
906 1744 1006 1782 nos
1052 1723 1144 1797 qui
1198 1740 1295 1795 per
1348 1722 1538 1794 primm
1590 1715 2058 1792 praevaricationis

2159 562 2377 603 necesse
2413 551 2495 600 est
2528 543 2644 614 (31)
2694 548 2756 596 ut
2784 555 2879 612 per
2905 536 3219 593 doctrinam
3254 531 3609 588 divinarum
3643 526 3784 581 Scri-

2160 645 2471 707 pturarum,
2502 632 2620 687 sive
2650 646 2744 701 per
2773 625 3219 700 praedicationem
3254 627 3603 676 sanctorum
3640 615 3781 669 viro—

2162 706 2307 791 rum,
2367 722 2543 778 discat
2599 735 2719 792 quae
2773 717 2886 772 sint
2941 728 3136 787 genera
3182 710 3497 772 vitiorum,
3546 706 3780 777 qualiter

2163 811 2417 867 homines
2450 811 2765 881 illaqueent,
2798 812 2851 859 et
2879 803 3081 876 quibus
3111 796 3296 854 modis
3323 794 3629 866 exstingui
3663 811 3783 865 pos-

2163 902 2307 966 sint;
2370 915 2490 971 quae
2542 896 2653 951 sint
2697 893 2863 948 etiam
2915 889 3268 961 deceptiones
3327 885 3692 951 daemonum,
3737 893 3780 937 et

2164 989 2402 1062 qualiter
2443 992 2635 1043 contra
2679 999 2770 1038 eos
2799 978 3155 1052 pugnandum
3186 976 3262 1032 sit
3296 994 3307 1030 :
3345 974 3462 1031 hoc
3488 981 3579 1029 est
3625 972 3784 1044 igitur

2164 1076 2406 1133 scientiae
2436 1072 2692 1145 spiritum
2724 1068 3019 1143 possidere.

2234 1175 2306 1227 Et
2333 1171 2461 1245 quia
2491 1171 2751 1226 Salomon
2782 1167 2919 1223 dicit
2938 1166 3069 1238 quia
3102 1190 3118 1211 ι
3144 1164 3240 1236 qui
3270 1161 3433 1218 addit
3460 1159 3786 1221 scientiam,

2164 1262 2317 1317 addit
2363 1271 2415 1317 et
2473 1261 2715 1316 laborem
2767 1258 2963 1331 (Eccle.
3000 1274 3038 1319 ι,
3088 1256 3221 1324 18);
3264 1279 3281 1302 ι
3345 1269 3378 1307 a
3423 1250 3676 1307 scientia
3724 1248 3785 1303 ad

2164 1351 2514 1409 fortitudinis
2543 1351 2801 1424 spiritum
2832 1345 3241 1404 conscenditur.
3284 1342 3422 1397 Nam
3460 1341 3622 1396 sicut
3658 1339 3787 1412 qui-

2168 1441 2302 1497 libet
2343 1440 2619 1514 przeliator
2663 1455 2773 1495 non
2817 1444 3013 1493 contra
3059 1450 3183 1488 eum
3225 1448 3390 1505 quem
3442 1430 3506 1484 in
3540 1428 3786 1483 vinculis

2165 1544 2334 1606 tenet,
2366 1543 2589 1608 pugnat,
2639 1530 2732 1587 sed
2761 1528 2943 1601 potius
2986 1533 3180 1582 contra
3222 1539 3348 1578 eum
3383 1522 3483 1594 qui
3528 1519 3785 1575 resistere

2166 1626 2216 1680 ei
2246 1626 2367 1681 vult
2402 1643 2413 1679 :
2462 1625 2539 1679 ita
2569 1630 2623 1678 et
2655 1619 2907 1676 diabolus
2934 1631 3046 1670 non
3075 1621 3269 1670 contra
3295 1627 3421 1667 eum
3458 1626 3639 1682 quem
3672 1608 3784 1662 vin-

2166 1714 2306 1770 culis
2353 1718 2702 1785 peccatorum
2743 1705 3102 1764 constrictum
3144 1708 3314 1768 tenet,
3362 1698 3647 1763 dimicat;
3699 1696 3783 1753 sed

460 1822 677 1894 culpam
706 1818 765 1873 in
796 1814 1123 1889 perditionis
1152 1814 1346 1885 laqueo
1369 1809 1708 1882 jacebamus,
1728 1806 2054 1862 °misericor-
2089 1818 2134 1878 Β
2168 1802 2351 1875 potius
2378 1808 2571 1857 contra
2601 1816 2723 1855 eum
2761 1796 2855 1869 qui
2886 1809 3106 1867 peccare
3136 1791 3377 1857 desistit,
3415 1796 3477 1844 et
3504 1787 3579 1843 ad
3614 1789 3782 1843 Deum

460 1909 554 1965 dia
582 1905 681 1964 Dei
714 1906 782 1962 ad
822 1921 1057 1977 superna
1105 1901 1424 1958 reducimur
1467 1898 1534 1955 ab
1584 1896 1960 1962 inferioribus,
2000 1894 2058 1949 id

461 2008 563 2067 est,
591 2016 622 2054 a
651 1998 851 2054 timore
886 1994 985 2051 Dei
1016 1991 1334 2064 incipimus,
1360 1996 1422 2045 ut
1449 1988 1517 2045 ad
1546 1986 1850 2060 superiora,
1891 1984 1948 2040 id
1979 1991 2061 2039 est

460 2090 529 2147 ad
577 2087 926 2161 sapientiam,
978 2081 1316 2157 preﬁciendo
1367 2095 1693 2136 crescamus.
1739 2079 1811 2132 Et
1858 2076 2061 2149 quibus

463 2178 731 2253 gradibus
774 2174 1027 2233 Christus
1064 2168 1411 2227 humiliando
1441 2184 1505 2225 se
1524 2166 1593 2223 ad
1623 2183 1724 2222 nos
1750 2162 2056 2253 descendit,

461 2252 807 2339 salutemque
872 2269 1115 2320 nostram
1181 2257 1468 2315 moriendo
1530 2256 1781 2329 perfecit,
1852 2252 2059 2309 eisdem

461 2356 721 2430 gradibus
750 2363 804 2410 et
832 2370 934 2409 nos
960 2351 1029 2407 ad
1069 2365 1195 2407 eum
1226 2346 1591 2405 conscendere
1623 2344 1888 2400 debemus
1921 2360 1932 2397 :
1968 2340 2062 2397 fa-

459 2444 659 2504 ciendo
680 2443 941 2499 videlicet
960 2448 1230 2514 praecepta
1257 2438 1397 2511 ejus,
1430 2454 1551 2510 quze
1582 2436 1641 2490 in
1670 2433 1831 2491 donis
1856 2439 2057 2504 septem

464 2536 706 2609 Spiritus
748 2534 925 2591 sancti
954 2532 1329 2590 continentur.
1380 2528 1619 2601 Spiritus
1649 2526 1817 2598 igitur
1846 2522 2062 2580 timoris

459 2626 690 2684 Domini
716 2640 880 2696 super
901 2637 1350 2694 unumquemque
1379 2625 1715 2692 peccatorem
1746 2613 2059 2688 requiescit,

457 2734 584 2777 cum
616 2716 977 2774 considerans
1017 2721 1240 2786 peccata
1285 2726 1402 2779 sua,
1430 2710 1749 2783 justumque
1787 2705 2061 2778 judicium

457 2807 565 2865 Dei
583 2806 993 2877 pertimescens.
1023 2816 1319 2873 poenasque
1340 2799 1482 2870 ignis
1502 2798 1712 2864 aeterni,
1737 2811 1856 2867 qua:
1878 2792 2076 2865 impiis.

461 2886 793 2970 praeparatae
817 2903 967 2960 sunt,
1000 2892 1069 2947 ad
1098 2888 1479 2963 paenitentiam
1510 2888 1888 2958 lacrymasque
1918 2898 2061 2939 con-

463 2983 726 3051 vertitur,
761 2991 817 3038 et
843 2979 1184 3036 amarissime
1217 2978 1346 3033 ﬂere
1390 2975 1607 3047 incipit,
1641 2973 1788 3047 quod
1816 2971 2063 3028 delecta-

464 3073 654 3131 biliter
686 3070 870 3145 gessit.

2169 1897 2283 1945 tota
2329 1897 2514 1945 mente
2557 1886 2871 1943 revertitur.
2922 1882 3247 1952 Quicunque
3286 1894 3416 1950 ergo
3468 1893 3571 1948 per
3616 1877 3785 1948 peni-

2168 1976 2397 2034 tentiam
2430 1974 2762 2047 pietatisque
2793 1986 2956 2043 opera
2990 1984 3022 2023 a
3047 1965 3255 2023 diaboli
3286 1964 3537 2020 vinculis
3564 1962 3781 2018 absolsi

2169 2073 2438 2133 meretur,
2492 2072 2656 2136 atque
2692 2070 2884 2119 contra
2913 2074 3038 2114 eum
3081 2072 3178 2129 per
3219 2053 3471 2110 scientiae
3520 2051 3780 2124 spiritum

2167 2163 2374 2219 bellum
2405 2160 2559 2232 cupit
2589 2159 2892 2225 instruere;
2946 2169 3169 2211 necesse
3205 2150 3373 2207 habet
3409 2156 3476 2204 ut
3505 2165 3540 2204 a
3569 2149 3782 2220 Spiritu

2168 2259 2359 2310 sancto
2386 2247 2735 2306 fortitudinis
2762 2245 2969 2301 donum
3000 2240 3269 2313 accipiat:
3303 2254 3415 2310 quo
3444 2237 3779 2303 instructus,

2169 2352 2222 2402 et
2268 2342 2556 2400 interiores
2611 2339 2815 2405 hostes,
2866 2335 2923 2391 id
2968 2341 3052 2391 est
3098 2332 3256 2398 vitia,
3299 2328 3563 2385 funditus
3616 2330 3780 2401 possit

2169 2433 2545 2505 exstinguere,
2602 2435 2657 2484 et
2686 2425 3004 2490 exteriores,
3056 2419 3313 2477 videlicet
3342 2418 3634 2483 hominis,
3693 2434 3781 2490 per

2170 2524 2490 2598 patientiam
2547 2536 2820 2593 superare,
2876 2518 3172 2589 omniaque
3216 2513 3405 2587 jacula
3458 2513 3778 2569 daemonum

2170 2622 2326 2671 scuto
2350 2612 2480 2667 ﬁdei
2508 2628 2541 2667 a
2575 2627 2631 2666 se
2662 2607 2944 2680 repellere.

2241 2705 2290 2760 A
2317 2701 2645 2760 fortitudine
2687 2701 2755 2757 ad
2785 2698 3079 2765 consilium
3112 2693 3510 2752 conscenditur
3545 2712 3558 2750 :
3594 2678 3776 2750 consi-

2172 2795 2309 2850 lium
2355 2801 2539 2849 autem
2593 2790 2792 2847 salutis
2839 2795 3039 2844 nostrae
3084 2785 3143 2841 in
3188 2784 3478 2857 praeceptis
3526 2784 3775 2840 consistit

2171 2882 2524 2954 evangelicis.
2559 2878 2822 2952 Quisquis
2864 2877 3035 2948 igitur
3077 2874 3216 2930 vitia
3252 2874 3311 2929 in
3339 2889 3398 2929 se
3424 2874 3775 2944 exstinguere

2171 2984 2268 3041 per
2297 2966 2653 3023 fortitudinis
2686 2965 2943 3037 spiritum
2985 2961 3187 3035 potuit,
3234 2976 3455 3016 necesse
3485 2968 3572 3015 est
3611 2967 3675 3014 ut
3713 2957 3775 3012 ad

2172 3059 2430 3116 mandata
2462 3065 2608 3122 515
2637 3055 2928 3129 Evangelii
2978 3054 3095 3126 (32)
3150 3051 3565 3126 perscrutanda,
3620 3060 3775 3122 atque

538 3170 774 3243 Spiritus
795 3184 926 3225 vero
947 3166 1167 3240 pietatis
1194 3180 1356 3237 super
1384 3162 1687 3236 quemlibet
1714 3166 2057 3233 peccatorum
2097 3173 2140 3233 α
2176 3160 2231 3213 in
2267 3157 2431 3215 corde
2461 3174 2561 3213 suo
2605 3153 2951 3212 recondenda
2996 3158 3278 3219 transeat;
3332 3149 3431 3206 ubi
3483 3148 3773 3206 consilium

470 3260 785 3333 requiescit,
852 3258 984 3315 dum
1046 3255 1277 3313 audiens
1338 3252 1675 3324 Scripturam
1742 3247 2062 3303 dicentem:

483 3377 501 3399 ι
539 3350 695 3407 Sicut
747 3365 887 3421 aqua
944 3345 1250 3417 exstinguit
1304 3342 1521 3414 ignem,
1592 3341 1669 3396 ita
1722 3338 2071 3405 eleemosyna

469 3438 776 3509 exstinguit
807 3443 1091 3507 peccatum
1126 3433 1321 3504 (Eccli,
1354 3448 1438 3497 tu,
1468 3430 1560 3499 33)
1588 3446 1602 3495 ;
1626 3452 1643 3474 ι
1686 3434 1741 3482 et
1768 3424 2068 3480 Dominum

470 3526 798 3581 dicentem:
860 3548 878 3569 -
927 3524 1064 3577 Date
1120 3520 1546 3588 eleemosynam,
1603 3524 1657 3570 et
1706 3528 1828 3569 ecce
1884 3510 2071 3566 omnia

472 3610 684 3667 munda
727 3618 856 3665 sunt
899 3607 1058 3663 vobis
1099 3606 1252 3673 (Luc.
1280 3620 1358 3670 x1,
1398 3604 1515 3673 41),
1558 3625 1576 3649 ι
1637 3602 1782 3655 alere
1830 3606 2068 3670 egentes,

474 3699 676 3757 vestire
704 3697 903 3765 nudos,
944 3703 998 3752 et
1026 3704 1223 3752 caetera
1251 3691 1470 3765 pietatis
1504 3705 1668 3762 opera
1696 3688 1892 3759 incipit
1919 3703 2072 3743 exer-

474 3807 639 3859 cere;
697 3799 760 3846 ut
815 3791 989 3846 Deum
1047 3787 1185 3843 alios
1243 3781 1553 3839 miserando
1606 3779 1905 3853 propitium
1964 3778 2071 3834 sibi

475 3881 662 3949 faciat,
703 3896 868 3953 quem
914 3874 1191 3950 peccando
1236 3871 1557 3929 offenderat.
1604 3868 1757 3925 Unde
1796 3877 1849 3924 et
1876 3867 2069 3923 Daniel

474 3970 742 4043 propheta
776 3984 959 4040 regem
1008 3964 1423 4038 impiissimum,
1472 3969 1534 4017 ut
1564 3965 1783 4032 peccata
1810 3974 1908 4013 sua
1935 3958 2070 4013 elee-

475 4059 724 4129 mosynis
770 4057 1067 4113 redimeret
1110 4063 1165 4111 et
1211 4049 1605 4110 misericordiis
1648 4063 1950 4121 pauperum
1979 4046 2071 4103 ad-

478 4162 700 4203 monere
729 4143 964 4201 studuit.

550 4245 599 4298 A
654 4243 854 4313 pietate
908 4241 976 4297 ad
1029 4241 1272 4297 scientiae
1337 4238 1591 4310 spiritum
1644 4235 2068 4303 conscenditur;

480 4347 629 4400 nam,
664 4328 919 4402 quamvis
950 4327 1203 4383 videatur
1231 4327 1431 4398 aliquis
1456 4326 1742 4381 scientiam
1773 4323 2069 4396 possidere,

481 4421 683 4478 stultus
711 4428 810 4486 est,
843 4419 888 4474 si
921 4418 1061 4471 male
1090 4416 1251 4471 vivit.
1284 4415 1427 4481 Quid
1456 4414 1603 4469 enim
1635 4414 1877 4480 stultius,
1909 4429 2073 4485 quam

2178 3248 2432 3319 reperiet,
2479 3246 2723 3318 qualiter
2749 3242 2817 3299 ad
2857 3240 3214 3315 perfectionis
3256 3239 3479 3297 culmen
3525 3252 3774 3295 conscen-

2179 3337 2306 3393 dere
2336 3338 2536 3394 valeat.

2246 3428 2317 3483 Et
2351 3425 2492 3499 quia
2520 3422 2778 3481 mandata
2805 3419 3093 3493 Evangelii
3121 3420 3241 3475 sine
3268 3418 3581 3474 virtutibus
3601 3426 3770 3474 custo-

2178 3517 2286 3573 diri
2318 3533 2429 3572 non
2464 3522 2715 3587 possunt,
2758 3530 2790 3569 a
2832 3511 3033 3584 spiritu
3070 3509 3292 3566 consilii
3340 3508 3411 3565 ad
3441 3508 3766 3566 intellectum

2178 3606 2597 3673 conscenditur,
2652 3604 2709 3658 in
2742 3619 2850 3676 quo
2878 3599 3141 3673 perfectio
3186 3599 3464 3654 virtutum
3495 3606 3613 3655 tota
3656 3614 3767 3654 con-

2177 3698 2342 3754 sistit.
2374 3696 2692 3752 Intellectus
2721 3709 2852 3749 vero
2871 3691 3080 3747 donum
3101 3707 3132 3745 a
3151 3689 3362 3762 Spiritu
3378 3699 3576 3746 sancto
3600 3688 3767 3744 fideles

2179 3787 2489 3860 accipiunt,
2519 3802 2643 3843 cum
2668 3784 2925 3842 omnibus
2947 3781 3251 3839 virtutibus
3276 3782 3448 3838 ditari
3471 3788 3762 3845 merentur;

2180 3877 2273 3933 ille
2296 3878 2446 3933 enim
2465 3893 2659 3932 verum
2677 3874 3017 3931 intellectum
3046 3870 3307 3943 possidet,
3332 3871 3429 3943 qui
3455 3870 3565 3926 ﬁde
3587 3868 3764 3929 illumi,

2180 3975 2365 4031 natur,
2393 3966 2487 4038 qui
2514 3964 2648 4037 pudi
2679 3965 2814 4019 citia
2834 3961 3158 4029 mundatur,
3190 3959 3464 4032 patientia
3480 3960 3763 4025 decoratur,

2180 4056 2275 4128 qui
2304 4054 2621 4111 humilitate
2651 4053 2922 4119 munitur,
2966 4050 3065 4123 qui
3093 4049 3364 4106 charitate
3394 4049 3647 4121 refulget,
3682 4062 3764 4102 cte-

2181 4149 2422 4222 terisque
2451 4147 2752 4203 virtutibus
2785 4153 3221 4203 consummatur.

2252 4245 2322 4299 Et
2343 4242 2471 4315 quia
2499 4258 2595 4313 per
2624 4240 2996 4313 operationem
3022 4238 3139 4311 (33)
3163 4238 3441 4294 virtutum
3475 4236 3542 4293 ad
3568 4236 3763 4292 culmen

2182 4332 2539 4405 perfectionis
2568 4329 2960 4387 conscenditur
2998 4327 3274 4399 sapientia
3303 4326 3617 4382 intellectui
3654 4340 3765 4395 pra:-

2182 4421 2431 4494 ponitur,
2489 4421 2545 4475 in
2595 4437 2701 4492 qua
2750 4426 2861 4475 tota
2909 4418 3178 4489 perfectio
3222 4416 3505 4472 consistit.
3563 4418 3639 4472 De
3684 4414 3769 4469 hac

481 4509 739 4565 timorem
769 4505 868 4562 Dei
898 4522 929 4560 a
958 4511 1139 4559 mente
1166 4500 1424 4573 abjicere,
1455 4502 1609 4556 vitiis
1637 4501 1913 4556 deservire
1931 4501 2065 4571 (30),

2194 4510 2518 4582 perfectione
2565 4508 2832 4563 Dominus
2872 4504 3011 4562 dicit
3058 4506 3117 4561 in
3146 4505 3457 4576 Evangelio
3495 4524 3505 4559 :
3568 4528 3586 4551 ι
3622 4503 3673 4558 Si
3702 4503 3770 4555 vis

486 4597 790 4671 rapidoque
824 4608 989 4650 cursu
1017 4591 1087 4649 ad
1113 4590 1398 4646 interitum
1435 4590 1766 4660 properare?
1808 4589 1864 4645 Si
1908 4590 2077 4660 igitur

483 4686 723 4744 stultitia
750 4691 832 4741 est
860 4682 1017 4738 vitiis
1065 4678 1360 4745 deservire,
1411 4685 1464 4733 et
1495 4676 1725 4732 scientia
1760 4677 1969 4749 optima
1996 4685 2078 4734 est

486 4779 624 4836 vitia
650 4776 916 4843 deserere,
948 4782 1108 4847 atque
1137 4774 1205 4831 ad
1231 4775 1407 4830 Deum
1439 4780 1552 4828 tota
1581 4779 1763 4828 mente
1794 4772 2075 4837 converti;

487 4870 807 4953 quicunque
827 4884 922 4939 per
945 4867 1162 4924 timoris
1182 4867 1437 4940 spiritum
1459 4872 1673 4938 peccata
1706 4880 1803 4919 sua
1826 4864 2079 4936 plangere

490 4952 711 5033 incipit,
734 4968 789 5015 et
815 4976 911 5032 per
939 4960 1157 5032 pietatis
1177 4958 1436 5030 spiritum
1457 4957 1768 5013 misericors
1791 4971 1916 5027 erga
1937 4952 2079 5008 indi-

492 5057 678 5120 gentes
706 5063 822 5103 esse
863 5046 1065 5115 studet,
1111 5055 1173 5102 ut
1199 5047 1374 5102 Deum
1406 5046 1544 5101 alios
1574 5043 1886 5100 miserando
1920 5042 2082 5097 mise-

490 5136 763 5193 ricordem
786 5135 891 5191 sibi
933 5133 1121 5199 faciat,
1153 5150 1370 5190 necesse
1394 5141 1477 5189 est
1513 5141 1575 5189 ut
1602 5149 1699 5204 per
1728 5131 1935 5187 donum
1961 5144 2083 5186 san-

492 5231 568 5281 cti
597 5224 835 5296 Spiritus
863 5223 1106 5279 scientia
1135 5222 1392 5293 spiritum
1427 5219 1721 5293 possideat.
1762 5219 2087 5290 Quicunque

496 5315 643 5371 enim
693 5312 944 5371 converti
991 5312 1059 5368 ad
1091 5314 1268 5368 Deum
1316 5310 1609 5378 desiderat,
1652 5325 1871 5366 necesse
1917 5314 2089 5363 estut

568 5471 686 5544 (30)
724 5471 901 5539 Edit.,
932 5470 1075 5544 vitiis
1103 5470 1363 5525 deservire
1381 5470 1409 5526 9
1439 5466 1666 5525 Scientia
1699 5484 1821 5524 vero
1850 5466 2087 5524 maxima

502 5550 596 5609 est,
627 5551 730 5599 etc.
757 5562 772 5605 ;
808 5559 937 5598 mss.
968 5551 1030 5598 ut
1058 5543 1115 5596 in
1146 5548 1428 5596 contextu.

575 5608 691 5680 (31)
738 5614 815 5690 Ut.
835 5613 966 5667 vitia
1011 5611 1451 5690 derelinquat“...
1494 5628 1690 5667 necesse
1729 5617 1823 5676 est,
1871 5626 1941 5666 ex
1979 5608 2086 5665 ﬁde

507 5694 635 5734 11183.
668 5696 915 5734 omnium
946 5695 1313 5751 reposuimus.

2189 4600 2461 4671 perfectus
2503 4615 2638 4665 esse,
2680 4598 2842 4664 vade,
2877 4595 3058 4651 vende
3097 4596 3291 4650 omnia
3337 4611 3463 4666 quae
3512 4593 3691 4659 habes,
3728 4599 3772 4643 et

2185 4689 2255 4745 da
2286 4686 2641 4759 pauperibus,
2685 4695 2739 4742 et
2782 4684 3010 4740 habebis
3058 4683 3379 4738 thesaurum
3427 4682 3491 4737 in
3520 4683 3689 4747 cmlo;
3729 4688 3772 4733 et

2186 4776 2333 4843 veni,
2366 4791 2589 4847 sequere
2621 4791 2706 4830 me
2754 4774 2968 4845 (Matth.
3002 4789 3122 4839 xxx,
3156 4772 3275 4841 2i).
3308 4796 3325 4818 -
3388 4770 3535 4826 Sunt
3564 4782 3773 4841 namque

2189 4865 2374 4932 multi,
2415 4864 2509 4936 qui
2539 4863 2608 4918 ad
2656 4860 3010 4935 perfectionis
3051 4860 3273 4916 culmen
3307 4858 3500 4914 subito
3541 4872 3774 4915 conscen-

2129 4963 2137 4970 '
2189 4952 2316 5009 dere
2345 4960 2613 5008 conantur
2646 4970 2656 5008 2
2709 4951 2803 5007 sed
2833 4950 2961 5024 quia
2992 4966 3087 5021 per
3133 4949 3334 5022 gradus
3374 4949 3650 5003 virtutum
3681 4961 3770 5001 non

2191 5040 2584 5108 conscendunt,
2632 5040 2794 5095 facile
2842 5045 3130 5094 corruunt.
3185 5035 3329 5104 Quid
3378 5036 3535 5091 enim
3581 5036 3771 5107 prodest

2192 5130 2553 5188 substantiam
2582 5130 2913 5201 relinquere,
2939 5128 2987 5183 si
3017 5128 3178 5194 iram,
3209 5125 3425 5195 odium,
3450 5125 3767 5187 ebrietatem,

2194 5220 2485 5289 invidiam,
2538 5218 2869 5292 superbiam,
2926 5232 3127 5272 vanam
3179 5216 3435 5289 gloriam,
3494 5224 3770 5287 caeteraque

2195 5310 2352 5377 vitia,
2393 5325 2512 5381 quae
2544 5306 2807 5363 occidunt
2852 5305 3119 5372 animam,
3165 5321 3197 5360 a
3226 5313 3409 5361 mente
3436 5321 3540 5361 sua
3565 5320 3670 5359 non
3695 5300 3768 5356 ab-

2270 5467 2387 5550 (33)
2428 5468 2820 5550 Fragmentum
2853 5464 2978 5524 cod.
3012 5463 3260 5535 Aud.,ut
3288 5464 3360 5520 ad
3392 5464 3645 5520 mandata
3666 5459 3766 5530 legi:

2196 5542 2276 5596 vel
2304 5540 2599 5609 Evangelii.

2231 5682 2239 5691 ι
2272 5611 2388 5681 (33)
2420 5606 2549 5691 Gill.
2579 5628 2673 5691 per
2691 5610 2979 5667 orationem
3007 5608 3300 5691 virtutum;
3331 5606 3520 5672 Rom.,
3548 5622 3642 5691 per
3664 5618 3759 5658 ora-

2202 5677 2402 5737 uanum
2430 5677 2714 5748 virtulem;
2743 5698 2871 5739 mss.
2899 5696 3030 5739 vero
3058 5677 3222 5739 nobis
3248 5683 3584 5749 congruunt.
