3880 6198
119 255 227 311 881

1020 246 1480 305 BERENGAUDI
1518 241 1891 301 EXPOSITIO
1929 242 2000 298 IN
2038 237 2539 298 APOCALYPSIN.

3327 234 3433 291 882

118 380 331 453 jiciat?
360 380 479 435 Non
524 377 669 433 enim
701 375 920 449 prodest
945 374 1194 430 arborem
1224 370 1609 435 conscendere,
1653 375 1717 423 ut
1743 370 1795 430 Α
1828 376 1938 424 tem
1994 365 2310 422 intellectus
2355 363 2603 420 ﬁdelium
2660 362 2972 419 intellectui
3032 361 3258 431 Christi,
3303 376 3430 419 cum

129 472 347 525 leonem
379 465 598 535 evadat,
628 466 674 523 si
703 472 1009 536 serpentem
1046 464 1105 519 in
1152 462 1280 519 sinu
1334 468 1524 533 gestet,
1571 457 1735 529 cujus~

130 577 348 619 veneno
379 566 583 632 pereat.
615 558 726 614 Nec
751 555 886 613 dicit
921 555 1191 611 Dominus
1228 553 1392 608 illum
1425 549 1726 622 perfectum

131 667 272 720 esse,
320 650 417 722 qui
464 647 827 704 substantiam
867 641 1250 701 tantummodo
1279 640 1589 706 dimiserit;
1632 637 1729 694 sed

133 756 263 796 eum
293 738 387 812 qui
417 746 472 793 et
502 736 863 793 substantiam
883 733 1177 801 dimiserit,
1212 742 1267 789 et
1294 732 1475 803 ipsum
1506 736 1729 786 secutus

133 828 323 884 fuerit.
373 826 666 899 Sequimur
716 832 896 880 autem
935 821 1388 897 illum,.quando
1418 819 1724 875 imitamur.

130 920 222 975 Ad
253 919 357 974 hoc
386 917 553 989 igitur
600 913 953 988 perfectionis
987 914 1205 968 culmen
1254 911 1352 965 ille
1393 906 1728 980 competenti

130 1008 307 1080 gradu
333 1004 670 1072 conscendit,
703 1004 798 1077 qui
827 1002 978 1075 prius
1002 1001 1156 1056 vitiis
1181 997 1608 1063 abrenuntiatis,
1632 1011 1728 1067 per

128 1096 401 1153 actualem
449 1095 619 1149 vitam
668 1109 789 1166 qua
834 1090 1139 1149 virtutibus
1171 1087 1455 1162 perﬁcitur
1486 1086 1628 1158 (34),
1658 1083 1728 1140 ad

128 1185 616 1258 contemplativam
671 1181 1025 1249 conscendit,
1074 1180 1131 1235 in
1187 1194 1295 1251 qua
1347 1176 1449 1233 soli
1506 1174 1726 1232 Christo

128 1278 508 1351 conjungitur,
539 1275 633 1349 qui
662 1283 744 1332 est
768 1274 1033 1347 sapientia
1054 1272 1251 1340 Patris,
1291 1270 1573 1343 Filiusque
1603 1267 1723 1338 Dei,

126 1375 188 1424 et
215 1367 353 1425 civis
376 1367 674 1422 Jerusalem
706 1364 942 1421 calestis
969 1363 1226 1419 efﬁcitur.

203 1460 361 1516 Nunc
408 1457 645 1530 qualiter
714 1454 1061 1511 descensioni
1114 1451 1322 1509 Christi
1382 1466 1476 1524 per
1530 1447 1728 1521 gradus

124 1555 335 1620 septem
379 1546 651 1602 donorum
681 1544 936 1617 .Spiritus
981 1541 1158 1597 sancti
1195 1539 1448 1597 ascensio
1478 1536 1726 1592 ﬁdelium

126 1636 444 1703 conveniat,
493 1633 737 1691 breviter
797 1632 1277 1688 demonstremus.
1328 1627 1569 1684 Ultimus
1621 1626 1728 1681 de-

1838 457 2054 513 easdem
2091 455 2326 510 virtutes
2358 470 2491 525 quas
2536 454 2650 524 ipse
2682 468 2714 507 a
2756 451 2966 523 Spiritu
3018 467 3117 506 suo
3165 451 3430 523 percepit,

1839 544 2052 601 easdem
2075 552 2129 600 et
2153 543 2327 600 sancti
2357 542 2473 614 ejus
2498 542 2566 598 ab
2601 543 2719 613 ipso
2748 540 3024 613 percipere
3054 546 3353 597 merentur.

1909 631 2127 688 Primus
2167 630 2537 687 descensionis
2585 628 2791 687 Christi
2834 628 3033 699 gradus
3079 637 3159 683 est
3202 627 3432 698 sapien-

1838 723 1935 790 tia,
1993 730 2048 777 et
2091 720 2359 792 septimus
2400 718 2736 774 ascensionis
2791 718 3077 782 ﬁdelium;
3108 717 3238 790 quia
3275 716 3431 774 Chri-

1838 818 1955 867 stus
2005 817 2087 866 est
2141 807 2410 880 sapientia
2438 806 2636 874 Patris,
2672 813 2726 861 et
2764 804 2831 860 ab
2860 805 2980 876 ipso
3010 805 3190 861 omnis
3220 805 3430 877 sapien-

1838 900 1912 957 tia
1943 899 2139 955 oritur.
2170 896 2356 953 Sancti
2386 895 2557 968 igitur
2594 894 2688 967 qui
2721 910 2817 966 per
2846 893 3219 965 operationem
3258 893 3431 948 virtu-

1838 995 1957 1043 tum
2004 986 2243 1044 Domino
2298 985 2649 1056 copulantur,
2694 982 2763 1039 ab
2809 982 2929 1054 ipso
2975 981 3321 1053 sapientiam,
3372 982 3432 1037 in

1838 1093 1945 1150 qua
2000 1076 2171 1132 totius
2200 1075 2468 1132 bonitatis
2513 1088 2729 1130 summa
2778 1072 3052 1139 consistit,
3100 1070 3429 1143 percipiunt.

1837 1166 2051 1234 Quibus
2108 1166 2222 1238 ipse
2272 1181 2366 1237 per
2411 1164 2756 1219 Salomonem
2805 1161 3071 1234 loquitur,
3116 1160 3341 1218 dicens:
3374 1162 3433 1218 Si

1838 1257 1962 1329 quis
2006 1255 2190 1327 diligit
2238 1253 2583 1327 sapientiam,
2615 1253 2682 1309 ad
2708 1267 2795 1307 me
2827 1252 3086 1320 declinet,
3124 1259 3178 1307 et
3202 1267 3320 1307 eam
3350 1251 3431 1306 in-

1838 1345 2058 1401 veniet:
2094 1352 2144 1400 et
2173 1362 2292 1401 eam
2325 1360 2451 1401 cum
2480 1342 2774 1412 invenerit,
2810 1341 3001 1399 beatus
3038 1346 3141 1410 est,
3170 1340 3217 1397 si
3242 1349 3431 1398 tenue-

1838 1435 1911 1490 rit
1940 1451 2057 1491 eam
2093 1434 2279 1507 (Prov.
2313 1450 2394 1501 III,
2433 1433 2546 1506 13).

1912 1525 2093 1597 (Vers.
2126 1524 2206 1596 6.)
2260 1523 2550 1597 Sequitur:
2599 1525 2673 1579 Et
2726 1522 2784 1577 in
2820 1527 3092 1594 conspectu
3136 1519 3271 1576 sedis
3317 1526 3430 1575 tan-

1837 1630 1998 1684 quam
2027 1629 2174 1667 mare
2200 1612 2446 1680 vitreum,
2496 1609 2665 1666 simile
2692 1609 2965 1680 crystallo.
3016 1608 3078 1663 In
3106 1605 3311 1679 templo
3340 1605 3430 1662 Sa-

125 1723 431 1782 scensionis
473 1721 678 1780 Christi
728 1721 927 1794 gradus
954 1729 1036 1776 est
1078 1719 1246 1774 timor
1291 1715 1413 1784 Dei,
1444 1731 1539 1787 per
1563 1730 1726 1787 quem
1761 1725 1809 1785 Β
1840 1701 2079 1757 lomonis
2132 1715 2278 1756 mare
2315 1715 2527 1755 aeneum
2556 1698 2724 1755 fuisse
2757 1696 3010 1769 legimus,
3050 1694 3107 1750 in
3137 1711 3244 1768 quo
3272 1695 3434 1749 lava-

128 1816 437 1887 passionem
468 1820 522 1869 et
553 1818 785 1868 mortem
819 1809 936 1880 ejus
964 1808 1214 1863 diximus
1253 1804 1422 1860 fuisse
1463 1802 1727 1875 designa-

126 1914 269 1972 tam,
296 1911 350 1959 et
378 1898 940 1976 primusascensionis
967 1897 1035 1953 ad
1061 1898 1233 1952 Deum
1255 1892 1722 1950 convertentium.

124 1993 400 2066 Congruit
428 1999 609 2047 autem
641 2007 788 2045 mors
826 1986 1051 2044 Domini
1080 1986 1169 2052 iis,
1204 1984 1299 2056 qui
1330 1998 1425 2054 per
1467 1980 1726 2054 spiritum

122 2084 349 2141 timoris
378 2080 601 2138 Domini
645 2084 863 2151 peccata
892 2092 990 2132 sua
1017 2072 1222 2129 deﬂent
1246 2090 1259 2136 ;
1293 2071 1422 2145 quia
1451 2070 1510 2124 in
1549 2076 1727 2125 morte

122 2172 355 2230 Domini
416 2168 665 2226 remissio
718 2164 971 2222 consistit
1025 2161 1273 2219 omnium
1327 2166 1721 2232 peccatorum;

123 2280 231 2319 nec
259 2261 499 2334 perfecta
524 2256 774 2314 remissio
801 2261 1145 2326 peccatorum
1175 2267 1292 2307 esse
1320 2256 1524 2322 posset,
1554 2248 1602 2303 si
1630 2247 1726 2302 ille

126 2368 229 2424 pro
263 2349 425 2405 nobis
458 2354 711 2402 mortuus
738 2359 849 2399 non
880 2341 1093 2397 fuisset.

201 2440 402 2495 Sextus
455 2432 827 2491 descensionis
866 2428 1073 2488 Christi
1103 2425 1301 2499 gradus
1344 2431 1425 2479 est
1454 2423 1645 2495 pietas,
1673 2431 1728 2479 et

122 2531 404 2590 secundus
429 2527 765 2586 ascensionis
795 2522 1205 2598 pauitantium.
1247 2518 1515 2591 Congruit
1544 2522 1726 2571 autem

121 2625 304 2699 pietas
333 2621 578 2677 ﬁdelium
605 2636 728 2675 cum
762 2617 963 2689 pietate
980 2613 1202 2670 Domini
1228 2630 1242 2679 ;
1271 2611 1401 2684 quia
1423 2609 1516 2665 ille
1543 2606 1612 2662 iis
1630 2605 1726 2678 qui

121 2712 435 2772 secundum
455 2711 696 2767 animam
713 2717 871 2764 erant
887 2704 1095 2772 miseri,
1114 2700 1547 2758 misericordiam
1570 2713 1724 2753 suam

124 2808 421 2883 impendit,
471 2806 538 2862 ab
582 2814 787 2862 aterna
816 2810 990 2876 morte
1018 2817 1116 2858 sua
1148 2808 1324 2855 morte
1346 2814 1439 2853 eos
1464 2795 1722 2861 liberans,

120 2912 182 2959 et
212 2901 302 2957 isti
338 2900 406 2955 iis
440 2899 532 2972 qui
560 2896 862 2953 secundum
902 2910 1100 2965 corpus
1140 2898 1270 2947 sunt
1308 2888 1518 2956 miseri,
1550 2886 1726 2942 mise-

122 2989 423 3048 ricordiam
473 2987 589 3059 (35)
619 2984 966 3057 impendunt,
1009 2980 1288 3053 largiendo
1317 2979 1396 3035 eis
1428 2990 1722 3048 corporum

122 3079 452 3147 necessaria,
506 3076 706 3150 quibus
760 3076 818 3130 in
859 3072 1072 3145 judicio
1122 3072 1237 3142 ipse
1304 3070 1554 3126 dicturus
1600 3072 1719 3121 est:
1761 3080 1803 3140 ρ

138 3197 159 3218 ι
196 3168 355 3237 Quod
380 3168 476 3225 uni
507 3184 576 3223 ex
622 3165 871 3221 minimis
898 3162 1033 3220 meis
1066 3158 1295 3225 fecistis,
1332 3157 1473 3213 mihi
1514 3155 1723 3213 fecistis

124 3262 344 3333 (Matth.
377 3277 510 3328 xxv,
539 3259 654 3329 40).
686 3281 706 3305 ι

200 3351 441 3420 Quintus
488 3344 862 3405 descensionis
888 3340 1094 3402 Christi
1138 3338 1336 3412 gradus
1362 3345 1444 3393 est
1471 3334 1719 3400 scientia,

123 3451 183 3498 et
243 3439 436 3496 tertius
496 3435 833 3495 ascensionis
897 3432 1164 3489 ﬁdelium.
1219 3427 1490 3484 Convenit
1541 3435 1721 3482 autem

124 3526 363 3600 spiritus
414 3524 655 3581 scientia
709 3521 806 3595 qui
861 3518 1118 3577 ﬁdelibus
1151 3516 1333 3584 datur,
1369 3530 1491 3571 cum
1525 3512 1725 3585 spiritu

124 3614 401 3683 scientia,
434 3612 532 3686 qui
562 3610 775 3669 homini
813 3608 1034 3667 Christo
1062 3605 1278 3662 oblatus
1308 3610 1419 3671 est;
1461 3601 1591 3674 quia
1630 3601 1725 3657 ille

126 3712 193 3760 ut
224 3711 536 3775 peccatores
570 3701 753 3756 salvos
783 3698 1003 3764 faceret,
1041 3694 1393 3766 semetipsum
1434 3691 1547 3746 illis
1580 3706 1725 3746 cou—

124 3792 373 3847 formare
428 3805 539 3845 non
598 3796 679 3844 est
732 3785 1092 3857 dedignatus:
1149 3791 1204 3839 et
1256 3780 1371 3849 isti,
1411 3789 1474 3836 ut
1508 3785 1725 3851 peccata

124 3881 391 3949 evadant,
424 3880 492 3936 ad
517 3896 642 3936 eum
674 3893 769 3950 per
814 3876 1069 3947 spiritum
1101 3872 1344 3930 scientia
1372 3869 1724 3941 confugiunt,

125 3970 230 4044 qui
258 3975 580 4041 potestatem
611 3965 778 4021 habet
806 3961 1119 4019 dimittendi
1157 3966 1393 4032 peccata.

203 4057 446 4124 Quartus
490 4053 862 4112 descensionis
908 4050 1113 4108 Christi
1151 4047 1349 4123 gradus
1385 4051 1468 4101 est
1494 4043 1728 4100 fortitu—

125 4151 228 4220 do,
271 4156 327 4205 et
354 4156 582 4221 quartus
611 4143 876 4201 similiter
911 4140 1246 4197 ascensionis
1273 4135 1541 4194 ﬁdelium.
1573 4133 1730 4190 Con-

126 4240 285 4314 gruit
312 4246 492 4295 antem
532 4234 805 4292 fortitudo
846 4231 1093 4288 ﬁdelium
1139 4225 1456 4284 fortitudini
1485 4221 1725 4288 Christi;

126 4329 265 4403 quia
299 4344 365 4384 ea
396 4325 722 4383 fortitudine
769 4321 860 4378 isti
910 4320 1144 4375 vincunt
1189 4315 1493 4386 diabolum,
1542 4327 1648 4383 qua
1675 4315 1730 4365 et

1839 1792 2042 1847 bantur
2079 1788 2406 1855 sacerdotes,
2456 1794 2749 1858 antequam
2794 1784 3116 1841 accederent
3144 1782 3213 1838 ad
3238 1784 3428 1849 altare,

1834 1880 1905 1936 ad
1956 1878 2164 1936 hostias
2210 1876 2514 1932 offerendas
2563 1876 2651 1945 (II
2688 1875 2878 1931 Paral.
2913 1891 2990 1941 tv,
3022 1873 3114 1944 6):
3149 1871 3273 1931 aris
3299 1887 3432 1927 vero

1835 1967 2093 2041 splendor
2142 1964 2375 2039 quadam
2415 1962 2701 2036 nigredine
2745 1961 2855 2019 cito
2898 1959 3275 2018 obnubilatur.
3330 1960 3434 2016 Per

1837 2075 1984 2116 mare
2036 2058 2220 2131 itaque
2275 2072 2485 2113 aneum
2538 2055 2629 2110 lex
2685 2052 2867 2125 Moysi
2923 2051 3261 2123 designatur,
3310 2066 3431 2124 qua

1834 2149 2098 2221 fulgerem
2150 2144 2415 2219 spiritalis
2464 2142 2845 2216 intelligentia
2902 2139 3091 2196 littero
3143 2138 3431 2211 nigredine

1837 2239 2117 2294 obscurat.
2146 2237 2217 2292 Et
2238 2236 2380 2292 sicut
2409 2252 2503 2301 as,
2535 2234 2582 2290 si
2605 2234 2738 2289 lima
2765 2240 2994 2296 teratur,
3025 2227 3286 2302 splendor
3313 2226 3431 2299 ejus

1835 2328 2117 2400 aperitur;
2167 2326 2243 2381 ita
2272 2333 2325 2381 et
2351 2323 2616 2397 spiritalis
2645 2320 3033 2392 intelligentia,
3069 2335 3188 2392 qua
3234 2317 3429 2373 littera

1836 2417 2121 2490 superﬁcie.
2161 2416 2484 2473 obscuratur
2534 2414 2592 2470 in
2640 2414 2774 2485 lege,
2825 2412 2870 2468 si
2916 2429 2948 2467 a
2979 2411 3235 2468 ﬁdelibus
3292 2410 3428 2466 viris

1835 2506 2126 2578 diligenter
2175 2504 2523 2571 discutiatur,
2568 2518 2665 2574 per
2705 2502 2932 2573 gratiam
2971 2501 3069 2557 Dei
3101 2500 3428 2557 manifesta-

1834 2602 1946 2650 tur.
1977 2596 2040 2650 In
2069 2593 2176 2650 hoc
2203 2593 2373 2665 igitur
2403 2591 2537 2647 mari
2570 2590 2879 2647 sacerdotes
2904 2589 3265 2657 lavabantur;
3296 2589 3428 2660 quia

1833 2700 1932 2756 per
1952 2682 2221 2739 sacriﬁcia
2259 2690 2313 2737 et
2340 2698 2436 2754 per
2464 2679 2724 2753 quasdam
2771 2678 3179 2734 observationes
3230 2677 3427 2750 legales

1835 2774 2081 2846 quadam
2104 2779 2322 2845 peccata
2345 2771 2546 2827 veteris
2566 2769 2755 2842 populi
2784 2768 3126 2826 delebantur.
3158 2767 3259 2823 Per
3279 2782 3426 2823 mare

1834 2880 1960 2935 ergo
2003 2862 2241 2917 vitreum
2274 2869 2436 2934 atque
2465 2860 2788 2933 crystallum
2821 2876 2932 2915 non
2976 2857 3429 2915 inconvenienter

1831 2953 2047 3008 Novum
2066 2951 2473 3006 Testamentum
2500 2947 2846 3020 intelligitur.
2869 2947 2930 3002 In
2960 2945 3065 3002 hoc
3085 2953 3266 3002 autem
3290 2946 3427 3002 mari

1831 3048 1937 3104 tria
1979 3047 2318 3115 invenimus,
2369 3062 2541 3114 mare,
2588 3046 2818 3111 vitrum,
2870 3052 3030 3117 atque
3075 3043 3421 3115 crystallum,

1831 3156 1927 3212 per
1955 3155 2102 3195 mare
2130 3138 2299 3210 igitur
2328 3136 2582 3206 historia,
2622 3153 2718 3209 per
2748 3137 2957 3192 vitrum
2990 3136 3214 3192 moralis
3253 3134 3428 3191 intel-

1831 3228 2079 3301 ligentia,
2108 3245 2205 3301 per
2232 3228 2556 3301 crystallum
2596 3234 2777 3282 autem
2817 3225 3083 3298 spiritalis
3111 3224 3427 3296 intelligen-

1831 3318 1908 3373 tia
1954 3317 2288 3389 designatur.
2335 3318 2439 3373 Per
2492 3317 2700 3371 vitrum
2750 3332 2900 3387 ergo,
2944 3330 3015 3370 ex
3051 3330 3160 3386 quo
3208 3313 3429 3386 specula

1832 3406 1996 3476 ﬁunt,
2026 3424 2140 3463 non
2170 3408 2471 3479 incongrue
2502 3405 2728 3462 moralis
2748 3404 3115 3478 intelligentia
3135 3402 3424 3476 accipitur;

1832 3499 1962 3571 quia
1995 3499 2139 3555 sicut
2176 3497 2343 3554 homo
2382 3496 2655 3571 quidquid
2705 3504 2860 3569 turpe
2898 3495 2957 3551 in
2996 3493 3136 3551 facie
3178 3492 3339 3565 gerit,
3369 3493 3427 3549 in

1833 3587 2054 3661 speculo
2088 3586 2496 3658 deprehendere
2532 3593 2742 3658 potest:
2786 3585 2864 3642 ita
2884 3592 2938 3640 et
2966 3582 3237 3657 quidquid
3266 3581 3428 3638 vitio-

1833 3695 1954 3734 sum
1985 3676 2042 3734 in
2064 3678 2351 3735 animabus
2391 3676 2680 3734 hominum
2710 3690 2826 3731 esse
2862 3680 3068 3746 potest,
3097 3672 3323 3729 moralis
3346 3672 3429 3729 in-

1832 3766 2138 3838 telligentia
2184 3766 2462 3839 patefacit.
2522 3766 2624 3822 Per
2679 3763 3004 3837 crystallum
3051 3769 3259 3828 autem,
3307 3776 3430 3832 qua

1834 3854 2035 3911 clarior
2064 3862 2145 3911 est
2187 3855 2448 3911 omnibus
2476 3853 2725 3927 gemmis,
2757 3860 2812 3908 et
2838 3869 2957 3925 qua
2986 3850 3233 3906 ﬂammas
3250 3850 3428 3921 splen-

1835 3942 2004 4012 doris,
2035 3960 2175 4015 saepe
2191 3944 2355 4000 etiam
2393 3951 2447 3999 et
2476 3943 2657 4014 ignem
2688 3941 2756 3997 de
2776 3957 2833 3996 se
2862 3939 3111 3996 emittere
3140 3939 3300 4005 solet,
3321 3936 3429 4010 spi-

1835 4031 2013 4088 ritalis
2064 4031 2428 4104 intelligentia
2462 4031 2816 4103 exprimitur,
2860 4045 2981 4102 qua
3006 4026 3239 4084 obscura
3271 4042 3432 4099 qua-

1837 4139 1941 4196 que
1988 4122 2046 4177 in
2093 4118 2301 4177 divinis
2331 4118 2628 4190 Scripturis
2656 4118 2919 4183 elucidat,
2965 4125 3173 4173 mentes
3201 4117 3432 4189 spirita-

1840 4210 1976 4267 lium
2006 4225 2265 4266 sensuum
2287 4204 2525 4263 ﬂammis
2554 4206 2856 4275 illuminat,
2889 4205 3154 4280 quosdam
3176 4205 3341 4262 etiam
3372 4206 3433 4262 in

1837 4316 2078 4358 amorem
2103 4297 2201 4354 Dei
2231 4311 2583 4368 amoremque
2626 4296 2862 4354 caelestis
2915 4296 3105 4369 patriae
3159 4295 3430 4352 accendit.

127 4394 396 4477 Christus
413 4416 570 4483 vicit,
593 4411 919 4470 fortitudine
940 4407 1197 4490 videlicet
1219 4403 1580 4491 Christi,inon
1608 4415 1724 4467 sua;
1759 4432 1807 4491 Β
1910 4402 1979 4456 Et
2032 4398 2088 4453 in
2144 4397 2313 4453 medio
2363 4396 2498 4452 sedis
2540 4403 2587 4453 et
2631 4395 2689 4451 in
2735 4395 2960 4451 circuitu
3014 4394 3149 4451 sedis
3204 4400 3434 4465 quatuor

126 4507 281 4564 sicut
339 4509 455 4578 ipse
498 4503 676 4561 dicit:
741 4527 758 4549 ι
792 4499 921 4556 Sine
950 4514 1037 4553 me
1083 4495 1225 4551 nihil
1280 4490 1507 4565 potestis
1553 4489 1729 4545 facere

129 4598 324 4669 (Joan.
366 4612 463 4663 xv,
494 4593 575 4663 5).
617 4617 637 4640 ι

203 4694 428 4751 Tertius
469 4688 843 4749 descensionis
888 4684 1095 4744 Christi
1148 4682 1345 4755 gradus
1385 4688 1468 4737 est
1509 4678 1737 4751 spiritus

125 4783 385 4851 consilii,
434 4790 489 4838 et
539 4780 768 4854 quintus
812 4774 1149 4833 ascensionis
1192 4772 1460 4828 ﬁdelium.
1496 4768 1735 4839 Conjun-

126 4876 285 4947 gitur
345 4881 525 4929 autem
580 4869 875 4929 consilium
940 4865 1183 4921 ﬁdelium
1233 4860 1465 4918 consilio
1507 4857 1736 4925 Christi,

125 4982 263 5023 cum
317 4965 383 5021 ad
433 4970 703 5037 praecepta
749 4956 1039 5029 Evangelii
1084 4952 1350 5011 servanda
1409 4968 1466 5008 se
1509 4950 1736 5007 transfe-

127 5062 296 5122 runt,
344 5054 403 5108 in
435 5051 636 5125 quibus
682 5048 987 5122 perfectum
1019 5041 1315 5101 consilium
1344 5037 1598 5097 consistit
1624 5054 1738 5094 om-

127 5144 295 5201 nium
321 5150 658 5198 sanctorum.

206 5238 506 5297 Secundus
528 5232 900 5293 descensionis
929 5227 1138 5288 Christi
1169 5224 1368 5299 gradus
1396 5230 1478 5281 est
1510 5223 1744 5278 intelle-

125 5338 281 5397 ctus,
327 5335 385 5383 et
422 5333 615 5383 sextus
675 5319 1010 5380 ascensionis
1053 5316 1323 5387 ﬁdelium,
1354 5311 1627 5385 Congruit
1649 5325 1742 5366 au-

204 5528 333 5601 (34)
376 5527 767 5601 Fragmentum
796 5520 964 5601 and,
996 5535 1113 5592 qua:
1139 5514 1430 5573 virtutibus
1454 5511 1741 5585 proﬁcit...

123 5593 441 5659 Jerusalem
465 5593 680 5653 calcatis
703 5593 999 5668 perficitur.

1836 4489 2099 4545 animalia
2136 4490 2299 4561 plena
2340 4487 2505 4543 oculis
2548 4492 2672 4543 ante
2717 4492 2766 4541 at
2790 4492 2958 4542 retro.
2988 4485 3104 4541 Hoc
3131 4482 3434 4541 secundum

1843 4577 2131 4644 biStoriam
2179 4596 2321 4644 stare
2365 4600 2473 4643 non
2523 4590 2703 4658 potest
2727 4600 2740 4649 ;
2772 4578 2949 4654 neque
2976 4580 3123 4636 enim
3150 4577 3295 4634 516
3320 4587 3436 4635 tam

1843 4694 2046 4751 parvus
2075 4695 2337 4735 numerus
2378 4685 2432 4733 et
2468 4677 2738 4732 ambitum
2782 4672 2947 4739 sedis,
2993 4678 3046 4726 et
3092 4670 3437 4726 medietatem

1845 4768 2094 4824 obtinere
2134 4775 2381 4840 poterat:
2413 4764 2508 4821 sed
2546 4756 3306 4843 spiritaliterintelligendum
3335 4764 3437 4814 est.

1847 4857 2093 4924 Quatuor
2132 4856 2302 4927 igitur
2342 4852 2607 4909 animalia
2636 4866 2747 4906 non
2785 4850 2965 4905 solum
3008 4855 3242 4921 quatuor
3278 4863 3440 4903 evan-

1847 4946 2085 5016 gelistas,
2122 4944 2217 5000 sed
2245 4952 2299 5000 et
2325 4940 2517 4998 omnes
2546 4939 2801 4996 doctores
2829 4936 3107 5004 Ecclesia,
3135 4936 3229 5009 qui
3251 4952 3442 4993 eorum

1850 5034 2160 5090 doctrinam
2207 5037 2535 5104 sequuntur,
2576 5026 2882 5098 designant.
2942 5028 3004 5083 In
3039 5025 3277 5084 circuitu
3312 5041 3445 5083 vero

1850 5126 1996 5184 sedis
2026 5130 2263 5197 quatuor
2302 5120 2566 5177 animalia
2603 5127 2785 5185 stant;
2822 5119 2953 5193 quia
2981 5118 3231 5175 doctores
3259 5118 3445 5175 Eccle-

1850 5216 1943 5274 sia
1974 5213 2241 5287 populum
2271 5211 2378 5269 sibi
2408 5210 2764 5268 commissum
2793 5216 2847 5265 et
2884 5225 2916 5264 a
2944 5208 3259 5264 visibilibus
3296 5216 3351 5264 et
3377 5208 3446 5264 ab

1852 5302 2231 5362 invisibilibus
2266 5299 2541 5368 hostibus,
2586 5308 2791 5373 quanta
2832 5298 3040 5355 virtute
3067 5303 3318 5371 possunt,
3357 5296 3447 5353 de-

1928 5504 2056 5577 (35)Δ
2074 5501 2225 5559 Edit.
2257 5508 2304 5557 et
2336 5500 2425 5556 isti
2449 5500 2543 5570 qui
2569 5497 2851 5577 secundum
2891 5511 3082 5570 corpus
3110 5499 3254 5561 sunt,
3283 5492 3448 5548 mise-

1854 5568 2146 5634 ricordiam
2166 5591 2188 5641 ;
2228 5589 2358 5630 mss.
2396 5568 2586 5627 ut'nos
2614 5568 2674 5625 in
2701 5583 2946 5642 corpore.
