3880 6198
495 246 600 303 883

494 480 764 538 quemque
784 482 973 523 eorum
1012 476 1072 525 ut
1104 468 1161 524 in
1201 470 1502 527 virtutibus
1535 473 1900 546 omnibusque
1927 475 2088 532 bonis

493 554 752 627 operibus
780 558 1089 629 proﬁciant,
1137 560 1431 617 admonere
1477 579 1588 618 non
1631 564 1911 621 desinunt.
1946 567 2083 635 Qua-

492 653 619 701 tuor
665 664 792 719 ergo
839 648 955 705 haec
999 651 1259 707 animalia
1299 662 1425 709 ante
1479 662 1533 709 et
1570 664 1714 711 retro
1744 658 1935 714 oculos
1992 660 2083 716 ha-

489 736 674 794 buisse
712 738 829 795 visa
875 746 1021 807 sunt,
1081 741 1210 813 quia
1264 743 1645 813 praadicatores
1687 749 1863 804 sancti
1908 757 1960 805 et
1993 750 2082 805 fu-

493 833 615 881 tura
659 835 711 881 et
758 828 1030 898 praeterita
1076 828 1398 901 inspiciunt.
1443 832 1584 888 Ante
1635 836 1825 891 oculos
1856 836 2079 907 habent,

492 915 623 985 quia
696 914 842 969 diem
910 914 1130 985 judicii,
1185 918 1703 995 damnationemque
1756 923 2078 997 impiorum,

490 1002 829 1074 gloriamque
865 1002 1141 1075 justorum
1190 1006 1322 1063 dum
1359 1008 1680 1081 inspiciunt,
1734 1013 2083 1072 auditoribus

487 1090 602 1146 suis
644 1091 780 1163 quid
825 1108 1016 1149 cavere
1063 1102 1117 1150 et
1143 1096 1276 1168 quid
1314 1108 1566 1171 appetere
1608 1101 1862 1170 debeant,
1903 1114 2081 1161 osten-

487 1187 645 1243 dunt.
688 1189 853 1245 Retro
899 1192 1087 1247 oculos
1142 1192 1364 1264 habent,
1402 1197 1529 1269 quia
1557 1200 1727 1255 vitam
1772 1201 2081 1271 preceden-

487 1279 625 1336 tium
652 1281 877 1338 Patrum
917 1283 1049 1339 dum
1084 1284 1388 1355 intuentur,
1420 1297 1471 1343 et
1504 1288 1607 1361 ipsi
1640 1290 1698 1345 in
1735 1307 1926 1346 eorum
1958 1292 2080 1348 imi-

485 1369 692 1425 tatione
715 1371 1030 1442 proﬁciunt,
1063 1390 1361 1449 eorumque
1390 1377 1561 1433 vitam
1590 1385 1752 1450 atque
1772 1379 2078 1437 doctrinam

485 1459 829 1517 auditoribus
869 1462 984 1519 suis
1025 1473 1404 1538 anteponunt;
1447 1477 1508 1525 ut
1554 1477 1608 1525 et
1646 1468 1750 1542 ipsi
1782 1469 1839 1525 in
1886 1486 2077 1528 eorum

485 1545 795 1608 imitatione
829 1551 1121 1622 proﬁciant
1154 1554 1292 1627 (36).

558 1647 739 1718 (Vers.
783 1649 861 1721 7.)
902 1653 977 1707 Et
1005 1653 1209 1709 animal
1240 1655 1477 1725 primum
1506 1657 1676 1715 simile
1720 1661 1873 1729 leoni,
1923 1667 1969 1717 et
1988 1678 2078 1718 se-

1502 261 1599 315 AD
1637 261 1871 318 OPERA
1908 262 1965 318 S.
2004 264 2335 322 AMBROSII
2370 266 2751 325 APPENDIX.

494 374 746 431 fendunt.
806 376 867 431 In
919 377 1100 434 medio
1140 379 1284 435 sedis
1338 384 1665 451 consistunt,
1717 385 1846 455 quia
1891 402 2087 441 unum-
2119 389 2165 449 A

3733 276 3815 333 884

2269 389 2449 459 (Vers.
2500 390 2582 462 8.)
2630 393 2705 447 Et
2758 400 2992 464 quatuor
3034 398 3323 465 animalia,
3373 401 3611 471 singula
3652 419 3809 457 eorum

2193 477 2449 533 habebant
2497 481 2615 536 alas
2667 497 2841 549 senas,
2884 490 2933 540 et
2983 485 3038 543 in
3087 487 3320 543 circuitu
3366 494 3423 544 et
3470 489 3632 545 intus
3671 493 3809 561 plene

2193 573 2315 620 sunt
2342 569 2527 625 oculis.
2575 570 2678 626 Per
2717 572 2994 630 senarium
3025 592 3321 633 numerum
3383 577 3488 651 qui
3546 580 3809 651 perfectus

2194 663 2293 710 est.
2335 657 2599 727 perfectio
2649 669 2965 719 sanctorum
2993 663 3334 737 designatur,
3386 667 3461 723 ad
3494 684 3672 741 quam
3704 672 3807 726 nul.

2195 746 2280 802 lus
2320 747 2426 803 nisi
2480 766 2574 821 per
2611 750 2920 809 doctrinam
2950 756 3242 828 Evangelii
3280 758 3440 815 valet
3481 775 3801 831 assurgere.

2207 861 2225 884 ι
2262 838 2376 893 Lex
2431 839 2576 895 enim
2620 842 2840 898 nullum
2873 843 2942 899 ad
2985 845 3289 916 perfectum
3334 848 3593 905 adduxit
3629 852 3801 919 (Hebr.

2191 944 2293 995 vn,
2328 928 2439 998 19).
2473 952 2491 976 ι
2554 928 2721 986 Senas
2766 948 2897 987 vero
2928 935 3041 989 alas
3090 945 3330 1007 quatuor
3384 937 3733 995 animalium
3764 942 3803 995 si

2191 1016 2355 1073 simul
2380 1017 2657 1090 junxeris,
2687 1021 2885 1093 viginti
2932 1032 3169 1095 quatuor
3196 1025 3478 1083 invenies.
3528 1029 3804 1085 Videntur

2190 1120 2318 1177 ergo
2370 1106 2507 1163 mihi
2562 1109 2807 1165 eamdem
2849 1111 3314 1183 signiﬁcationem
3372 1114 3616 1183 habere,
3650 1133 3802 1189 quam

2190 1204 2243 1253 et
2263 1198 2461 1270 viginti
2492 1208 2729 1273 quatuor
2755 1202 2970 1272 sedilia,
2988 1221 3109 1277 qua;
3138 1206 3340 1278 viginti
3364 1216 3625 1280 quatuor
3644 1209 3805 1264 libros

2190 1286 2404 1343 Veteris
2434 1287 2767 1346 Testamenti
2794 1291 3130 1363 signiﬁcasse
3159 1294 3431 1351 diximus.
3469 1296 3694 1353 Sedilia
3721 1314 3805 1353 au;

2189 1383 2425 1432 temcum
2467 1394 2681 1452 semper
2708 1387 2867 1435 terrae
2913 1381 3179 1451 haereant,
3224 1400 3319 1440 eos
3347 1385 3443 1457 qui
3478 1384 3538 1440 in
3579 1386 3668 1441 eis
3727 1404 3802 1442 re-

2188 1464 2500 1537 quiescunt,
2530 1467 2598 1523 ad
2627 1475 2824 1523 terram
2862 1470 3268 1542 aliquantulum
3316 1472 3674 1530 incurvant:
3710 1478 3799 1531 alae

2187 1571 2319 1610 vero
2351 1571 2442 1610 eos
2472 1556 2671 1629 quibus
2700 1557 2915 1614 innexa:
2939 1568 3088 1627 sunt,
3119 1561 3189 1617 ad
3221 1564 3442 1620 excelsa
3475 1565 3796 1620 sublevant.

2187 1642 2335 1698 Libri
2387 1643 2556 1715 igitur
2600 1646 2800 1703 veteris
2843 1648 3175 1705 Testameuti
3232 1652 3486 1724 antiquis
3544 1654 3799 1725 patribus

482 1737 709 1792 cundum
755 1739 961 1796 αηίτηαι
1007 1741 1177 1797 simile
1206 1743 1395 1810 mulo,
1426 1752 1473 1800 ει
1504 1749 1713 1803 (em-um
1739 1751 1944 1807 animal
1969 1754 2078 1808 για,
2107 1736 2153 1797 Β
2190 1732 2386 1788 sedilia
2414 1733 2668 1804 fuerunt;
2720 1736 2850 1809 quia
2878 1754 2970 1794 eos
2999 1740 3305 1796 secundum
3336 1742 3598 1799 litteram
3644 1745 3798 1799 intel-

483 1825 603 1879 bens
630 1826 818 1895 facient
847 1830 1002 1899 quasi
1025 1832 1270 1906 hominis,
1303 1841 1349 1890 et
1377 1842 1627 1907 quartum
1655 1840 1861 1896 animal
1904 1842 2076 1898 simile

480 1915 677 1984 aquila:
704 1917 923 1973 volanti.
951 1919 1175 1992 Figuras
1205 1932 1440 1995 quatuor
1468 1927 1791 1984 animalium
1826 1947 1936 1987 non
1961 1949 2074 1988 om-

482 2019 579 2057 nes
597 2012 848 2061 auctores
875 2023 986 2062 uno
1028 2008 1191 2064 modo
1237 2023 1647 2084 exposuerunt;
1700 2018 1795 2074 sed
1840 2019 1908 2076 ab
1936 2020 2075 2077 anti-

480 2093 766 2167 quioribus
801 2096 963 2152 nobis
1005 2098 1270 2157 traditum
1309 2110 1408 2171 est,
1456 2112 1517 2160 ut
1546 2122 1640 2177 per
1678 2107 1890 2165 leonem
1921 2112 2075 2168 Mar—

480 2199 607 2239 cum
638 2184 1087 2258 intelligeremus,
1120 2206 1217 2262 per
1242 2191 1481 2248 vitulum
1510 2195 1738 2266 Lucam,
1772 2215 1866 2270 per
1894 2200 2071 2258 homi-

478 2287 602 2328 nem
633 2274 973 2346 Matthmum,
1002 2295 1098 2351 per
1125 2281 1367 2351 aquilam
1401 2285 1675 2341 volantem
1697 2286 1980 2357 Joannem;
2007 2308 2072 2349 eo

478 2361 626 2433 quod
658 2364 873 2421 Marcus
908 2382 940 2421 a
967 2367 1197 2424 desertis
1226 2369 1476 2443 incipiat,
1508 2374 1681 2430 Lucas
1707 2393 1737 2432 a
1765 2380 2070 2437 sacerdotio

477 2450 816 2519 Iudaeorum,
864 2454 1153 2512 Matthaeus
1203 2458 1272 2514 ab
1301 2458 1545 2530 homine,
1579 2462 1635 2517 id
1675 2473 1776 2533 est,
1807 2483 1837 2521 a
1862 2467 2065 2525 Christi

479 2543 845 2613 generatione,
876 2545 1110 2603 Joannes
1138 2563 1270 2603 vero
1298 2565 1329 2604 a
1355 2549 1647 2609 divinitate
1675 2554 1902 2614 Christi.
1938 2558 2067 2626 Qui-

476 2628 602 2685 dam
620 2648 752 2688 vero
771 2632 939 2689 alium
959 2634 1209 2691 ordinem
1240 2649 1545 2711 sequentes,
1577 2658 1673 2713 per
1701 2644 1911 2701 leonem
1935 2648 2066 2704 Mat-

475 2718 704 2790 thzeum,
747 2738 841 2793 per
862 2722 1101 2780 vitulum
1128 2726 1393 2793 Marcum,
1425 2746 1520 2799 per
1541 2729 1821 2789 hominem
1839 2735 2065 2806 Lucam,

476 2829 572 2885 per
598 2814 838 2886 aquilam
869 2831 999 2871 vero
1015 2816 1279 2873 Joannem
1302 2818 1646 2892 designatum
1664 2824 1833 2881 fuisse
1850 2836 2062 2899 putant.

474 2902 613 2958 Nam
674 2918 771 2973 per
817 2904 1049 2973 leonem,
1110 2908 1205 2979 qui
1261 2925 1358 2965 rex
1410 2918 1491 2966 est
1552 2912 1874 2988 bestiarum,
1942 2919 2065 2976 ideo

472 2988 793 3044 Matthmum
836 2989 1179 3063 designatum
1212 2995 1381 3052 fuisse
1419 2999 1633 3070 dicunt,
1669 3019 1733 3060 eo
1771 3006 1917 3078 quod
1949 3007 2063 3080 ipse

2186 1821 2433 1893 ligentes,
2470 1839 2815 1897 nequaquam
2861 1827 2927 1883 ad
2966 1843 3158 1885 eorum
3201 1830 3645 1902 intelligentiam
3696 1834 3795 1903 spi-

2185 1915 2401 1972 ritalem
2457 1934 2514 1973 se
2566 1919 2772 1990 erigere
2829 1922 3069 1992 perfecte
3128 1931 3464 1995 potuerunt:
3532 1924 3633 1979 sed
3685 1923 3795 1980 haec

2183 2005 2379 2062 sedilia
2431 2006 2686 2063 Patribus
2731 2009 2874 2065 Novi
2905 2011 3240 2069 Testamenti
3274 2012 3332 2067 in
3364 2012 3483 2068 alas
3525 2028 3791 2068 conversa

2183 2101 2348 2161 sunt;
2400 2096 2531 2167 quia
2587 2097 2761 2155 libros
2818 2100 3036 2157 Veteris
3092 2101 3429 2157 Testamenti
3463 2100 3794 2175 spiritaliter

2182 2182 2573 2257 intelligentes,
2637 2203 2732 2260 per
2782 2205 2974 2246 eorum
3030 2189 3339 2247 doctrinam
3395 2189 3469 2246 ad
3549 2192 3793 2247 ccelestia

2180 2275 2428 2349 quotidie
2467 2277 2844 2335 sublevantur.

2238 2374 2440 2431 Verum
2473 2375 2603 2448 quia
2631 2376 2723 2432 hic
2751 2392 3034 2445 numerus,
3064 2376 3121 2447 id
3149 2386 3232 2435 est
3280 2379 3484 2452 viginti
3528 2389 3785 2452 quatuor,

2179 2471 2238 2527 in
2266 2462 2369 2519 hoc
2409 2464 2552 2521 libro
2591 2482 2731 2538 saepe
2768 2467 3074 2533 invenitur,
3115 2468 3320 2540 placuit
3366 2478 3429 2524 ut
3483 2468 3557 2524 de
3610 2485 3783 2525 sacra-

2177 2554 2377 2609 mentis
2418 2553 2582 2626 hujus
2624 2556 2839 2612 numeri
2869 2573 3042 2629 pauca
3077 2557 3346 2614 dicamus.
3399 2558 3598 2613 Partes
3629 2575 3779 2614 nam-

2176 2657 2281 2714 que
2309 2641 2474 2714 hujus
2512 2646 2728 2701 numeri
2766 2653 2915 2715 sunt,
2967 2663 3128 2714 unus,
3159 2646 3291 2715 duo,
3335 2655 3470 2715 tres,
3513 2656 3777 2719 quatuor,

2174 2746 2292 2799 sex,
2323 2738 2469 2799 octo,
2511 2732 2826 2791 duodecim.
2873 2736 3024 2792 Unus
3053 2736 3147 2808 qui
3181 2736 3240 2792 in
3291 2736 3473 2808 capite
3525 2736 3779 2808 ponitur,

2173 2834 2343 2874 unum
2376 2822 2550 2877 Deum
2591 2823 2903 2896 signiﬁcat:
2953 2825 3066 2881 duo
3111 2842 3247 2882 vero
3287 2827 3385 2899 qui
3441 2835 3774 2900 sequuntur,

2173 2907 2282 2964 duo
2309 2919 2631 2967 testamenta
2656 2912 2907 2970 indicant
2941 2931 2953 2969 :
2985 2923 3095 2971 tres
3124 2915 3191 2971 ad
3218 2915 3554 2972 Trinitatem
3597 2917 3775 2988 perti-

2170 3004 2340 3054 nent:
2395 3008 2517 3071 post
2572 3009 2683 3058 tres
2730 3018 2844 3057 non
2894 3003 3352 3060 inconvenienter
3406 3014 3650 3077 quatuor
3677 3022 3769 3061 se-

474 3075 757 3133 Christum
804 3080 1104 3137 secundum
1162 3082 1459 3142 humanam
1517 3097 1766 3148 naturam
1786 3075 1876 3150 iex
1915 3075 2062 3170 regia
2093 3090 2136 3151 Ο
2179 3096 2405 3158 quntur,
2436 3088 2566 3160 quia
2588 3105 2684 3161 per
2714 3090 3022 3148 doctrinam
3073 3101 3312 3164 quatuor
3338 3075 3770 3165 Evangeliorum

473 3164 642 3239 stirpe
682 3166 1028 3228 descendisse
1065 3177 1396 3233 narraverit:
1449 3177 1565 3250 ipse
1613 3182 1778 3240 etiam
1817 3164 2063 3260 tempore

472 3257 781 3316 nativitatis
818 3259 936 3333 ejus
971 3264 1185 3321 stellam
1216 3269 1529 3339 apparuisse
1576 3271 1713 3330 dicit
1752 3257 1966 3347 (Manli.
1998 3297 2060 3350 ιι,

471 3344 554 3417 2),
607 3362 728 3419 qua;
781 3365 905 3407 eum
959 3353 1159 3425 Regem
1214 3357 1339 3412 coeli
1388 3365 1441 3414 et
1489 3367 1667 3431 terrae,
1720 3344 2057 3438 angelorum,

471 3434 872 3511 hominumque
925 3440 1095 3499 fuisse
1150 3443 1595 3507 demonstravit:
1656 3434 1838 3527 Magos
1895 3434 2060 3515 etiam

470 3527 646 3581 veluti
684 3528 881 3598 Regem
914 3532 1106 3587 mundi
1136 3534 1204 3590 ad
1233 3536 1573 3596 adorandum
1607 3559 1732 3599 eum
1762 3546 1829 3600 ab
1870 3546 2059 3603 Orien-

468 3620 523 3669 te
574 3614 862 3685 perduxit:
909 3618 1004 3707 sed
1053 3629 1107 3677 et
1150 3638 1331 3695 regem
1360 3634 1538 3697 terras,
1571 3629 1628 3685 id
1653 3640 1735 3688 est
1763 3633 2057 3707 Herodem,

468 3710 713 3774 tempore
764 3704 1072 3764 nativitatis
1128 3708 1246 3781 ejus
1291 3730 1417 3770 cum
1471 3717 1730 3776 omnibus
1790 3704 2058 3783 ministris

463 3790 580 3848 suis
601 3793 879 3851 turbatum
909 3795 1078 3854 fuisse
1108 3797 1277 3868 dicit;
1321 3803 1450 3876 quia
1488 3805 1632 3862 sicut
1679 3809 1913 3880 quilibet
1960 3831 2058 3871 rex

465 3882 560 3955 qui
590 3899 770 3955 parvae
802 3885 1060 3956 potentia)
1104 3896 1205 3959 est,
1250 3890 1295 3947 si
1334 3892 1567 3951 alterum
1596 3913 1775 3970 regem
1805 3901 1899 3973 qui
1932 3919 2059 3959 ma-

462 3988 581 4063 gnae
628 3975 887 4045 potentiae
934 3985 1037 4045 est,
1077 3990 1269 4040 contra
1312 4000 1388 4053 se,
1451 3992 1512 4041 ut
1559 4003 1785 4060 regnum
1826 3991 1943 4063 ejus
1974 3993 2055 4050 in-

462 4062 645 4132 vadat,
676 4064 866 4121 venire
895 4072 1237 4141 cognoverit,
1264 4077 1641 4134 contremiscit
1674 4086 1727 4135 et
1765 4062 2056 4141 conturba-

459 4157 552 4245 tur
581 4152 746 4245 (ibid.
779 4155 870 4226 3):
904 4157 981 4212 ita
1008 4167 1062 4215 et
1091 4161 1310 4219 Christo
1340 4164 1398 4221 in
1441 4182 1603 4223 carne
1649 4169 1923 4239 veniente,
1957 4172 2052 4245 qui

458 4237 576 4293 Rex
600 4239 823 4328 futurus
852 4253 968 4300 erat
1002 4250 1217 4318 mundi,
1261 4253 1501 4310 Herodes
1544 4256 1797 4315 turbatus
1849 4237 2051 4328 est,-et

458 4327 639 4382 omnis
681 4328 1064 4404 Hierosolyma
1106 4355 1231 4394 cum
1262 4339 1359 4395 illo
1392 4360 1405 4409 ;
1438 4359 1563 4399 nam
1594 4352 1648 4400 et
1677 4363 1903 4402 munera
1929 4365 2049 4420 quae

2173 3176 2308 3232 ﬁdes
2373 3179 2534 3235 nobis
2606 3188 2805 3237 sanctae
2868 3181 3156 3237 Trinitatis
3224 3182 3582 3239 manifestata
3628 3193 3767 3241 est:

2171 3272 2293 3336 post
2322 3274 2557 3338 quatuor
2585 3284 2715 3324 vero
2762 3285 2879 3337 sex,
2928 3269 3022 3342 qui
3055 3270 3329 3341 perfectus
3356 3278 3440 3327 est
3483 3288 3767 3341 numerus,

2170 3363 2502 3426 sequuntur;
2566 3357 2695 3428 quia
2757 3357 2877 3413 sine
2922 3356 3173 3415 doctrina
3228 3360 3527 3432 Evangelii
3582 3362 3766 3417 nullus

2168 3442 2236 3497 ad
2264 3443 2616 3514 perfectionis
2671 3445 2889 3503 culmen
2927 3447 3303 3505 conscendere
3360 3450 3585 3522 potuit;
3643 3451 3763 3524 quia

2182 3554 2200 3577 ι
2224 3530 2358 3598 Lex,
2380 3557 2398 3578 ι
2436 3534 2579 3591 sicut
2594 3533 2730 3591 dicit
2751 3537 3069 3607 Apostolus,
3106 3539 3354 3594 «nullum
3371 3539 3442 3595 ad
3464 3540 3755 3611 perfectum

2167 3618 2398 3677 adduxit
2432 3621 2623 3694 (Ibid.)
2652 3640 2665 3691 ;
2696 3646 2715 3672 ι
2780 3634 2903 3697 post
2952 3641 3051 3682 sex
3096 3634 3223 3684 octo
3261 3638 3594 3701 sequuntur,
3636 3629 3754 3703 quia

2165 3718 2290 3766 octo
2318 3718 2447 3766 sunt
2485 3712 2742 3782 virtutes,
2773 3730 2893 3786 qua)
2921 3715 3191 3773 dimicant
3218 3726 3415 3774 contra
3439 3718 3606 3785 vitia,
3647 3736 3753 3775 sine

2166 3814 2398 3872 quarum
2426 3802 2740 3872 operatione
2773 3805 2962 3861 nullus
2989 3805 3058 3861 ad
3088 3806 3372 3880 fastigium
3409 3809 3752 3881 perfectionis

2165 3888 2312 3945 valet
2337 3891 2737 3950 conscendere:
2771 3902 2894 3965 post
2931 3902 3055 3950 octo
3080 3904 3391 3968 sequuntur
3440 3897 3747 3965 duodecim,

2163 3978 2293 4050 quia
2319 3992 2416 4050 per
2443 3979 2753 4039 doctrinam
2794 3984 3169 4055 apostolorum
3221 3986 3291 4042 ad
3341 3986 3514 4044 ﬁdem
3570 4004 3746 4062 perve-

2163 4066 2366 4136 nimus,
2408 4084 2529 4141 qum
2572 4079 2747 4128 mater
2773 4080 2855 4130 est
2882 4074 3133 4130 omnium
3164 4074 3466 4133 virtutum.

2230 4176 2477 4244 Quatuor
2505 4194 2633 4252 ergo
2662 4180 2923 4238 animalia
2952 4182 3011 4238 in
3049 4183 3287 4240 circuitu
3318 4191 3375 4240 et
3405 4186 3561 4243 intus
3597 4187 3743 4260 plena

2158 4279 2274 4321 esse
2303 4266 2478 4324 oculis
2531 4268 2813 4326 dicuntur.
2841 4271 2944 4327 Per
2994 4272 3293 4330 circuitum
3327 4281 3514 4331 totum
3558 4290 3744 4347 corpus

2158 4354 2463 4429 intelligere
2477 4356 2757 4427 debemus;
2784 4377 2911 4417 nam
2941 4362 3195 4419 Ezechiel
3218 4380 3347 4420 cum
3373 4364 3445 4420 de
3461 4365 3536 4422 iis
3549 4366 3742 4421 anima-

455 4415 638 4528 Mag'qs
659 4416 878 4521 Christo
907 4420 1169 4507 obtulisse
1212 4437 1416 4527 narrat,
1446 4448 1569 4488 eum
1596 4435 1816 4506 Regem,
1848 4415 2045 4508 Deum,
2080 4453 2129 4512 1)
2156 4445 2303 4500 libus
2331 4415 2665 4521 loqueretur,
2690 4415 3035 4508 di'cittotum
3073 4468 3274 4524 corpus
3299 4470 3497 4511 eorum
3527 4457 3740 4528 plenum

452 4513 508 4563 et
561 4508 860 4566 Dominum
926 4528 1042 4569 esse
1098 4514 1347 4572 omnium
1399 4531 1772 4580 creaturarum
1819 4526 2042 4584 demon-

449 4606 645 4658 strant.
688 4602 929 4659 Marcum
957 4622 1088 4662 vero
1119 4602 1341 4680 propter
1369 4610 1777 4684 simplicitatem
1830 4620 2037 4694 eloquii

447 4704 545 4762 per
565 4690 807 4748 vitulum
835 4693 1109 4766 signatum
1138 4696 1307 4754 fuisse
1335 4698 1529 4759 dicunt
1553 4719 1564 4756 :
1598 4704 1799 4763 Lucam
1825 4726 1920 4781 per
1934 4690 2038 4767 ho-

445 4779 674 4850 minem,
714 4798 778 4838 eo
803 4784 950 4856 quod
988 4786 1104 4859 ipse
1150 4790 1556 4861 generationem
1588 4795 1797 4854 Christi
1826 4779 2037 4858 secun-

443 4868 576 4925 dum
615 4870 1012 4932 humanitatem
1042 4877 1259 4949 plenius
1287 4897 1451 4954 quam
1490 4886 1671 4941 caeteri
1704 4898 2031 4960 prosecutus

440 4968 548 5028 est;
599 4978 834 5036 namque
865 4965 934 5021 ab
980 4967 1100 5039 ipso
1149 4970 1383 5042 qualiter
1419 4973 1487 5030 ab
1516 4977 1710 5048 angelo
1737 4980 2032 5036 annuntia-

438 5055 530 5141 tus
570 5050 666 5141 sit,
716 5052 1034 5126 didicimus,
1085 5059 1320 5132 qualiter
1370 5071 1531 5120 natus
1580 5065 1722 5137 (37),
1792 5068 2030 5141 qualiter

436 5136 511 5230 sit
566 5137 623 5194 in
652 5142 915 5215 praesepio
953 5144 1182 5216 positus,
1214 5149 1452 5221 qualiter
1478 5136 1856 5224 circumcisus,
1896 5173 2025 5230 qua-

435 5224 563 5282 liter
612 5227 671 5283 in
716 5232 921 5302 templo
975 5242 1348 5307 prasentatus,
1417 5241 1654 5313 qualiter
1720 5224 2018 5317 usque-ad

433 5322 703 5373 maturam
731 5326 948 5377 atatem
967 5324 1261 5382 crescendo
1280 5331 1610 5399 pervenerit.
1641 5332 1906 5391 Joannem
1928 5351 2025 5408 per

429 5404 671 5476 aquilam
699 5407 1042 5482 designatum
1079 5412 1251 5471 fuisse
1278 5418 1465 5474 nullus
1484 5427 1588 5487 est,
1614 5421 1710 5494 qui
1746 5432 1925 5497 neget.

430 5531 619 5659 ei
651 5533 836 5593 Codex
863 5536 1044 5607 Gem.,
1072 5539 1364 5601 imitatione
1389 5552 1546 5620 atque
1572 5549 1815 5609 doctrina
1834 5555 2018 5633 proﬁ-

2150 4532 2321 4590 fuisse
2383 4536 2559 4593 oculis
2614 4539 2830 4611 (Ezech.
2893 4557 2931 4609 ι,
2984 4541 3095 4613 18).
3143 4542 3332 4600 Sancti
3394 4545 3572 4616 igitur
3608 4555 3743 4602 retro

2154 4623 2342 4680 oculos
2395 4623 2619 4696 habent,
2652 4627 2870 4700 quando
2917 4630 3204 4687 audientes
3253 4635 3740 4692 comminationem

2150 4712 2373 4769 Domini
2399 4714 2636 4773 dicentis
2665 4735 2677 4773 :
2725 4742 2745 4765 ι
2773 4719 2942 4775 Nemo
2972 4721 3199 4778 mittens
3221 4739 3451 4780 manum
3494 4741 3652 4782 suam
3688 4726 3740 4781 in

2149 4810 2411 4873 aratrum,
2462 4813 2518 4860 et
2571 4807 2842 4880 aspiciens
2892 4816 3059 4877 retro,
3111 4818 3274 4883 aptus
3316 4821 3401 4869 est
3444 4832 3617 4886 regno
3644 4816 3734 4872 Dei

2148 4889 2299 4961 (Luc.
2336 4911 2415 4963 rx,
2441 4894 2573 4968 62);
2617 4922 2636 4945 ι
2680 4904 2797 4954 tota
2840 4900 3047 4957 virtute
3090 4900 3363 4971 laborant,
3397 4920 3471 4960 ne
3499 4906 3560 4961 in
3607 4906 3738 4960 mala

2144 4996 2264 5053 quae
2300 4998 2356 5038 se
2384 4984 2678 5058 aliquando
2730 4989 2904 5060 egisse
2933 4991 3331 5061 meminerunt,
3374 4995 3729 5052 relabantur:

2142 5074 2394 5144 quamvis
2423 5090 2487 5132 ea
2513 5084 2640 5134 ante
2668 5080 2870 5136 mentis
2917 5082 3108 5137 oculos
3152 5081 3222 5138 ad
3250 5084 3602 5144 humilitatis
3628 5103 3731 5143 sua

2140 5162 2443 5220 custodiam
2475 5182 2675 5238 ponere
2731 5184 2841 5224 non
2885 5168 3179 5227 desistunt.
3235 5175 3385 5231 Ante
3432 5193 3493 5232 se
3549 5177 3729 5234 oculos

2138 5250 2363 5319 habent,
2393 5255 2612 5327 quando
2648 5257 2936 5316 audientes
2961 5277 3152 5319 vocem
3184 5262 3413 5320 Domini
3444 5264 3679 5322 dicentis
3710 5283 3721 5319 :

2149 5363 2169 5388 ι
2206 5342 2403 5400 Beatus
2450 5345 2545 5402 ille
2571 5362 2782 5415 servus,
2813 5364 2976 5421 quem
3029 5367 3156 5407 cum
3183 5354 3405 5409 venerit
3436 5355 3721 5423 Dominus,

2133 5431 2410 5492 invenerit
2436 5437 2997 5512 vigilantem,(Matth.
3030 5459 3189 5513 xxxv,
3219 5443 3288 5501 46
3309 5464 3325 5513 ;
3347 5471 3366 5495 ι
3383 5447 3562 5518 )bona
3588 5466 3720 5524 quae.

2205 5557 2587 5652 Qvupeerant
2615 5565 2683 5647 in.
2716 5564 2874 5636 edit.,
2922 5570 3269 5652 qualiter
3304 5577 3567 5646 angelo,"
3596 5595 3717 5652 qua.

2131 5630 2253 5689 liter
2278 5630 2483 5704 natus,-
2517 5652 2640 5711 quae
2667 5637 2727 5695 in
2763 5630 2893 5699 mss.
2926 5630 3039 5699 non
3077 5630 3437 5704 omittuntur.
