3880 6198
164 117 286 175 885

1066 119 1529 178 BERENGAUDI
1567 122 1942 180 EXPOSITIO
1981 124 2054 181 IN
2091 125 2597 185 APOCALYPSIN.

3378 134 3487 193 886

167 257 402 316 cunque
431 250 680 315 possunt,
723 243 937 317 operari
989 259 1103 301 non
1130 243 1409 316 desinunt,
1445 256 1503 305 ut
1531 257 1775 322 tempore
1802 250 1855 310 A
1886 249 2133 324 Cumque
2163 251 2256 307 ille
2291 253 2533 310 secundo
2580 254 2647 311 ad
2690 256 2994 313 eruendum
3028 274 3251 314 manum
3280 268 3485 316 exten-

168 333 382 389 mortis
427 348 560 402 suae,
608 334 848 389 Domino
877 333 1152 403 veniente,
1192 336 1367 408 parati
1401 335 1774 397 inveniantur.

167 422 221 476 A
270 421 521 477 sinistris
562 422 751 478 oculos
798 421 1019 492 habent,
1056 441 1182 480 cum
1230 425 1418 481 omnia
1450 432 1783 486 tentamenta

169 508 497 568 daemonum
534 519 692 567 scuto
723 510 852 567 ﬁdei
884 528 917 568 a
946 514 1224 570 mentibus
1250 515 1365 571 suis
1392 517 1701 588 repellunt:
1752 535 1785 575 a

170 600 398 658 dextris
426 603 615 659 oculos
644 602 867 672 habent,
896 620 1021 660 cum
1052 605 1290 662 sollicite
1341 615 1539 664 cavent
1578 625 1647 665 ne
1685 627 1783 682 pro

168 690 341 747 bonis
368 692 629 764 operibus
652 695 1012 750 extollantur.
1052 696 1179 751 Sive
1209 713 1241 752 a
1268 697 1480 754 dextris
1511 706 1564 755 et
1592 716 1623 755 a
1650 700 1781 757 sini-

168 781 305 837 stris
336 782 532 838 oculos
562 780 789 850 habent,
829 800 954 839 cum
1003 801 1095 840 eos
1130 801 1230 841 nec
1258 802 1515 858 prospera
1553 789 1778 860 erigere,

170 886 279 926 nec
301 869 540 926 adversa
576 878 804 942 possunt
832 872 1119 929 inclinare.
1154 873 1391 930 Inferius
1420 881 1565 937 517
1590 878 1779 934 oculos

168 966 408 1037 habent,
453 985 577 1025 cum
626 968 898 1026 desideria
949 971 1189 1027 carnalia
1231 974 1631 1046 exstinguenda
1659 974 1779 1030 cal-

165 1066 334 1114 cant:
370 1058 625 1130 superius
653 1060 843 1116 oculos
873 1059 1094 1129 habent,
1118 1078 1245 1117 cum
1275 1061 1342 1117 ad
1372 1063 1648 1118 caelestem
1676 1079 1781 1134 pa-

165 1147 336 1203 triam
374 1156 493 1204 toto
522 1148 721 1206 mentis
749 1149 1024 1205 desiderio
1052 1149 1316 1206 anhelant
1342 1168 1353 1205 :
1399 1150 1552 1207 intus
1588 1152 1779 1207 oculos

166 1234 402 1305 habent,
436 1237 570 1295 dum
600 1238 767 1297 corda
790 1255 888 1296 sua
910 1255 941 1295 a
960 1239 1199 1296 sordidis
1225 1239 1655 1312 cogitationibus
1682 1257 1778 1297 cu-

163 1327 448 1384 stodiunt.

235 1418 314 1472 Et
344 1417 581 1488 requiem
624 1434 730 1473 non
774 1418 1032 1474 habebant
1084 1419 1171 1475 die
1224 1437 1288 1475 ac
1320 1426 1468 1475 nocte
1512 1419 1777 1475 dicentia:

167 1505 419 1573 Sanctus,
455 1512 686 1575 sanctus,
717 1512 929 1562 sanctus
957 1508 1217 1563 Dominus
1264 1509 1407 1564 Deus
1432 1509 1777 1580 omnipotens,

163 1593 422 1662 quierat,
455 1600 504 1649 et
543 1594 635 1665 qui
662 1600 754 1664 est,
781 1601 831 1650 et
865 1596 959 1666 qui
984 1601 1235 1650 venturus
1272 1602 1365 1653 est.
1396 1595 1535 1663 Quia
1563 1594 1777 1667 requies
1811 1613 1858 1675 Β
1895 1591 2084 1667 (Ibid.)
2112 1615 2125 1665 ;
2159 1622 2177 1646 ι

165 1682 557 1755 reproborum,
582 1684 699 1739 vita
727 1700 965 1755 praesens
994 1692 1102 1752 est;
1136 1684 1386 1757 sequitur
1410 1690 1504 1740 eos
1533 1683 1776 1740 tribula-

164 1778 266 1848 tio,
298 1796 428 1852 quae
467 1779 634 1835 ﬁnem
682 1796 794 1836 non
821 1779 1019 1836 habet:
1048 1779 1186 1852 justi
1220 1788 1404 1836 autem
1443 1779 1501 1835 in
1530 1778 1637 1835 hoc
1663 1795 1775 1835 sae-

165 1868 291 1924 culo
336 1869 701 1938 tribulantur,
735 1878 796 1926 ut
840 1869 1084 1941 requiem
1126 1876 1386 1925 aeternam
1437 1867 1771 1941 possideant,

164 1956 386 2014 dicente
416 1958 588 2013 Paulo
614 1959 901 2030 apostolo:
951 1983 969 2005 σ
999 1959 1101 2014 Per
1147 1959 1350 2014 multas
1382 1956 1776 2015 tribulationes

164 2055 385 2120 oportet
418 2063 519 2102 nos
548 2046 779 2102 introire
808 2047 865 2101 in
895 2063 1122 2120 regnum
1153 2048 1253 2104 Dei
1288 2048 1429 2119 (Act.
1448 2064 1568 2114 xrv,
1599 2046 1714 2116 2i).
1741 2071 1760 2095 ι

162 2136 384 2192 Aliter:
425 2128 603 2192 sancti
632 2136 878 2209 requiem
909 2152 1020 2191 non
1052 2135 1275 2202 habent,
1298 2135 1428 2207 quia
1458 2150 1489 2190 a
1520 2134 1775 2192 laudibus

164 2224 261 2280 Dei
312 2231 370 2279 et
419 2223 765 2280 orationibus
798 2240 908 2279 non
955 2230 1188 2291 cessant,
1229 2222 1444 2279 dicente
1494 2222 1768 2278 Domino:

177 2336 196 2359 ι
226 2312 468 2384 Oportet
497 2330 712 2385 semper
739 2328 914 2381 orare,
947 2319 1001 2368 et
1030 2328 1139 2368 non
1171 2311 1403 2368 deﬁcere
1425 2311 1577 2382 (Luc.
1608 2327 1770 2380 xvnr,

170 2401 223 2473 1)
251 2420 265 2470 ;
298 2426 318 2449 ›
360 2409 419 2458 et
447 2401 652 2458 Paulus
674 2403 955 2475 apostolus
975 2402 1224 2475 loquitur
1252 2402 1441 2459 dicens
1466 2418 1478 2455 :
1514 2399 1772 2456 cSinein-

172 2492 527 2549 termissione
555 2500 727 2559 orate,
758 2492 817 2547 in
835 2492 1093 2549 omnibus
1113 2493 1312 2564 gratias
1341 2493 1483 2564 agite
1515 2494 1573 2565 (Ι
1597 2496 1771 2550 Thess.

182 2599 237 2650 v,
271 2583 386 2653 17).
420 2607 441 2632 ι
482 2582 587 2639 Sed
614 2582 969 2656 quaerendum
1001 2582 1162 2638 nobis
1214 2592 1316 2650 est,
1348 2584 1624 2655 quomodo
1652 2583 1772 2641 sine

174 2671 586 2728 intermissione
612 2688 767 2728 orare
797 2672 1091 2743 possimus.
1121 2672 1283 2728 Multi
1313 2672 1460 2727 enim
1492 2681 1642 2741 sunt,
1676 2673 1772 2746 qui

169 2777 287 2817 cum
333 2761 450 2817 sint
497 2761 705 2818 assidui
754 2761 810 2816 in
841 2760 1203 2829 orationibus,
1238 2760 1295 2815 in
1328 2760 1670 2832 psalmodiis,
1712 2761 1773 2818 in

171 2851 460 2908 missarum
514 2850 998 2919 celebrationibus,
1049 2858 1103 2906 et
1143 2850 1520 2922 eleemosynas
1572 2852 1773 2908 multas

170 2940 502 3012 largiantur;
579 2948 760 2996 tamen
836 2939 1091 3012 superbia
1163 2939 1449 3007 inﬂantur,
1526 2940 1770 2997 avaritiae
1800 2973 1843 3034 Ο

167 3029 384 3085 aestibus
425 3028 644 3097 ardent,
703 3030 961 3102 pecunias
1006 3044 1335 3102 quacunque
1376 3036 1490 3085 arte
1538 3036 1768 3101 possunt

165 3125 531 3190 congregant;
578 3118 636 3173 in
688 3126 901 3174 tantum
960 3125 1022 3173 ut
1076 3118 1241 3173 etiam
1293 3117 1439 3190 ipsos
1479 3134 1761 3190 pauperes,

167 3220 393 3277 quorum
424 3207 678 3263 misereri
708 3206 1031 3271 debuerant,
1070 3206 1397 3278 quibusdam
1429 3207 1766 3279 argumentis

166 3293 525 3366 insectantur,
547 3306 609 3352 ut
638 3313 708 3353 ex
736 3314 925 3353 eorum
960 3312 1128 3369 parva
1156 3296 1463 3353 substantia
1491 3312 1620 3368 opes
1640 3313 1765 3352 suas

166 3396 414 3460 augeant,
449 3389 702 3446 dicentes
745 3389 851 3445 hoc
896 3404 953 3444 se
1003 3388 1251 3461 legaliter
1276 3388 1474 3454 facere,
1503 3403 1628 3445 cum
1660 3387 1765 3445 ista

170 3480 255 3537 lex
280 3500 391 3540 non
421 3485 503 3541 sit
523 3483 644 3552 Dei,
667 3483 762 3540 sed
792 3481 1019 3554 stropha
1043 3481 1272 3538 diaboli.
1296 3482 1402 3539 Sed
1424 3489 1479 3537 et
1501 3482 1559 3538 in
1579 3500 1765 3540 mona-

167 3571 341 3627 steriis
365 3572 534 3628 multi
566 3571 954 3638 inveniuntur,
978 3570 1075 3642 qui
1096 3569 1156 3626 in
1177 3570 1408 3642 vigiliis,
1427 3570 1485 3626 in
1516 3571 1761 3643 psalmis,

168 3655 223 3712 in
265 3660 641 3729 orationibus,
688 3670 743 3717 et
789 3660 1082 3716 missarum
1126 3659 1589 3717 celebrationibus
1635 3667 1765 3716 sunt

167 3745 352 3818 dediti,
381 3758 435 3806 et
464 3757 654 3806 tamen
682 3749 765 3805 ira
796 3749 1097 3821 saepissime
1126 3755 1180 3804 et
1209 3748 1370 3806 facile
1400 3748 1761 3805 inﬂamman-

169 3842 287 3890 tur:
320 3839 549 3910 quidam
571 3855 703 3895 vero
731 3838 984 3895 ebrietati
1006 3846 1061 3895 et
1078 3840 1219 3911 gulae
1240 3837 1560 3895 deserviunt
1584 3857 1596 3894 :
1626 3838 1764 3911 qui-

172 3923 288 3981 dam
316 3927 479 3983 etiam
508 3926 700 3983 odium
734 3927 791 3983 in
827 3928 991 3985 corde
1022 3929 1185 4002 longo
1222 3935 1469 4002 tempore
1500 3935 1758 4001 portant:

175 4019 383 4089 quidam
436 4023 495 4078 in
539 4022 724 4091 bonis,
754 4038 874 4095 quas
918 4038 1074 4093 agere
1106 4022 1402 4092 videntur,
1448 4023 1664 4080 favores
1710 4031 1767 4081 et

177 4106 350 4166 laudes
377 4110 669 4168 hominum
701 4118 991 4184 quaerunt:
1026 4110 1249 4182 quidam
1280 4111 1512 4179 invidia,
1537 4111 1763 4184 quidam

177 4195 620 4271 detractionibus,
669 4210 765 4259 aut
801 4201 1015 4257 caeteris
1039 4200 1194 4256 vitiis
1240 4199 1643 4272 deprimuntur.
1691 4203 1764 4257 Et

177 4287 301 4357 quid
331 4290 535 4361 plura?
583 4291 814 4348 Omnem
845 4290 1192 4347 sanctitatem
1222 4306 1385 4363 quam
1415 4291 1763 4349 sermonibus
1790 4325 1839 4384 D

177 4392 450 4453 usurpant,
481 4385 728 4458 indignis
758 4384 1007 4442 moribus
1035 4384 1331 4458 deturpant
1369 4393 1531 4459 atque
1587 4384 1762 4442 deve—

177 4477 408 4529 nustant.
1624 4474 1651 4544 ι’

242 4558 324 4614 Ad
344 4560 573 4620 istorum
593 4579 722 4635 ergo
733 4563 1035 4620 caecitatem
1057 4561 1544 4619 demonstrandam
1574 4579 1760 4637 quam-

178 4640 292 4700 dam
322 4648 744 4708 similitudinem
774 4667 1095 4726 proponam.
1119 4652 1295 4707 Homo
1326 4651 1553 4724 quidam
1590 4670 1762 4727 usque

179 4732 242 4787 ad
266 4738 463 4797 collum
492 4742 709 4800 deﬁxus
735 4742 791 4797 in
829 4742 963 4797 limo
993 4739 1315 4807 tenebatur;
1340 4757 1575 4814 cumque
1598 4742 1761 4799 vidis-

180 4829 257 4877 set
321 4830 606 4897 quemdam
647 4837 1090 4903 praetereuntem,
1156 4830 1457 4886 extendens
1511 4847 1756 4902 manum,

182 4910 435 4976 clamabat
448 4921 636 4979 dicens
662 4942 673 4979 :
704 4923 963 4979 Miserere
992 4921 1120 4989 mei,
1140 4928 1194 4977 et
1214 4921 1442 4977 extrahe
1459 4938 1546 4978 me
1564 4922 1633 4978 ab
1654 4922 1761 4980 hoc

186 4997 308 5061 luto.
351 5005 593 5084 Cumque
617 5029 842 5069 manum
870 5011 1226 5079 extendisset,
1250 5018 1311 5066 ut
1339 5027 1464 5066 eum
1495 5010 1763 5068 extrahe—

183 5093 277 5155 ret,
306 5091 403 5150 iste
432 5114 653 5157 manum
685 5118 848 5174 quam
876 5099 1218 5167 extenderat,
1250 5098 1352 5155 sub
1390 5098 1509 5155 luto
1537 5099 1763 5155 demer-

182 5174 263 5263 sit.
294 5178 534 5258 Cumque
562 5189 656 5245 ille
685 5189 780 5263 qui
810 5187 878 5245 ad
910 5188 1314 5245 extrahendum
1344 5196 1593 5257 venerat,
1616 5205 1762 5246 rece—

180 5260 298 5323 dere
338 5273 523 5345 vellet,
568 5278 670 5336 iste
700 5260 914 5335 “iterum
960 5286 1021 5335 ut
1078 5284 1381 5347 erueretur,
1423 5277 1756 5350 postulabat.

1892 340 2062 409 deret,
2116 340 2219 397 iste
2268 340 2411 399 sicut
2456 343 2607 415 prius
2639 361 2860 401 manum
2909 347 3012 403 sub
3042 348 3160 404 luto
3203 349 3480 407 demersit.

1892 427 2140 501 Cumque
2167 429 2412 487 crebrius
2439 430 2544 489 hoc
2585 432 2807 502 faceret,
2835 434 2930 491 ille
2960 437 3134 493 iratus
3160 436 3340 494 dixit:
3374 439 3486 496 Cur

1890 518 2032 590 petis
2059 528 2122 575 ut
2147 520 2376 589 eruaris,
2403 537 2527 577 cum
2559 521 2617 577 in
2653 531 2746 578 tuo
2776 525 3022 595 periculo
3065 526 3353 598 persistere
3379 543 3486 584 ve-

1892 607 2010 663 lis?
2039 608 2110 663 Et
2138 609 2268 681 quia
2305 610 2588 668 interitum
2637 620 2789 669 tuum
2818 614 3025 687 diligis,
3077 616 3294 687 posside
3337 618 3484 690 quod

1890 696 2124 768 elegisti.
2159 697 2428 754 Similiter
2458 708 2513 756 et
2545 700 2636 756 isti
2661 703 2836 757 Deum
2860 703 3222 774 deprecantur
3246 705 3482 773 assidue,

1888 792 1953 840 ut
1978 802 2009 840 a
2037 785 2191 841 vitiis
2220 796 2516 854 eruantur;
2542 798 2595 844 et
2624 796 2808 845 tamen
2842 790 2959 861 ipsa
2999 791 3136 848 vitia
3165 793 3241 849 ita
3268 795 3486 867 ample-

1889 882 2135 943 ctuntur,
2166 884 2228 931 ut
2254 876 2321 932 ab
2347 877 2427 934 eis
2456 879 2611 934 nullo
2634 879 2797 935 modo
2817 880 3011 936 divelli
3039 884 3270 954 possint.
3296 884 3484 940 Pona-

1892 981 2013 1020 mus
2043 982 2169 1038 ergo
2199 975 2325 1023 ante
2354 968 2564 1037 oculos,
2595 968 2765 1026 duos:
2812 986 2985 1026 unum
3016 971 3239 1028 doctum
3271 973 3485 1030 assidue

1889 1063 2158 1125 orantem,
2189 1059 2534 1129 psallentem,
2567 1059 2761 1115 missas
2788 1061 3179 1131 celebrantem,
3212 1072 3266 1119 et
3296 1072 3480 1121 tamen

1888 1144 2218 1217 quibusdam
2249 1146 2401 1203 vitiis
2421 1148 2705 1205 subditum
2731 1167 2743 1204 :
2767 1149 3001 1205 alterum
3025 1166 3154 1207 vero
3175 1151 3483 1222 indoctum,

1888 1234 2140 1305 idiotam,
2196 1245 2440 1294 attamen
2486 1239 2730 1307 ﬁdelem,
2768 1241 2941 1296 Deum
2992 1240 3274 1297 timentem
3323 1249 3485 1315 atque

1887 1333 2183 1396 amantem,
2217 1329 2533 1400 proximum
2564 1328 2907 1401 diligentem,
2939 1331 3257 1403 patientem,
3289 1330 3486 1388 humi-

1888 1414 2017 1471 lem.
2064 1416 2199 1485 Quis
2245 1417 2444 1474 horum
2494 1418 2597 1474 tibi
2627 1418 2848 1476 videtur
2875 1420 3126 1491 Apostoli
3157 1420 3484 1478 sententiam

1888 1519 2153 1575 servasse,
2210 1523 2319 1579 qua
2374 1506 2547 1564 dicit:
2608 1530 2627 1555 ι
2680 1508 2810 1565 Sine
2864 1508 3271 1566 intermissione
3333 1518 3484 1567 orate

2215 1596 2310 1654 ille
2338 1599 2432 1671 qui
2481 1598 2697 1654 assidue
2725 1607 2864 1668 orat,
2893 1607 2947 1655 et
2975 1600 3301 1673 quibusdam
3330 1603 3486 1659 vitiis

1888 1683 2164 1756 subjacet:
2197 1702 2266 1741 an
2290 1687 2392 1743 ista
2421 1688 2516 1760 qui
2546 1687 2722 1745 nescit
2750 1704 2926 1756 orare,
2952 1696 3006 1744 et
3034 1696 3216 1747 tamen
3246 1692 3486 1749 mundus

1884 1781 1965 1829 est
2011 1791 2043 1830 a
2080 1776 2260 1846 vitiis,
2286 1784 2340 1833 et
2387 1776 2647 1849 operibus
2692 1777 2855 1835 bonis
2910 1777 3168 1835 deditus?
3215 1778 3486 1837 Omnibus

1884 1861 2053 1918 claret
2086 1862 2248 1920 istius
2297 1865 2672 1921 innocentiam
2714 1875 2879 1939 atque
2923 1865 3070 1922 bona
3106 1882 3271 1938 opera
3312 1869 3486 1941 magis

1884 1953 2148 2009 exaudire
2194 1955 2390 2024 Deum,
2424 1971 2587 2028 quam
2620 1955 2774 2012 illius
2801 1971 2984 2026 voces,
3031 1955 3195 2029 cujus
3222 1956 3339 2014 vita
3365 1959 3484 2032 qui-

1883 2046 2116 2105 busdam
2154 2049 2311 2106 vitiis
2361 2048 2647 2107 sordescit.
2696 2049 2795 2108 Ill’e
2844 2050 3013 2123 igitur
3049 2049 3167 2108 sine
3210 2051 3484 2110 intermis-

1883 2135 2038 2193 sione
2080 2145 2218 2208 orat,
2252 2138 2347 2212 qui
2393 2138 2650 2212 congruis
2696 2139 3037 2217 temporibus
3075 2150 3258 2198 mente
3289 2150 3343 2199 et
3380 2142 3483 2198 lin-

1884 2244 1988 2301 gua
2015 2232 2191 2286 Deum
2222 2230 2563 2302 deprecatur,
2597 2238 2651 2287 et
2681 2231 2740 2286 in
2758 2230 2919 2287 bonis
2948 2231 3206 2304 operibus
3232 2232 3484 2291 assiduus

1884 2327 1985 2375 est.
2020 2318 2127 2386 Qui
2158 2319 2377 2393 quando
2404 2319 2631 2388 dormit,
2663 2327 2758 2376 aut
2785 2321 3065 2393 aliquibus
3094 2322 3350 2394 operibus
3382 2321 3483 2379 hu-

1885 2424 2059 2463 manae
2082 2408 2210 2464 vita;
2240 2409 2560 2465 necessariis
2590 2417 2671 2466 est
2695 2418 3012 2482 occupatus,
3058 2427 3220 2484 opera
3257 2411 3373 2484 ejus
3402 2429 3483 2469 re-

1884 2495 2098 2568 fulgent
2122 2496 2180 2552 in
2209 2505 2509 2569 conspectu
2538 2497 2659 2566 Dei,
2689 2506 2744 2554 et
2772 2498 2891 2571 ipsa
2938 2506 3068 2555 sunt
3097 2500 3483 2558 intercessores

1883 2582 2002 2655 ejus
2040 2584 2184 2657 apud
2210 2587 2408 2654 Deum,
2439 2586 2583 2642 sicut
2602 2585 2670 2642 ad
2702 2586 3020 2644 Cornelium
3051 2587 3296 2660 loquitur
3323 2604 3482 2661 ange-

1886 2672 1993 2742 lus,
2057 2673 2282 2730 dicens:
2332 2699 2351 2722 σ
2379 2674 2667 2732 Orationes
2713 2682 2821 2731 tuae
2861 2683 2914 2731 et
2958 2675 3319 2749 eleemosynaa
3372 2683 3480 2734 tuas

1882 2771 2327 2819 commemorata;
2358 2772 2488 2820 sunt
2522 2764 2581 2820 in
2610 2771 2907 2837 conspectu
2936 2763 3033 2820 Dei
3064 2763 3207 2834 (Act.
3241 2782 3298 2834 x,
3330 2764 3411 2838 4).
3444 2790 3463 2813 ι

1956 2851 2099 2919 Quid
2120 2861 2301 2909 autem
2323 2861 2561 2927 quatuor
2579 2853 2841 2909 animalia
2869 2851 3244 2909 indesinenter
3263 2853 3470 2923 dicant,

1878 2941 2191 2998 audiamus:
2228 2943 2471 3011 Sanctus,
2514 2948 2746 3011 sanctus,
2777 2948 3008 3010 sanctus,
3043 2941 3297 2997 Dominus
3336 2944 3478 2999 Deus

1873 3033 2219 3105 omnipotens,
2258 3032 2351 3104 qui
2390 3038 2526 3101 erat,
2574 3039 2622 3087 et
2648 3030 2741 3102 qui
2769 3037 2863 3099 est,
2896 3037 2943 3086 et
2971 3031 3064 3103 qui
3098 3037 3347 3087 venturus
3377 3038 3470 3087 est.

1874 3122 1978 3178 Ter
2003 3132 2256 3180 sanctum
2299 3123 2474 3177 Deum
2504 3128 2764 3178 vocantes
2790 3119 2930 3191 (38),
2961 3119 3339 3177 demonstrant
3379 3121 3474 3178 Pa-

1877 3219 2016 3268 trem
2065 3220 2118 3267 et
2168 3210 2373 3267 Filium
2425 3218 2481 3266 et
2509 3208 2776 3282 Spiritum
2808 3215 3079 3264 sanctum.
3110 3208 3267 3276 Quod
3293 3218 3470 3265 autem

1874 3300 2105 3358 dicunt:
2163 3301 2425 3357 Dominus
2486 3302 2623 3355 Deus
2678 3299 3023 3371 omnipotens,
3075 3315 3105 3354 a
3159 3299 3475 3372 pluralitate

1871 3396 2219 3446 transeuntes
2263 3389 2332 3445 ad
2388 3389 2848 3462 singularitatem,
2908 3388 3209 3447 ostendunt
3256 3389 3472 3448 Patrem

1873 3488 1928 3537 et
1957 3479 2161 3537 Filium
2195 3488 2249 3537 et
2294 3478 2564 3553 Spiritum
2593 3487 2843 3536 sanctum
2871 3478 3039 3534 unius
3064 3494 3181 3535 esse
3224 3478 3472 3536 domina-

1873 3569 2066 3637 tionis,
2124 3569 2293 3625 unius
2343 3568 2585 3636 deitatis,
2651 3568 2818 3624 unius
2877 3568 3313 3640 omnipotentiae.
3368 3569 3473 3628 Sed

1872 3655 2230 3731 quaerendum
2263 3656 2424 3713 nobis
2451 3664 2555 3725 est,
2587 3656 2631 3711 si
2664 3664 2902 3730 quatuor
2931 3655 3193 3713 animalia
3230 3673 3342 3713 non
3389 3674 3473 3715 so-

1873 3746 1987 3802 lum
2032 3752 2269 3818 quatuor
2316 3745 2703 3819 evangelistas,
2747 3745 2839 3802 sed
2885 3754 2942 3802 et
2984 3762 3174 3803 omnes
3222 3747 3475 3805 doctores

1870 3834 2129 3907 Ecclesiae
2171 3834 2460 3907 designant
2485 3854 2498 3902 ;
2549 3850 2648 3890 cur
2675 3841 2919 3891 sanctam
2949 3833 3274 3890 Trinitatem
3303 3834 3473 3891 inde-

1872 3904 2118 3984 sinenter
2174 3904 2431 3981 invocare
2483 3922 2758 3991 dicantur,
2803 3939 2930 3980 cum
2975 3923 3151 3980 sancti
3210 3923 3311 3979 Dei
3360 3923 3473 3979 ali-

1873 4018 2095 4093 quando
2124 4017 2183 4072 in
2225 4014 2594 4084 orationibus,
2643 4013 2940 4088 aliquando
2969 4014 3027 4070 in
3056 4014 3310 4084 lectione,
3359 4015 3473 4072 ali-

1872 4106 2092 4181 quando
2127 4104 2185 4161 in
2212 4103 2626 4176 praedicatione,
2655 4112 2750 4159 aut
2791 4102 3024 4160 diversis
3053 4104 3474 4162 necessitatibus

1873 4204 2235 4268 occupentur.
2287 4193 2678 4250 Praedicatores
2728 4209 2856 4266 ergo
2889 4193 3065 4251 sancti
3120 4192 3253 4250 dum
3304 4194 3470 4251 ﬁdem

1871 4294 2071 4343 sanctae
2110 4284 2397 4342 Trinitatis
2444 4293 2499 4340 et
2547 4291 2729 4340 mente
2772 4284 3033 4355 retinent,
3080 4293 3135 4343 et
3186 4303 3279 4343 ore
3309 4285 3470 4359 proﬁ-

1871 4381 2081 4443 tentur,
2112 4373 2246 4430 dum
2280 4390 2445 4446 opera
2471 4373 2602 4431 ﬁdei
2629 4373 2956 4449 adimplent,
2977 4374 3109 4432 dum
3131 4375 3378 4433 eamdem
3410 4374 3470 4430 ﬁ-

1871 4464 1996 4523 dem
2025 4474 2079 4521 et
2094 4483 2259 4538 opera
2288 4465 2418 4521 ﬁdei
2439 4466 2861 4539 quibuscumque
2890 4472 3121 4538 possunt
3150 4464 3469 4537 praedicant,

1869 4556 2003 4613 dum
2036 4557 2199 4612 etiam
2222 4556 2279 4612 in
2310 4557 2656 4612 orationibus
2682 4564 2736 4611 et
2759 4556 2815 4611 in
2840 4556 3140 4627 gratiarum
3159 4555 3471 4613 actionibus

1870 4644 2049 4717 ipsum
2105 4646 2199 4717 qui
2248 4655 2331 4701 est
2372 4645 2556 4700 trinus
2614 4655 2669 4699 et
2720 4661 2864 4700 unus
2922 4647 3089 4710 Deus,
3138 4653 3369 4701 exorant
3417 4653 3472 4701 et

1871 4734 2119 4803 laudant,
2136 4736 2267 4791 dum
2287 4734 2591 4790 secundum
2612 4734 2958 4804 Apostolum,
2975 4734 3090 4789 sive
3113 4733 3465 4804 manducant,

1871 4824 1989 4879 sive
2022 4823 2240 4889 bibunt,
2288 4822 2474 4878 omnia
2514 4822 2573 4877 in
2604 4821 2829 4876 nomine
2855 4821 3079 4877 Domini
3108 4822 3233 4877 Jesu
3261 4821 3468 4881 Christi

1866 4911 2080 4969 faciunt
2129 4914 2186 4984 (Ι
2215 4913 2341 4968 Cor.
2372 4928 2429 4979 χ,
2461 4913 2570 4980 31;
2615 4913 2809 4968 Coloss.
2853 4928 2937 4976 ιιι,
2978 4914 3091 4984 17),
3142 4912 3467 4971 Trinitatem

1868 5008 2113 5057 sanctam
2144 4999 2522 5056 indesinenter
2548 4999 2831 5057 invocant.
2864 5000 3022 5069 Quod
3050 5008 3232 5058 autem
3274 5003 3470 5077 sequi-

1868 5099 1997 5148 tur:
2037 5089 2139 5156 Qui
2182 5095 2321 5157 erat,
2368 5096 2416 5146 et
2440 5089 2534 5161 qui
2560 5096 2654 5160 est,
2696 5096 2746 5146 et
2787 5091 2882 5163 qui
2906 5098 3158 5149 venturus
3195 5098 3313 5159 est;
3351 5091 3466 5165 jam

1869 5180 2124 5252 superius
2149 5179 2362 5236 dictum
2392 5188 2492 5237 est.

1944 5277 2125 5350 (Vers.
2160 5279 2215 5348 9,
2250 5278 2363 5351 10.)
2412 5281 2487 5336 Et
2529 5295 2646 5336 cum
2687 5280 2877 5337 darent
2918 5280 3018 5339 illa
3044 5280 3307 5338 animalia
3340 5283 3467 5355 glo-

247 5480 358 5558 (33)
386 5489 561 5565 Edit.,
594 5496 693 5554 Ter
736 5494 989 5570 spiritum
1024 5493 1244 5555 Domini
1279 5501 1519 5553 vocantes
1549 5511 1565 5564 ;
1599 5511 1754 5565 mss.,
1796 5498 1897 5556 Ter
1922 5503 2161 5555 sanetum
2186 5498 2356 5557 Deum
2384 5504 2642 5558 vocantes.
