3880 6198
469 154 576 212 887
756 218 760 222 _
1469 171 1564 227 AD
1604 175 1837 231 ()PERA
1875 176 1930 232 S.
1973 179 2014 233 A

2131 180 2303 239 ROSII
2342 182 2721 244 APPENDIX.
3718 201 3805 259 8%

467 282 608 338 riam
639 291 686 339 et
710 286 958 339 honorem
990 292 1037 341 et
1068 289 1465 348 benedictionem
1495 297 1689 353 sedenti
1723 316 1879 371 super
1907 302 2061 373 lthro-
2090 308 2138 365 A
2174 306 2392 377 quando
2435 308 2493 364 in
2534 313 2793 387 omnibus
2830 331 2950 389 quae
2979 329 3166 392 agunt,
3202 321 3493 378 honorem
3530 325 3642 380 Dei
3676 344 3803 399 qua~

2196 376 2201 377 κ
2536 380 2567 387 ,,
2845 376 2863 389 ,
3012 376 3039 392 ο
3134 376 3165 389 κ,
3684 376 3785 399 Ἰ...

466 389 614 440 num,
661 376 855 430 viventi
905 377 961 431 in
995 382 1187 436 scecula
1217 385 1528 439 saeculorum
1550 404 1571 450 ;
1602 390 1949 458 procedebant
1975 392 2068 446 vi-
2178 404 2326 451 runt.
2358 413 2467 452 non
2489 402 2946 475 suum.Superius
2977 409 3298 468 benedictio
3319 412 3507 468 tertio
3542 414 3677 470 loco
3707 434 3801 488 po-

468 463 597 488 Αἱ..ιέ
630 471 855 488 --.-ι-.-μ
888 468 1107 488 ,Αμ.’,.---
1188 477 1222 488 ν.
1340 473 1353 488 ι
1427 480 1437 488 .
1552 475 1562 484 ι
1635 478 1665 488 ..
1899 485 1907 488 -
1994 480 2008 488 .
2216 484 2226 488 -
2370 485 2382 488 _
2416 486 2423 488 _

462 463 597 533 ginti
623 471 855 536 quatuor
880 468 1109 521 seniores
1129 477 1248 525 ante
1267 473 1517 528 sedentem
1541 475 1598 528 in
1628 478 1832 545 throno,
1862 485 1910 533 et
1936 480 2062 535 ado-
2172 484 2344 550 nitur,
2370 485 2462 542 hic
2489 495 2672 545 autem
2704 491 2903 549 virtus:
2942 502 2995 551 et
3023 498 3151 570 quia
3180 500 3392 567 sancti,
3415 502 3565 557 dum
3615 463 3799 575 magna

462 559 659 614 rabant
688 561 938 616 viventem
959 562 1015 615 in
1040 566 1233 619 swcula
1259 569 1659 625 saeculorumJn
1691 570 1797 627 hoc
1828 573 1946 629 loco
1967 592 2064 647 per
2170 572 2403 643 faciunt,
2456 576 2859 638 benedicuntur
2893 584 2961 641 ab
2992 585 3341 659 hominibus,
3377 594 3670 648 convenit
3701 594 3794 648 vir-

462 658 700 722 quatuor
757 652 1037 721 animalia,
1068 663 1305 726 quatuor
1336 658 1461 712 libri
1492 660 1919 733 Evangeliorum
1956 666 2061 721 de—
2170 672 2259 721 tus
2304 681 2431 722 cum
2462 666 2867 727 benedictione.
2898 673 3001 730 Sed
3030 685 3300 747 quantum
3324 652 3522 735 sancti
3555 697 3666 752 pro
3694 698 3792 737 ma-

460 739 766 813 signantur:
812 759 906 813 per
932 744 1137 811 vi,inti
1168 755 1404 818 quatuor
1430 750 1690 820 seniores,
1724 754 1909 811 Patres
1939 758 2060 813 No-
2166 752 2294 824 gnis
2339 756 2597 826 operibus
2625 774 2747 831 quae
2786 760 3020 831 faciunt,
3053 765 3242 821 laudes
3286 768 3600 823 hominum
3658 769 3790 825 dete-

456 829 513 883 vi
546 831 876 886 Testamenti
898 832 1068 904 accipi
1102 844 1346 906 possunt.
1381 838 1627 904 Quatuor
1646 858 1771 912 ergo
1798 844 2058 901 animalia
2164 850 2401 913 stantur,
2436 846 2577 902 liber
2605 829 2845 905 domum
2895 829 3269 924 apostolorum
3327 856 3502 913 nobis
3556 857 3786 914 indicat.

456 922 685 991 gloriam
735 929 787 977 et
834 921 1097 980 honorem
1135 934 1187 982 et
1227 927 1667 988 benedictionem
1707 936 1919 992 sedenti
1952 956 2054 994 su-
2163 931 2297 987 Nam
2353 934 2542 990 Petrus
2596 944 2650 991 et
2708 939 2951 995 Joannes
2998 958 3123 997 011m
3172 943 3439 1000 Claudum
3470 957 3784 1015 δὲωόεδεῐη,

454 1028 549 1084 per
598 1012 885 1082 thronum,
946 1016 1157 1072 viventi
1202 1018 1257 1075 in
1289 1023 1487 1078 saecula
1513 1027 1836 1083 saeculorum
1869 1029 2048 1099 dant;
2160 1025 2214 1073 Θῐ
2266 1022 2515 1078 omnium
2563 1026 2709 1081 0011"
2769 1035 2950 1083 essent
2982 1028 3333 1088 ίηῐθηάθηῐθθ
3363 1033 3421 1089 in
3471 1050 3595 1102 803:
3632 1038 3782 1109 quasi

454 1102 583 1174 quia
617 1102 869 1159 doctrina
911 1106 1197 1179 Evangelii
1228 1110 1284 1164 in
1316 1112 1575 1170 universo
1606 1117 1735 1173 orbe
1768 1119 1968 1190 legitur
1999 1128 2052 1176 et
2159 1123 2257 1163 3113
2312 1108 2519 1167 νίΐῖῐιῑθ
2587 1112 2691 1169 hoc
2746 1115 2999 1185 fecerint,
3046 1118 3240 1176 Ρθῑΐυε
3287 1123 3589 1178 malorum
3626 1124 3783 1180 δεῦθ’

451 1190 799 1262 praedicatur,
844 1209 941 1265 per
981 1211 1143 1268 quam
1185 1199 1360 1269 gloria
1380 1210 1433 1257 et
1460 1202 1637 1260 honor
1657 1216 1708 1263 et
1736 1207 2049 1266 benedictio
2156 1195 2429 1256 dictiones
2466 1201 2900 1271 devitans,dixit
2922 1206 2989 1262 ad
3018 1222 3128 1262 eos:
3177 1234 3195 1256 ι
3229 1210 3351 1265 Viri
3382 1211 3614 1279 fratres,
3651 1213 3780 1284 quid

448 1280 597 1336 Patri
634 1288 687 1336 et
742 1282 886 1338 Filio
918 1292 972 1339 ct
1021 1286 1250 1357 Spiritui
1292 1298 1480 1347 sancto
1524 1292 1705 1351 datur.
1736 1297 1824 1352 Ad
1857 1315 2045 1355 vocem

449 1371 620 1441 igitur
661 1381 896 1445 quatuor
941 1376 1288 1448 animalium,
1322 1382 1519 1455 viginti
1544 1394 1779 1458 quatuor
1804 1391 2046 1449 seniores

445 1460 762 1517 ceciderunt
817 1471 943 1519 ante
1002 1465 1277 1524 sedentem
1310 1471 1369 1526 in
1398 1472 1623 1544 throno,
1669 1485 1721 1532 et
1771 1478 2044 1536 adorave—

444 1556 575 1604 runt
617 1549 898 1607 viventem
954 1554 1011 1609 in
1061 1559 1261 1613 saecula
1315 1562 1664 1633 saeculorum,
1697 1567 1826 1639 quia
1865 1571 2040 1627 sancti

2156 1302 2256 1342 nos
2302 1288 2620 1359 intuemini,
2672 1293 2826 1364 quasi
2874 1294 2933 1349 in
2963 1305 3148 1352 nostra
3187 1298 3397 1356 virtute
3426 1311 3531 1357 aut
3574 1302 3779 1373 pietate

2155 1374 2446 1433 fecerimus
2477 1378 2597 1451 (42)
2634 1380 2782 1437 hunc
2809 1383 3091 1441 ambulare
3122 1387 3150 1442 7
3179 1388 3324 1443 Deus
3355 1388 3678 1458 Abraham,
3725 1401 3776 1446 et

2152 1465 2297 1521 Deus
2340 1466 2509 1534 Isaac,
2555 1475 2610 1522 et
2642 1471 2788 1526 Deus
2826 1472 2992 1529 Jacob
3021 1475 3312 1531 suscitavit
3340 1477 3553 1533 Filium
3609 1495 3774 1535 suum

2147 1558 2333 1615 Iesum
2368 1561 2513 1631 (Act.
2544 1580 2628 1631 ιιι,
2666 1564 2756 1633 12,
2795 1566 2911 1637 13).
2946 1592 2965 1616 ι
3007 1569 3079 1623 Et
3109 1569 3167 1624 in
3203 1573 3612 1642 sequentibus:
3671 1599 3690 1620 ι
3713 1577 3769 1631 In

442 1637 539 1692 Dei
568 1654 662 1710 per
690 1641 1007 1698 universum
1049 1644 1234 1701 orbem
1285 1652 1593 1721 constituti,
1640 1637 1921 1713 audientes
1946 1658 2039 1714 do-
2070 1669 2113 1729 Β
2146 1648 2306 1721 cuius
2345 1653 2571 1708 nomine
2605 1662 2748 1710 ἃδῐεῖ
2778 1655 2871 1712 hic
2901 1674 3081 1713 60mm
3113 1658 3273 1716 "01353
3309 1677 3501 1719 8³³11³·
3538 1689 3557 1711 ’
3607 1665 3769 1721 δίωί·

440 1728 674 1784 ctrinam
729 1730 1040 1804 Evangelii,
1091 1735 1393 1795 humiliant
1420 1757 1475 1796 se
1506 1742 1561 1797 in
1593 1754 1888 1817 conspectu
1917 1749 2037 1817 Dei,

439 1824 502 1871 ut
532 1834 657 1873 cum
688 1818 809 1890 ipso
836 1821 1030 1877 vivant
1064 1822 1120 1877 in
1153 1827 1351 1882 sarcula
1378 1830 1728 1887 saeculorum.
1760 1836 1833 1889 Et
1864 1837 2041 1891 mitte-

440 1908 566 1962 bant
606 1926 830 1964 coronas
866 1917 1011 1975 518
1059 1931 1185 1969 suas
1214 1923 1334 1971 ante
1365 1919 1638 1986 thronum,
1665 1923 1908 1982 dicentes.
1940 1928 2042 1984 Per

436 2021 665 2061 coronas
720 2024 886 2080 opera
941 2010 1086 2067 bona
1117 2012 1285 2069 fuisse
1310 2014 1589 2087 designata
1616 2021 1866 2092 superius
1895 2024 2033 2095 (cap.

437 2111 513 2163 1v,
544 2112 679 2151 vers.
712 2095 769 2169 4)
802 2098 1079 2155 diximus:
1110 2103 1283 2159 sancti
1318 2120 1446 2175 ergo
1480 2123 1711 2165 coronas
1737 2126 1864 2167 suas
1912 2123 2037 2171 ante

434 2184 698 2243 thronum
756 2188 1033 2257 mittunt,
1100 2192 1234 2249 dum
1297 2196 1571 2270 quidquid
1624 2200 1755 2257 boni
1815 2214 2032 2276 agunt,

431 2276 545 2331 Deo
600 2276 873 2347 tribuunt,
921 2296 1033 2337 non
1079 2282 1205 2351 sibi,
1256 2286 1559 2343 secundum
1604 2292 1854 2362 Apostoli
1885 2310 2034 2366 prae-

430 2374 695 2436 ceptum:
772 2393 790 2416 ι
845 2368 949 2436 Qui
1006 2371 1276 2442 gloriatur
1306 2418 1321 2442 ,
1371 2374 1429 2431 in
1489 2378 1726 2435 Domino
1770 2382 2035 2454 glorietur

434 2454 522 2526 (ΙΙ
549 2456 672 2511 Cor.
706 2473 765 2525 x,
804 2458 915 2530 17).
949 2484 966 2506 ι

503 2546 683 2617 (Vers.
726 2548 838 2620 11.)
879 2548 1023 2616 Quid
1079 2559 1261 2610 autem
1314 2554 1524 2625 dicant,
1583 2559 1903 2619 audiamus:
1936 2564 2031 2620 Di-

429 2653 562 2709 gnus
618 2655 688 2707 es,
751 2639 972 2695 Domine
1024 2642 1166 2697 Deus
1212 2650 1411 2714 noster,
1458 2648 1690 2720 accipere
1727 2653 1957 2722 gloriam
1984 2662 2031 2711 et

426 2727 677 2782 honorem
700 2734 749 2783 et
784 2731 1050 2786 virtutem.
1076 2732 1338 2807 Superius
1368 2735 1515 2793 dixit
1544 2747 1779 2810 quatuor
1806 2744 2030 2799 anima-

426 2816 500 2871 lia
555 2819 781 2890 gloriam
839 2830 892 2877 et
926 2821 1189 2880 honorem
1223 2835 1275 2882 et
1303 2826 1742 2888 benedictionem
1774 2835 1889 2891 Deo
1922 2837 2028 2893 de-

422 2904 605 2960 disse:
656 2905 747 2961 hic
789 2916 970 2963 autem
1026 2911 1224 2983 viginti
1284 2923 1520 2986 quatuor
1561 2920 1803 2976 seniores
1832 2922 2026 2979 dicunt

2152 1738 2278 1793 liter
2316 1739 2517 1796 Paulus
2555 1749 2609 1797 et
2659 1743 2940 1801 Barnabas
2992 1763 3115 1803 cum
3161 1758 3425 1822 aegrotum
3451 1753 3515 1807 in
3547 1754 3769 1827 Lystris

2148 1837 2451 1897 sanassent,
2479 1838 2535 1886 et
2572 1833 2764 1904 populi
2794 1835 2996 1891 vellent
3026 1837 3103 1892 eis
3132 1839 3763 1909 sacriﬁcare,sciderunt

2148 1916 2476 1974 vestimenta
2505 1937 2622 1989 sua,
2655 1920 2936 1979 dicentes:
2985 1949 3003 1973 ι
3034 1925 3175 1995 Viri,
3205 1928 3338 1999 quid
3372 1928 3497 1987 haec
3530 1932 3764 1991 tacitis?

2146 2012 2200 2059 et
2228 2021 2329 2061 nos
2349 2006 2602 2065 homines
2630 2026 2841 2080 sumus,
2870 2012 3079 2071 similes
3102 2016 3261 2071 vobis
3291 2018 3433 2089 (Act.
3469 2022 3744 2093 Junii}.-

2146 2095 2440 2153 Possumus
2488 2106 2543 2153 et
2588 2098 2694 2156 hoc
2722 2101 2791 2157 de
2821 2102 3043 2161 Christo
3099 2106 3428 2181 intelligere,
3461 2127 3636 2184 quem
3678 2132 3759 2170 se-

2143 2186 2389 2243 cundum
2432 2187 2859 2261 humanitatem,
2910 2201 2963 2249 et
3009 2195 3260 2267 gloriam,
3291 2207 3345 2255 et
3374 2199 3677 2272 honorem,
3704 2215 3753 2261 et

2143 2272 2407 2331 virtutem
2447 2280 2718 2352 accepisse
2756 2283 3106 2341 manifestum
3139 2295 3241 2343 est.

2214 2361 2508 2436 Sequitur:
2563 2369 2700 2436 Quia
2749 2376 2805 2425 tu
2844 2375 3035 2428 creasti
3080 2378 3280 2445 omnia,
3311 2385 3360 2433 et
3389 2388 3627 2452 propter
3654 2402 3751 2438 co—

2144 2454 2391 2509 luntatem
2452 2462 2598 2513 tuam
2652 2467 2823 2530 erant,
2880 2469 2928 2517 et
2978 2471 3155 2520 creata
3210 2474 3349 2524 sunt.
3411 2471 3470 2526 Si
3506 2466 3632 2530 hoc
3687 2493 3749 2531 eo

2139 2558 2303 2598 sensu
2328 2543 2747 2619 intelligendum
2777 2558 2878 2620 est,
2908 2568 3019 2624 quo
3046 2562 3099 2610 et
3127 2555 3288 2612 illud:
3326 2559 3432 2626 Qui
3458 2560 3611 2631 fecit,
3630 2582 3747 2634 qua

2138 2631 2328 2701 futura
2370 2642 2536 2701 sunt;
2563 2652 2752 2695 omnes
2780 2655 2906 2711 ergo
2939 2640 3056 2713 (43)
3085 2653 3347 2704 creatura;
3377 2657 3546 2705 erant
3569 2631 3743 2726 inpo-

2138 2731 2342 2781 testate
2379 2735 2434 2782 et
2482 2729 2764 2786 voluntate
2820 2732 2962 2801 Dei,
3019 2742 3313 2811 antequam
3371 2751 3739 2799 crearentur:

2136 2822 2321 2870 creata
2366 2832 2498 2872 vero
2538 2827 2666 2874 sunt
2711 2837 2775 2876 eo
2821 2829 3083 2895 tempore,
3117 2841 3227 2897 quo
3264 2827 3543 2901 disposuit
3569 2833 3737 2888 Deus.

2135 2904 2253 2974 Ipse
2307 2904 2479 2976 igitur
2506 2909 2601 2980 qui
2635 2919 2836 2966 cuncta
2868 2914 3079 2970 creavit
3105 2932 3175 2970 ex
3206 2917 3408 2986 nihilo,
3441 2936 3631 2975 creare
3659 2922 3737 2976 di~

422 2991 651 3063 gloriam
675 3002 726 3049 et
758 2994 1021 3052 honorem
1048 3005 1101 3053 et
1132 3001 1398 3057 virtutem
1428 3006 1544 3060 Deo
1574 3009 1863 3081 accepisse,
1898 3012 2022 3066 vir-
2059 3025 2102 3085 ο
2134 2999 2330 3062 gnem”
2352 2995 2410 3049 in
2450 2996 2616 3053 "Obis
2645 3015 2741 3054 σοι’
2769 3001 3059 3072 mundum:
3091 3006 3185 3078 (lui
3208 3007 3352 3063 νίνίῑ
3381 3015 3437 3064 θί
3464 3018 3659 3081 regni“
3678 3011 3733 3066 in

420 3089 594 3137 tutem
653 3098 751 3155 pro
806 3083 1189 3146 benedictione
1243 3102 1644 3153 commutantes
1705 3099 1843 3171 (39).
1877 3100 2014 3167 Quid

2131 3084 2330 3139 saecula
2357 3088 2709 3157 saeculorum,
2740 3106 2920 3146 amen.

420 3188 550 3229 vero
579 3173 779 3249 aliquis
807 3178 921 3234 Deo
950 3177 1079 3235 dare
1108 3190 1306 3254 potest,
1338 3194 1439 3242 aut
1466 3187 1599 3259 quid
1639 3189 1784 3245 Deus
1811 3190 1880 3245 ab
1908 3192 2022 3247 ali—

418 3278 527 3337 quo
573 3266 818 3339 accipere
865 3279 1075 3341 potest;
1117 3288 1242 3328 cum
1284 3273 1399 3346 ipse
1475 3278 1740 3334 creaverit
1795 3282 2016 3350 omnia;

416 3359 472 3408 et
522 3354 639 3411 sine
666 3372 773 3429 quo
801 3358 943 3414 nihil
973 3376 1088 3416 esse
1108 3369 1286 3433 potest
1316 3371 1369 3419 et
1391 3364 1484 3438 qui
1510 3364 1646 3423 dicit
1684 3367 1742 3422 in
1774 3368 2019 3440 Evange-

418 3442 493 3498 lio
523 3460 534 3498 :
585 3468 602 3491 ι
634 3445 762 3502 Sine
792 3464 879 3502 me
909 3450 1050 3504 nihil
1083 3453 1313 3521 potestis
1349 3453 1526 3511 facere
1549 3456 1832 3527 (Joan.xv,
1861 3460 1954 3531 5)?
1987 3486 2005 3508 ι

415 3531 473 3588 Si
512 3532 658 3586 enim
689 3536 865 3590 sancti
897 3536 1016 3593 sine
1046 3541 1160 3593 Deo
1189 3540 1331 3595 nihil
1363 3552 1594 3612 possunt
1624 3545 1821 3614 facere,
1882 3548 2015 3620 quid

414 3633 646 3697 possunt
691 3625 822 3681 dare
864 3627 999 3684 illi?
1051 3630 1225 3701 Igitur
1275 3634 1404 3705 quia
1443 3635 1735 3693 hominum
1779 3639 1906 3695 talis
1935 3648 2016 3697 est

416 3722 635 3784 natura,
680 3723 743 3771 ut
798 3716 939 3773 nihil
984 3718 1117 3775 boni
1171 3736 1200 3775 a
1231 3738 1286 3777 se
1317 3721 1515 3780 habere
1549 3726 1776 3797 possint,
1809 3729 1914 3786 nisi
1946 3733 2014 3789 ab

414 3808 534 3881 ipso
592 3809 885 3881 accipiant,
946 3812 1040 3884 qui
1079 3821 1160 3870 est
1209 3830 1424 3871 summe
1479 3816 1694 3887 bonus;
1746 3820 1839 3877 dat
1869 3825 2014 3880 Deus

414 3899 618 3956 sanctis
661 3901 797 3971 suis,
855 3902 1001 3959 unde
1051 3903 1157 3977 ipsi
1185 3921 1309 3961 eum
1340 3917 1691 3966 remunerent
1727 3911 1866 3985 (40).
1900 3915 2014 3971 Re-

412 4007 581 4064 gnum
620 4009 857 4067 namque
895 3996 1163 4051 coelorum
1186 3998 1333 4052 Deus
1354 3999 1611 4069 promisit
1642 4003 1846 4061 sanctis
1873 4005 2008 4074 suis,

410 4085 653 4135 attamen
701 4080 745 4135 si
779 4082 1018 4153 pretium
1068 4084 1341 4141 bonorum
1375 4104 1598 4159 operum
1633 4105 1731 4161 pro
1760 4107 1823 4147 eo
1853 4091 2011 4149 dede-

411 4166 560 4221 rint:
622 4175 675 4223 et
722 4168 851 4239 quia
892 4172 1051 4228 electi
1100 4173 1205 4230 hoc
1231 4175 1468 4246 pretium
1502 4194 1611 4233 non
1644 4177 1865 4249 habent,
1900 4182 2008 4238 nisi

409 4253 477 4310 ab
516 4255 636 4326 ipso
670 4258 944 4329 accipiant
975 4278 989 4327 ;
1041 4261 1156 4333 ipse
1199 4264 1293 4319 dat
1325 4266 1584 4335 pretium,
1614 4270 1759 4326 unde
1788 4270 1855 4326 ab
1888 4270 2007 4343 ipso

2573 3235 2668 3290 DE
2695 3235 2976 3294 VISIONE
3005 3238 3288 3298 TERTIA.

2202 3358 2314 3431 (44)
2366 3361 2485 3416 Non
2536 3363 2991 3424 inconvenienter
3017 3375 3141 3440 post
3162 3370 3498 3444 descriptam
3530 3374 3729 3431 Eccle-

2127 3432 2220 3501 siae
2259 3448 2488 3504 formam
2520 3452 2728 3523 apertio
2760 3454 2887 3510 libri
2932 3432 3179 3527 ponitur,
3208 3432 3492 3533 perquam
3521 3465 3726 3536 apertio

2126 3537 2442 3594 divinarum
2465 3540 2876 3614 Scripturarum
2907 3544 3246 3619 designatur;
3271 3552 3404 3622 quia
3441 3562 3722 3627 postquam

2124 3642 2157 3681 a
2183 3628 2387 3683 sanctis
2407 3629 2675 3700 apostolis
2704 3633 3023 3706 ceterisque
3053 3636 3514 3707 praedicatoribus
3544 3643 3721 3699 Eccle-

2123 3720 2203 3776 sia
2258 3720 2316 3777 in
2370 3725 2624 3794 gentibus
2665 3726 2896 3784 fundata
2947 3738 3050 3798 est,
3082 3730 3211 3787 libri
3243 3732 3465 3791 Veteris
3492 3753 3560 3793 ac
3585 3737 3717 3792 Novi

2123 3812 2457 3871 Testamenti
2497 3817 2803 3874 secundum
2857 3821 3213 3893 apostolicam
3263 3824 3435 3882 ﬁdem
3465 3844 3498 3882 a
3522 3829 3716 3886 sanctis

2121 3908 2440 3968 doctoribus
2469 3913 2709 3986 expositi
2745 3924 2894 3973 sunt.

2192 4009 2420 4067 CAPUT
2440 4011 2782 4084 V.—(Vers.
2819 4015 2897 4088 1.)
2928 4017 3003 4072 Et
3029 4017 3140 4073 vidi
3166 4019 3226 4073 in
3253 4018 3479 4079 dextera
3502 4024 3716 4080 sedentis

2118 4114 2276 4170 super
2306 4100 2554 4155 thronum
2586 4102 2781 4158 librum
2800 4104 3054 4177 scriptum
3078 4108 3223 4163 intus
3250 4116 3303 4165 et
3327 4110 3495 4180 foris,
3535 4115 3711 4186 signa—

2121 4194 2229 4243 tum
2276 4188 2473 4260 sigillis
2523 4198 2733 4262 septem.
2777 4194 2857 4249 De
2880 4193 3108 4252 dextera
3130 4206 3185 4253 et
3209 4199 3412 4272 sigillis
3438 4203 3586 4274 quod
3616 4204 3707 4258 D0-

2117 4279 2302 4335 minus
2339 4278 2575 4349 dederit,
2609 4282 2666 4337 in
2709 4284 3067 4358 sequentibus
3094 4286 3381 4345 dicemus:
3417 4291 3565 4348 liber
3589 4309 3709 4349 vero

408 4351 594 4401 emant
649 4344 819 4400 vitam
868 4355 1149 4405 aeternam.
1182 4353 1326 4407 Dant
1359 4353 1542 4427 itaque
1570 4359 1741 4413 sancti
1774 4360 2000 4426 gloriam
2030 4390 2077 4449 Β
2115 4367 2350 4439 scriptus
2400 4344 2631 4428 intus'et
2665 4344 2803 4429 foris
2833 4390 2945 4429 non
2975 4377 3153 4431 solum
3198 4378 3373 4435 Vetus
3403 4381 3705 4438 Testamen-

406 4436 520 4491 Deo
542 4433 761 4507 quando
781 4434 1053 4508 quidquid
1074 4436 1205 4492 boni
1225 4438 1457 4503 faciunt.
1488 4459 1553 4497 eo
1585 4445 1769 4501 studio
1792 4447 2000 4504 faciunt

404 4530 467 4579 ut
500 4522 839 4596 glorificetur
886 4525 1033 4581 Deus
1086 4543 1182 4599 per
1237 4527 1406 4599 ipsos,
1464 4531 1606 4589 sicut
1636 4534 1750 4605 ipse
1777 4536 1915 4593 dicit
1941 4538 1999 4594 in

402 4610 743 4685 Evangelio:
804 4635 822 4658 ι
880 4612 1117 4669 Videant
1180 4615 1296 4687 (41)
1338 4626 1522 4673 vestra
1559 4620 1700 4676 bona
1731 4640 1915 4695 opera,
1947 4634 2003 4682 et

402 4700 710 4775 gloriﬁcent
733 4701 950 4759 Patrem
983 4713 1249 4775 vestrum,
1274 4707 1367 4780 qui
1401 4707 1456 4763 in
1487 4711 1640 4767 cmlis
1666 4721 1747 4768 est
1782 4716 1995 4785 (Matth.

400 4811 457 4865 v,
495 4795 607 4869 16)‘.
646 4821 665 4844 ι
714 4797 849 4854 Nam
903 4806 956 4854 et
1008 4800 1244 4857 Joannes
1275 4802 1497 4860 Petrum
1528 4805 1665 4863 dicit
1696 4817 1871 4866 morte
1899 4828 1998 4869 sua

395 4884 572 4942 Detlm
618 4886 945 4946 clariﬁcasse
995 4888 1177 4962 (Joan.
1224 4908 1348 4961 xxx,
1388 4894 1501 4966 19).
1532 4896 1677 4953 Dant
1704 4898 1993 4973 honorem,

468 5030 584 5103 (39)
633 5032 911 5103 Ita_mss.;
942 5032 1075 5090 edit.
1109 5050 1259 5103 vero,
1297 5045 1345 5093 et
1373 5039 1774 5097 benedictionem
1810 5063 1845 5100 a
1879 5047 1991 5103 Deo

392 5101 766 5176 accepAisseL
793 5102 1040 5176 virtutem
1065 5123 1165 5176 pro
1194 5101 1538 5167 benedictione
1560 5101 1917 5173 commutavit.

467 5172 582 5253 (ftO)
641 5173 816 5240 Edit.,
865 5175 1000 5256 unde
1040 5172 1150 5247 ipse
1177 5196 1261 5234 eos
1290 5189 1585 5237 remaneret
1613 5201 1631 5238 :
1664 5201 1817 5256 mss.,
1851 5172 1988 5246 unde

389 5240 494 5313 ipsi
521 5240 635 5298 eum
662 5251 1012 5301 remanerent.

463 5313 581 5385 (41)
604 5315 730 5400 “Sic
780 5330 970 5395 omnes
1007 5332 1181 5400 _ms‘s.._;_
1228 5321 1384 5400 edi_t.‘
1419 5341 1572 5400 vero,
1609 5335 1669 5383 ut
1693 5330 1990 5400 gloriﬁcent

388 5381 566 5471 neum
597 5387 828 5449 Patrem,
884 5386 1020 5441 sicut
1072 5381 1245 5445 Filius
1288 5394 1384 5448 Dei
1428 5381 1983 5471 dictaqn'aaaa;

390 5458 477 5508 etc
484 5496 496 5507 .

460 5522 577 5596 (42)
619 5525 795 5595 Edit.,
844 5527 1040 5586 virtute
1072 5538 1168 5586 aut
1189 5538 1446 5603 potestate
1471 5535 1768 5607 fecerimus.
1799 5544 1871 5600 Et
1900 5543 1983 5600 in-

2110 4466 2250 4525 tum,
2273 4458 2365 4513 sed
2395 4466 2449 4513 et
2466 4459 2682 4517 Novum
2711 4462 3006 4534 signiﬁcat,
3042 4467 3137 4539 qui
3169 4466 3323 4524 intus
3362 4471 3606 4544 scriptus
3634 4478 3707 4527 est

2110 4546 2411 4601 secundum
2451 4548 2807 4622 allegoriam,
2850 4553 2988 4609 foris
3041 4558 3344 4614 secundum
3395 4558 3704 4617 historiam.

2110 4634 2212 4691 Hic
2242 4634 2411 4707 igitur
2431 4636 2572 4693 liber
2608 4648 2770 4696 vetus
2796 4649 2851 4698 et
2880 4659 3086 4699 novum
3120 4645 3539 4708 Testamentum
3570 4653 3628 4708 in
3654 4668 3706 4708 se

2107 4726 2386 4794 continet;
2436 4727 2567 4800 quia
2608 4731 2880 4803 spiritalis
2905 4733 3273 4808 intelligentia
3296 4738 3358 4795 in
3391 4740 3585 4799 Veteri
3615 4744 3704 4799 Te-

2106 4820 2376 4871 stamento
2422 4816 2565 4873 nihil
2613 4825 2694 4874 est
2722 4819 2894 4889 aliud,
2938 4838 3100 4895 quam
3130 4825 3350 4883 Novum
3396 4828 3703 4887 Testamen-

2104 4911 2244 4961 tum.

2101 5052 2205 5120 ira,
2261 5053 2461 5121 Iesum,
2506 5056 2565 5131 in
2603 5057 2756 5128 cujus
2780 5059 2990 5116 nomine
3031 5062 3115 5118 hic
3165 5068 3271 5119 stat
3297 5052 3485 5122 ceram
3512 5067 3699 5131 vobis;

2101 5141 2234 5181 mss.
2258 5134 2439 5181 autem
2461 5135 2524 5183 ut
2551 5128 2609 5184 in
2636 5137 2922 5186 contextu.

2174 5194 2301 5280 (43).
2328 5198 2548 5254 Eaedem
2604 5200 2760 5268 edit.,
2815 5208 2864 5255 et
2899 5209 3075 5259 creata
3121 5207 3294 5262 sunt?
3338 5208 3533 5263 Omnes
3559 5226 3693 5280 ergo,

2098 5273 2243 5351 etc..;‘
2288 5268 2711 5351 lacunammvero
2760 5283 3013 5351 reparant
3039 5292 3230 5351 omnes
3279 5293 3411 5333 mss.
3467 5268 3692 5351 excepto

2097 5336 2195 5392 ubi
2229 5337 2483 5410 legimus,
2525 5341 2584 5397 Si
2628 5349 2802 5411 erant,
2820 5336 3093 5414 'quomodo
3123 5354 3299 5403 creata
3328 5357 3477 5405 sunt.
3514 5336 3690 5408 Omnes

2095 5416 2480 5570 :rga’bftﬁom.
2514 5482 2648 5539 edit.
2680 5486 2903 5570 proprio
2914 5496 3115 5570 marte.
3132 5487 3488 5570 jugulaverat
3515 5499 3684 5549 totum

2094 5546 2244 5607 hunc
2266 5546 2585 5628 prologum,
2606 5546 2874 5631 usque‘ad
2901 5559 2977 5615 Et
3001 5546 3151 5628 vidi,’
3165 5546 3271 5617 etc.
