  <div class='ocr_page' id='page_1' title='image "/cluster/home/n/w/nwhite01/storage/ocr_20150623/17/uva.x000826553/452.png"; bbox 0 0 3880 6198; ppageno 0'>
   <div class='ocr_carea' id='block_1_1' title="bbox 115 232 2517 295">
    <p class='ocr_par' dir='ltr' id='par_1_1' title="bbox 115 232 2517 295">
     <span class='ocr_line' id='line_1_1' title="bbox 115 232 2517 295; baseline 0.003 -10"><span class='ocrx_word' id='word_1_1' title='bbox 115 236 216 295; x_wconf 81' lang='lat'><strong>889</strong></span> <span class='ocrx_word' id='word_1_2' title='bbox 1000 232 1455 291; x_wconf 82' lang='lat' dir='ltr'><strong>BERENGAUDI</strong></span> <span class='ocrx_word' id='word_1_3' title='bbox 1492 233 1867 292; x_wconf 82' lang='lat' dir='ltr'><strong>EXPOSITIO</strong></span> <span class='ocrx_word' id='word_1_4' title='bbox 1904 235 1977 291; x_wconf 78' lang='lat' dir='ltr'><strong>IN</strong></span> <span class='ocrx_word' id='word_1_5' title='bbox 2013 234 2517 294; x_wconf 80' lang='lat' dir='ltr'><strong>APOCALYPSIN.</strong></span> 
     </span>
    </p>
   </div>
   <div class='ocr_carea' id='block_1_2' title="bbox 3309 239 3416 299">
    <p class='ocr_par' dir='ltr' id='par_1_2' title="bbox 3309 239 3416 299">
     <span class='ocr_line' id='line_1_2' title="bbox 3309 239 3416 299; baseline -0.019 0"><span class='ocrx_word' id='word_1_6' title='bbox 3309 239 3416 299; x_wconf 82' lang='lat'><strong>890</strong></span> 
     </span>
    </p>
   </div>
   <div class='ocr_carea' id='block_1_3' title="bbox 197 356 3416 438">
    <p class='ocr_par' dir='ltr' id='par_1_3' title="bbox 197 356 3416 438">
     <span class='ocr_line' id='line_1_3' title="bbox 197 356 3416 438; baseline 0.002 -23"><span class='ocrx_word' id='word_1_7' title='bbox 197 358 375 431; x_wconf 86' lang='lat' dir='ltr'><strong>(Vers.</strong></span> <span class='ocrx_word' id='word_1_8' title='bbox 431 356 512 427; x_wconf 78' lang='lat'><strong>2.)</strong></span> <span class='ocrx_word' id='word_1_9' title='bbox 558 359 631 413; x_wconf 87' lang='lat' dir='ltr'><strong>Et</strong></span> <span class='ocrx_word' id='word_1_10' title='bbox 676 358 785 412; x_wconf 82' lang='lat' dir='ltr'><strong>vidi</strong></span> <span class='ocrx_word' id='word_1_11' title='bbox 828 358 1070 427; x_wconf 76' lang='lat' dir='ltr'><strong>angelum</strong></span> <span class='ocrx_word' id='word_1_12' title='bbox 1097 357 1305 426; x_wconf 81' lang='lat' dir='ltr'><strong>fortem,</strong></span> <span class='ocrx_word' id='word_1_13' title='bbox 1338 358 1709 429; x_wconf 67' lang='lat' dir='ltr'><strong>praedicantem</strong></span> <span class='ocrx_word' id='word_1_14' title='bbox 1745 364 1795 423; x_wconf 83' lang='grc' dir='ltr'><strong>Α</strong></span> <span class='ocrx_word' id='word_1_15' title='bbox 1823 369 2005 417; x_wconf 86' lang='lat' dir='ltr'><strong>autem</strong></span> <span class='ocrx_word' id='word_1_16' title='bbox 2047 369 2267 432; x_wconf 82' lang='lat' dir='ltr'><strong>propter</strong></span> <span class='ocrx_word' id='word_1_17' title='bbox 2313 361 2694 419; x_wconf 79' lang='lat' dir='ltr'><strong>fortitudinem</strong></span> <span class='ocrx_word' id='word_1_18' title='bbox 2734 372 3003 432; x_wconf 79' lang='lat' dir='ltr'><strong>vocatur;</strong></span> <span class='ocrx_word' id='word_1_19' title='bbox 3053 366 3183 438; x_wconf 88' lang='lat' dir='ltr'><strong>quia</strong></span> <span class='ocrx_word' id='word_1_20' title='bbox 3227 366 3416 423; x_wconf 86' lang='lat' dir='ltr'><strong>diabo-</strong></span> 
     </span>
    </p>
   </div>
   <div class='ocr_carea' id='block_1_4' title="bbox 120 447 1713 521">
    <p class='ocr_par' dir='ltr' id='par_1_4' title="bbox 120 447 1713 521">
     <span class='ocr_line' id='line_1_4' title="bbox 120 447 1713 521; baseline 0 -16"><span class='ocrx_word' id='word_1_21' title='bbox 120 460 239 505; x_wconf 69' lang='lat' dir='ltr'><strong>voce</strong></span> <span class='ocrx_word' id='word_1_22' title='bbox 284 464 498 513; x_wconf 83' lang='lat' dir='ltr'><strong>magna.</strong></span> <span class='ocrx_word' id='word_1_23' title='bbox 549 447 791 521; x_wconf 84' lang='lat' dir='ltr'><strong>Angelus</strong></span> <span class='ocrx_word' id='word_1_24' title='bbox 836 448 994 503; x_wconf 86' lang='lat' dir='ltr'><strong>fortis</strong></span> <span class='ocrx_word' id='word_1_25' title='bbox 1040 449 1226 505; x_wconf 77' lang='lat' dir='ltr'><strong>Patres</strong></span> <span class='ocrx_word' id='word_1_26' title='bbox 1274 448 1489 505; x_wconf 91' lang='lat' dir='ltr'><strong>Veteris</strong></span> <span class='ocrx_word' id='word_1_27' title='bbox 1518 450 1713 505; x_wconf 86' lang='lat' dir='ltr'><strong>Testa-</strong></span> 
     </span>
    </p>
   </div>
   <div class='ocr_carea' id='block_1_5' title="bbox 128 536 1708 611">
    <p class='ocr_par' dir='ltr' id='par_1_5' title="bbox 128 536 1708 611">
     <span class='ocr_line' id='line_1_5' title="bbox 128 536 1708 611; baseline -0.001 -15"><span class='ocrx_word' id='word_1_28' title='bbox 128 538 292 597; x_wconf 89' lang='lat' dir='ltr'><strong>menti</strong></span> <span class='ocrx_word' id='word_1_29' title='bbox 348 536 641 608; x_wconf 88' lang='lat' dir='ltr'><strong>signiﬁcat,</strong></span> <span class='ocrx_word' id='word_1_30' title='bbox 688 538 785 610; x_wconf 86' lang='lat' dir='ltr'><strong>qui</strong></span> <span class='ocrx_word' id='word_1_31' title='bbox 834 553 966 593; x_wconf 90' lang='lat' dir='ltr'><strong>voce</strong></span> <span class='ocrx_word' id='word_1_32' title='bbox 1010 554 1206 610; x_wconf 89' lang='lat' dir='ltr'><strong>magna</strong></span> <span class='ocrx_word' id='word_1_33' title='bbox 1235 538 1708 611; x_wconf 78' lang='lat' dir='ltr'><strong>praedicaverunt:</strong></span> 
     </span>
    </p>
   </div>
   <div class='ocr_carea' id='block_1_6' title="bbox 125 625 1709 703">
    <p class='ocr_par' dir='ltr' id='par_1_6' title="bbox 125 625 1709 703">
     <span class='ocr_line' id='line_1_6' title="bbox 125 625 1709 703; baseline 0 -19"><span class='ocrx_word' id='word_1_34' title='bbox 125 627 251 703; x_wconf 82' lang='lat' dir='ltr'><strong>quia</strong></span> <span class='ocrx_word' id='word_1_35' title='bbox 301 625 576 684; x_wconf 76' lang='lat' dir='ltr'><strong>Christum</strong></span> <span class='ocrx_word' id='word_1_36' title='bbox 637 626 705 682; x_wconf 89' lang='lat' dir='ltr'><strong>ad</strong></span> <span class='ocrx_word' id='word_1_37' title='bbox 753 626 1186 698; x_wconf 84' lang='lat' dir='ltr'><strong>redemptionem</strong></span> <span class='ocrx_word' id='word_1_38' title='bbox 1239 627 1453 699; x_wconf 79' lang='lat' dir='ltr'><strong>generis</strong></span> <span class='ocrx_word' id='word_1_39' title='bbox 1483 628 1709 685; x_wconf 88' lang='lat' dir='ltr'><strong>humani</strong></span> 
     </span>
    </p>
   </div>
   <div class='ocr_carea' id='block_1_7' title="bbox 125 715 1713 788">
    <p class='ocr_par' dir='ltr' id='par_1_7' title="bbox 125 715 1713 788">
     <span class='ocr_line' id='line_1_7' title="bbox 125 715 1713 788; baseline -0.001 -15"><span class='ocrx_word' id='word_1_40' title='bbox 125 724 414 775; x_wconf 89' lang='lat' dir='ltr'><strong>venturum</strong></span> <span class='ocrx_word' id='word_1_41' title='bbox 455 730 570 771; x_wconf 90' lang='lat' dir='ltr'><strong>esse</strong></span> <span class='ocrx_word' id='word_1_42' title='bbox 617 715 1010 786; x_wconf 64' lang='lat' dir='ltr'><strong>praedixerunt.</strong></span> <span class='ocrx_word' id='word_1_43' title='bbox 1065 716 1197 783; x_wconf 85' lang='lat' dir='ltr'><strong>Quis</strong></span> <span class='ocrx_word' id='word_1_44' title='bbox 1243 723 1318 772; x_wconf 86' lang='lat' dir='ltr'><strong>est</strong></span> <span class='ocrx_word' id='word_1_45' title='bbox 1361 718 1550 788; x_wconf 86' lang='lat' dir='ltr'><strong>dignus</strong></span> <span class='ocrx_word' id='word_1_46' title='bbox 1578 734 1713 787; x_wconf 90' lang='lat' dir='ltr'><strong>ape-</strong></span> 
     </span>
    </p>
   </div>
   <div class='ocr_carea' id='block_1_8' title="bbox 125 809 1711 882">
    <p class='ocr_par' dir='ltr' id='par_1_8' title="bbox 125 809 1711 882">
     <span class='ocr_line' id='line_1_8' title="bbox 125 809 1711 882; baseline 0 -16"><span class='ocrx_word' id='word_1_47' title='bbox 125 812 230 866; x_wconf 86' lang='lat' dir='ltr'><strong>rire</strong></span> <span class='ocrx_word' id='word_1_48' title='bbox 284 809 475 863; x_wconf 89' lang='lat' dir='ltr'><strong>librum</strong></span> <span class='ocrx_word' id='word_1_49' title='bbox 504 814 551 862; x_wconf 91' lang='lat' dir='ltr'><strong>et</strong></span> <span class='ocrx_word' id='word_1_50' title='bbox 578 810 775 864; x_wconf 81' lang='lat' dir='ltr'><strong>solvere</strong></span> <span class='ocrx_word' id='word_1_51' title='bbox 815 809 1087 880; x_wconf 88' lang='lat' dir='ltr'><strong>signacula</strong></span> <span class='ocrx_word' id='word_1_52' title='bbox 1127 809 1289 877; x_wconf 78' lang='lat' dir='ltr'><strong>ejus?</strong></span> <span class='ocrx_word' id='word_1_53' title='bbox 1350 810 1711 882; x_wconf 82' lang='lat' dir='ltr'><strong>Interrogatio</strong></span> 
     </span>
    </p>
   </div>
   <div class='ocr_carea' id='block_1_9' title="bbox 123 896 1711 971">
    <p class='ocr_par' dir='ltr' id='par_1_9' title="bbox 123 896 1711 971">
     <span class='ocr_line' id='line_1_9' title="bbox 123 896 1711 971; baseline -0.001 -15"><span class='ocrx_word' id='word_1_54' title='bbox 123 897 292 971; x_wconf 83' lang='lat' dir='ltr'><strong>angeli</strong></span> <span class='ocrx_word' id='word_1_55' title='bbox 337 896 671 953; x_wconf 86' lang='lat' dir='ltr'><strong>desiderium</strong></span> <span class='ocrx_word' id='word_1_56' title='bbox 710 906 1025 955; x_wconf 90' lang='lat' dir='ltr'><strong>sanctorum</strong></span> <span class='ocrx_word' id='word_1_57' title='bbox 1083 897 1390 969; x_wconf 88' lang='lat' dir='ltr'><strong>signiﬁcat;</strong></span> <span class='ocrx_word' id='word_1_58' title='bbox 1424 898 1711 954; x_wconf 89' lang='lat' dir='ltr'><strong>desidera-</strong></span> 
     </span>
    </p>
   </div>
   <div class='ocr_carea' id='block_1_10' title="bbox 122 987 1711 1055">
    <p class='ocr_par' dir='ltr' id='par_1_10' title="bbox 122 987 1711 1055">
     <span class='ocr_line' id='line_1_10' title="bbox 122 987 1711 1055; baseline -0.001 -8"><span class='ocrx_word' id='word_1_59' title='bbox 122 992 248 1047; x_wconf 82' lang='lat' dir='ltr'><strong>bant</strong></span> <span class='ocrx_word' id='word_1_60' title='bbox 276 988 424 1043; x_wconf 89' lang='lat' dir='ltr'><strong>enim</strong></span> <span class='ocrx_word' id='word_1_61' title='bbox 453 988 628 1045; x_wconf 85' lang='lat' dir='ltr'><strong>sancti</strong></span> <span class='ocrx_word' id='word_1_62' title='bbox 659 987 844 1045; x_wconf 89' lang='lat' dir='ltr'><strong>videre</strong></span> <span class='ocrx_word' id='word_1_63' title='bbox 892 988 1175 1046; x_wconf 86' lang='lat' dir='ltr'><strong>Christum</strong></span> <span class='ocrx_word' id='word_1_64' title='bbox 1215 988 1273 1042; x_wconf 92' lang='lat' dir='ltr'><strong>in</strong></span> <span class='ocrx_word' id='word_1_65' title='bbox 1311 1004 1494 1055; x_wconf 89' lang='lat' dir='ltr'><strong>carne,</strong></span> <span class='ocrx_word' id='word_1_66' title='bbox 1521 996 1575 1044; x_wconf 91' lang='lat' dir='ltr'><strong>et</strong></span> <span class='ocrx_word' id='word_1_67' title='bbox 1600 1006 1711 1045; x_wconf 91' lang='lat' dir='ltr'><strong>au-</strong></span> 
     </span>
    </p>
   </div>
   <div class='ocr_carea' id='block_1_11' title="bbox 120 1077 1711 1151">
    <p class='ocr_par' dir='ltr' id='par_1_11' title="bbox 120 1077 1711 1151">
     <span class='ocr_line' id='line_1_11' title="bbox 120 1077 1711 1151; baseline -0.001 -16"><span class='ocrx_word' id='word_1_68' title='bbox 120 1081 234 1137; x_wconf 89' lang='lat' dir='ltr'><strong>dire</strong></span> <span class='ocrx_word' id='word_1_69' title='bbox 262 1093 542 1133; x_wconf 87' lang='lat' dir='ltr'><strong>sermones</strong></span> <span class='ocrx_word' id='word_1_70' title='bbox 571 1077 723 1149; x_wconf 91' lang='lat' dir='ltr'><strong>ejus;</strong></span> <span class='ocrx_word' id='word_1_71' title='bbox 760 1095 825 1133; x_wconf 89' lang='lat' dir='ltr'><strong>eo</strong></span> <span class='ocrx_word' id='word_1_72' title='bbox 854 1079 1000 1151; x_wconf 91' lang='lat' dir='ltr'><strong>quod</strong></span> <span class='ocrx_word' id='word_1_73' title='bbox 1035 1078 1241 1134; x_wconf 88' lang='lat' dir='ltr'><strong>scirent</strong></span> <span class='ocrx_word' id='word_1_74' title='bbox 1278 1078 1466 1134; x_wconf 81' lang='lat' dir='ltr'><strong>omnia</strong></span> <span class='ocrx_word' id='word_1_75' title='bbox 1493 1087 1711 1150; x_wconf 89' lang='lat' dir='ltr'><strong>myste-</strong></span> 
     </span>
    </p>
   </div>
   <div class='ocr_carea' id='block_1_12' title="bbox 122 1167 1712 1235">
    <p class='ocr_par' dir='ltr' id='par_1_12' title="bbox 122 1167 1712 1235">
     <span class='ocr_line' id='line_1_12' title="bbox 122 1167 1712 1235; baseline 0.001 -12"><span class='ocrx_word' id='word_1_76' title='bbox 122 1170 198 1223; x_wconf 91' lang='lat' dir='ltr'><strong>ria</strong></span> <span class='ocrx_word' id='word_1_77' title='bbox 228 1167 442 1223; x_wconf 86' lang='lat' dir='ltr'><strong>Veteris</strong></span> <span class='ocrx_word' id='word_1_78' title='bbox 488 1167 823 1224; x_wconf 84' lang='lat' dir='ltr'><strong>Testamenti</strong></span> <span class='ocrx_word' id='word_1_79' title='bbox 872 1167 939 1222; x_wconf 92' lang='lat' dir='ltr'><strong>ab</strong></span> <span class='ocrx_word' id='word_1_80' title='bbox 966 1184 1031 1223; x_wconf 92' lang='lat' dir='ltr'><strong>eo</strong></span> <span class='ocrx_word' id='word_1_81' title='bbox 1061 1184 1177 1224; x_wconf 90' lang='lat' dir='ltr'><strong>esse</strong></span> <span class='ocrx_word' id='word_1_82' title='bbox 1212 1167 1525 1235; x_wconf 89' lang='lat' dir='ltr'><strong>revelanda,</strong></span> <span class='ocrx_word' id='word_1_83' title='bbox 1567 1168 1712 1224; x_wconf 87' lang='lat' dir='ltr'><strong>sicut</strong></span> 
     </span>
    </p>
   </div>
   <div class='ocr_carea' id='block_1_13' title="bbox 120 1255 1713 1329">
    <p class='ocr_par' dir='ltr' id='par_1_13' title="bbox 120 1255 1713 1329">
     <span class='ocr_line' id='line_1_13' title="bbox 120 1255 1713 1329; baseline 0 -17"><span class='ocrx_word' id='word_1_84' title='bbox 120 1258 228 1328; x_wconf 87' lang='lat' dir='ltr'><strong>ipse</strong></span> <span class='ocrx_word' id='word_1_85' title='bbox 256 1255 403 1311; x_wconf 80' lang='lat' dir='ltr'><strong>dixit</strong></span> <span class='ocrx_word' id='word_1_86' title='bbox 448 1255 737 1328; x_wconf 85' lang='lat' dir='ltr'><strong>discipulis</strong></span> <span class='ocrx_word' id='word_1_87' title='bbox 763 1257 879 1313; x_wconf 91' lang='lat' dir='ltr'><strong>suis</strong></span> <span class='ocrx_word' id='word_1_88' title='bbox 913 1274 924 1311; x_wconf 93' lang='lat'><strong>:</strong></span> <span class='ocrx_word' id='word_1_89' title='bbox 978 1257 1154 1313; x_wconf 84' lang='lat' dir='ltr'><strong>Amen</strong></span> <span class='ocrx_word' id='word_1_90' title='bbox 1203 1257 1329 1313; x_wconf 90' lang='lat' dir='ltr'><strong>dico</strong></span> <span class='ocrx_word' id='word_1_91' title='bbox 1373 1256 1550 1322; x_wconf 84' lang='lat' dir='ltr'><strong>vobis,</strong></span> <span class='ocrx_word' id='word_1_92' title='bbox 1583 1258 1713 1329; x_wconf 82' lang='lat' dir='ltr'><strong>quia</strong></span> 
     </span>
    </p>
   </div>
   <div class='ocr_carea' id='block_1_14' title="bbox 120 1346 1711 1421">
    <p class='ocr_par' dir='ltr' id='par_1_14' title="bbox 120 1346 1711 1421">
     <span class='ocr_line' id='line_1_14' title="bbox 120 1346 1711 1421; baseline 0 -17"><span class='ocrx_word' id='word_1_93' title='bbox 120 1347 275 1404; x_wconf 90' lang='lat' dir='ltr'><strong>multi</strong></span> <span class='ocrx_word' id='word_1_94' title='bbox 304 1346 586 1418; x_wconf 72' lang='lat' dir='ltr'><strong>prophetas</strong></span> <span class='ocrx_word' id='word_1_95' title='bbox 627 1357 682 1404; x_wconf 90' lang='lat' dir='ltr'><strong>et</strong></span> <span class='ocrx_word' id='word_1_96' title='bbox 735 1364 886 1419; x_wconf 89' lang='lat' dir='ltr'><strong>reges</strong></span> <span class='ocrx_word' id='word_1_97' title='bbox 915 1349 1211 1405; x_wconf 90' lang='lat' dir='ltr'><strong>voluerunt</strong></span> <span class='ocrx_word' id='word_1_98' title='bbox 1248 1349 1437 1405; x_wconf 82' lang='lat' dir='ltr'><strong>videre</strong></span> <span class='ocrx_word' id='word_1_99' title='bbox 1465 1366 1585 1421; x_wconf 58' lang='lat' dir='ltr'><strong>quas</strong></span> <span class='ocrx_word' id='word_1_100' title='bbox 1614 1366 1711 1404; x_wconf 89' lang='lat' dir='ltr'><strong>vos</strong></span> 
     </span>
    </p>
   </div>
   <div class='ocr_carea' id='block_1_15' title="bbox 119 1435 1711 1510">
    <p class='ocr_par' dir='ltr' id='par_1_15' title="bbox 119 1435 1711 1510">
     <span class='ocr_line' id='line_1_15' title="bbox 119 1435 1711 1510; baseline 0.001 -20"><span class='ocrx_word' id='word_1_101' title='bbox 119 1436 330 1505; x_wconf 81' lang='lat' dir='ltr'><strong>videtis,</strong></span> <span class='ocrx_word' id='word_1_102' title='bbox 362 1443 417 1491; x_wconf 91' lang='lat' dir='ltr'><strong>et</strong></span> <span class='ocrx_word' id='word_1_103' title='bbox 445 1451 556 1490; x_wconf 89' lang='lat' dir='ltr'><strong>non</strong></span> <span class='ocrx_word' id='word_1_104' title='bbox 586 1435 881 1502; x_wconf 89' lang='lat' dir='ltr'><strong>viderunt;</strong></span> <span class='ocrx_word' id='word_1_105' title='bbox 929 1444 982 1492; x_wconf 91' lang='lat' dir='ltr'><strong>et</strong></span> <span class='ocrx_word' id='word_1_106' title='bbox 1012 1437 1202 1494; x_wconf 88' lang='lat' dir='ltr'><strong>audire</strong></span> <span class='ocrx_word' id='word_1_107' title='bbox 1242 1453 1364 1510; x_wconf 64' lang='lat' dir='ltr'><strong>quas</strong></span> <span class='ocrx_word' id='word_1_108' title='bbox 1402 1436 1627 1507; x_wconf 85' lang='lat' dir='ltr'><strong>auditis,</strong></span> <span class='ocrx_word' id='word_1_109' title='bbox 1658 1444 1711 1492; x_wconf 90' lang='lat' dir='ltr'><strong>et</strong></span> 
     </span>
    </p>
   </div>
   <div class='ocr_carea' id='block_1_16' title="bbox 131 1525 1469 1603">
    <p class='ocr_par' dir='ltr' id='par_1_16' title="bbox 131 1525 1469 1603">
     <span class='ocr_line' id='line_1_16' title="bbox 131 1525 1469 1603; baseline 0 -21"><span class='ocrx_word' id='word_1_110' title='bbox 131 1543 236 1582; x_wconf 90' lang='lat' dir='ltr'><strong>non</strong></span> <span class='ocrx_word' id='word_1_111' title='bbox 275 1525 576 1581; x_wconf 90' lang='lat' dir='ltr'><strong>audierunt</strong></span> <span class='ocrx_word' id='word_1_112' title='bbox 609 1528 761 1603; x_wconf 55' lang='lat' dir='ltr'><strong>(Luc.</strong></span> <span class='ocrx_word' id='word_1_113' title='bbox 791 1542 847 1593; x_wconf 87' lang='lat' dir='ltr'><strong>x,</strong></span> <span class='ocrx_word' id='word_1_114' title='bbox 882 1526 997 1598; x_wconf 74' lang='grc'><strong>24).</strong></span> <span class='ocrx_word' id='word_1_115' title='bbox 1463 1540 1469 1548; x_wconf 63' lang='grc'><strong><em>³</em></strong></span> 
     </span>
    </p>
   </div>
   <div class='ocr_carea' id='block_1_17' title="bbox 186 1625 1712 1698">
    <p class='ocr_par' dir='ltr' id='par_1_17' title="bbox 186 1625 1712 1698">
     <span class='ocr_line' id='line_1_17' title="bbox 186 1625 1712 1698; baseline 0.001 -18"><span class='ocrx_word' id='word_1_116' title='bbox 186 1625 373 1693; x_wconf 87' lang='lat' dir='ltr'><strong>(Vers.</strong></span> <span class='ocrx_word' id='word_1_117' title='bbox 406 1625 487 1696; x_wconf 87' lang='lat'><strong>3.)</strong></span> <span class='ocrx_word' id='word_1_118' title='bbox 528 1627 602 1681; x_wconf 91' lang='lat' dir='ltr'><strong>Et</strong></span> <span class='ocrx_word' id='word_1_119' title='bbox 654 1643 803 1681; x_wconf 86' lang='lat' dir='ltr'><strong>nemo</strong></span> <span class='ocrx_word' id='word_1_120' title='bbox 857 1627 1046 1697; x_wconf 84' lang='lat' dir='ltr'><strong>dignus</strong></span> <span class='ocrx_word' id='word_1_121' title='bbox 1090 1628 1328 1682; x_wconf 81' lang='lat' dir='ltr'><strong>inventus</strong></span> <span class='ocrx_word' id='word_1_122' title='bbox 1357 1634 1432 1682; x_wconf 89' lang='lat' dir='ltr'><strong>est</strong></span> <span class='ocrx_word' id='word_1_123' title='bbox 1455 1644 1618 1698; x_wconf 88' lang='lat' dir='ltr'><strong>neque</strong></span> <span class='ocrx_word' id='word_1_124' title='bbox 1654 1628 1712 1682; x_wconf 85' lang='lat' dir='ltr'><strong>in</strong></span> 
     </span>
    </p>
   </div>
   <div class='ocr_carea' id='block_1_18' title="bbox 117 1714 1777 1786">
    <p class='ocr_par' dir='ltr' id='par_1_18' title="bbox 117 1714 1777 1786">
     <span class='ocr_line' id='line_1_18' title="bbox 117 1714 1777 1786; baseline 0.002 -19"><span class='ocrx_word' id='word_1_125' title='bbox 117 1715 252 1781; x_wconf 68' lang='lat' dir='ltr'><strong>uelo,</strong></span> <span class='ocrx_word' id='word_1_126' title='bbox 279 1730 443 1784; x_wconf 83' lang='lat' dir='ltr'><strong>neque</strong></span> <span class='ocrx_word' id='word_1_127' title='bbox 487 1714 544 1768; x_wconf 87' lang='lat' dir='ltr'><strong>in</strong></span> <span class='ocrx_word' id='word_1_128' title='bbox 592 1720 755 1782; x_wconf 63' lang='lat' dir='ltr'><strong>terra,</strong></span> <span class='ocrx_word' id='word_1_129' title='bbox 814 1732 976 1784; x_wconf 87' lang='lat' dir='ltr'><strong>neque</strong></span> <span class='ocrx_word' id='word_1_130' title='bbox 1019 1718 1199 1771; x_wconf 83' lang='lat' dir='ltr'><strong>subtus</strong></span> <span class='ocrx_word' id='word_1_131' title='bbox 1253 1724 1451 1771; x_wconf 85' lang='lat' dir='ltr'><strong>terram</strong></span> <span class='ocrx_word' id='word_1_132' title='bbox 1496 1717 1777 1786; x_wconf 86' lang='lat' dir='ltr'><strong>aperireB</strong></span> 
     </span>
    </p>
   </div>
   <div class='ocr_carea' id='block_1_19' title="bbox 119 1802 1712 1876">
    <p class='ocr_par' dir='ltr' id='par_1_19' title="bbox 119 1802 1712 1876">
     <span class='ocr_line' id='line_1_19' title="bbox 119 1802 1712 1876; baseline 0.002 -19"><span class='ocrx_word' id='word_1_133' title='bbox 119 1802 306 1857; x_wconf 88' lang='lat' dir='ltr'><strong>librum</strong></span> <span class='ocrx_word' id='word_1_134' title='bbox 335 1807 387 1856; x_wconf 86' lang='lat' dir='ltr'><strong>et</strong></span> <span class='ocrx_word' id='word_1_135' title='bbox 410 1803 609 1857; x_wconf 82' lang='lat' dir='ltr'><strong>solvere</strong></span> <span class='ocrx_word' id='word_1_136' title='bbox 637 1802 911 1873; x_wconf 85' lang='lat' dir='ltr'><strong>signacula</strong></span> <span class='ocrx_word' id='word_1_137' title='bbox 936 1803 1061 1872; x_wconf 84' lang='lat' dir='ltr'><strong>ejus.</strong></span> <span class='ocrx_word' id='word_1_138' title='bbox 1113 1804 1310 1860; x_wconf 89' lang='lat' dir='ltr'><strong>Nullus</strong></span> <span class='ocrx_word' id='word_1_139' title='bbox 1339 1820 1574 1876; x_wconf 78' lang='lat' dir='ltr'><strong>namque</strong></span> <span class='ocrx_word' id='word_1_140' title='bbox 1602 1820 1712 1860; x_wconf 92' lang='lat' dir='ltr'><strong>an-</strong></span> 
     </span>
    </p>
   </div>
   <div class='ocr_carea' id='block_1_20' title="bbox 119 1890 1710 1963">
    <p class='ocr_par' dir='ltr' id='par_1_20' title="bbox 119 1890 1710 1963">
     <span class='ocr_line' id='line_1_20' title="bbox 119 1890 1710 1963; baseline 0.001 -18"><span class='ocrx_word' id='word_1_141' title='bbox 119 1892 264 1962; x_wconf 88' lang='lat' dir='ltr'><strong>gelus</strong></span> <span class='ocrx_word' id='word_1_142' title='bbox 293 1891 497 1947; x_wconf 78' lang='lat' dir='ltr'><strong>omium</strong></span> <span class='ocrx_word' id='word_1_143' title='bbox 529 1890 867 1960; x_wconf 86' lang='lat' dir='ltr'><strong>inhabitans,</strong></span> <span class='ocrx_word' id='word_1_144' title='bbox 900 1894 1087 1948; x_wconf 88' lang='lat' dir='ltr'><strong>nullus</strong></span> <span class='ocrx_word' id='word_1_145' title='bbox 1108 1891 1291 1963; x_wconf 88' lang='lat' dir='ltr'><strong>justus</strong></span> <span class='ocrx_word' id='word_1_146' title='bbox 1320 1893 1378 1948; x_wconf 91' lang='lat' dir='ltr'><strong>in</strong></span> <span class='ocrx_word' id='word_1_147' title='bbox 1410 1900 1552 1949; x_wconf 87' lang='lat' dir='ltr'><strong>terra</strong></span> <span class='ocrx_word' id='word_1_148' title='bbox 1582 1909 1710 1949; x_wconf 88' lang='lat' dir='ltr'><strong>con-</strong></span> 
     </span>
    </p>
   </div>
   <div class='ocr_carea' id='block_1_21' title="bbox 118 1981 1712 2055">
    <p class='ocr_par' dir='ltr' id='par_1_21' title="bbox 118 1981 1712 2055">
     <span class='ocr_line' id='line_1_21' title="bbox 118 1981 1712 2055; baseline 0.002 -20"><span class='ocrx_word' id='word_1_149' title='bbox 118 1981 330 2048; x_wconf 85' lang='lat' dir='ltr'><strong>sistens,</strong></span> <span class='ocrx_word' id='word_1_150' title='bbox 367 1982 557 2036; x_wconf 91' lang='lat' dir='ltr'><strong>nullus</strong></span> <span class='ocrx_word' id='word_1_151' title='bbox 584 1981 748 2036; x_wconf 88' lang='lat' dir='ltr'><strong>etiam</strong></span> <span class='ocrx_word' id='word_1_152' title='bbox 780 1998 848 2036; x_wconf 84' lang='lat' dir='ltr'><strong>ex</strong></span> <span class='ocrx_word' id='word_1_153' title='bbox 878 1981 947 2038; x_wconf 90' lang='lat' dir='ltr'><strong>iis</strong></span> <span class='ocrx_word' id='word_1_154' title='bbox 976 1981 1070 2055; x_wconf 92' lang='lat' dir='ltr'><strong>qui</strong></span> <span class='ocrx_word' id='word_1_155' title='bbox 1102 1982 1295 2038; x_wconf 89' lang='lat' dir='ltr'><strong>mortis</strong></span> <span class='ocrx_word' id='word_1_156' title='bbox 1317 1981 1561 2038; x_wconf 90' lang='lat' dir='ltr'><strong>debitum</strong></span> <span class='ocrx_word' id='word_1_157' title='bbox 1590 1983 1712 2038; x_wconf 92' lang='lat' dir='ltr'><strong>sol—</strong></span> 
     </span>
    </p>
   </div>
   <div class='ocr_carea' id='block_1_22' title="bbox 121 2069 1710 2146">
    <p class='ocr_par' dir='ltr' id='par_1_22' title="bbox 121 2069 1710 2146">
     <span class='ocr_line' id='line_1_22' title="bbox 121 2069 1710 2146; baseline 0.006 -24"><span class='ocrx_word' id='word_1_158' title='bbox 121 2087 141 2122; x_wconf 82' lang='lat'><em>\</em></span> <span class='ocrx_word' id='word_1_159' title='bbox 155 2078 325 2137; x_wconf 86' lang='lat' dir='ltr'><strong>erant,</strong></span> <span class='ocrx_word' id='word_1_160' title='bbox 344 2069 403 2125; x_wconf 91' lang='lat' dir='ltr'><strong>in</strong></span> <span class='ocrx_word' id='word_1_161' title='bbox 427 2071 635 2127; x_wconf 90' lang='lat' dir='ltr'><strong>mundo</strong></span> <span class='ocrx_word' id='word_1_162' title='bbox 655 2088 899 2145; x_wconf 91' lang='lat' dir='ltr'><strong>unquam</strong></span> <span class='ocrx_word' id='word_1_163' title='bbox 917 2074 1192 2145; x_wconf 88' lang='lat' dir='ltr'><strong>apparuit,</strong></span> <span class='ocrx_word' id='word_1_164' title='bbox 1213 2073 1309 2146; x_wconf 89' lang='lat' dir='ltr'><strong>qui</strong></span> <span class='ocrx_word' id='word_1_165' title='bbox 1331 2091 1500 2145; x_wconf 88' lang='lat' dir='ltr'><strong>genus</strong></span> <span class='ocrx_word' id='word_1_166' title='bbox 1520 2074 1710 2130; x_wconf 88' lang='lat' dir='ltr'><strong>huma-</strong></span> 
     </span>
    </p>
   </div>
   <div class='ocr_carea' id='block_1_23' title="bbox 118 2159 1711 2237">
    <p class='ocr_par' dir='ltr' id='par_1_23' title="bbox 118 2159 1711 2237">
     <span class='ocr_line' id='line_1_23' title="bbox 118 2159 1711 2237; baseline 0.004 -23"><span class='ocrx_word' id='word_1_167' title='bbox 118 2176 241 2215; x_wconf 92' lang='lat' dir='ltr'><strong>num</strong></span> <span class='ocrx_word' id='word_1_168' title='bbox 272 2159 341 2215; x_wconf 90' lang='lat' dir='ltr'><strong>de</strong></span> <span class='ocrx_word' id='word_1_169' title='bbox 367 2168 638 2232; x_wconf 89' lang='lat' dir='ltr'><strong>potestate</strong></span> <span class='ocrx_word' id='word_1_170' title='bbox 668 2161 875 2217; x_wconf 88' lang='lat' dir='ltr'><strong>diaboli</strong></span> <span class='ocrx_word' id='word_1_171' title='bbox 905 2163 1221 2232; x_wconf 89' lang='lat' dir='ltr'><strong>redimeret,</strong></span> <span class='ocrx_word' id='word_1_172' title='bbox 1260 2180 1381 2237; x_wconf 69' lang='lat' dir='ltr'><strong>quae</strong></span> <span class='ocrx_word' id='word_1_173' title='bbox 1406 2165 1711 2237; x_wconf 87' lang='lat' dir='ltr'><strong>redemptio</strong></span> 
     </span>
    </p>
   </div>
   <div class='ocr_carea' id='block_1_24' title="bbox 116 2248 1054 2319">
    <p class='ocr_par' dir='ltr' id='par_1_24' title="bbox 116 2248 1054 2319">
     <span class='ocr_line' id='line_1_24' title="bbox 116 2248 1054 2319; baseline 0.004 -17"><span class='ocrx_word' id='word_1_174' title='bbox 116 2248 317 2319; x_wconf 89' lang='lat' dir='ltr'><strong>apertio</strong></span> <span class='ocrx_word' id='word_1_175' title='bbox 346 2256 430 2304; x_wconf 88' lang='lat' dir='ltr'><strong>est</strong></span> <span class='ocrx_word' id='word_1_176' title='bbox 460 2250 674 2305; x_wconf 88' lang='lat' dir='ltr'><strong>Veteris</strong></span> <span class='ocrx_word' id='word_1_177' title='bbox 702 2250 1054 2307; x_wconf 89' lang='lat' dir='ltr'><strong>Testamenti.</strong></span> 
     </span>
    </p>
   </div>
   <div class='ocr_carea' id='block_1_25' title="bbox 183 2344 1713 2419">
    <p class='ocr_par' dir='ltr' id='par_1_25' title="bbox 183 2344 1713 2419">
     <span class='ocr_line' id='line_1_25' title="bbox 183 2344 1713 2419; baseline 0.003 -18"><span class='ocrx_word' id='word_1_178' title='bbox 183 2346 366 2409; x_wconf 87' lang='lat' dir='ltr'><strong>(Vers.</strong></span> <span class='ocrx_word' id='word_1_179' title='bbox 401 2344 483 2416; x_wconf 80' lang='grc'>4.)</span> <span class='ocrx_word' id='word_1_180' title='bbox 545 2348 619 2402; x_wconf 92' lang='lat' dir='ltr'><strong>Et</strong></span> <span class='ocrx_word' id='word_1_181' title='bbox 650 2364 738 2417; x_wconf 90' lang='lat' dir='ltr'><strong>ego</strong></span> <span class='ocrx_word' id='word_1_182' title='bbox 765 2348 948 2418; x_wconf 85' lang='lat' dir='ltr'><strong>ﬂebam</strong></span> <span class='ocrx_word' id='word_1_183' title='bbox 983 2349 1229 2413; x_wconf 83' lang='lat' dir='ltr'><strong>multum,</strong></span> <span class='ocrx_word' id='word_1_184' title='bbox 1277 2350 1529 2419; x_wconf 76' lang='lat' dir='ltr'><strong>quoniam</strong></span> <span class='ocrx_word' id='word_1_185' title='bbox 1566 2367 1713 2406; x_wconf 89' lang='lat' dir='ltr'><strong>nemo</strong></span> 
     </span>
    </p>
   </div>
   <div class='ocr_carea' id='block_1_26' title="bbox 116 2432 1708 2507">
    <p class='ocr_par' dir='ltr' id='par_1_26' title="bbox 116 2432 1708 2507">
     <span class='ocr_line' id='line_1_26' title="bbox 116 2432 1708 2507; baseline 0.005 -22"><span class='ocrx_word' id='word_1_186' title='bbox 116 2432 297 2503; x_wconf 70' lang='lat' dir='ltr'><strong>«lignus</strong></span> <span class='ocrx_word' id='word_1_187' title='bbox 328 2434 569 2489; x_wconf 82' lang='lat' dir='ltr'><strong>inventus</strong></span> <span class='ocrx_word' id='word_1_188' title='bbox 615 2442 689 2489; x_wconf 89' lang='lat' dir='ltr'><strong>est</strong></span> <span class='ocrx_word' id='word_1_189' title='bbox 740 2437 950 2507; x_wconf 84' lang='lat' dir='ltr'><strong>aperire</strong></span> <span class='ocrx_word' id='word_1_190' title='bbox 982 2437 1196 2505; x_wconf 86' lang='lat' dir='ltr'><strong>librum,</strong></span> <span class='ocrx_word' id='word_1_191' title='bbox 1236 2454 1326 2492; x_wconf 88' lang='lat' dir='ltr'><strong>nec</strong></span> <span class='ocrx_word' id='word_1_192' title='bbox 1370 2438 1546 2495; x_wconf 79' lang='lat' dir='ltr'><strong>videre</strong></span> <span class='ocrx_word' id='word_1_193' title='bbox 1575 2455 1708 2493; x_wconf 86' lang='lat' dir='ltr'><strong>eum.</strong></span> 
     </span>
    </p>
   </div>
   <div class='ocr_carea' id='block_1_27' title="bbox 121 2523 1713 2599">
    <p class='ocr_par' dir='ltr' id='par_1_27' title="bbox 121 2523 1713 2599">
     <span class='ocr_line' id='line_1_27' title="bbox 121 2523 1713 2599; baseline 0.004 -22"><span class='ocrx_word' id='word_1_194' title='bbox 121 2523 346 2579; x_wconf 85' lang='lat' dir='ltr'><strong>Joannes</strong></span> <span class='ocrx_word' id='word_1_195' title='bbox 392 2523 450 2579; x_wconf 91' lang='lat' dir='ltr'><strong>in</strong></span> <span class='ocrx_word' id='word_1_196' title='bbox 496 2523 602 2580; x_wconf 91' lang='lat' dir='ltr'><strong>hoc</strong></span> <span class='ocrx_word' id='word_1_197' title='bbox 632 2524 752 2581; x_wconf 90' lang='lat' dir='ltr'><strong>loco</strong></span> <span class='ocrx_word' id='word_1_198' title='bbox 781 2542 1068 2597; x_wconf 88' lang='lat' dir='ltr'><strong>personam</strong></span> <span class='ocrx_word' id='word_1_199' title='bbox 1099 2526 1237 2599; x_wconf 91' lang='lat' dir='ltr'><strong>gerit</strong></span> <span class='ocrx_word' id='word_1_200' title='bbox 1264 2543 1454 2583; x_wconf 89' lang='lat' dir='ltr'><strong>eorum</strong></span> <span class='ocrx_word' id='word_1_201' title='bbox 1486 2526 1553 2582; x_wconf 92' lang='lat' dir='ltr'><strong>de</strong></span> <span class='ocrx_word' id='word_1_202' title='bbox 1577 2527 1713 2599; x_wconf 86' lang='lat' dir='ltr'><strong>qui-</strong></span> 
     </span>
    </p>
   </div>
   <div class='ocr_carea' id='block_1_28' title="bbox 122 2609 1715 2686">
    <p class='ocr_par' dir='ltr' id='par_1_28' title="bbox 122 2609 1715 2686">
     <span class='ocr_line' id='line_1_28' title="bbox 122 2609 1715 2686; baseline 0.004 -21"><span class='ocrx_word' id='word_1_203' title='bbox 122 2609 218 2666; x_wconf 85' lang='lat' dir='ltr'><strong>bus</strong></span> <span class='ocrx_word' id='word_1_204' title='bbox 264 2610 431 2667; x_wconf 91' lang='lat' dir='ltr'><strong>modo</strong></span> <span class='ocrx_word' id='word_1_205' title='bbox 462 2611 729 2679; x_wconf 77' lang='lat' dir='ltr'><strong>diximus,</strong></span> <span class='ocrx_word' id='word_1_206' title='bbox 789 2613 846 2669; x_wconf 90' lang='lat' dir='ltr'><strong>id</strong></span> <span class='ocrx_word' id='word_1_207' title='bbox 898 2624 981 2671; x_wconf 89' lang='lat' dir='ltr'><strong>est</strong></span> <span class='ocrx_word' id='word_1_208' title='bbox 1010 2622 1226 2686; x_wconf 88' lang='lat' dir='ltr'><strong>patrum</strong></span> <span class='ocrx_word' id='word_1_209' title='bbox 1274 2615 1487 2672; x_wconf 88' lang='lat' dir='ltr'><strong>Veteris</strong></span> <span class='ocrx_word' id='word_1_210' title='bbox 1515 2616 1715 2673; x_wconf 87' lang='lat' dir='ltr'><strong>Testa-</strong></span> 
     </span>
    </p>
   </div>
   <div class='ocr_carea' id='block_1_29' title="bbox 126 2700 1714 2778">
    <p class='ocr_par' dir='ltr' id='par_1_29' title="bbox 126 2700 1714 2778">
     <span class='ocr_line' id='line_1_29' title="bbox 126 2700 1714 2778; baseline 0.004 -25"><span class='ocrx_word' id='word_1_211' title='bbox 126 2700 286 2755; x_wconf 88' lang='lat' dir='ltr'><strong>menti</strong></span> <span class='ocrx_word' id='word_1_212' title='bbox 313 2718 326 2766; x_wconf 93' lang='lat'><strong>;</strong></span> <span class='ocrx_word' id='word_1_213' title='bbox 379 2701 587 2756; x_wconf 88' lang='lat' dir='ltr'><strong>ﬁebant</strong></span> <span class='ocrx_word' id='word_1_214' title='bbox 615 2702 761 2757; x_wconf 90' lang='lat' dir='ltr'><strong>enim</strong></span> <span class='ocrx_word' id='word_1_215' title='bbox 792 2704 967 2760; x_wconf 86' lang='lat' dir='ltr'><strong>sancti</strong></span> <span class='ocrx_word' id='word_1_216' title='bbox 998 2705 1257 2772; x_wconf 89' lang='lat' dir='ltr'><strong>multum,</strong></span> <span class='ocrx_word' id='word_1_217' title='bbox 1288 2721 1356 2761; x_wconf 91' lang='lat' dir='ltr'><strong>eo</strong></span> <span class='ocrx_word' id='word_1_218' title='bbox 1403 2705 1550 2778; x_wconf 90' lang='lat' dir='ltr'><strong>quod</strong></span> <span class='ocrx_word' id='word_1_219' title='bbox 1580 2722 1714 2777; x_wconf 84' lang='lat' dir='ltr'><strong>my-</strong></span> 
     </span>
    </p>
   </div>
   <div class='ocr_carea' id='block_1_30' title="bbox 125 2788 1712 2860">
    <p class='ocr_par' dir='ltr' id='par_1_30' title="bbox 125 2788 1712 2860">
     <span class='ocr_line' id='line_1_30' title="bbox 125 2788 1712 2860; baseline 0.006 -21"><span class='ocrx_word' id='word_1_220' title='bbox 125 2788 278 2843; x_wconf 89' lang='lat' dir='ltr'><strong>steria</strong></span> <span class='ocrx_word' id='word_1_221' title='bbox 320 2788 730 2860; x_wconf 88' lang='lat' dir='ltr'><strong>Scripturarum</strong></span> <span class='ocrx_word' id='word_1_222' title='bbox 788 2790 895 2846; x_wconf 91' lang='lat' dir='ltr'><strong>sibi</strong></span> <span class='ocrx_word' id='word_1_223' title='bbox 952 2791 1273 2848; x_wconf 88' lang='lat' dir='ltr'><strong>abscondita</strong></span> <span class='ocrx_word' id='word_1_224' title='bbox 1326 2794 1515 2849; x_wconf 88' lang='lat' dir='ltr'><strong>nullus</strong></span> <span class='ocrx_word' id='word_1_225' title='bbox 1572 2800 1712 2850; x_wconf 89' lang='lat' dir='ltr'><strong>esset</strong></span> 
     </span>
    </p>
   </div>
   <div class='ocr_carea' id='block_1_31' title="bbox 125 2876 1713 2955">
    <p class='ocr_par' dir='ltr' id='par_1_31' title="bbox 125 2876 1713 2955">
     <span class='ocr_line' id='line_1_31' title="bbox 125 2876 1713 2955; baseline 0.005 -25"><span class='ocrx_word' id='word_1_226' title='bbox 125 2876 212 2947; x_wconf 90' lang='lat' dir='ltr'><strong>qui</strong></span> <span class='ocrx_word' id='word_1_227' title='bbox 263 2877 341 2933; x_wconf 90' lang='lat' dir='ltr'><strong>eis</strong></span> <span class='ocrx_word' id='word_1_228' title='bbox 386 2879 786 2948; x_wconf 86' lang='lat' dir='ltr'><strong>manifestaret,</strong></span> <span class='ocrx_word' id='word_1_229' title='bbox 839 2880 1136 2953; x_wconf 90' lang='lat' dir='ltr'><strong>nullusque</strong></span> <span class='ocrx_word' id='word_1_230' title='bbox 1190 2890 1330 2937; x_wconf 86' lang='lat' dir='ltr'><strong>esset</strong></span> <span class='ocrx_word' id='word_1_231' title='bbox 1390 2883 1484 2955; x_wconf 90' lang='lat' dir='ltr'><strong>qui</strong></span> <span class='ocrx_word' id='word_1_232' title='bbox 1543 2898 1713 2953; x_wconf 86' lang='lat' dir='ltr'><strong>genus</strong></span> 
     </span>
    </p>
   </div>
   <div class='ocr_carea' id='block_1_32' title="bbox 126 2963 1708 3042">
    <p class='ocr_par' dir='ltr' id='par_1_32' title="bbox 126 2963 1708 3042">
     <span class='ocr_line' id='line_1_32' title="bbox 126 2963 1708 3042; baseline 0.006 -25"><span class='ocrx_word' id='word_1_233' title='bbox 126 2963 414 3023; x_wconf 89' lang='lat' dir='ltr'><strong>humanum</strong></span> <span class='ocrx_word' id='word_1_234' title='bbox 479 2968 754 3040; x_wconf 88' lang='lat' dir='ltr'><strong>perditum</strong></span> <span class='ocrx_word' id='word_1_235' title='bbox 798 2969 865 3025; x_wconf 90' lang='lat' dir='ltr'><strong>de</strong></span> <span class='ocrx_word' id='word_1_236' title='bbox 903 2977 1168 3042; x_wconf 88' lang='lat' dir='ltr'><strong>potestate</strong></span> <span class='ocrx_word' id='word_1_237' title='bbox 1212 2971 1420 3027; x_wconf 90' lang='lat' dir='ltr'><strong>diaboli</strong></span> <span class='ocrx_word' id='word_1_238' title='bbox 1476 2980 1708 3028; x_wconf 89' lang='lat' dir='ltr'><strong>erueret.</strong></span> 
     </span>
    </p>
   </div>
   <div class='ocr_carea' id='block_1_33' title="bbox 1823 451 3403 528">
    <p class='ocr_par' dir='ltr' id='par_1_33' title="bbox 1823 451 3403 528">
     <span class='ocr_line' id='line_1_33' title="bbox 1823 451 3403 528; baseline 0.004 -23"><span class='ocrx_word' id='word_1_239' title='bbox 1823 452 1939 506; x_wconf 89' lang='lat' dir='ltr'><strong>lum</strong></span> <span class='ocrx_word' id='word_1_240' title='bbox 1971 451 2126 519; x_wconf 88' lang='lat' dir='ltr'><strong>vicit,</strong></span> <span class='ocrx_word' id='word_1_241' title='bbox 2159 459 2212 506; x_wconf 91' lang='lat' dir='ltr'><strong>et</strong></span> <span class='ocrx_word' id='word_1_242' title='bbox 2251 453 2452 509; x_wconf 89' lang='lat' dir='ltr'><strong>electos</strong></span> <span class='ocrx_word' id='word_1_243' title='bbox 2482 469 2608 509; x_wconf 89' lang='lat' dir='ltr'><strong>suos</strong></span> <span class='ocrx_word' id='word_1_244' title='bbox 2637 453 2705 509; x_wconf 89' lang='lat' dir='ltr'><strong>ab</strong></span> <span class='ocrx_word' id='word_1_245' title='bbox 2735 452 2853 525; x_wconf 86' lang='lat' dir='ltr'><strong>ejus</strong></span> <span class='ocrx_word' id='word_1_246' title='bbox 2878 462 3140 526; x_wconf 85' lang='lat' dir='ltr'><strong>potestate</strong></span> <span class='ocrx_word' id='word_1_247' title='bbox 3179 457 3403 528; x_wconf 90' lang='lat' dir='ltr'><strong>eripuit.</strong></span> 
     </span>
    </p>
   </div>
   <div class='ocr_carea' id='block_1_34' title="bbox 1823 540 3411 613">
    <p class='ocr_par' dir='ltr' id='par_1_34' title="bbox 1823 540 3411 613">
     <span class='ocr_line' id='line_1_34' title="bbox 1823 540 3411 613; baseline 0.003 -17"><span class='ocrx_word' id='word_1_248' title='bbox 1823 540 1975 596; x_wconf 90' lang='lat' dir='ltr'><strong>Vicit</strong></span> <span class='ocrx_word' id='word_1_249' title='bbox 1990 557 2116 611; x_wconf 91' lang='lat' dir='ltr'><strong>ergo</strong></span> <span class='ocrx_word' id='word_1_250' title='bbox 2148 542 2229 595; x_wconf 90' lang='lat' dir='ltr'><strong>leo</strong></span> <span class='ocrx_word' id='word_1_251' title='bbox 2250 541 2316 596; x_wconf 89' lang='lat' dir='ltr'><strong>de</strong></span> <span class='ocrx_word' id='word_1_252' title='bbox 2345 542 2495 597; x_wconf 89' lang='lat' dir='ltr'><strong>tribu</strong></span> <span class='ocrx_word' id='word_1_253' title='bbox 2513 543 2539 599; x_wconf 92' lang='lat' dir='ltr'><strong>J</strong></span> <span class='ocrx_word' id='word_1_254' title='bbox 2548 542 2671 610; x_wconf 90' lang='lat' dir='ltr'><strong>uda,</strong></span> <span class='ocrx_word' id='word_1_255' title='bbox 2691 543 2850 600; x_wconf 83' lang='lat' dir='ltr'><strong>radix</strong></span> <span class='ocrx_word' id='word_1_256' title='bbox 2870 543 3069 612; x_wconf 87' lang='lat' dir='ltr'><strong>David,</strong></span> <span class='ocrx_word' id='word_1_257' title='bbox 3093 544 3411 613; x_wconf 89' lang='lat' dir='ltr'><strong>diabolum;</strong></span> 
     </span>
    </p>
   </div>
   <div class='ocr_carea' id='block_1_35' title="bbox 1822 629 3416 706">
    <p class='ocr_par' dir='ltr' id='par_1_35' title="bbox 1822 629 3416 706">
     <span class='ocr_line' id='line_1_35' title="bbox 1822 629 3416 706; baseline 0.003 -22"><span class='ocrx_word' id='word_1_258' title='bbox 1822 637 1885 684; x_wconf 91' lang='lat' dir='ltr'><strong>ut</strong></span> <span class='ocrx_word' id='word_1_259' title='bbox 1913 630 2146 701; x_wconf 91' lang='lat' dir='ltr'><strong>aperiret</strong></span> <span class='ocrx_word' id='word_1_260' title='bbox 2194 629 2397 686; x_wconf 90' lang='lat' dir='ltr'><strong>librum</strong></span> <span class='ocrx_word' id='word_1_261' title='bbox 2439 638 2493 685; x_wconf 90' lang='lat' dir='ltr'><strong>et</strong></span> <span class='ocrx_word' id='word_1_262' title='bbox 2538 638 2745 701; x_wconf 89' lang='lat' dir='ltr'><strong>septem</strong></span> <span class='ocrx_word' id='word_1_263' title='bbox 2775 632 3053 703; x_wconf 84' lang='lat' dir='ltr'><strong>signacula</strong></span> <span class='ocrx_word' id='word_1_264' title='bbox 3074 632 3234 705; x_wconf 88' lang='lat' dir='ltr'><strong>ejus;</strong></span> <span class='ocrx_word' id='word_1_265' title='bbox 3286 634 3416 706; x_wconf 88' lang='lat' dir='ltr'><strong>quia</strong></span> 
     </span>
    </p>
   </div>
   <div class='ocr_carea' id='block_1_36' title="bbox 1825 718 3415 791">
    <p class='ocr_par' dir='ltr' id='par_1_36' title="bbox 1825 718 3415 791">
     <span class='ocr_line' id='line_1_36' title="bbox 1825 718 3415 791; baseline 0.003 -17"><span class='ocrx_word' id='word_1_266' title='bbox 1825 718 1967 775; x_wconf 89' lang='lat' dir='ltr'><strong>liber</strong></span> <span class='ocrx_word' id='word_1_267' title='bbox 1990 735 2102 775; x_wconf 87' lang='lat' dir='ltr'><strong>non</strong></span> <span class='ocrx_word' id='word_1_268' title='bbox 2131 728 2311 789; x_wconf 88' lang='lat' dir='ltr'><strong>posset</strong></span> <span class='ocrx_word' id='word_1_269' title='bbox 2361 719 2581 791; x_wconf 89' lang='lat' dir='ltr'><strong>aperiri,</strong></span> <span class='ocrx_word' id='word_1_270' title='bbox 2615 720 2721 775; x_wconf 89' lang='lat' dir='ltr'><strong>nisi</strong></span> <span class='ocrx_word' id='word_1_271' title='bbox 2763 722 2914 791; x_wconf 87' lang='lat' dir='ltr'><strong>prius</strong></span> <span class='ocrx_word' id='word_1_272' title='bbox 2942 722 3256 778; x_wconf 77' lang='lat' dir='ltr'><strong>vinceretur</strong></span> <span class='ocrx_word' id='word_1_273' title='bbox 3284 722 3415 779; x_wconf 89' lang='lat' dir='ltr'><strong>dia-</strong></span> 
     </span>
    </p>
   </div>
   <div class='ocr_carea' id='block_1_37' title="bbox 1820 810 3411 882">
    <p class='ocr_par' dir='ltr' id='par_1_37' title="bbox 1820 810 3411 882">
     <span class='ocr_line' id='line_1_37' title="bbox 1820 810 3411 882; baseline 0.003 -17"><span class='ocrx_word' id='word_1_274' title='bbox 1820 810 2000 877; x_wconf 90' lang='lat' dir='ltr'><strong>bolus,</strong></span> <span class='ocrx_word' id='word_1_275' title='bbox 2030 826 2150 882; x_wconf 65' lang='lat' dir='ltr'><strong>quas</strong></span> <span class='ocrx_word' id='word_1_276' title='bbox 2171 811 2405 867; x_wconf 88' lang='lat' dir='ltr'><strong>victoria</strong></span> <span class='ocrx_word' id='word_1_277' title='bbox 2434 811 2644 882; x_wconf 87' lang='lat' dir='ltr'><strong>apertio</strong></span> <span class='ocrx_word' id='word_1_278' title='bbox 2674 811 2781 867; x_wconf 89' lang='lat' dir='ltr'><strong>fuit</strong></span> <span class='ocrx_word' id='word_1_279' title='bbox 2810 811 3024 868; x_wconf 89' lang='lat' dir='ltr'><strong>Veteris</strong></span> <span class='ocrx_word' id='word_1_280' title='bbox 3056 812 3411 869; x_wconf 89' lang='lat' dir='ltr'><strong>Testamenti.</strong></span> 
     </span>
    </p>
   </div>
   <div class='ocr_carea' id='block_1_38' title="bbox 1820 899 3415 974">
    <p class='ocr_par' dir='ltr' id='par_1_38' title="bbox 1820 899 3415 974">
     <span class='ocr_line' id='line_1_38' title="bbox 1820 899 3415 974; baseline 0.003 -21"><span class='ocrx_word' id='word_1_281' title='bbox 1820 899 2108 966; x_wconf 88' lang='lat' dir='ltr'><strong>Quomodo</strong></span> <span class='ocrx_word' id='word_1_282' title='bbox 2132 909 2334 972; x_wconf 90' lang='lat' dir='ltr'><strong>septem</strong></span> <span class='ocrx_word' id='word_1_283' title='bbox 2363 901 2641 973; x_wconf 89' lang='lat' dir='ltr'><strong>signacula</strong></span> <span class='ocrx_word' id='word_1_284' title='bbox 2662 902 2955 973; x_wconf 85' lang='lat' dir='ltr'><strong>aperuerit,</strong></span> <span class='ocrx_word' id='word_1_285' title='bbox 2981 901 3039 956; x_wconf 91' lang='lat' dir='ltr'><strong>in</strong></span> <span class='ocrx_word' id='word_1_286' title='bbox 3055 902 3415 974; x_wconf 88' lang='lat' dir='ltr'><strong>sequentibus</strong></span> 
     </span>
    </p>
   </div>
   <div class='ocr_carea' id='block_1_39' title="bbox 1820 989 2088 1046">
    <p class='ocr_par' dir='ltr' id='par_1_39' title="bbox 1820 989 2088 1046">
     <span class='ocr_line' id='line_1_39' title="bbox 1820 989 2088 1046; baseline 0 -1"><span class='ocrx_word' id='word_1_287' title='bbox 1820 989 2088 1046; x_wconf 88' lang='lat' dir='ltr'><strong>dicemus.</strong></span> 
     </span>
    </p>
   </div>
   <div class='ocr_carea' id='block_1_40' title="bbox 1894 1086 3415 1158">
    <p class='ocr_par' dir='ltr' id='par_1_40' title="bbox 1894 1086 3415 1158">
     <span class='ocr_line' id='line_1_40' title="bbox 1894 1086 3415 1158; baseline 0 -17"><span class='ocrx_word' id='word_1_288' title='bbox 1894 1087 2075 1155; x_wconf 87' lang='lat' dir='ltr'><strong>(Vers.</strong></span> <span class='ocrx_word' id='word_1_289' title='bbox 2107 1086 2187 1157; x_wconf 91' lang='lat'><strong>6.)</strong></span> <span class='ocrx_word' id='word_1_290' title='bbox 2216 1089 2287 1142; x_wconf 88' lang='lat' dir='ltr'><strong>Et</strong></span> <span class='ocrx_word' id='word_1_291' title='bbox 2316 1087 2425 1141; x_wconf 83' lang='lat' dir='ltr'><strong>vidi</strong></span> <span class='ocrx_word' id='word_1_292' title='bbox 2456 1088 2511 1142; x_wconf 89' lang='lat' dir='ltr'><strong>in</strong></span> <span class='ocrx_word' id='word_1_293' title='bbox 2535 1088 2698 1142; x_wconf 85' lang='lat' dir='ltr'><strong>medio</strong></span> <span class='ocrx_word' id='word_1_294' title='bbox 2729 1088 2925 1153; x_wconf 80' lang='lat' dir='ltr'><strong>throni,</strong></span> <span class='ocrx_word' id='word_1_295' title='bbox 2960 1093 3008 1143; x_wconf 90' lang='lat' dir='ltr'><strong>et</strong></span> <span class='ocrx_word' id='word_1_296' title='bbox 3042 1094 3274 1158; x_wconf 85' lang='lat' dir='ltr'><strong>quatuor</strong></span> <span class='ocrx_word' id='word_1_297' title='bbox 3300 1088 3415 1143; x_wconf 88' lang='lat' dir='ltr'><strong>ani-</strong></span> 
     </span>
    </p>
   </div>
   <div class='ocr_carea' id='block_1_41' title="bbox 1820 1176 3416 1247">
    <p class='ocr_par' dir='ltr' id='par_1_41' title="bbox 1820 1176 3416 1247">
     <span class='ocr_line' id='line_1_41' title="bbox 1820 1176 3416 1247; baseline 0.001 -17"><span class='ocrx_word' id='word_1_298' title='bbox 1820 1176 2065 1240; x_wconf 87' lang='lat' dir='ltr'><strong>malium,</strong></span> <span class='ocrx_word' id='word_1_299' title='bbox 2094 1182 2141 1230; x_wconf 89' lang='lat' dir='ltr'><strong>et</strong></span> <span class='ocrx_word' id='word_1_300' title='bbox 2176 1176 2461 1241; x_wconf 84' lang='lat' dir='ltr'><strong>seniorum,</strong></span> <span class='ocrx_word' id='word_1_301' title='bbox 2508 1194 2701 1247; x_wconf 87' lang='lat' dir='ltr'><strong>agnum</strong></span> <span class='ocrx_word' id='word_1_302' title='bbox 2731 1183 2951 1232; x_wconf 83' lang='lat' dir='ltr'><strong>stantem</strong></span> <span class='ocrx_word' id='word_1_303' title='bbox 2987 1176 3142 1247; x_wconf 86' lang='lat' dir='ltr'><strong>quasi</strong></span> <span class='ocrx_word' id='word_1_304' title='bbox 3169 1177 3416 1244; x_wconf 84' lang='lat' dir='ltr'><strong>occisum,</strong></span> 
     </span>
    </p>
   </div>
   <div class='ocr_carea' id='block_1_42' title="bbox 1820 1266 3420 1338">
    <p class='ocr_par' dir='ltr' id='par_1_42' title="bbox 1820 1266 3420 1338">
     <span class='ocr_line' id='line_1_42' title="bbox 1820 1266 3420 1338; baseline 0.001 -19"><span class='ocrx_word' id='word_1_305' title='bbox 1820 1266 2087 1321; x_wconf 84' lang='lat' dir='ltr'><strong>habentem</strong></span> <span class='ocrx_word' id='word_1_306' title='bbox 2125 1283 2323 1321; x_wconf 85' lang='lat' dir='ltr'><strong>cornua</strong></span> <span class='ocrx_word' id='word_1_307' title='bbox 2370 1273 2577 1337; x_wconf 85' lang='lat' dir='ltr'><strong>septem,</strong></span> <span class='ocrx_word' id='word_1_308' title='bbox 2618 1274 2665 1321; x_wconf 90' lang='lat' dir='ltr'><strong>et</strong></span> <span class='ocrx_word' id='word_1_309' title='bbox 2710 1269 2888 1321; x_wconf 90' lang='lat' dir='ltr'><strong>oculos</strong></span> <span class='ocrx_word' id='word_1_310' title='bbox 2929 1274 3141 1338; x_wconf 84' lang='lat' dir='ltr'><strong>septem,</strong></span> <span class='ocrx_word' id='word_1_311' title='bbox 3171 1267 3264 1337; x_wconf 90' lang='lat' dir='ltr'><strong>qui</strong></span> <span class='ocrx_word' id='word_1_312' title='bbox 3295 1274 3420 1322; x_wconf 85' lang='lat' dir='ltr'><strong>sunt</strong></span> 
     </span>
    </p>
   </div>
   <div class='ocr_carea' id='block_1_43' title="bbox 1821 1356 3419 1427">
    <p class='ocr_par' dir='ltr' id='par_1_43' title="bbox 1821 1356 3419 1427">
     <span class='ocr_line' id='line_1_43' title="bbox 1821 1356 3419 1427; baseline 0.001 -18"><span class='ocrx_word' id='word_1_313' title='bbox 1821 1362 2009 1427; x_wconf 86' lang='lat' dir='ltr'><strong>septem</strong></span> <span class='ocrx_word' id='word_1_314' title='bbox 2053 1356 2276 1427; x_wconf 80' lang='lat' dir='ltr'><strong>spiritus</strong></span> <span class='ocrx_word' id='word_1_315' title='bbox 2331 1357 2448 1423; x_wconf 87' lang='lat' dir='ltr'><strong>Dei,</strong></span> <span class='ocrx_word' id='word_1_316' title='bbox 2509 1358 2656 1412; x_wconf 82' lang='lat' dir='ltr'><strong>missi</strong></span> <span class='ocrx_word' id='word_1_317' title='bbox 2702 1357 2755 1411; x_wconf 92' lang='lat' dir='ltr'><strong>in</strong></span> <span class='ocrx_word' id='word_1_318' title='bbox 2809 1373 3010 1411; x_wconf 87' lang='lat' dir='ltr'><strong>omnem</strong></span> <span class='ocrx_word' id='word_1_319' title='bbox 3059 1363 3277 1411; x_wconf 67' lang='lat' dir='ltr'><strong>tetram.</strong></span> <span class='ocrx_word' id='word_1_320' title='bbox 3314 1357 3419 1412; x_wconf 89' lang='lat' dir='ltr'><strong>Per</strong></span> 
     </span>
    </p>
   </div>
   <div class='ocr_carea' id='block_1_44' title="bbox 1826 1445 3416 1519">
    <p class='ocr_par' dir='ltr' id='par_1_44' title="bbox 1826 1445 3416 1519">
     <span class='ocr_line' id='line_1_44' title="bbox 1826 1445 3416 1519; baseline 0.001 -20"><span class='ocrx_word' id='word_1_321' title='bbox 1826 1445 2084 1501; x_wconf 89' lang='lat' dir='ltr'><strong>thronum</strong></span> <span class='ocrx_word' id='word_1_322' title='bbox 2138 1454 2191 1501; x_wconf 91' lang='lat' dir='ltr'><strong>et</strong></span> <span class='ocrx_word' id='word_1_323' title='bbox 2242 1456 2476 1519; x_wconf 82' lang='lat' dir='ltr'><strong>quatuor</strong></span> <span class='ocrx_word' id='word_1_324' title='bbox 2504 1446 2765 1503; x_wconf 85' lang='lat' dir='ltr'><strong>animalia</strong></span> <span class='ocrx_word' id='word_1_325' title='bbox 2800 1455 2853 1501; x_wconf 87' lang='lat' dir='ltr'><strong>et</strong></span> <span class='ocrx_word' id='word_1_326' title='bbox 2881 1446 3121 1503; x_wconf 87' lang='lat' dir='ltr'><strong>seniores</strong></span> <span class='ocrx_word' id='word_1_327' title='bbox 3150 1462 3261 1501; x_wconf 89' lang='lat' dir='ltr'><strong>una</strong></span> <span class='ocrx_word' id='word_1_328' title='bbox 3300 1447 3416 1501; x_wconf 87' lang='lat' dir='ltr'><strong>Ec-</strong></span> 
     </span>
    </p>
   </div>
   <div class='ocr_carea' id='block_1_45' title="bbox 1822 1535 3418 1609">
    <p class='ocr_par' dir='ltr' id='par_1_45' title="bbox 1822 1535 3418 1609">
     <span class='ocr_line' id='line_1_45' title="bbox 1822 1535 3418 1609; baseline 0.001 -20"><span class='ocrx_word' id='word_1_329' title='bbox 1822 1535 1987 1590; x_wconf 89' lang='lat' dir='ltr'><strong>clesia</strong></span> <span class='ocrx_word' id='word_1_330' title='bbox 2006 1552 2130 1591; x_wconf 90' lang='lat' dir='ltr'><strong>cum</strong></span> <span class='ocrx_word' id='word_1_331' title='bbox 2161 1537 2376 1592; x_wconf 90' lang='lat' dir='ltr'><strong>cunctis</strong></span> <span class='ocrx_word' id='word_1_332' title='bbox 2405 1537 2519 1593; x_wconf 89' lang='lat' dir='ltr'><strong>suis</strong></span> <span class='ocrx_word' id='word_1_333' title='bbox 2549 1536 2838 1592; x_wconf 81' lang='lat' dir='ltr'><strong>ordinibus</strong></span> <span class='ocrx_word' id='word_1_334' title='bbox 2866 1537 3201 1609; x_wconf 83' lang='lat' dir='ltr'><strong>designatur.</strong></span> <span class='ocrx_word' id='word_1_335' title='bbox 3226 1536 3418 1607; x_wconf 83' lang='lat' dir='ltr'><strong>Agnus</strong></span> 
     </span>
    </p>
   </div>
   <div class='ocr_carea' id='block_1_46' title="bbox 1823 1626 3414 1698">
    <p class='ocr_par' dir='ltr' id='par_1_46' title="bbox 1823 1626 3414 1698">
     <span class='ocr_line' id='line_1_46' title="bbox 1823 1626 3414 1698; baseline 0.001 -19"><span class='ocrx_word' id='word_1_336' title='bbox 1823 1640 1955 1680; x_wconf 91' lang='lat' dir='ltr'><strong>vero</strong></span> <span class='ocrx_word' id='word_1_337' title='bbox 2002 1642 2113 1680; x_wconf 93' lang='lat' dir='ltr'><strong>non</strong></span> <span class='ocrx_word' id='word_1_338' title='bbox 2153 1626 2385 1694; x_wconf 89' lang='lat' dir='ltr'><strong>occisus,</strong></span> <span class='ocrx_word' id='word_1_339' title='bbox 2423 1626 2517 1681; x_wconf 90' lang='lat' dir='ltr'><strong>sed</strong></span> <span class='ocrx_word' id='word_1_340' title='bbox 2557 1634 2815 1698; x_wconf 82' lang='lat' dir='ltr'><strong>tanquam</strong></span> <span class='ocrx_word' id='word_1_341' title='bbox 2861 1627 3073 1683; x_wconf 89' lang='lat' dir='ltr'><strong>occisus</strong></span> <span class='ocrx_word' id='word_1_342' title='bbox 3121 1626 3272 1681; x_wconf 89' lang='lat' dir='ltr'><strong>visus</strong></span> <span class='ocrx_word' id='word_1_343' title='bbox 3300 1634 3414 1693; x_wconf 89' lang='lat' dir='ltr'><strong>est;</strong></span> 
     </span>
    </p>
   </div>
   <div class='ocr_carea' id='block_1_47' title="bbox 1820 1715 3414 1789">
    <p class='ocr_par' dir='ltr' id='par_1_47' title="bbox 1820 1715 3414 1789">
     <span class='ocr_line' id='line_1_47' title="bbox 1820 1715 3414 1789; baseline 0.003 -20"><span class='ocrx_word' id='word_1_344' title='bbox 1820 1715 1950 1788; x_wconf 88' lang='lat' dir='ltr'><strong>quia</strong></span> <span class='ocrx_word' id='word_1_345' title='bbox 1982 1726 2213 1772; x_wconf 85' lang='lat' dir='ltr'><strong>mortem</strong></span> <span class='ocrx_word' id='word_1_346' title='bbox 2243 1717 2301 1771; x_wconf 89' lang='lat' dir='ltr'><strong>in</strong></span> <span class='ocrx_word' id='word_1_347' title='bbox 2338 1718 2575 1772; x_wconf 90' lang='lat' dir='ltr'><strong>transitu</strong></span> <span class='ocrx_word' id='word_1_348' title='bbox 2608 1716 2869 1788; x_wconf 81' lang='lat' dir='ltr'><strong>gustavit,</strong></span> <span class='ocrx_word' id='word_1_349' title='bbox 2914 1725 2967 1772; x_wconf 88' lang='lat' dir='ltr'><strong>et</strong></span> <span class='ocrx_word' id='word_1_350' title='bbox 2997 1718 3158 1789; x_wconf 89' lang='lat' dir='ltr'><strong>paulo</strong></span> <span class='ocrx_word' id='word_1_351' title='bbox 3185 1724 3308 1787; x_wconf 84' lang='lat' dir='ltr'><strong>post</strong></span> <span class='ocrx_word' id='word_1_352' title='bbox 3336 1733 3414 1773; x_wconf 87' lang='lat' dir='ltr'><strong>re-</strong></span> 
     </span>
    </p>
   </div>
   <div class='ocr_carea' id='block_1_48' title="bbox 1820 1805 3419 1878">
    <p class='ocr_par' dir='ltr' id='par_1_48' title="bbox 1820 1805 3419 1878">
     <span class='ocr_line' id='line_1_48' title="bbox 1820 1805 3419 1878; baseline -0.001 -16"><span class='ocrx_word' id='word_1_353' title='bbox 1820 1822 2067 1878; x_wconf 83' lang='lat' dir='ltr'><strong>surgens,</strong></span> <span class='ocrx_word' id='word_1_354' title='bbox 2106 1832 2122 1853; x_wconf 80' lang='grc' dir='ltr'>ι</span> <span class='ocrx_word' id='word_1_355' title='bbox 2147 1805 2259 1877; x_wconf 90' lang='lat' dir='ltr'><strong>jam</strong></span> <span class='ocrx_word' id='word_1_356' title='bbox 2291 1823 2401 1861; x_wconf 93' lang='lat' dir='ltr'><strong>non</strong></span> <span class='ocrx_word' id='word_1_357' title='bbox 2434 1807 2686 1874; x_wconf 91' lang='lat' dir='ltr'><strong>moritur,</strong></span> <span class='ocrx_word' id='word_1_358' title='bbox 2720 1823 2864 1861; x_wconf 91' lang='lat' dir='ltr'><strong>mors</strong></span> <span class='ocrx_word' id='word_1_359' title='bbox 2896 1807 2978 1861; x_wconf 90' lang='lat' dir='ltr'><strong>illi</strong></span> <span class='ocrx_word' id='word_1_360' title='bbox 3012 1808 3156 1862; x_wconf 86' lang='lat' dir='ltr'><strong>ultra</strong></span> <span class='ocrx_word' id='word_1_361' title='bbox 3186 1823 3299 1861; x_wconf 91' lang='lat' dir='ltr'><strong>non</strong></span> <span class='ocrx_word' id='word_1_362' title='bbox 3321 1806 3419 1861; x_wconf 86' lang='lat' dir='ltr'><strong>do-</strong></span> 
     </span>
    </p>
   </div>
   <div class='ocr_carea' id='block_1_49' title="bbox 1822 1893 3416 1966">
    <p class='ocr_par' dir='ltr' id='par_1_49' title="bbox 1822 1893 3416 1966">
     <span class='ocr_line' id='line_1_49' title="bbox 1822 1893 3416 1966; baseline 0.001 -18"><span class='ocrx_word' id='word_1_363' title='bbox 1822 1893 2126 1949; x_wconf 90' lang='lat' dir='ltr'><strong>minabitur</strong></span> <span class='ocrx_word' id='word_1_364' title='bbox 2147 1894 2501 1964; x_wconf 77' lang='lat' dir='ltr'><strong>(Rom.v1,9);</strong></span> <span class='ocrx_word' id='word_1_365' title='bbox 2526 1920 2542 1941; x_wconf 76' lang='grc' dir='ltr'><strong>ι</strong></span> <span class='ocrx_word' id='word_1_366' title='bbox 2575 1895 2669 1966; x_wconf 88' lang='lat' dir='ltr'><strong>qui</strong></span> <span class='ocrx_word' id='word_1_367' title='bbox 2699 1909 2907 1949; x_wconf 90' lang='lat' dir='ltr'><strong>cornua</strong></span> <span class='ocrx_word' id='word_1_368' title='bbox 2929 1903 3133 1964; x_wconf 90' lang='lat' dir='ltr'><strong>septem</strong></span> <span class='ocrx_word' id='word_1_369' title='bbox 3154 1903 3208 1949; x_wconf 89' lang='lat' dir='ltr'><strong>et</strong></span> <span class='ocrx_word' id='word_1_370' title='bbox 3227 1894 3416 1949; x_wconf 90' lang='lat' dir='ltr'><strong>oculos</strong></span> 
     </span>
    </p>
   </div>
   <div class='ocr_carea' id='block_1_50' title="bbox 1822 1982 3419 2055">
    <p class='ocr_par' dir='ltr' id='par_1_50' title="bbox 1822 1982 3419 2055">
     <span class='ocr_line' id='line_1_50' title="bbox 1822 1982 3419 2055; baseline 0.001 -18"><span class='ocrx_word' id='word_1_371' title='bbox 1822 1990 2027 2053; x_wconf 88' lang='lat' dir='ltr'><strong>septem</strong></span> <span class='ocrx_word' id='word_1_372' title='bbox 2068 1982 2323 2039; x_wconf 89' lang='lat' dir='ltr'><strong>habuisse</strong></span> <span class='ocrx_word' id='word_1_373' title='bbox 2372 1984 2524 2039; x_wconf 89' lang='lat' dir='ltr'><strong>visus</strong></span> <span class='ocrx_word' id='word_1_374' title='bbox 2553 1991 2652 2039; x_wconf 89' lang='lat' dir='ltr'><strong>est.</strong></span> <span class='ocrx_word' id='word_1_375' title='bbox 2687 1983 2833 2050; x_wconf 89' lang='lat' dir='ltr'><strong>Quid</strong></span> <span class='ocrx_word' id='word_1_376' title='bbox 2862 1984 2974 2039; x_wconf 89' lang='lat' dir='ltr'><strong>sint</strong></span> <span class='ocrx_word' id='word_1_377' title='bbox 3004 1992 3186 2039; x_wconf 89' lang='lat' dir='ltr'><strong>autem</strong></span> <span class='ocrx_word' id='word_1_378' title='bbox 3212 1991 3419 2055; x_wconf 88' lang='lat' dir='ltr'><strong>septem</strong></span> 
     </span>
    </p>
   </div>
   <div class='ocr_carea' id='block_1_51' title="bbox 1821 2072 3423 2145">
    <p class='ocr_par' dir='ltr' id='par_1_51' title="bbox 1821 2072 3423 2145">
     <span class='ocr_line' id='line_1_51' title="bbox 1821 2072 3423 2145; baseline -0.001 -17"><span class='ocrx_word' id='word_1_379' title='bbox 1821 2072 1989 2133; x_wconf 87' lang='lat' dir='ltr'><strong>oculi.</strong></span> <span class='ocrx_word' id='word_1_380' title='bbox 2022 2073 2135 2145; x_wconf 84' lang='lat' dir='ltr'><strong>ipse</strong></span> <span class='ocrx_word' id='word_1_381' title='bbox 2164 2074 2392 2144; x_wconf 85' lang='lat' dir='ltr'><strong>exponit</strong></span> <span class='ocrx_word' id='word_1_382' title='bbox 2418 2090 2544 2130; x_wconf 91' lang='lat' dir='ltr'><strong>cum</strong></span> <span class='ocrx_word' id='word_1_383' title='bbox 2572 2072 2857 2144; x_wconf 89' lang='lat' dir='ltr'><strong>subjungit</strong></span> <span class='ocrx_word' id='word_1_384' title='bbox 2891 2091 2901 2128; x_wconf 94' lang='lat'><strong>:</strong></span> <span class='ocrx_word' id='word_1_385' title='bbox 2952 2072 3055 2140; x_wconf 85' lang='lat' dir='ltr'><strong>Qui</strong></span> <span class='ocrx_word' id='word_1_386' title='bbox 3083 2080 3207 2127; x_wconf 89' lang='lat' dir='ltr'><strong>sunt</strong></span> <span class='ocrx_word' id='word_1_387' title='bbox 3232 2080 3423 2143; x_wconf 84' lang='lat' dir='ltr'><strong>septem</strong></span> 
     </span>
    </p>
   </div>
   <div class='ocr_carea' id='block_1_52' title="bbox 1821 2161 3448 2232">
    <p class='ocr_par' dir='ltr' id='par_1_52' title="bbox 1821 2161 3448 2232">
     <span class='ocr_line' id='line_1_52' title="bbox 1821 2161 3448 2232; baseline 0.001 -17"><span class='ocrx_word' id='word_1_388' title='bbox 1821 2161 2042 2232; x_wconf 83' lang='lat' dir='ltr'><strong>spiritus</strong></span> <span class='ocrx_word' id='word_1_389' title='bbox 2073 2161 2186 2229; x_wconf 88' lang='lat' dir='ltr'><strong>Dei,</strong></span> <span class='ocrx_word' id='word_1_390' title='bbox 2216 2162 2363 2215; x_wconf 86' lang='lat' dir='ltr'><strong>missi</strong></span> <span class='ocrx_word' id='word_1_391' title='bbox 2394 2162 2448 2215; x_wconf 87' lang='lat' dir='ltr'><strong>in</strong></span> <span class='ocrx_word' id='word_1_392' title='bbox 2474 2179 2676 2217; x_wconf 86' lang='lat' dir='ltr'><strong>omnem</strong></span> <span class='ocrx_word' id='word_1_393' title='bbox 2694 2168 2909 2217; x_wconf 85' lang='lat' dir='ltr'><strong>terram.</strong></span> <span class='ocrx_word' id='word_1_394' title='bbox 2932 2162 3033 2217; x_wconf 89' lang='lat' dir='ltr'><strong>Per</strong></span> <span class='ocrx_word' id='word_1_395' title='bbox 3062 2177 3269 2217; x_wconf 82' lang='lat' dir='ltr'><strong>cornua</strong></span> <span class='ocrx_word' id='word_1_396' title='bbox 3290 2176 3420 2217; x_wconf 89' lang='lat' dir='ltr'><strong>vero</strong></span> <span class='ocrx_word' id='word_1_397' title='bbox 3444 2194 3448 2198; x_wconf 87' lang='lat'><strong><em>~</em></strong></span> 
     </span>
    </p>
   </div>
   <div class='ocr_carea' id='block_1_53' title="bbox 1821 2251 3419 2324">
    <p class='ocr_par' dir='ltr' id='par_1_53' title="bbox 1821 2251 3419 2324">
     <span class='ocr_line' id='line_1_53' title="bbox 1821 2251 3419 2324; baseline 0.001 -18"><span class='ocrx_word' id='word_1_398' title='bbox 1821 2267 1961 2322; x_wconf 62' lang='lat' dir='ltr'><strong>saepe</strong></span> <span class='ocrx_word' id='word_1_399' title='bbox 1991 2268 2154 2323; x_wconf 89' lang='lat' dir='ltr'><strong>regna</strong></span> <span class='ocrx_word' id='word_1_400' title='bbox 2180 2252 2557 2324; x_wconf 86' lang='lat' dir='ltr'><strong>designantur.</strong></span> <span class='ocrx_word' id='word_1_401' title='bbox 2588 2252 2862 2308; x_wconf 88' lang='lat' dir='ltr'><strong>Videntur</strong></span> <span class='ocrx_word' id='word_1_402' title='bbox 2894 2268 3021 2323; x_wconf 88' lang='lat' dir='ltr'><strong>ergo</strong></span> <span class='ocrx_word' id='word_1_403' title='bbox 3065 2251 3204 2306; x_wconf 89' lang='lat' dir='ltr'><strong>mihi</strong></span> <span class='ocrx_word' id='word_1_404' title='bbox 3252 2251 3419 2307; x_wconf 89' lang='lat' dir='ltr'><strong>aliam</strong></span> 
     </span>
    </p>
   </div>
   <div class='ocr_carea' id='block_1_54' title="bbox 1822 2339 3421 2413">
    <p class='ocr_par' dir='ltr' id='par_1_54' title="bbox 1822 2339 3421 2413">
     <span class='ocr_line' id='line_1_54' title="bbox 1822 2339 3421 2413; baseline 0.001 -20"><span class='ocrx_word' id='word_1_405' title='bbox 1822 2339 2280 2410; x_wconf 88' lang='lat' dir='ltr'><strong>signiﬁcationem</strong></span> <span class='ocrx_word' id='word_1_406' title='bbox 2329 2341 2528 2395; x_wconf 89' lang='lat' dir='ltr'><strong>habere</strong></span> <span class='ocrx_word' id='word_1_407' title='bbox 2583 2357 2811 2409; x_wconf 89' lang='lat' dir='ltr'><strong>cornua,</strong></span> <span class='ocrx_word' id='word_1_408' title='bbox 2857 2341 3022 2396; x_wconf 90' lang='lat' dir='ltr'><strong>aliam</strong></span> <span class='ocrx_word' id='word_1_409' title='bbox 3073 2340 3266 2407; x_wconf 90' lang='lat' dir='ltr'><strong>oculi;</strong></span> <span class='ocrx_word' id='word_1_410' title='bbox 3325 2356 3421 2413; x_wconf 89' lang='lat' dir='ltr'><strong>per</strong></span> 
     </span>
    </p>
   </div>
   <div class='ocr_carea' id='block_1_55' title="bbox 1823 2429 3417 2501">
    <p class='ocr_par' dir='ltr' id='par_1_55' title="bbox 1823 2429 3417 2501">
     <span class='ocr_line' id='line_1_55' title="bbox 1823 2429 3417 2501; baseline 0.001 -18"><span class='ocrx_word' id='word_1_411' title='bbox 1823 2437 2028 2501; x_wconf 89' lang='lat' dir='ltr'><strong>septem</strong></span> <span class='ocrx_word' id='word_1_412' title='bbox 2070 2446 2305 2501; x_wconf 89' lang='lat' dir='ltr'><strong>namque</strong></span> <span class='ocrx_word' id='word_1_413' title='bbox 2356 2446 2563 2485; x_wconf 90' lang='lat' dir='ltr'><strong>cornua</strong></span> <span class='ocrx_word' id='word_1_414' title='bbox 2610 2446 2803 2484; x_wconf 91' lang='lat' dir='ltr'><strong>omnes</strong></span> <span class='ocrx_word' id='word_1_415' title='bbox 2849 2430 3008 2485; x_wconf 89' lang='lat' dir='ltr'><strong>electi</strong></span> <span class='ocrx_word' id='word_1_416' title='bbox 3038 2429 3417 2501; x_wconf 86' lang='lat' dir='ltr'><strong>designantur,</strong></span> 
     </span>
    </p>
   </div>
   <div class='ocr_carea' id='block_1_56' title="bbox 1823 2518 3420 2591">
    <p class='ocr_par' dir='ltr' id='par_1_56' title="bbox 1823 2518 3420 2591">
     <span class='ocr_line' id='line_1_56' title="bbox 1823 2518 3420 2591; baseline 0.001 -19"><span class='ocrx_word' id='word_1_417' title='bbox 1823 2518 1918 2590; x_wconf 91' lang='lat' dir='ltr'><strong>qui</strong></span> <span class='ocrx_word' id='word_1_418' title='bbox 1952 2534 2176 2589; x_wconf 87' lang='lat' dir='ltr'><strong>regnum</strong></span> <span class='ocrx_word' id='word_1_419' title='bbox 2200 2519 2296 2573; x_wconf 91' lang='lat' dir='ltr'><strong>Dei</strong></span> <span class='ocrx_word' id='word_1_420' title='bbox 2328 2528 2613 2586; x_wconf 87' lang='lat' dir='ltr'><strong>vocantur,</strong></span> <span class='ocrx_word' id='word_1_421' title='bbox 2646 2534 2881 2591; x_wconf 89' lang='lat' dir='ltr'><strong>quorum</strong></span> <span class='ocrx_word' id='word_1_422' title='bbox 2912 2535 3131 2574; x_wconf 90' lang='lat' dir='ltr'><strong>omnem</strong></span> <span class='ocrx_word' id='word_1_423' title='bbox 3169 2519 3420 2575; x_wconf 91' lang='lat' dir='ltr'><strong>multitu-</strong></span> 
     </span>
    </p>
   </div>
   <div class='ocr_carea' id='block_1_57' title="bbox 1822 2606 3414 2678">
    <p class='ocr_par' dir='ltr' id='par_1_57' title="bbox 1822 2606 3414 2678">
     <span class='ocr_line' id='line_1_57' title="bbox 1822 2606 3414 2678; baseline 0.001 -17"><span class='ocrx_word' id='word_1_424' title='bbox 1822 2607 2007 2661; x_wconf 90' lang='lat' dir='ltr'><strong>dinem</strong></span> <span class='ocrx_word' id='word_1_425' title='bbox 2063 2606 2314 2678; x_wconf 88' lang='lat' dir='ltr'><strong>superius</strong></span> <span class='ocrx_word' id='word_1_426' title='bbox 2371 2608 2429 2661; x_wconf 91' lang='lat' dir='ltr'><strong>in</strong></span> <span class='ocrx_word' id='word_1_427' title='bbox 2480 2614 2687 2678; x_wconf 88' lang='lat' dir='ltr'><strong>septem</strong></span> <span class='ocrx_word' id='word_1_428' title='bbox 2747 2615 2924 2678; x_wconf 83' lang='lat' dir='ltr'><strong>partes</strong></span> <span class='ocrx_word' id='word_1_429' title='bbox 2962 2607 3275 2663; x_wconf 88' lang='lat' dir='ltr'><strong>divisimus.</strong></span> <span class='ocrx_word' id='word_1_430' title='bbox 3327 2607 3414 2663; x_wconf 86' lang='lat' dir='ltr'><strong>Ad</strong></span> 
     </span>
    </p>
   </div>
   <div class='ocr_carea' id='block_1_58' title="bbox 1822 2698 3420 2771">
    <p class='ocr_par' dir='ltr' id='par_1_58' title="bbox 1822 2698 3420 2771">
     <span class='ocr_line' id='line_1_58' title="bbox 1822 2698 3420 2771; baseline 0.001 -17"><span class='ocrx_word' id='word_1_431' title='bbox 1822 2699 2059 2771; x_wconf 88' lang='lat' dir='ltr'><strong>primum</strong></span> <span class='ocrx_word' id='word_1_432' title='bbox 2088 2700 2256 2771; x_wconf 87' lang='lat' dir='ltr'><strong>igitur</strong></span> <span class='ocrx_word' id='word_1_433' title='bbox 2284 2716 2458 2755; x_wconf 90' lang='lat' dir='ltr'><strong>cornu</strong></span> <span class='ocrx_word' id='word_1_434' title='bbox 2495 2699 2656 2754; x_wconf 90' lang='lat' dir='ltr'><strong>electi</strong></span> <span class='ocrx_word' id='word_1_435' title='bbox 2697 2699 2790 2771; x_wconf 91' lang='lat' dir='ltr'><strong>qui</strong></span> <span class='ocrx_word' id='word_1_436' title='bbox 2833 2707 2960 2753; x_wconf 89' lang='lat' dir='ltr'><strong>ante</strong></span> <span class='ocrx_word' id='word_1_437' title='bbox 2996 2698 3274 2754; x_wconf 91' lang='lat' dir='ltr'><strong>diluvium</strong></span> <span class='ocrx_word' id='word_1_438' title='bbox 3306 2699 3420 2755; x_wconf 86' lang='lat' dir='ltr'><strong>fue-</strong></span> 
     </span>
    </p>
   </div>
   <div class='ocr_carea' id='block_1_59' title="bbox 1822 2793 3420 2866">
    <p class='ocr_par' dir='ltr' id='par_1_59' title="bbox 1822 2793 3420 2866">
     <span class='ocr_line' id='line_1_59' title="bbox 1822 2793 3420 2866; baseline 0 -18"><span class='ocrx_word' id='word_1_439' title='bbox 1822 2802 1974 2862; x_wconf 87' lang='lat' dir='ltr'><strong>runt,</strong></span> <span class='ocrx_word' id='word_1_440' title='bbox 2005 2794 2317 2866; x_wconf 89' lang='lat' dir='ltr'><strong>pertinent:</strong></span> <span class='ocrx_word' id='word_1_441' title='bbox 2350 2793 2419 2849; x_wconf 91' lang='lat' dir='ltr'><strong>ad</strong></span> <span class='ocrx_word' id='word_1_442' title='bbox 2441 2794 2741 2849; x_wconf 88' lang='lat' dir='ltr'><strong>secundum</strong></span> <span class='ocrx_word' id='word_1_443' title='bbox 2773 2810 2903 2849; x_wconf 85' lang='lat' dir='ltr'><strong>vero</strong></span> <span class='ocrx_word' id='word_1_444' title='bbox 2927 2793 2967 2847; x_wconf 88' lang='lat' dir='ltr'><strong>ii</strong></span> <span class='ocrx_word' id='word_1_445' title='bbox 2999 2794 3093 2865; x_wconf 90' lang='lat' dir='ltr'><strong>qui</strong></span> <span class='ocrx_word' id='word_1_446' title='bbox 3124 2801 3246 2865; x_wconf 91' lang='lat' dir='ltr'><strong>post</strong></span> <span class='ocrx_word' id='word_1_447' title='bbox 3275 2793 3420 2848; x_wconf 88' lang='lat' dir='ltr'><strong>dilu-</strong></span> 
     </span>
    </p>
   </div>
   <div class='ocr_carea' id='block_1_60' title="bbox 1822 2880 3413 2954">
    <p class='ocr_par' dir='ltr' id='par_1_60' title="bbox 1822 2880 3413 2954">
     <span class='ocr_line' id='line_1_60' title="bbox 1822 2880 3413 2954; baseline 0 -19"><span class='ocrx_word' id='word_1_448' title='bbox 1822 2882 1974 2936; x_wconf 88' lang='lat' dir='ltr'><strong>vium</strong></span> <span class='ocrx_word' id='word_1_449' title='bbox 2002 2895 2186 2954; x_wconf 82' lang='lat' dir='ltr'><strong>‘usque</strong></span> <span class='ocrx_word' id='word_1_450' title='bbox 2228 2881 2296 2937; x_wconf 90' lang='lat' dir='ltr'><strong>ad</strong></span> <span class='ocrx_word' id='word_1_451' title='bbox 2334 2883 2506 2953; x_wconf 84' lang='lat' dir='ltr'><strong>legem</strong></span> <span class='ocrx_word' id='word_1_452' title='bbox 2538 2881 2762 2936; x_wconf 88' lang='lat' dir='ltr'><strong>fuerunt</strong></span> <span class='ocrx_word' id='word_1_453' title='bbox 2796 2899 2807 2936; x_wconf 91' lang='lat'><strong>:</strong></span> <span class='ocrx_word' id='word_1_454' title='bbox 2857 2880 2925 2936; x_wconf 91' lang='lat' dir='ltr'><strong>ad</strong></span> <span class='ocrx_word' id='word_1_455' title='bbox 2967 2880 3190 2936; x_wconf 87' lang='lat' dir='ltr'><strong>tertium</strong></span> <span class='ocrx_word' id='word_1_456' title='bbox 3230 2887 3413 2937; x_wconf 89' lang='lat' dir='ltr'><strong>autem</strong></span> 
     </span>
    </p>
   </div>
   <div class='ocr_carea' id='block_1_61' title="bbox 1823 2969 3415 3044">
    <p class='ocr_par' dir='ltr' id='par_1_61' title="bbox 1823 2969 3415 3044">
     <span class='ocr_line' id='line_1_61' title="bbox 1823 2969 3415 3044; baseline 0.001 -20"><span class='ocrx_word' id='word_1_457' title='bbox 1823 2970 1861 3025; x_wconf 92' lang='lat' dir='ltr'><strong>ii</strong></span> <span class='ocrx_word' id='word_1_458' title='bbox 1893 2970 1987 3044; x_wconf 91' lang='lat' dir='ltr'><strong>qui</strong></span> <span class='ocrx_word' id='word_1_459' title='bbox 2019 2971 2121 3027; x_wconf 88' lang='lat' dir='ltr'><strong>sub</strong></span> <span class='ocrx_word' id='word_1_460' title='bbox 2150 2973 2264 3041; x_wconf 85' lang='lat' dir='ltr'><strong>lege</strong></span> <span class='ocrx_word' id='word_1_461' title='bbox 2293 2971 2516 3027; x_wconf 86' lang='lat' dir='ltr'><strong>fuerunt</strong></span> <span class='ocrx_word' id='word_1_462' title='bbox 2551 2988 2562 3025; x_wconf 89' lang='lat'>:</span> <span class='ocrx_word' id='word_1_463' title='bbox 2594 2970 2663 3025; x_wconf 87' lang='lat' dir='ltr'><strong>ad</strong></span> <span class='ocrx_word' id='word_1_464' title='bbox 2699 2977 2956 3041; x_wconf 88' lang='lat' dir='ltr'><strong>quartum</strong></span> <span class='ocrx_word' id='word_1_465' title='bbox 2988 2969 3267 3041; x_wconf 65' lang='lat' dir='ltr'><strong>propheta)</strong></span> <span class='ocrx_word' id='word_1_466' title='bbox 3298 2986 3308 3023; x_wconf 95' lang='lat'>:</span> <span class='ocrx_word' id='word_1_467' title='bbox 3346 2969 3415 3026; x_wconf 93' lang='lat' dir='ltr'><strong>ad</strong></span> 
     </span>
    </p>
   </div>
   <div class='ocr_carea' id='block_1_62' title="bbox 126 3052 3412 3136">
    <p class='ocr_par' dir='ltr' id='par_1_62' title="bbox 126 3052 3412 3136">
     <span class='ocr_line' id='line_1_62' title="bbox 126 3052 3412 3136; baseline 0.002 -29"><span class='ocrx_word' id='word_1_468' title='bbox 126 3052 219 3107; x_wconf 88' lang='lat' dir='ltr'><strong>Sed</strong></span> <span class='ocrx_word' id='word_1_469' title='bbox 249 3056 606 3127; x_wconf 68' lang='lat' dir='ltr'><strong>quaerendum</strong></span> <span class='ocrx_word' id='word_1_470' title='bbox 662 3058 822 3114; x_wconf 90' lang='lat' dir='ltr'><strong>nobis</strong></span> <span class='ocrx_word' id='word_1_471' title='bbox 868 3068 950 3116; x_wconf 90' lang='lat' dir='ltr'><strong>est</strong></span> <span class='ocrx_word' id='word_1_472' title='bbox 978 3076 1078 3116; x_wconf 92' lang='lat' dir='ltr'><strong>cur</strong></span> <span class='ocrx_word' id='word_1_473' title='bbox 1102 3060 1270 3129; x_wconf 89' lang='lat' dir='ltr'><strong>dicat,</strong></span> <span class='ocrx_word' id='word_1_474' title='bbox 1327 3061 1476 3118; x_wconf 90' lang='lat' dir='ltr'><strong>hunc</strong></span> <span class='ocrx_word' id='word_1_475' title='bbox 1508 3060 1711 3116; x_wconf 87' lang='lat' dir='ltr'><strong>librum</strong></span> <span class='ocrx_word' id='word_1_476' title='bbox 1742 3072 1792 3136; x_wconf 73' lang='grc' dir='ltr'>ο</span> <span class='ocrx_word' id='word_1_477' title='bbox 1823 3059 2079 3132; x_wconf 90' lang='lat' dir='ltr'><strong>quintum</strong></span> <span class='ocrx_word' id='word_1_478' title='bbox 2106 3060 2144 3115; x_wconf 90' lang='lat' dir='ltr'><strong>ii</strong></span> <span class='ocrx_word' id='word_1_479' title='bbox 2176 3060 2268 3133; x_wconf 91' lang='lat' dir='ltr'><strong>qui</strong></span> <span class='ocrx_word' id='word_1_480' title='bbox 2299 3077 2367 3116; x_wconf 85' lang='lat' dir='ltr'><strong>ex</strong></span> <span class='ocrx_word' id='word_1_481' title='bbox 2402 3059 2605 3116; x_wconf 75' lang='lat' dir='ltr'><strong>Iudaeis</strong></span> <span class='ocrx_word' id='word_1_482' title='bbox 2631 3058 2982 3115; x_wconf 85' lang='lat' dir='ltr'><strong>crediderunt</strong></span> <span class='ocrx_word' id='word_1_483' title='bbox 3007 3058 3064 3113; x_wconf 91' lang='lat' dir='ltr'><strong>in</strong></span> <span class='ocrx_word' id='word_1_484' title='bbox 3095 3057 3412 3114; x_wconf 87' lang='lat' dir='ltr'><strong>Christum:</strong></span> 
     </span>
    </p>
   </div>
   <div class='ocr_carea' id='block_1_63' title="bbox 125 3143 1712 3222">
    <p class='ocr_par' dir='ltr' id='par_1_63' title="bbox 125 3143 1712 3222">
     <span class='ocr_line' id='line_1_63' title="bbox 125 3143 1712 3222; baseline 0.008 -27"><span class='ocrx_word' id='word_1_485' title='bbox 125 3156 153 3194; x_wconf 88' lang='lat' dir='ltr'><strong>a</strong></span> <span class='ocrx_word' id='word_1_486' title='bbox 200 3143 350 3199; x_wconf 88' lang='lat' dir='ltr'><strong>nullo</strong></span> <span class='ocrx_word' id='word_1_487' title='bbox 403 3162 562 3217; x_wconf 91' lang='lat' dir='ltr'><strong>posse</strong></span> <span class='ocrx_word' id='word_1_488' title='bbox 618 3145 816 3215; x_wconf 86' lang='lat' dir='ltr'><strong>videri,</strong></span> <span class='ocrx_word' id='word_1_489' title='bbox 866 3164 993 3204; x_wconf 88' lang='lat' dir='ltr'><strong>cum</strong></span> <span class='ocrx_word' id='word_1_490' title='bbox 1054 3150 1307 3221; x_wconf 89' lang='lat' dir='ltr'><strong>superius</strong></span> <span class='ocrx_word' id='word_1_491' title='bbox 1372 3149 1521 3206; x_wconf 90' lang='lat' dir='ltr'><strong>dicat</strong></span> <span class='ocrx_word' id='word_1_492' title='bbox 1565 3151 1712 3222; x_wconf 89' lang='lat' dir='ltr'><strong>quod</strong></span> 
     </span>
    </p>
   </div>
   <div class='ocr_carea' id='block_1_64' title="bbox 126 3232 1709 3309">
    <p class='ocr_par' dir='ltr' id='par_1_64' title="bbox 126 3232 1709 3309">
     <span class='ocr_line' id='line_1_64' title="bbox 126 3232 1709 3309; baseline 0.008 -25"><span class='ocrx_word' id='word_1_493' title='bbox 126 3245 239 3286; x_wconf 89' lang='lat' dir='ltr'><strong>eum</strong></span> <span class='ocrx_word' id='word_1_494' title='bbox 294 3232 352 3288; x_wconf 91' lang='lat' dir='ltr'><strong>in</strong></span> <span class='ocrx_word' id='word_1_495' title='bbox 401 3235 631 3291; x_wconf 83' lang='lat' dir='ltr'><strong>dextera</strong></span> <span class='ocrx_word' id='word_1_496' title='bbox 675 3236 917 3292; x_wconf 88' lang='lat' dir='ltr'><strong>sedentis</strong></span> <span class='ocrx_word' id='word_1_497' title='bbox 970 3254 1134 3309; x_wconf 89' lang='lat' dir='ltr'><strong>super</strong></span> <span class='ocrx_word' id='word_1_498' title='bbox 1176 3238 1436 3294; x_wconf 86' lang='lat' dir='ltr'><strong>thronum</strong></span> <span class='ocrx_word' id='word_1_499' title='bbox 1487 3239 1709 3296; x_wconf 87' lang='lat' dir='ltr'><strong>viderit.</strong></span> 
     </span>
    </p>
   </div>
   <div class='ocr_carea' id='block_1_65' title="bbox 127 3319 1713 3400">
    <p class='ocr_par' dir='ltr' id='par_1_65' title="bbox 127 3319 1713 3400">
     <span class='ocr_line' id='line_1_65' title="bbox 127 3319 1713 3400; baseline 0.007 -27"><span class='ocrx_word' id='word_1_500' title='bbox 127 3319 387 3379; x_wconf 88' lang='lat' dir='ltr'><strong>Videbant</strong></span> <span class='ocrx_word' id='word_1_501' title='bbox 435 3339 677 3397; x_wconf 88' lang='lat' dir='ltr'><strong>namque</strong></span> <span class='ocrx_word' id='word_1_502' title='bbox 726 3325 941 3398; x_wconf 90' lang='lat' dir='ltr'><strong>antiqui</strong></span> <span class='ocrx_word' id='word_1_503' title='bbox 989 3327 1194 3393; x_wconf 89' lang='lat' dir='ltr'><strong>Patres,</strong></span> <span class='ocrx_word' id='word_1_504' title='bbox 1246 3344 1480 3399; x_wconf 90' lang='lat' dir='ltr'><strong>quorum</strong></span> <span class='ocrx_word' id='word_1_505' title='bbox 1515 3334 1713 3400; x_wconf 88' lang='lat' dir='ltr'><strong>typum</strong></span> 
     </span>
    </p>
   </div>
   <div class='ocr_carea' id='block_1_66' title="bbox 126 3406 1714 3480">
    <p class='ocr_par' dir='ltr' id='par_1_66' title="bbox 126 3406 1714 3480">
     <span class='ocr_line' id='line_1_66' title="bbox 126 3406 1714 3480; baseline 0.007 -19"><span class='ocrx_word' id='word_1_506' title='bbox 126 3406 346 3466; x_wconf 87' lang='lat' dir='ltr'><strong>Joannes</strong></span> <span class='ocrx_word' id='word_1_507' title='bbox 394 3412 456 3468; x_wconf 92' lang='lat' dir='ltr'><strong>in</strong></span> <span class='ocrx_word' id='word_1_508' title='bbox 498 3412 602 3469; x_wconf 90' lang='lat' dir='ltr'><strong>hoc</strong></span> <span class='ocrx_word' id='word_1_509' title='bbox 652 3414 774 3470; x_wconf 89' lang='lat' dir='ltr'><strong>loco</strong></span> <span class='ocrx_word' id='word_1_510' title='bbox 810 3422 991 3480; x_wconf 79' lang='lat' dir='ltr'><strong>tenet,</strong></span> <span class='ocrx_word' id='word_1_511' title='bbox 1014 3415 1231 3472; x_wconf 90' lang='lat' dir='ltr'><strong>Veteris</strong></span> <span class='ocrx_word' id='word_1_512' title='bbox 1268 3416 1602 3472; x_wconf 90' lang='lat' dir='ltr'><strong>Testamenti</strong></span> <span class='ocrx_word' id='word_1_513' title='bbox 1635 3418 1714 3472; x_wconf 90' lang='lat' dir='ltr'><strong>li-</strong></span> 
     </span>
    </p>
   </div>
   <div class='ocr_carea' id='block_1_67' title="bbox 127 3493 1714 3566">
    <p class='ocr_par' dir='ltr' id='par_1_67' title="bbox 127 3493 1714 3566">
     <span class='ocr_line' id='line_1_67' title="bbox 127 3493 1714 3566; baseline 0.008 -17"><span class='ocrx_word' id='word_1_514' title='bbox 127 3493 294 3566; x_wconf 90' lang='lat' dir='ltr'><strong>brum,</strong></span> <span class='ocrx_word' id='word_1_515' title='bbox 330 3506 381 3555; x_wconf 89' lang='lat' dir='ltr'><strong>et</strong></span> <span class='ocrx_word' id='word_1_516' title='bbox 419 3518 533 3556; x_wconf 89' lang='lat' dir='ltr'><strong>non</strong></span> <span class='ocrx_word' id='word_1_517' title='bbox 566 3501 829 3558; x_wconf 87' lang='lat' dir='ltr'><strong>videbant</strong></span> <span class='ocrx_word' id='word_1_518' title='bbox 860 3521 871 3559; x_wconf 89' lang='lat'><strong>:</strong></span> <span class='ocrx_word' id='word_1_519' title='bbox 921 3503 1184 3559; x_wconf 86' lang='lat' dir='ltr'><strong>videbant</strong></span> <span class='ocrx_word' id='word_1_520' title='bbox 1217 3506 1517 3561; x_wconf 88' lang='lat' dir='ltr'><strong>secundum</strong></span> <span class='ocrx_word' id='word_1_521' title='bbox 1555 3506 1714 3561; x_wconf 80' lang='lat' dir='ltr'><strong>litte-</strong></span> 
     </span>
    </p>
   </div>
   <div class='ocr_carea' id='block_1_68' title="bbox 126 3590 1714 3666">
    <p class='ocr_par' dir='ltr' id='par_1_68' title="bbox 126 3590 1714 3666">
     <span class='ocr_line' id='line_1_68' title="bbox 126 3590 1714 3666; baseline 0.008 -29"><span class='ocrx_word' id='word_1_522' title='bbox 126 3598 253 3652; x_wconf 85' lang='lat' dir='ltr'><strong>ram,</strong></span> <span class='ocrx_word' id='word_1_523' title='bbox 294 3596 347 3644; x_wconf 89' lang='lat' dir='ltr'><strong>et</strong></span> <span class='ocrx_word' id='word_1_524' title='bbox 391 3606 509 3645; x_wconf 90' lang='lat' dir='ltr'><strong>non</strong></span> <span class='ocrx_word' id='word_1_525' title='bbox 540 3590 800 3647; x_wconf 87' lang='lat' dir='ltr'><strong>videbant</strong></span> <span class='ocrx_word' id='word_1_526' title='bbox 822 3592 1125 3649; x_wconf 88' lang='lat' dir='ltr'><strong>secundum</strong></span> <span class='ocrx_word' id='word_1_527' title='bbox 1159 3593 1464 3666; x_wconf 90' lang='lat' dir='ltr'><strong>spiritalem</strong></span> <span class='ocrx_word' id='word_1_528' title='bbox 1494 3594 1714 3651; x_wconf 90' lang='lat' dir='ltr'><strong>intelli—</strong></span> 
     </span>
    </p>
   </div>
   <div class='ocr_carea' id='block_1_69' title="bbox 129 3674 532 3751">
    <p class='ocr_par' dir='ltr' id='par_1_69' title="bbox 129 3674 532 3751">
     <span class='ocr_line' id='line_1_69' title="bbox 129 3674 532 3751; baseline 0.025 -25"><span class='ocrx_word' id='word_1_529' title='bbox 129 3674 353 3740; x_wconf 80' lang='lat' dir='ltr'><strong>gentiam</strong></span> <span class='ocrx_word' id='word_1_530' title='bbox 384 3679 532 3751; x_wconf 69' lang='grc'>(45).</span> 
     </span>
    </p>
   </div>
   <div class='ocr_carea' id='block_1_70' title="bbox 196 3775 1715 3852">
    <p class='ocr_par' dir='ltr' id='par_1_70' title="bbox 196 3775 1715 3852">
     <span class='ocr_line' id='line_1_70' title="bbox 196 3775 1715 3852; baseline 0.007 -22"><span class='ocrx_word' id='word_1_531' title='bbox 196 3775 369 3844; x_wconf 87' lang='lat' dir='ltr'><strong>(Vers.</strong></span> <span class='ocrx_word' id='word_1_532' title='bbox 400 3780 483 3852; x_wconf 81' lang='lat'><strong>5.)</strong></span> <span class='ocrx_word' id='word_1_533' title='bbox 535 3782 610 3837; x_wconf 89' lang='lat' dir='ltr'><strong>Et</strong></span> <span class='ocrx_word' id='word_1_534' title='bbox 656 3798 793 3836; x_wconf 85' lang='lat' dir='ltr'><strong>unus</strong></span> <span class='ocrx_word' id='word_1_535' title='bbox 835 3783 898 3837; x_wconf 85' lang='lat' dir='ltr'><strong>de</strong></span> <span class='ocrx_word' id='word_1_536' title='bbox 935 3783 1228 3839; x_wconf 83' lang='lat' dir='ltr'><strong>senioribus</strong></span> <span class='ocrx_word' id='word_1_537' title='bbox 1258 3785 1398 3840; x_wconf 64' lang='lat' dir='ltr'><strong>dicit</strong></span> <span class='ocrx_word' id='word_1_538' title='bbox 1430 3785 1558 3840; x_wconf 86' lang='lat' dir='ltr'><strong>mihi</strong></span> <span class='ocrx_word' id='word_1_539' title='bbox 1589 3803 1606 3840; x_wconf 89' lang='lat'><em>:</em></span> <span class='ocrx_word' id='word_1_540' title='bbox 1638 3787 1715 3841; x_wconf 86' lang='lat' dir='ltr'><strong>Ne</strong></span> 
     </span>
    </p>
   </div>
   <div class='ocr_carea' id='block_1_71' title="bbox 130 3863 1710 3943">
    <p class='ocr_par' dir='ltr' id='par_1_71' title="bbox 130 3863 1710 3943">
     <span class='ocr_line' id='line_1_71' title="bbox 130 3863 1710 3943; baseline 0.008 -24"><span class='ocrx_word' id='word_1_541' title='bbox 130 3863 336 3930; x_wconf 73' lang='lat' dir='ltr'><strong>fleveris.</strong></span> <span class='ocrx_word' id='word_1_542' title='bbox 387 3872 520 3927; x_wconf 82' lang='lat' dir='ltr'><strong>Vicit</strong></span> <span class='ocrx_word' id='word_1_543' title='bbox 567 3872 643 3926; x_wconf 87' lang='lat' dir='ltr'><strong>leo</strong></span> <span class='ocrx_word' id='word_1_544' title='bbox 684 3872 746 3927; x_wconf 86' lang='lat' dir='ltr'><strong>de</strong></span> <span class='ocrx_word' id='word_1_545' title='bbox 779 3872 923 3928; x_wconf 83' lang='lat' dir='ltr'><strong>tribu</strong></span> <span class='ocrx_word' id='word_1_546' title='bbox 950 3875 1115 3943; x_wconf 73' lang='lat' dir='ltr'><strong>Iuda,</strong></span> <span class='ocrx_word' id='word_1_547' title='bbox 1149 3880 1294 3937; x_wconf 86' lang='lat'><strong>519</strong></span> <span class='ocrx_word' id='word_1_548' title='bbox 1322 3876 1487 3931; x_wconf 72' lang='lat' dir='ltr'><strong>radix</strong></span> <span class='ocrx_word' id='word_1_549' title='bbox 1515 3876 1710 3943; x_wconf 80' lang='lat' dir='ltr'><strong>David,</strong></span> 
     </span>
    </p>
   </div>
   <div class='ocr_carea' id='block_1_72' title="bbox 132 3963 1714 4045">
    <p class='ocr_par' dir='ltr' id='par_1_72' title="bbox 132 3963 1714 4045">
     <span class='ocr_line' id='line_1_72' title="bbox 132 3963 1714 4045; baseline 0.01 -31"><span class='ocrx_word' id='word_1_550' title='bbox 132 3963 326 4030; x_wconf 81' lang='lat' dir='ltr'><strong>aperire</strong></span> <span class='ocrx_word' id='word_1_551' title='bbox 356 3967 569 4036; x_wconf 81' lang='lat' dir='ltr'><strong>librum,</strong></span> <span class='ocrx_word' id='word_1_552' title='bbox 619 3976 668 4024; x_wconf 92' lang='lat' dir='ltr'><strong>et</strong></span> <span class='ocrx_word' id='word_1_553' title='bbox 696 3972 894 4026; x_wconf 83' lang='lat' dir='ltr'><strong>solvere</strong></span> <span class='ocrx_word' id='word_1_554' title='bbox 920 3979 1109 4043; x_wconf 89' lang='lat' dir='ltr'><strong>septem</strong></span> <span class='ocrx_word' id='word_1_555' title='bbox 1139 3974 1411 4045; x_wconf 85' lang='lat' dir='ltr'><strong>signacula</strong></span> <span class='ocrx_word' id='word_1_556' title='bbox 1441 3973 1573 4043; x_wconf 88' lang='lat' dir='ltr'><strong>ejus.</strong></span> <span class='ocrx_word' id='word_1_557' title='bbox 1605 3974 1714 4030; x_wconf 91' lang='lat' dir='ltr'><strong>Vi-</strong></span> 
     </span>
    </p>
   </div>
   <div class='ocr_carea' id='block_1_73' title="bbox 133 4045 1713 4132">
    <p class='ocr_par' dir='ltr' id='par_1_73' title="bbox 133 4045 1713 4132">
     <span class='ocr_line' id='line_1_73' title="bbox 133 4045 1713 4132; baseline 0.01 -31"><span class='ocrx_word' id='word_1_558' title='bbox 133 4045 282 4106; x_wconf 91' lang='lat' dir='ltr'><strong>detur</strong></span> <span class='ocrx_word' id='word_1_559' title='bbox 329 4055 463 4111; x_wconf 88' lang='lat' dir='ltr'><strong>mihi</strong></span> <span class='ocrx_word' id='word_1_560' title='bbox 503 4058 750 4114; x_wconf 89' lang='lat' dir='ltr'><strong>eamdem</strong></span> <span class='ocrx_word' id='word_1_561' title='bbox 801 4060 1259 4132; x_wconf 87' lang='lat' dir='ltr'><strong>signiﬁcationem</strong></span> <span class='ocrx_word' id='word_1_562' title='bbox 1292 4062 1492 4119; x_wconf 88' lang='lat' dir='ltr'><strong>habere</strong></span> <span class='ocrx_word' id='word_1_563' title='bbox 1520 4062 1713 4118; x_wconf 88' lang='lat' dir='ltr'><strong>senio-</strong></span> 
     </span>
    </p>
   </div>
   <div class='ocr_carea' id='block_1_74' title="bbox 137 4148 1712 4224">
    <p class='ocr_par' dir='ltr' id='par_1_74' title="bbox 137 4148 1712 4224">
     <span class='ocr_line' id='line_1_74' title="bbox 137 4148 1712 4224; baseline 0.006 -25"><span class='ocrx_word' id='word_1_564' title='bbox 137 4151 261 4207; x_wconf 69' lang='lat' dir='ltr'><strong>rem,</strong></span> <span class='ocrx_word' id='word_1_565' title='bbox 307 4158 468 4215; x_wconf 90' lang='lat' dir='ltr'><strong>quam</strong></span> <span class='ocrx_word' id='word_1_566' title='bbox 508 4155 562 4202; x_wconf 92' lang='lat' dir='ltr'><strong>et</strong></span> <span class='ocrx_word' id='word_1_567' title='bbox 611 4148 899 4215; x_wconf 84' lang='lat' dir='ltr'><strong>Joannem,</strong></span> <span class='ocrx_word' id='word_1_568' title='bbox 931 4166 1092 4221; x_wconf 89' lang='lat' dir='ltr'><strong>quam</strong></span> <span class='ocrx_word' id='word_1_569' title='bbox 1125 4152 1291 4207; x_wconf 87' lang='lat' dir='ltr'><strong>etiam</strong></span> <span class='ocrx_word' id='word_1_570' title='bbox 1322 4153 1574 4224; x_wconf 87' lang='lat' dir='ltr'><strong>angelum</strong></span> <span class='ocrx_word' id='word_1_571' title='bbox 1608 4153 1712 4207; x_wconf 85' lang='lat' dir='ltr'><strong>for-</strong></span> 
     </span>
    </p>
   </div>
   <div class='ocr_carea' id='block_1_75' title="bbox 136 4232 1710 4305">
    <p class='ocr_par' dir='ltr' id='par_1_75' title="bbox 136 4232 1710 4305">
     <span class='ocr_line' id='line_1_75' title="bbox 136 4232 1710 4305; baseline 0.01 -26"><span class='ocrx_word' id='word_1_572' title='bbox 136 4234 271 4296; x_wconf 87' lang='lat' dir='ltr'><strong>tem;</strong></span> <span class='ocrx_word' id='word_1_573' title='bbox 328 4232 599 4305; x_wconf 89' lang='lat' dir='ltr'><strong>signiﬁcat</strong></span> <span class='ocrx_word' id='word_1_574' title='bbox 649 4238 797 4293; x_wconf 91' lang='lat' dir='ltr'><strong>enim</strong></span> <span class='ocrx_word' id='word_1_575' title='bbox 846 4238 1031 4293; x_wconf 90' lang='lat' dir='ltr'><strong>Patres</strong></span> <span class='ocrx_word' id='word_1_576' title='bbox 1078 4240 1296 4296; x_wconf 87' lang='lat' dir='ltr'><strong>Veteris</strong></span> <span class='ocrx_word' id='word_1_577' title='bbox 1356 4241 1710 4297; x_wconf 89' lang='lat' dir='ltr'><strong>Testamenti.</strong></span> 
     </span>
    </p>
   </div>
   <div class='ocr_carea' id='block_1_76' title="bbox 136 4317 1716 4400">
    <p class='ocr_par' dir='ltr' id='par_1_76' title="bbox 136 4317 1716 4400">
     <span class='ocr_line' id='line_1_76' title="bbox 136 4317 1716 4400; baseline 0.012 -32"><span class='ocrx_word' id='word_1_578' title='bbox 136 4317 361 4388; x_wconf 85' lang='lat' dir='ltr'><strong>Angelus</strong></span> <span class='ocrx_word' id='word_1_579' title='bbox 398 4340 634 4397; x_wconf 87' lang='lat' dir='ltr'><strong>namque</strong></span> <span class='ocrx_word' id='word_1_580' title='bbox 666 4325 829 4381; x_wconf 90' lang='lat' dir='ltr'><strong>fortis</strong></span> <span class='ocrx_word' id='word_1_581' title='bbox 865 4326 1164 4399; x_wconf 88' lang='lat' dir='ltr'><strong>interrogat</strong></span> <span class='ocrx_word' id='word_1_582' title='bbox 1194 4328 1318 4400; x_wconf 90' lang='lat' dir='ltr'><strong>quis</strong></span> <span class='ocrx_word' id='word_1_583' title='bbox 1346 4337 1486 4385; x_wconf 87' lang='lat' dir='ltr'><strong>esset</strong></span> <span class='ocrx_word' id='word_1_584' title='bbox 1515 4329 1716 4400; x_wconf 83' lang='lat' dir='ltr'><strong>dignus</strong></span> 
     </span>
    </p>
   </div>
   <div class='ocr_carea' id='block_1_77' title="bbox 1822 3146 3418 3221">
    <p class='ocr_par' dir='ltr' id='par_1_77' title="bbox 1822 3146 3418 3221">
     <span class='ocr_line' id='line_1_77' title="bbox 1822 3146 3418 3221; baseline -0.002 -17"><span class='ocrx_word' id='word_1_585' title='bbox 1822 3147 1889 3204; x_wconf 89' lang='lat' dir='ltr'><strong>ad</strong></span> <span class='ocrx_word' id='word_1_586' title='bbox 1920 3157 2137 3205; x_wconf 86' lang='lat' dir='ltr'><strong>sextum</strong></span> <span class='ocrx_word' id='word_1_587' title='bbox 2196 3151 2432 3221; x_wconf 89' lang='lat' dir='ltr'><strong>populus</strong></span> <span class='ocrx_word' id='word_1_588' title='bbox 2482 3147 2705 3220; x_wconf 89' lang='lat' dir='ltr'><strong>gentilis</strong></span> <span class='ocrx_word' id='word_1_589' title='bbox 2738 3166 2749 3202; x_wconf 88' lang='lat'>:</span> <span class='ocrx_word' id='word_1_590' title='bbox 2791 3146 2860 3202; x_wconf 86' lang='lat' dir='ltr'><strong>ad</strong></span> <span class='ocrx_word' id='word_1_591' title='bbox 2889 3147 3186 3218; x_wconf 89' lang='lat' dir='ltr'><strong>septimum</strong></span> <span class='ocrx_word' id='word_1_592' title='bbox 3217 3163 3349 3201; x_wconf 91' lang='lat' dir='ltr'><strong>vero</strong></span> <span class='ocrx_word' id='word_1_593' title='bbox 3378 3146 3418 3201; x_wconf 92' lang='lat' dir='ltr'><strong>ii</strong></span> 
     </span>
    </p>
   </div>
   <div class='ocr_carea' id='block_1_78' title="bbox 1822 3235 3421 3312">
    <p class='ocr_par' dir='ltr' id='par_1_78' title="bbox 1822 3235 3421 3312">
     <span class='ocr_line' id='line_1_78' title="bbox 1822 3235 3421 3312; baseline -0.003 -19"><span class='ocrx_word' id='word_1_594' title='bbox 1822 3239 1915 3312; x_wconf 90' lang='lat' dir='ltr'><strong>qui</strong></span> <span class='ocrx_word' id='word_1_595' title='bbox 1962 3238 2022 3293; x_wconf 90' lang='lat' dir='ltr'><strong>in</strong></span> <span class='ocrx_word' id='word_1_596' title='bbox 2061 3238 2171 3294; x_wconf 92' lang='lat' dir='ltr'><strong>ﬁne</strong></span> <span class='ocrx_word' id='word_1_597' title='bbox 2195 3238 2389 3295; x_wconf 91' lang='lat' dir='ltr'><strong>mundi</strong></span> <span class='ocrx_word' id='word_1_598' title='bbox 2421 3238 2683 3295; x_wconf 90' lang='lat' dir='ltr'><strong>nascituri</strong></span> <span class='ocrx_word' id='word_1_599' title='bbox 2711 3245 2861 3303; x_wconf 90' lang='lat' dir='ltr'><strong>sunt,</strong></span> <span class='ocrx_word' id='word_1_600' title='bbox 2892 3246 2945 3293; x_wconf 89' lang='lat' dir='ltr'><strong>et</strong></span> <span class='ocrx_word' id='word_1_601' title='bbox 2973 3253 3099 3292; x_wconf 89' lang='lat' dir='ltr'><strong>cum</strong></span> <span class='ocrx_word' id='word_1_602' title='bbox 3126 3235 3421 3291; x_wconf 82' lang='lat' dir='ltr'><strong>Antichri-</strong></span> 
     </span>
    </p>
   </div>
   <div class='ocr_carea' id='block_1_79' title="bbox 1822 3327 2261 3400">
    <p class='ocr_par' dir='ltr' id='par_1_79' title="bbox 1822 3327 2261 3400">
     <span class='ocr_line' id='line_1_79' title="bbox 1822 3327 2261 3400; baseline 0.002 -17"><span class='ocrx_word' id='word_1_603' title='bbox 1822 3335 1905 3383; x_wconf 91' lang='lat' dir='ltr'><strong>sto</strong></span> <span class='ocrx_word' id='word_1_604' title='bbox 1936 3327 2261 3400; x_wconf 88' lang='lat' dir='ltr'><strong>pugnaturi.</strong></span> 
     </span>
    </p>
   </div>
   <div class='ocr_carea' id='block_1_80' title="bbox 1896 3423 3419 3495">
    <p class='ocr_par' dir='ltr' id='par_1_80' title="bbox 1896 3423 3419 3495">
     <span class='ocr_line' id='line_1_80' title="bbox 1896 3423 3419 3495; baseline -0.002 -14"><span class='ocrx_word' id='word_1_605' title='bbox 1896 3425 2079 3493; x_wconf 90' lang='lat' dir='ltr'><strong>(Vers.</strong></span> <span class='ocrx_word' id='word_1_606' title='bbox 2113 3426 2191 3495; x_wconf 90' lang='lat'><strong>7.)</strong></span> <span class='ocrx_word' id='word_1_607' title='bbox 2227 3426 2299 3481; x_wconf 88' lang='lat' dir='ltr'><strong>Et</strong></span> <span class='ocrx_word' id='word_1_608' title='bbox 2327 3425 2485 3491; x_wconf 83' lang='lat' dir='ltr'><strong>venit,</strong></span> <span class='ocrx_word' id='word_1_609' title='bbox 2532 3430 2580 3478; x_wconf 89' lang='lat' dir='ltr'><strong>et</strong></span> <span class='ocrx_word' id='word_1_610' title='bbox 2633 3424 2829 3493; x_wconf 85' lang='lat' dir='ltr'><strong>accepit</strong></span> <span class='ocrx_word' id='word_1_611' title='bbox 2866 3423 3061 3479; x_wconf 86' lang='lat' dir='ltr'><strong>librum</strong></span> <span class='ocrx_word' id='word_1_612' title='bbox 3112 3423 3174 3477; x_wconf 85' lang='lat' dir='ltr'><strong>de</strong></span> <span class='ocrx_word' id='word_1_613' title='bbox 3201 3423 3419 3478; x_wconf 69' lang='lat' dir='ltr'><strong>dextera</strong></span> 
     </span>
    </p>
   </div>
   <div class='ocr_carea' id='block_1_81' title="bbox 1823 3512 3418 3586">
    <p class='ocr_par' dir='ltr' id='par_1_81' title="bbox 1823 3512 3418 3586">
     <span class='ocr_line' id='line_1_81' title="bbox 1823 3512 3418 3586; baseline -0.001 -19"><span class='ocrx_word' id='word_1_614' title='bbox 1823 3514 2046 3569; x_wconf 85' lang='lat' dir='ltr'><strong>sedentis</strong></span> <span class='ocrx_word' id='word_1_615' title='bbox 2095 3531 2257 3586; x_wconf 89' lang='lat' dir='ltr'><strong>super</strong></span> <span class='ocrx_word' id='word_1_616' title='bbox 2301 3516 2568 3569; x_wconf 84' lang='lat' dir='ltr'><strong>thronum.</strong></span> <span class='ocrx_word' id='word_1_617' title='bbox 2600 3513 2863 3584; x_wconf 89' lang='lat' dir='ltr'><strong>Superius</strong></span> <span class='ocrx_word' id='word_1_618' title='bbox 2891 3512 3138 3567; x_wconf 86' lang='lat' dir='ltr'><strong>diximus</strong></span> <span class='ocrx_word' id='word_1_619' title='bbox 3165 3512 3304 3583; x_wconf 87' lang='lat' dir='ltr'><strong>(cap.</strong></span> <span class='ocrx_word' id='word_1_620' title='bbox 3340 3529 3418 3579; x_wconf 79' lang='grc' dir='ltr'><strong>ιν,</strong></span> 
     </span>
    </p>
   </div>
   <div class='ocr_carea' id='block_1_82' title="bbox 1820 3603 3419 3677">
    <p class='ocr_par' dir='ltr' id='par_1_82' title="bbox 1820 3603 3419 3677">
     <span class='ocr_line' id='line_1_82' title="bbox 1820 3603 3419 3677; baseline 0.001 -19"><span class='ocrx_word' id='word_1_621' title='bbox 1820 3621 1956 3659; x_wconf 83' lang='lat' dir='ltr'><strong>vers.</strong></span> <span class='ocrx_word' id='word_1_622' title='bbox 1990 3604 2046 3673; x_wconf 81' lang='lat'><strong>2)</strong></span> <span class='ocrx_word' id='word_1_623' title='bbox 2094 3622 2187 3677; x_wconf 90' lang='lat' dir='ltr'><strong>per</strong></span> <span class='ocrx_word' id='word_1_624' title='bbox 2222 3605 2500 3661; x_wconf 89' lang='lat' dir='ltr'><strong>sedentem</strong></span> <span class='ocrx_word' id='word_1_625' title='bbox 2545 3606 2601 3661; x_wconf 90' lang='lat' dir='ltr'><strong>in</strong></span> <span class='ocrx_word' id='word_1_626' title='bbox 2632 3604 2833 3660; x_wconf 89' lang='lat' dir='ltr'><strong>throno</strong></span> <span class='ocrx_word' id='word_1_627' title='bbox 2860 3604 3143 3661; x_wconf 88' lang='lat' dir='ltr'><strong>Christum</strong></span> <span class='ocrx_word' id='word_1_628' title='bbox 3172 3603 3419 3674; x_wconf 87' lang='lat' dir='ltr'><strong>designa-</strong></span> 
     </span>
    </p>
   </div>
   <div class='ocr_carea' id='block_1_83' title="bbox 1820 3692 3423 3766">
    <p class='ocr_par' dir='ltr' id='par_1_83' title="bbox 1820 3692 3423 3766">
     <span class='ocr_line' id='line_1_83' title="bbox 1820 3692 3423 3766; baseline -0.001 -18"><span class='ocrx_word' id='word_1_629' title='bbox 1820 3699 1939 3748; x_wconf 89' lang='lat' dir='ltr'><strong>tum</strong></span> <span class='ocrx_word' id='word_1_630' title='bbox 1972 3693 2141 3749; x_wconf 85' lang='lat' dir='ltr'><strong>fuisse</strong></span> <span class='ocrx_word' id='word_1_631' title='bbox 2174 3712 2185 3748; x_wconf 87' lang='lat'><em>:</em></span> <span class='ocrx_word' id='word_1_632' title='bbox 2220 3693 2313 3749; x_wconf 92' lang='lat' dir='ltr'><strong>sed</strong></span> <span class='ocrx_word' id='word_1_633' title='bbox 2343 3694 2470 3766; x_wconf 91' lang='lat' dir='ltr'><strong>quia</strong></span> <span class='ocrx_word' id='word_1_634' title='bbox 2503 3693 2615 3766; x_wconf 89' lang='lat' dir='ltr'><strong>ipse</strong></span> <span class='ocrx_word' id='word_1_635' title='bbox 2645 3693 2789 3751; x_wconf 88' lang='lat' dir='ltr'><strong>dixit</strong></span> <span class='ocrx_word' id='word_1_636' title='bbox 2824 3711 2834 3749; x_wconf 91' lang='lat'>:</span> <span class='ocrx_word' id='word_1_637' title='bbox 2882 3718 2899 3741; x_wconf 79' lang='grc' dir='ltr'>ι</span> <span class='ocrx_word' id='word_1_638' title='bbox 2929 3694 3045 3764; x_wconf 89' lang='lat' dir='ltr'><strong>Ego</strong></span> <span class='ocrx_word' id='word_1_639' title='bbox 3075 3692 3133 3748; x_wconf 91' lang='lat' dir='ltr'><strong>in</strong></span> <span class='ocrx_word' id='word_1_640' title='bbox 3158 3693 3336 3759; x_wconf 89' lang='lat' dir='ltr'><strong>Patre,</strong></span> <span class='ocrx_word' id='word_1_641' title='bbox 3368 3700 3423 3747; x_wconf 90' lang='lat' dir='ltr'><strong>et</strong></span> 
     </span>
    </p>
   </div>
   <div class='ocr_carea' id='block_1_84' title="bbox 1822 3782 3419 3856">
    <p class='ocr_par' dir='ltr' id='par_1_84' title="bbox 1822 3782 3419 3856">
     <span class='ocr_line' id='line_1_84' title="bbox 1822 3782 3419 3856; baseline -0.001 -18"><span class='ocrx_word' id='word_1_642' title='bbox 1822 3784 1978 3840; x_wconf 88' lang='lat' dir='ltr'><strong>Pater</strong></span> <span class='ocrx_word' id='word_1_643' title='bbox 2012 3784 2069 3839; x_wconf 89' lang='lat' dir='ltr'><strong>in</strong></span> <span class='ocrx_word' id='word_1_644' title='bbox 2101 3800 2184 3839; x_wconf 91' lang='lat' dir='ltr'><strong>me</strong></span> <span class='ocrx_word' id='word_1_645' title='bbox 2212 3792 2311 3852; x_wconf 90' lang='lat' dir='ltr'><strong>est,</strong></span> <span class='ocrx_word' id='word_1_646' title='bbox 2370 3792 2424 3839; x_wconf 92' lang='lat' dir='ltr'><strong>et</strong></span> <span class='ocrx_word' id='word_1_647' title='bbox 2470 3784 2563 3856; x_wconf 88' lang='lat' dir='ltr'><strong>qui</strong></span> <span class='ocrx_word' id='word_1_648' title='bbox 2610 3782 2761 3837; x_wconf 77' lang='lat' dir='ltr'><strong>videt</strong></span> <span class='ocrx_word' id='word_1_649' title='bbox 2792 3798 2897 3849; x_wconf 89' lang='lat' dir='ltr'><strong>me,</strong></span> <span class='ocrx_word' id='word_1_650' title='bbox 2930 3782 3080 3837; x_wconf 90' lang='lat' dir='ltr'><strong>videt</strong></span> <span class='ocrx_word' id='word_1_651' title='bbox 3122 3791 3176 3837; x_wconf 90' lang='lat' dir='ltr'><strong>et</strong></span> <span class='ocrx_word' id='word_1_652' title='bbox 3204 3783 3419 3837; x_wconf 85' lang='lat' dir='ltr'><strong>Patrem</strong></span> 
     </span>
    </p>
   </div>
   <div class='ocr_carea' id='block_1_85' title="bbox 1825 3870 3420 3944">
    <p class='ocr_par' dir='ltr' id='par_1_85' title="bbox 1825 3870 3420 3944">
     <span class='ocr_line' id='line_1_85' title="bbox 1825 3870 3420 3944; baseline -0.001 -17"><span class='ocrx_word' id='word_1_653' title='bbox 1825 3873 2005 3944; x_wconf 87' lang='lat' dir='ltr'><strong>(Joan.</strong></span> <span class='ocrx_word' id='word_1_654' title='bbox 2036 3889 2157 3940; x_wconf 70' lang='lat' dir='ltr'><strong>xxv,</strong></span> <span class='ocrx_word' id='word_1_655' title='bbox 2184 3873 2268 3939; x_wconf 84' lang='lat' dir='ltr'><strong>lO,</strong></span> <span class='ocrx_word' id='word_1_656' title='bbox 2298 3874 2354 3944; x_wconf 88' lang='lat'><strong>9)</strong></span> <span class='ocrx_word' id='word_1_657' title='bbox 2383 3892 2396 3939; x_wconf 92' lang='lat'><strong>;</strong></span> <span class='ocrx_word' id='word_1_658' title='bbox 2456 3898 2474 3921; x_wconf 75' lang='grc' dir='ltr'>ι</span> <span class='ocrx_word' id='word_1_659' title='bbox 2538 3873 2593 3926; x_wconf 89' lang='lat' dir='ltr'><strong>in</strong></span> <span class='ocrx_word' id='word_1_660' title='bbox 2627 3873 2731 3927; x_wconf 92' lang='lat' dir='ltr'><strong>hoc</strong></span> <span class='ocrx_word' id='word_1_661' title='bbox 2760 3872 2878 3925; x_wconf 90' lang='lat' dir='ltr'><strong>loco</strong></span> <span class='ocrx_word' id='word_1_662' title='bbox 2907 3870 3101 3925; x_wconf 89' lang='lat' dir='ltr'><strong>sedens</strong></span> <span class='ocrx_word' id='word_1_663' title='bbox 3129 3870 3186 3924; x_wconf 89' lang='lat' dir='ltr'><strong>in</strong></span> <span class='ocrx_word' id='word_1_664' title='bbox 3218 3871 3420 3926; x_wconf 89' lang='lat' dir='ltr'><strong>throno</strong></span> 
     </span>
    </p>
   </div>
   <div class='ocr_carea' id='block_1_86' title="bbox 1822 3959 3415 4033">
    <p class='ocr_par' dir='ltr' id='par_1_86' title="bbox 1822 3959 3415 4033">
     <span class='ocr_line' id='line_1_86' title="bbox 1822 3959 3415 4033; baseline -0.001 -17"><span class='ocrx_word' id='word_1_665' title='bbox 1822 3962 2036 4018; x_wconf 91' lang='lat' dir='ltr'><strong>Patrem</strong></span> <span class='ocrx_word' id='word_1_666' title='bbox 2090 3962 2337 4033; x_wconf 89' lang='lat' dir='ltr'><strong>designat</strong></span> <span class='ocrx_word' id='word_1_667' title='bbox 2390 3980 2401 4017; x_wconf 90' lang='lat'>:</span> <span class='ocrx_word' id='word_1_668' title='bbox 2453 3962 2678 4016; x_wconf 82' lang='lat' dir='ltr'><strong>dextera</strong></span> <span class='ocrx_word' id='word_1_669' title='bbox 2723 3976 2854 4014; x_wconf 88' lang='lat' dir='ltr'><strong>vero</strong></span> <span class='ocrx_word' id='word_1_670' title='bbox 2883 3959 3060 4015; x_wconf 88' lang='lat' dir='ltr'><strong>Patris</strong></span> <span class='ocrx_word' id='word_1_671' title='bbox 3086 3959 3260 4014; x_wconf 90' lang='lat' dir='ltr'><strong>Filius</strong></span> <span class='ocrx_word' id='word_1_672' title='bbox 3289 3966 3371 4013; x_wconf 82' lang='lat' dir='ltr'><strong>est</strong></span> <span class='ocrx_word' id='word_1_673' title='bbox 3404 3977 3415 4015; x_wconf 92' lang='lat'>:</span> 
     </span>
    </p>
   </div>
   <div class='ocr_carea' id='block_1_87' title="bbox 1822 4048 3417 4122">
    <p class='ocr_par' dir='ltr' id='par_1_87' title="bbox 1822 4048 3417 4122">
     <span class='ocr_line' id='line_1_87' title="bbox 1822 4048 3417 4122; baseline -0.002 -16"><span class='ocrx_word' id='word_1_674' title='bbox 1822 4067 1994 4122; x_wconf 88' lang='lat' dir='ltr'><strong>agnus</strong></span> <span class='ocrx_word' id='word_1_675' title='bbox 2021 4059 2205 4106; x_wconf 90' lang='lat' dir='ltr'><strong>autem</strong></span> <span class='ocrx_word' id='word_1_676' title='bbox 2237 4052 2538 4118; x_wconf 90' lang='lat' dir='ltr'><strong>hominem,</strong></span> <span class='ocrx_word' id='word_1_677' title='bbox 2589 4066 2749 4121; x_wconf 86' lang='lat' dir='ltr'><strong>quem</strong></span> <span class='ocrx_word' id='word_1_678' title='bbox 2799 4048 3051 4105; x_wconf 90' lang='lat' dir='ltr'><strong>Christus</strong></span> <span class='ocrx_word' id='word_1_679' title='bbox 3100 4048 3417 4120; x_wconf 87' lang='lat' dir='ltr'><strong>assumpsit,</strong></span> 
     </span>
    </p>
   </div>
   <div class='ocr_carea' id='block_1_88' title="bbox 1823 4138 3421 4214">
    <p class='ocr_par' dir='ltr' id='par_1_88' title="bbox 1823 4138 3421 4214">
     <span class='ocr_line' id='line_1_88' title="bbox 1823 4138 3421 4214; baseline -0.001 -18"><span class='ocrx_word' id='word_1_680' title='bbox 1823 4140 2090 4214; x_wconf 86' lang='lat' dir='ltr'><strong>designat.</strong></span> <span class='ocrx_word' id='word_1_681' title='bbox 2140 4141 2330 4213; x_wconf 87' lang='lat' dir='ltr'><strong>Agnus</strong></span> <span class='ocrx_word' id='word_1_682' title='bbox 2373 4157 2500 4213; x_wconf 87' lang='lat' dir='ltr'><strong>ergo</strong></span> <span class='ocrx_word' id='word_1_683' title='bbox 2552 4139 2755 4195; x_wconf 89' lang='lat' dir='ltr'><strong>librum</strong></span> <span class='ocrx_word' id='word_1_684' title='bbox 2812 4138 2880 4194; x_wconf 91' lang='lat' dir='ltr'><strong>de</strong></span> <span class='ocrx_word' id='word_1_685' title='bbox 2926 4139 3152 4195; x_wconf 88' lang='lat' dir='ltr'><strong>dextera</strong></span> <span class='ocrx_word' id='word_1_686' title='bbox 3176 4139 3421 4196; x_wconf 89' lang='lat' dir='ltr'><strong>sedentis</strong></span> 
     </span>
    </p>
   </div>
   <div class='ocr_carea' id='block_1_89' title="bbox 1823 4228 3414 4303">
    <p class='ocr_par' dir='ltr' id='par_1_89' title="bbox 1823 4228 3414 4303">
     <span class='ocr_line' id='line_1_89' title="bbox 1823 4228 3414 4303; baseline 0 -18"><span class='ocrx_word' id='word_1_687' title='bbox 1823 4246 1987 4302; x_wconf 89' lang='lat' dir='ltr'><strong>super</strong></span> <span class='ocrx_word' id='word_1_688' title='bbox 2030 4230 2293 4285; x_wconf 90' lang='lat' dir='ltr'><strong>thronum</strong></span> <span class='ocrx_word' id='word_1_689' title='bbox 2323 4229 2569 4303; x_wconf 87' lang='lat' dir='ltr'><strong>accepit;</strong></span> <span class='ocrx_word' id='word_1_690' title='bbox 2608 4228 2737 4302; x_wconf 90' lang='lat' dir='ltr'><strong>quia</strong></span> <span class='ocrx_word' id='word_1_691' title='bbox 2770 4228 2936 4284; x_wconf 88' lang='lat' dir='ltr'><strong>homo</strong></span> <span class='ocrx_word' id='word_1_692' title='bbox 2966 4228 3219 4285; x_wconf 89' lang='lat' dir='ltr'><strong>Christus</strong></span> <span class='ocrx_word' id='word_1_693' title='bbox 3254 4246 3286 4285; x_wconf 87' lang='lat' dir='ltr'><strong>a</strong></span> <span class='ocrx_word' id='word_1_694' title='bbox 3314 4247 3414 4286; x_wconf 90' lang='lat' dir='ltr'><strong>sua</strong></span> 
     </span>
    </p>
   </div>
   <div class='ocr_carea' id='block_1_90' title="bbox 1823 4316 3417 4390">
    <p class='ocr_par' dir='ltr' id='par_1_90' title="bbox 1823 4316 3417 4390">
     <span class='ocr_line' id='line_1_90' title="bbox 1823 4316 3417 4390; baseline 0 -17"><span class='ocrx_word' id='word_1_695' title='bbox 1823 4318 2115 4375; x_wconf 89' lang='lat' dir='ltr'><strong>divinitate</strong></span> <span class='ocrx_word' id='word_1_696' title='bbox 2151 4322 2382 4390; x_wconf 89' lang='lat' dir='ltr'><strong>accepit,</strong></span> <span class='ocrx_word' id='word_1_697' title='bbox 2438 4327 2499 4375; x_wconf 90' lang='lat' dir='ltr'><strong>ut</strong></span> <span class='ocrx_word' id='word_1_698' title='bbox 2545 4325 2884 4375; x_wconf 88' lang='lat' dir='ltr'><strong>sacramenta</strong></span> <span class='ocrx_word' id='word_1_699' title='bbox 2911 4316 3231 4375; x_wconf 88' lang='lat' dir='ltr'><strong>divinarum</strong></span> <span class='ocrx_word' id='word_1_700' title='bbox 3258 4318 3417 4375; x_wconf 85' lang='lat' dir='ltr'><strong>Scri-</strong></span> 
     </span>
    </p>
   </div>
   <div class='ocr_carea' id='block_1_91' title="bbox 136 4411 2420 4492">
    <p class='ocr_par' dir='ltr' id='par_1_91' title="bbox 136 4411 2420 4492">
     <span class='ocr_line' id='line_1_91' title="bbox 136 4411 2420 4492; baseline 0.007 -31"><span class='ocrx_word' id='word_1_701' title='bbox 136 4417 331 4474; x_wconf 82' lang='lat' dir='ltr'><strong>apenre</strong></span> <span class='ocrx_word' id='word_1_702' title='bbox 357 4411 559 4470; x_wconf 91' lang='lat' dir='ltr'><strong>librum</strong></span> <span class='ocrx_word' id='word_1_703' title='bbox 586 4434 597 4471; x_wconf 88' lang='lat'><strong>:</strong></span> <span class='ocrx_word' id='word_1_704' title='bbox 634 4416 870 4471; x_wconf 85' lang='lat' dir='ltr'><strong>Joannes</strong></span> <span class='ocrx_word' id='word_1_705' title='bbox 899 4417 1010 4483; x_wconf 86' lang='lat' dir='ltr'><strong>ﬂet,</strong></span> <span class='ocrx_word' id='word_1_706' title='bbox 1043 4433 1107 4473; x_wconf 91' lang='lat' dir='ltr'><strong>eo</strong></span> <span class='ocrx_word' id='word_1_707' title='bbox 1123 4418 1271 4490; x_wconf 89' lang='lat' dir='ltr'><strong>quod</strong></span> <span class='ocrx_word' id='word_1_708' title='bbox 1302 4420 1487 4475; x_wconf 90' lang='lat' dir='ltr'><strong>nullus</strong></span> <span class='ocrx_word' id='word_1_709' title='bbox 1513 4421 1713 4492; x_wconf 89' lang='lat' dir='ltr'><strong>dignus</strong></span> <span class='ocrx_word' id='word_1_710' title='bbox 1741 4423 1791 4482; x_wconf 94' lang='lat' dir='ltr'><strong>D</strong></span> <span class='ocrx_word' id='word_1_711' title='bbox 1822 4414 2105 4479; x_wconf 48' lang='lat' dir='ltr'><strong>liturarum</strong></span> <span class='ocrx_word' id='word_1_712' title='bbox 2137 4418 2420 4465; x_wconf 60' lang='lat' dir='ltr'><strong>reseraret-</strong></span> 
     </span>
    </p>
   </div>
   <div class='ocr_carea' id='block_1_92' title="bbox 138 4502 1713 4583">
    <p class='ocr_par' dir='ltr' id='par_1_92' title="bbox 138 4502 1713 4583">
     <span class='ocr_line' id='line_1_92' title="bbox 138 4502 1713 4583; baseline 0.011 -33"><span class='ocrx_word' id='word_1_713' title='bbox 138 4504 265 4583; x_wconf 76' lang='lat' dir='ltr'><strong>esset</strong></span> <span class='ocrx_word' id='word_1_714' title='bbox 307 4502 513 4571; x_wconf 89' lang='lat' dir='ltr'><strong>aperire</strong></span> <span class='ocrx_word' id='word_1_715' title='bbox 549 4505 749 4560; x_wconf 89' lang='lat' dir='ltr'><strong>librum</strong></span> <span class='ocrx_word' id='word_1_716' title='bbox 788 4524 800 4562; x_wconf 90' lang='lat'><em>:</em></span> <span class='ocrx_word' id='word_1_717' title='bbox 843 4505 1026 4562; x_wconf 86' lang='lat' dir='ltr'><strong>senior</strong></span> <span class='ocrx_word' id='word_1_718' title='bbox 1072 4523 1203 4563; x_wconf 85' lang='lat' dir='ltr'><strong>vero</strong></span> <span class='ocrx_word' id='word_1_719' title='bbox 1251 4508 1409 4578; x_wconf 90' lang='lat' dir='ltr'><strong>dicit,</strong></span> <span class='ocrx_word' id='word_1_720' title='bbox 1441 4511 1583 4576; x_wconf 86' lang='lat' dir='ltr'><strong>quod</strong></span> <span class='ocrx_word' id='word_1_721' title='bbox 1618 4528 1713 4583; x_wconf 90' lang='lat' dir='ltr'><strong>per</strong></span> 
     </span>
    </p>
   </div>
   <div class='ocr_carea' id='block_1_93' title="bbox 139 4581 1715 4670">
    <p class='ocr_par' dir='ltr' id='par_1_93' title="bbox 139 4581 1715 4670">
     <span class='ocr_line' id='line_1_93' title="bbox 139 4581 1715 4670; baseline 0.013 -34"><span class='ocrx_word' id='word_1_722' title='bbox 139 4581 357 4670; x_wconf 86' lang='lat' dir='ltr'><strong>leonem,</strong></span> <span class='ocrx_word' id='word_1_723' title='bbox 420 4591 476 4645; x_wconf 90' lang='lat' dir='ltr'><strong>id</strong></span> <span class='ocrx_word' id='word_1_724' title='bbox 530 4602 611 4649; x_wconf 88' lang='lat' dir='ltr'><strong>est</strong></span> <span class='ocrx_word' id='word_1_725' title='bbox 681 4611 775 4667; x_wconf 90' lang='lat' dir='ltr'><strong>per</strong></span> <span class='ocrx_word' id='word_1_726' title='bbox 829 4595 1130 4663; x_wconf 88' lang='lat' dir='ltr'><strong>Christum,</strong></span> <span class='ocrx_word' id='word_1_727' title='bbox 1197 4599 1523 4670; x_wconf 88' lang='lat' dir='ltr'><strong>aperiendus</strong></span> <span class='ocrx_word' id='word_1_728' title='bbox 1575 4581 1715 4657; x_wconf 71' lang='lat' dir='ltr'><strong>esset</strong></span> 
     </span>
    </p>
   </div>
   <div class='ocr_carea' id='block_1_94' title="bbox 140 4669 1712 4762">
    <p class='ocr_par' dir='ltr' id='par_1_94' title="bbox 140 4669 1712 4762">
     <span class='ocr_line' id='line_1_94' title="bbox 140 4669 1712 4762; baseline 0.014 -38"><span class='ocrx_word' id='word_1_729' title='bbox 140 4669 285 4762; x_wconf 86' lang='lat' dir='ltr'><strong>liber.</strong></span> <span class='ocrx_word' id='word_1_730' title='bbox 332 4677 432 4734; x_wconf 92' lang='lat' dir='ltr'><strong>Per</strong></span> <span class='ocrx_word' id='word_1_731' title='bbox 475 4684 728 4755; x_wconf 88' lang='lat' dir='ltr'><strong>angelum</strong></span> <span class='ocrx_word' id='word_1_732' title='bbox 787 4685 957 4756; x_wconf 90' lang='lat' dir='ltr'><strong>igitur</strong></span> <span class='ocrx_word' id='word_1_733' title='bbox 1003 4686 1199 4742; x_wconf 88' lang='lat' dir='ltr'><strong>fortem</strong></span> <span class='ocrx_word' id='word_1_734' title='bbox 1235 4669 1304 4743; x_wconf 8' lang='lat' dir='ltr'><strong>Chi</strong></span> <span class='ocrx_word' id='word_1_735' title='bbox 1335 4689 1712 4762; x_wconf 90' lang='lat' dir='ltr'><strong>designantur,</strong></span> 
     </span>
    </p>
   </div>
   <div class='ocr_carea' id='block_1_95' title="bbox 1895 4507 3421 4580">
    <p class='ocr_par' dir='ltr' id='par_1_95' title="bbox 1895 4507 3421 4580">
     <span class='ocr_line' id='line_1_95' title="bbox 1895 4507 3421 4580; baseline 0 -19"><span class='ocrx_word' id='word_1_736' title='bbox 1895 4507 2075 4577; x_wconf 90' lang='lat' dir='ltr'><strong>(Vers.</strong></span> <span class='ocrx_word' id='word_1_737' title='bbox 2105 4507 2188 4578; x_wconf 90' lang='lat'><strong>8.)</strong></span> <span class='ocrx_word' id='word_1_738' title='bbox 2229 4510 2302 4563; x_wconf 89' lang='lat' dir='ltr'><strong>Et</strong></span> <span class='ocrx_word' id='word_1_739' title='bbox 2338 4525 2454 4563; x_wconf 88' lang='lat' dir='ltr'><strong>cum</strong></span> <span class='ocrx_word' id='word_1_740' title='bbox 2479 4509 2770 4580; x_wconf 85' lang='lat' dir='ltr'><strong>aperuisset</strong></span> <span class='ocrx_word' id='word_1_741' title='bbox 2801 4509 3015 4576; x_wconf 77' lang='lat' dir='ltr'><strong>librant,</strong></span> <span class='ocrx_word' id='word_1_742' title='bbox 3044 4514 3278 4577; x_wconf 87' lang='lat' dir='ltr'><strong>quatuor</strong></span> <span class='ocrx_word' id='word_1_743' title='bbox 3305 4508 3421 4562; x_wconf 87' lang='lat' dir='ltr'><strong>ani-</strong></span> 
     </span>
    </p>
   </div>
   <div class='ocr_carea' id='block_1_96' title="bbox 1823 4596 3422 4667">
    <p class='ocr_par' dir='ltr' id='par_1_96' title="bbox 1823 4596 3422 4667">
     <span class='ocr_line' id='line_1_96' title="bbox 1823 4596 3422 4667; baseline -0.001 -17"><span class='ocrx_word' id='word_1_744' title='bbox 1823 4596 1989 4650; x_wconf 85' lang='lat' dir='ltr'><strong>malia</strong></span> <span class='ocrx_word' id='word_1_745' title='bbox 2024 4604 2071 4651; x_wconf 90' lang='lat' dir='ltr'><strong>et</strong></span> <span class='ocrx_word' id='word_1_746' title='bbox 2125 4597 2308 4667; x_wconf 80' lang='lat' dir='ltr'><strong>viginti</strong></span> <span class='ocrx_word' id='word_1_747' title='bbox 2361 4604 2592 4667; x_wconf 84' lang='lat' dir='ltr'><strong>quatuor</strong></span> <span class='ocrx_word' id='word_1_748' title='bbox 2638 4598 2866 4651; x_wconf 85' lang='lat' dir='ltr'><strong>seniores</strong></span> <span class='ocrx_word' id='word_1_749' title='bbox 2911 4597 3206 4651; x_wconf 82' lang='lat' dir='ltr'><strong>ceciderunt</strong></span> <span class='ocrx_word' id='word_1_750' title='bbox 3240 4611 3422 4649; x_wconf 89' lang='lat' dir='ltr'><strong>coram</strong></span> 
     </span>
    </p>
   </div>
   <div class='ocr_carea' id='block_1_97' title="bbox 1823 4685 3421 4756">
    <p class='ocr_par' dir='ltr' id='par_1_97' title="bbox 1823 4685 3421 4756">
     <span class='ocr_line' id='line_1_97' title="bbox 1823 4685 3421 4756; baseline -0.001 -18"><span class='ocrx_word' id='word_1_751' title='bbox 1823 4685 1973 4754; x_wconf 81' lang='lat' dir='ltr'><strong>Agna</strong></span> <span class='ocrx_word' id='word_1_752' title='bbox 2019 4686 2256 4739; x_wconf 85' lang='lat' dir='ltr'><strong>habentes</strong></span> <span class='ocrx_word' id='word_1_753' title='bbox 2312 4686 2508 4756; x_wconf 85' lang='lat' dir='ltr'><strong>singuli</strong></span> <span class='ocrx_word' id='word_1_754' title='bbox 2562 4686 2814 4751; x_wconf 77' lang='lat' dir='ltr'><strong>citharas,</strong></span> <span class='ocrx_word' id='word_1_755' title='bbox 2865 4691 2912 4738; x_wconf 90' lang='lat' dir='ltr'><strong>et</strong></span> <span class='ocrx_word' id='word_1_756' title='bbox 2959 4685 3174 4754; x_wconf 86' lang='lat' dir='ltr'><strong>phialas</strong></span> <span class='ocrx_word' id='word_1_757' title='bbox 3224 4700 3421 4737; x_wconf 84' lang='lat' dir='ltr'><strong>aureas</strong></span> 
     </span>
    </p>
   </div>
   <div class='ocr_carea' id='block_1_98' title="bbox 138 4759 3423 4851">
    <p class='ocr_par' dir='ltr' id='par_1_98' title="bbox 138 4759 3423 4851">
     <span class='ocr_line' id='line_1_98' title="bbox 138 4759 3423 4851; baseline 0.003 -31"><span class='ocrx_word' id='word_1_758' title='bbox 138 4759 245 4830; x_wconf 82' lang='lat' dir='ltr'><strong>qui,</strong></span> <span class='ocrx_word' id='word_1_759' title='bbox 289 4764 659 4828; x_wconf 88' lang='lat' dir='ltr'><strong>desiderantes</strong></span> <span class='ocrx_word' id='word_1_760' title='bbox 705 4774 1003 4830; x_wconf 88' lang='lat' dir='ltr'><strong>adventum</strong></span> <span class='ocrx_word' id='word_1_761' title='bbox 1046 4775 1275 4845; x_wconf 90' lang='lat' dir='ltr'><strong>Christi,</strong></span> <span class='ocrx_word' id='word_1_762' title='bbox 1306 4759 1718 4851; x_wconf 76' lang='lat' dir='ltr'><strong>interrogabant</strong></span> <span class='ocrx_word' id='word_1_763' title='bbox 1818 4772 2004 4842; x_wconf 65' lang='grc' dir='ltr'><em>Ριεηακ</em></span> <span class='ocrx_word' id='word_1_764' title='bbox 2056 4773 2536 4837; x_wconf 75' lang='lat' dir='ltr'><strong>odoramentorum,</strong></span> <span class='ocrx_word' id='word_1_765' title='bbox 2581 4790 2698 4842; x_wconf 65' lang='lat' dir='ltr'><strong>qua:</strong></span> <span class='ocrx_word' id='word_1_766' title='bbox 2747 4778 2871 4824; x_wconf 73' lang='lat' dir='ltr'><strong>sunt</strong></span> <span class='ocrx_word' id='word_1_767' title='bbox 2903 4771 3167 4825; x_wconf 74' lang='lat' dir='ltr'><strong>orationes</strong></span> <span class='ocrx_word' id='word_1_768' title='bbox 3196 4777 3423 4824; x_wconf 73' lang='lat' dir='ltr'><strong>sancto-</strong></span> 
     </span>
    </p>
   </div>
   <div class='ocr_carea' id='block_1_99' title="bbox 138 4859 1716 4927">
    <p class='ocr_par' dir='ltr' id='par_1_99' title="bbox 138 4859 1716 4927">
     <span class='ocr_line' id='line_1_99' title="bbox 138 4859 1716 4927; baseline 0.008 -17"><span class='ocrx_word' id='word_1_769' title='bbox 138 4861 237 4919; x_wconf 87' lang='lat' dir='ltr'><strong>quo</strong></span> <span class='ocrx_word' id='word_1_770' title='bbox 263 4859 501 4927; x_wconf 88' lang='lat' dir='ltr'><strong>tempore</strong></span> <span class='ocrx_word' id='word_1_771' title='bbox 530 4871 797 4919; x_wconf 86' lang='lat' dir='ltr'><strong>venturus</strong></span> <span class='ocrx_word' id='word_1_772' title='bbox 825 4871 965 4919; x_wconf 88' lang='lat' dir='ltr'><strong>esset</strong></span> <span class='ocrx_word' id='word_1_773' title='bbox 1022 4881 1034 4919; x_wconf 89' lang='lat'><strong>:</strong></span> <span class='ocrx_word' id='word_1_774' title='bbox 1092 4866 1328 4921; x_wconf 88' lang='lat' dir='ltr'><strong>Joannes</strong></span> <span class='ocrx_word' id='word_1_775' title='bbox 1358 4883 1488 4922; x_wconf 89' lang='lat' dir='ltr'><strong>vero</strong></span> <span class='ocrx_word' id='word_1_776' title='bbox 1517 4884 1607 4923; x_wconf 90' lang='lat' dir='ltr'><strong>eos</strong></span> <span class='ocrx_word' id='word_1_777' title='bbox 1645 4867 1716 4922; x_wconf 91' lang='lat' dir='ltr'><strong>si-</strong></span> 
     </span>
    </p>
   </div>
   <div class='ocr_carea' id='block_1_100' title="bbox 138 4937 1715 5026">
    <p class='ocr_par' dir='ltr' id='par_1_100' title="bbox 138 4937 1715 5026">
     <span class='ocr_line' id='line_1_100' title="bbox 138 4937 1715 5026; baseline 0.012 -34"><span class='ocrx_word' id='word_1_778' title='bbox 138 4937 344 5005; x_wconf 80' lang='lat' dir='ltr'><strong>gniﬁcat</strong></span> <span class='ocrx_word' id='word_1_779' title='bbox 395 4947 489 5019; x_wconf 86' lang='lat' dir='ltr'><strong>qui</strong></span> <span class='ocrx_word' id='word_1_780' title='bbox 520 4949 743 5019; x_wconf 87' lang='lat' dir='ltr'><strong>ﬂebant,</strong></span> <span class='ocrx_word' id='word_1_781' title='bbox 783 4968 848 5007; x_wconf 92' lang='lat' dir='ltr'><strong>eo</strong></span> <span class='ocrx_word' id='word_1_782' title='bbox 874 4952 1026 5024; x_wconf 86' lang='lat' dir='ltr'><strong>quod</strong></span> <span class='ocrx_word' id='word_1_783' title='bbox 1055 4960 1209 5009; x_wconf 90' lang='lat' dir='ltr'><strong>tanto</strong></span> <span class='ocrx_word' id='word_1_784' title='bbox 1248 4962 1489 5026; x_wconf 90' lang='lat' dir='ltr'><strong>tempore</strong></span> <span class='ocrx_word' id='word_1_785' title='bbox 1520 4955 1715 5011; x_wconf 89' lang='lat' dir='ltr'><strong>tarda—</strong></span> 
     </span>
    </p>
   </div>
   <div class='ocr_carea' id='block_1_101' title="bbox 140 5032 1714 5115">
    <p class='ocr_par' dir='ltr' id='par_1_101' title="bbox 140 5032 1714 5115">
     <span class='ocr_line' id='line_1_101' title="bbox 140 5032 1714 5115; baseline 0.014 -37"><span class='ocrx_word' id='word_1_786' title='bbox 140 5032 215 5079; x_wconf 88' lang='lat' dir='ltr'><strong>ret</strong></span> <span class='ocrx_word' id='word_1_787' title='bbox 242 5044 253 5082; x_wconf 90' lang='lat'>:</span> <span class='ocrx_word' id='word_1_788' title='bbox 291 5032 473 5089; x_wconf 88' lang='lat' dir='ltr'><strong>senior</strong></span> <span class='ocrx_word' id='word_1_789' title='bbox 498 5045 680 5093; x_wconf 85' lang='lat' dir='ltr'><strong>autem</strong></span> <span class='ocrx_word' id='word_1_790' title='bbox 712 5040 1006 5112; x_wconf 87' lang='lat' dir='ltr'><strong>prophetas</strong></span> <span class='ocrx_word' id='word_1_791' title='bbox 1029 5041 1298 5112; x_wconf 89' lang='lat' dir='ltr'><strong>designat,</strong></span> <span class='ocrx_word' id='word_1_792' title='bbox 1320 5044 1415 5115; x_wconf 91' lang='lat' dir='ltr'><strong>qui</strong></span> <span class='ocrx_word' id='word_1_793' title='bbox 1449 5044 1714 5104; x_wconf 82' lang='lat' dir='ltr'><strong>dixerunt</strong></span> 
     </span>
    </p>
   </div>
   <div class='ocr_carea' id='block_1_102' title="bbox 138 5119 1713 5199">
    <p class='ocr_par' dir='ltr' id='par_1_102' title="bbox 138 5119 1713 5199">
     <span class='ocr_line' id='line_1_102' title="bbox 138 5119 1713 5199; baseline 0.015 -32"><span class='ocrx_word' id='word_1_794' title='bbox 138 5125 238 5181; x_wconf 88' lang='lat' dir='ltr'><strong>quo</strong></span> <span class='ocrx_word' id='word_1_795' title='bbox 265 5119 423 5174; x_wconf 90' lang='lat' dir='ltr'><strong>modo</strong></span> <span class='ocrx_word' id='word_1_796' title='bbox 449 5131 504 5178; x_wconf 91' lang='lat' dir='ltr'><strong>et</strong></span> <span class='ocrx_word' id='word_1_797' title='bbox 533 5142 644 5199; x_wconf 90' lang='lat' dir='ltr'><strong>quo</strong></span> <span class='ocrx_word' id='word_1_798' title='bbox 681 5135 926 5199; x_wconf 88' lang='lat' dir='ltr'><strong>tempore</strong></span> <span class='ocrx_word' id='word_1_799' title='bbox 967 5136 1233 5185; x_wconf 89' lang='lat' dir='ltr'><strong>venturus</strong></span> <span class='ocrx_word' id='word_1_800' title='bbox 1275 5141 1433 5188; x_wconf 89' lang='lat' dir='ltr'><strong>esset.</strong></span> <span class='ocrx_word' id='word_1_801' title='bbox 1478 5134 1578 5188; x_wconf 80' lang='lat' dir='ltr'><strong>Per</strong></span> <span class='ocrx_word' id='word_1_802' title='bbox 1607 5135 1713 5190; x_wconf 89' lang='lat' dir='ltr'><strong>leo-</strong></span> 
     </span>
    </p>
   </div>
   <div class='ocr_carea' id='block_1_103' title="bbox 138 5205 1714 5294">
    <p class='ocr_par' dir='ltr' id='par_1_103' title="bbox 138 5205 1714 5294">
     <span class='ocr_line' id='line_1_103' title="bbox 138 5205 1714 5294; baseline 0.016 -41"><span class='ocrx_word' id='word_1_803' title='bbox 138 5214 252 5258; x_wconf 82' lang='lat' dir='ltr'><strong>nem</strong></span> <span class='ocrx_word' id='word_1_804' title='bbox 283 5205 463 5294; x_wconf 76' lang='lat' dir='ltr'><strong>igitur</strong></span> <span class='ocrx_word' id='word_1_805' title='bbox 491 5211 563 5270; x_wconf 90' lang='lat' dir='ltr'><strong>de</strong></span> <span class='ocrx_word' id='word_1_806' title='bbox 591 5215 740 5271; x_wconf 89' lang='lat' dir='ltr'><strong>tribu</strong></span> <span class='ocrx_word' id='word_1_807' title='bbox 769 5216 908 5273; x_wconf 89' lang='lat' dir='ltr'><strong>Juda</strong></span> <span class='ocrx_word' id='word_1_808' title='bbox 936 5217 1190 5275; x_wconf 87' lang='lat' dir='ltr'><strong>Christus</strong></span> <span class='ocrx_word' id='word_1_809' title='bbox 1224 5217 1575 5293; x_wconf 89' lang='lat' dir='ltr'><strong>intelligitur,</strong></span> <span class='ocrx_word' id='word_1_810' title='bbox 1618 5222 1714 5294; x_wconf 89' lang='lat' dir='ltr'><strong>qui</strong></span> 
     </span>
    </p>
   </div>
   <div class='ocr_carea' id='block_1_104' title="bbox 138 5292 1716 5377">
    <p class='ocr_par' dir='ltr' id='par_1_104' title="bbox 138 5292 1716 5377">
     <span class='ocr_line' id='line_1_104' title="bbox 138 5292 1716 5377; baseline 0.015 -36"><span class='ocrx_word' id='word_1_811' title='bbox 138 5301 201 5344; x_wconf 87' lang='lat' dir='ltr'><strong>ex</strong></span> <span class='ocrx_word' id='word_1_812' title='bbox 226 5292 371 5352; x_wconf 88' lang='lat' dir='ltr'><strong>tribu</strong></span> <span class='ocrx_word' id='word_1_813' title='bbox 422 5299 568 5359; x_wconf 87' lang='lat' dir='ltr'><strong>Juda</strong></span> <span class='ocrx_word' id='word_1_814' title='bbox 607 5313 661 5361; x_wconf 85' lang='lat' dir='ltr'><strong>et</strong></span> <span class='ocrx_word' id='word_1_815' title='bbox 711 5305 968 5377; x_wconf 88' lang='lat' dir='ltr'><strong>progenie</strong></span> <span class='ocrx_word' id='word_1_816' title='bbox 1021 5305 1196 5363; x_wconf 89' lang='lat' dir='ltr'><strong>David</strong></span> <span class='ocrx_word' id='word_1_817' title='bbox 1243 5316 1398 5363; x_wconf 87' lang='lat' dir='ltr'><strong>ortus</strong></span> <span class='ocrx_word' id='word_1_818' title='bbox 1422 5292 1427 5293; x_wconf 18' lang='grc' dir='ltr'>ί</span> <span class='ocrx_word' id='word_1_819' title='bbox 1452 5317 1551 5365; x_wconf 89' lang='lat' dir='ltr'><strong>est.</strong></span> <span class='ocrx_word' id='word_1_820' title='bbox 1606 5292 1716 5365; x_wconf 69' lang='lat' dir='ltr'><strong>Leo</strong></span> 
     </span>
    </p>
   </div>
   <div class='ocr_carea' id='block_1_105' title="bbox 1823 4858 3419 4931">
    <p class='ocr_par' dir='ltr' id='par_1_105' title="bbox 1823 4858 3419 4931">
     <span class='ocr_line' id='line_1_105' title="bbox 1823 4858 3419 4931; baseline -0.001 -19"><span class='ocrx_word' id='word_1_821' title='bbox 1823 4859 2337 4925; x_wconf 66' lang='lat' dir='ltr'><strong>rum.Quaarendum</strong></span> <span class='ocrx_word' id='word_1_822' title='bbox 2366 4860 2523 4915; x_wconf 89' lang='lat' dir='ltr'><strong>nobis</strong></span> <span class='ocrx_word' id='word_1_823' title='bbox 2554 4867 2655 4925; x_wconf 91' lang='lat' dir='ltr'><strong>est,</strong></span> <span class='ocrx_word' id='word_1_824' title='bbox 2675 4859 2951 4931; x_wconf 88' lang='lat' dir='ltr'><strong>quomodo</strong></span> <span class='ocrx_word' id='word_1_825' title='bbox 2980 4866 3106 4914; x_wconf 89' lang='lat' dir='ltr'><strong>ante</strong></span> <span class='ocrx_word' id='word_1_826' title='bbox 3136 4858 3419 4913; x_wconf 85' lang='lat' dir='ltr'><strong>reseratio-</strong></span> 
     </span>
    </p>
   </div>
   <div class='ocr_carea' id='block_1_106' title="bbox 1821 4948 3420 5020">
    <p class='ocr_par' dir='ltr' id='par_1_106' title="bbox 1821 4948 3420 5020">
     <span class='ocr_line' id='line_1_106' title="bbox 1821 4948 3420 5020; baseline 0.001 -18"><span class='ocrx_word' id='word_1_827' title='bbox 1821 4963 1946 5003; x_wconf 90' lang='lat' dir='ltr'><strong>nem</strong></span> <span class='ocrx_word' id='word_1_828' title='bbox 1978 4948 2285 5019; x_wconf 84' lang='lat' dir='ltr'><strong>sigillorum</strong></span> <span class='ocrx_word' id='word_1_829' title='bbox 2317 4948 2456 5003; x_wconf 88' lang='lat' dir='ltr'><strong>liber</strong></span> <span class='ocrx_word' id='word_1_830' title='bbox 2482 4948 2679 5019; x_wconf 87' lang='lat' dir='ltr'><strong>aperiri</strong></span> <span class='ocrx_word' id='word_1_831' title='bbox 2707 4948 2963 5019; x_wconf 89' lang='lat' dir='ltr'><strong>potuerit.</strong></span> <span class='ocrx_word' id='word_1_832' title='bbox 2995 4949 3099 5005; x_wconf 91' lang='lat' dir='ltr'><strong>Sed</strong></span> <span class='ocrx_word' id='word_1_833' title='bbox 3121 4948 3420 5020; x_wconf 83' lang='lat' dir='ltr'><strong>spirituali-</strong></span> 
     </span>
    </p>
   </div>
   <div class='ocr_carea' id='block_1_107' title="bbox 1821 5038 3415 5113">
    <p class='ocr_par' dir='ltr' id='par_1_107' title="bbox 1821 5038 3415 5113">
     <span class='ocr_line' id='line_1_107' title="bbox 1821 5038 3415 5113; baseline 0.001 -20"><span class='ocrx_word' id='word_1_834' title='bbox 1821 5046 1906 5094; x_wconf 90' lang='lat' dir='ltr'><strong>ter</strong></span> <span class='ocrx_word' id='word_1_835' title='bbox 1933 5038 2352 5109; x_wconf 87' lang='lat' dir='ltr'><strong>intelligendum</strong></span> <span class='ocrx_word' id='word_1_836' title='bbox 2384 5048 2484 5095; x_wconf 90' lang='lat' dir='ltr'><strong>est.</strong></span> <span class='ocrx_word' id='word_1_837' title='bbox 2535 5039 2819 5111; x_wconf 73' lang='lat' dir='ltr'><strong>Prophetas</strong></span> <span class='ocrx_word' id='word_1_838' title='bbox 2851 5056 3085 5113; x_wconf 88' lang='lat' dir='ltr'><strong>namque</strong></span> <span class='ocrx_word' id='word_1_839' title='bbox 3115 5039 3415 5095; x_wconf 88' lang='lat' dir='ltr'><strong>adventum</strong></span> 
     </span>
    </p>
   </div>
   <div class='ocr_carea' id='block_1_108' title="bbox 1822 5124 3416 5203">
    <p class='ocr_par' dir='ltr' id='par_1_108' title="bbox 1822 5124 3416 5203">
     <span class='ocr_line' id='line_1_108' title="bbox 1822 5124 3416 5203; baseline 0.001 -21"><span class='ocrx_word' id='word_1_840' title='bbox 1822 5124 2047 5194; x_wconf 89' lang='lat' dir='ltr'><strong>Christi,</strong></span> <span class='ocrx_word' id='word_1_841' title='bbox 2072 5127 2380 5198; x_wconf 88' lang='lat' dir='ltr'><strong>passionem</strong></span> <span class='ocrx_word' id='word_1_842' title='bbox 2402 5137 2455 5185; x_wconf 91' lang='lat' dir='ltr'><strong>et</strong></span> <span class='ocrx_word' id='word_1_843' title='bbox 2476 5128 2930 5185; x_wconf 91' lang='lat' dir='ltr'><strong>resurrectionem</strong></span> <span class='ocrx_word' id='word_1_844' title='bbox 2953 5129 3093 5201; x_wconf 80' lang='lat' dir='ltr'><strong>ejus,</strong></span> <span class='ocrx_word' id='word_1_845' title='bbox 3115 5128 3416 5203; x_wconf 88' lang='lat' dir='ltr'><strong>aliquando</strong></span> 
     </span>
    </p>
   </div>
   <div class='ocr_carea' id='block_1_109' title="bbox 1823 5215 3420 5291">
    <p class='ocr_par' dir='ltr' id='par_1_109' title="bbox 1823 5215 3420 5291">
     <span class='ocr_line' id='line_1_109' title="bbox 1823 5215 3420 5291; baseline 0.001 -20"><span class='ocrx_word' id='word_1_846' title='bbox 1823 5233 1918 5288; x_wconf 86' lang='lat' dir='ltr'><strong>per</strong></span> <span class='ocrx_word' id='word_1_847' title='bbox 1988 5215 2247 5289; x_wconf 88' lang='lat' dir='ltr'><strong>quasdam</strong></span> <span class='ocrx_word' id='word_1_848' title='bbox 2314 5218 2535 5290; x_wconf 86' lang='lat' dir='ltr'><strong>ﬁguras,</strong></span> <span class='ocrx_word' id='word_1_849' title='bbox 2585 5218 2884 5291; x_wconf 90' lang='lat' dir='ltr'><strong>aliquando</strong></span> <span class='ocrx_word' id='word_1_850' title='bbox 2933 5218 3136 5290; x_wconf 90' lang='lat' dir='ltr'><strong>apertis</strong></span> <span class='ocrx_word' id='word_1_851' title='bbox 3188 5217 3420 5273; x_wconf 87' lang='lat' dir='ltr'><strong>vocibus</strong></span> 
     </span>
    </p>
   </div>
   <div class='ocr_carea' id='block_1_110' title="bbox 1822 5311 3420 5386">
    <p class='ocr_par' dir='ltr' id='par_1_110' title="bbox 1822 5311 3420 5386">
     <span class='ocr_line' id='line_1_110' title="bbox 1822 5311 3420 5386; baseline 0.001 -19"><span class='ocrx_word' id='word_1_852' title='bbox 1822 5311 2244 5383; x_wconf 63' lang='lat' dir='ltr'><strong>praedixerunt:</strong></span> <span class='ocrx_word' id='word_1_853' title='bbox 2300 5314 2396 5370; x_wconf 87' lang='lat' dir='ltr'><strong>sed</strong></span> <span class='ocrx_word' id='word_1_854' title='bbox 2450 5323 2503 5371; x_wconf 90' lang='lat' dir='ltr'><strong>et</strong></span> <span class='ocrx_word' id='word_1_855' title='bbox 2551 5312 2874 5386; x_wconf 81' lang='lat' dir='ltr'><strong>patriarchae</strong></span> <span class='ocrx_word' id='word_1_856' title='bbox 2930 5315 2987 5370; x_wconf 90' lang='lat' dir='ltr'><strong>in</strong></span> <span class='ocrx_word' id='word_1_857' title='bbox 3032 5316 3149 5371; x_wconf 90' lang='lat' dir='ltr'><strong>suis</strong></span> <span class='ocrx_word' id='word_1_858' title='bbox 3202 5314 3420 5371; x_wconf 89' lang='lat' dir='ltr'><strong>actibus</strong></span> 
     </span>
    </p>
   </div>
   <div class='ocr_carea' id='block_1_111' title="bbox 210 5500 3422 5600">
    <p class='ocr_par' dir='ltr' id='par_1_111' title="bbox 210 5500 3422 5600">
     <span class='ocr_line' id='line_1_111' title="bbox 210 5500 3422 5600; baseline 0.006 -37"><span class='ocrx_word' id='word_1_859' title='bbox 210 5500 356 5600; x_wconf 36' lang='lat'><strong>9:51)“</strong></span> <span class='ocrx_word' id='word_1_860' title='bbox 374 5508 455 5566; x_wconf 88' lang='lat' dir='ltr'><strong>Ita</strong></span> <span class='ocrx_word' id='word_1_861' title='bbox 483 5528 637 5583; x_wconf 90' lang='lat' dir='ltr'><strong>mss.;</strong></span> <span class='ocrx_word' id='word_1_862' title='bbox 681 5514 815 5573; x_wconf 91' lang='lat' dir='ltr'><strong>edit.</strong></span> <span class='ocrx_word' id='word_1_863' title='bbox 876 5533 1028 5588; x_wconf 91' lang='lat' dir='ltr'><strong>vero,</strong></span> <span class='ocrx_word' id='word_1_864' title='bbox 1084 5518 1272 5575; x_wconf 81' lang='lat' dir='ltr'><strong>veteris</strong></span> <span class='ocrx_word' id='word_1_865' title='bbox 1320 5522 1628 5581; x_wconf 70' lang='lat' dir='ltr'><strong>Testamenti</strong></span> <span class='ocrx_word' id='word_1_866' title='bbox 1681 5521 1897 5586; x_wconf 79' lang='lat' dir='ltr'><strong>librum.</strong></span> <span class='ocrx_word' id='word_1_867' title='bbox 1954 5530 2001 5579; x_wconf 88' lang='lat' dir='ltr'><strong>et</strong></span> <span class='ocrx_word' id='word_1_868' title='bbox 2056 5540 2163 5578; x_wconf 87' lang='lat' dir='ltr'><strong>non</strong></span> <span class='ocrx_word' id='word_1_869' title='bbox 2206 5525 2449 5585; x_wconf 79' lang='lat' dir='ltr'><strong>uidebant</strong></span> <span class='ocrx_word' id='word_1_870' title='bbox 2501 5527 2780 5583; x_wconf 80' lang='lat' dir='ltr'><strong>secundum</strong></span> <span class='ocrx_word' id='word_1_871' title='bbox 2840 5527 3170 5600; x_wconf 79' lang='lat' dir='ltr'><strong>spiritualem</strong></span> <span class='ocrx_word' id='word_1_872' title='bbox 3217 5527 3422 5584; x_wconf 85' lang='lat' dir='ltr'><strong>intelli-</strong></span> 
     </span>
    </p>
   </div>
   <div class='ocr_carea' id='block_1_112' title="bbox 146 5574 381 5639">
    <p class='ocr_par' dir='ltr' id='par_1_112' title="bbox 146 5574 381 5639">
     <span class='ocr_line' id='line_1_112' title="bbox 146 5574 381 5639; baseline 0.038 -12"><span class='ocrx_word' id='word_1_873' title='bbox 146 5574 381 5639; x_wconf 78' lang='lat' dir='ltr'><strong>gentiam.</strong></span> 
     </span>
    </p>
   </div>
  </div>
