3880 6198
436 241 539 299 891

1464 233 1559 286 AD
1599 226 1833 285 OPEBA
1870 225 1926 280 S.
1962 221 2293 280 AMBROSII
2332 217 2714 276 APPENDIX.

3692 206 3783 262 ωε

439 365 557 421 haec
584 362 771 421 omnia
826 358 1331 433 przeﬁ'guraverunt.
1384 354 1638 412 Christus
1667 368 1797 407 vero
1827 348 2046 423 quando
2080 349 2131 408 A
2158 351 2479 411 sueverunt,
2512 342 2657 399 sicut
2683 338 2820 396 dicit
2848 336 3170 395 Psalmista:
3219 358 3239 380 ι
3270 329 3659 390 Sacriﬁcium
3683 331 3781 385 Deo

438 474 508 515 ex
540 457 769 529 Virgine
798 461 958 509 natus
986 459 1088 519 est,
1137 447 1355 522 quando
1384 462 1573 517 passus
1603 451 1705 525 est,
1755 449 1807 497 et
1854 455 2045 495 resur—

440 547 607 615 rexit,
642 528 697 602 et
752 544 809 600 in
856 543 1056 598 ccelum
1086 537 1353 601 ascendit,
1410 534 1611 588 librum
1658 528 1874 586 Veteris
1919 530 2043 583 Tes-

439 637 668 692 tamenti
725 632 981 705 aperuit;
1053 628 1184 701 quia
1243 644 1361 698 qua:
1420 623 1497 678 ibi
1569 619 2040 693 signiﬁcabantur,

437 740 600 796 opere
630 722 880 795 implevit
909 739 919 775 :
942 725 1127 791 postea
1159 733 1288 771 vero
1318 731 1380 769 ea
1404 730 1523 786 quae
1554 712 1613 767 in
1642 710 1826 767 Veteri
1848 710 2044 764 Testa-

440 823 628 871 mento
657 814 888 868 obscura
904 814 1063 864 erant
1089 813 1143 861 et
1172 805 1231 860 in
1258 801 1768 870 Novo,doctoribus
1784 800 2043 855 Ecclesiae

439 922 535 977 per
570 899 986 972 inspirationem
1021 895 1263 967 Spiritus
1279 893 1451 949 sancti
1471 890 1855 963 aperuit.Quaa
1885 904 2040 960 apere

439 994 517 1049 tio
556 990 816 1047 reseratio
845 996 927 1043 est
958 985 1292 1058 sigillorum.
1329 983 1487 1050 Quod
1542 989 1723 1036 autem
1769 980 2037 1060 sequitur,

439 1082 587 1155 quod
616 1088 854 1153 quatuor
882 1076 1144 1133 animalia
1181 1081 1235 1131 et
1281 1072 1482 1145 viginti
1519 1080 1756 1144 quatuor
1802 1068 2045 1124 seniores

438 1171 960 1230 cecideruntcoram
986 1167 1166 1237 Agno,
1185 1164 1249 1220 ad
1274 1162 1496 1219 eosdem
1518 1162 1769 1218 doctores
1784 1159 2044 1216 Ecclesiae

440 1262 708 1336 pertinet;
752 1258 967 1331 quoties
1004 1254 1153 1310 enim
1205 1252 1575 1318 nativitatem,
1621 1249 1952 1322 passionem,
1992 1254 2046 1303 et

441 1349 898 1409 resurrectionem
947 1344 1171 1401 Domini
1202 1343 1269 1399 ad
1318 1341 1639 1398 memoriam
1672 1338 1965 1405 reducunt,
1993 1346 2047 1393 et

439 1440 861 1516 quibuscunque
889 1434 1067 1491 modis
1116 1433 1234 1489 haec
1263 1449 1294 1488 a
1323 1430 1527 1487 sanctis
1576 1429 1826 1502 patrihus
1872 1427 2045 1500 praeti-

445 1538 658 1605 gurata,
687 1535 741 1583 et
770 1544 801 1582 a
835 1524 1120 1599 prophetis
1141 1522 1401 1595 praedicta
1429 1528 1580 1589 sunt,
1608 1519 1889 1575 recolunt:
1916 1533 2045 1590 quo-

442 1622 761 1691 tiescunque
817 1616 934 1671 haec
977 1632 1098 1687 qua:
1142 1614 1200 1669 in
1258 1612 1566 1683 Evangelio
1605 1609 1835 1667 obscure
1869 1608 2045 1679 posita

2150 435 2379 507 spiritus
2408 432 2814 489 contribulatus
2847 429 3021 501 (Psal.
3054 446 3115 496 L,
3156 427 3302 497 19).»
3352 424 3499 480 Sive
3530 420 3779 478 sacerdo-

2150 534 2231 581 tes
2261 524 2359 580 Dei
2389 523 2673 589 dicuntur,
2695 538 2760 578 eo
2780 525 2923 582 520
2946 517 3093 591 quod
3124 515 3384 573 membra
3416 512 3544 570 sint
3580 521 3778 574 summi

2152 620 2462 677 Sacerdotis
2507 618 2573 675 de
2618 634 2728 691 quo
2765 617 2901 673 dicit
2930 615 3221 671 Psalmista
3256 631 3268 668 :
3321 635 3340 659 ι
3378 612 3469 667 Tu
3503 626 3570 665 es
3604 608 3776 664 Sacer-

2150 708 2248 764 dos
2291 710 2349 764 in
2400 714 2686 775 aeternum,
2726 705 3026 763 secundum
3059 703 3319 759 ordinem
3352 696 3774 759 Melchisedech

2155 798 2328 869 (Psal.
2365 816 2468 864 CIX,
2501 797 2582 869 4).
2618 822 2636 843 ι

2223 887 2404 957 (Vers.
2441 888 2524 953 11,
2561 885 2671 956 12.)
2704 887 2777 940 Et
2804 883 2912 938 vidi
2940 889 2989 936 et
3014 881 3200 936 audivi
3230 897 3411 935 vocem
3437 880 3769 949 angelorum

2150 978 2439 1032 multorum
2465 976 2521 1030 in
2561 974 2786 1029 circuitu
2813 973 3009 1041 throni,
3039 978 3088 1026 et
3107 972 3409 1037 seniorum,
3449 976 3503 1023 et
3533 976 3775 1038 quatuor

2150 1064 2466 1120 animalium
2497 1081 2515 1118 :
2547 1069 2594 1117 et
2637 1068 2754 1117 erat
2789 1078 3041 1116 numerus
3069 1075 3253 1115 eorum
3280 1056 3465 1113 millia
3506 1055 3772 1121 millium,

2151 1154 2432 1209 dicentium
2460 1169 2577 1207 voce
2603 1168 2798 1223 magna
2828 1168 2844 1205 :
2885 1150 3088 1221 Dignus
3134 1154 3211 1203 est
3238 1164 3435 1219 agnus,
3469 1147 3579 1216 qui
3628 1145 3773 1199 occi-

2152 1261 2240 1299 sus
2270 1251 2360 1310 est,
2385 1243 2615 1314 accipere
2658 1245 2923 1310 virtutem,
2976 1247 3024 1297 et
3073 1240 3430 1307 divinitatem,
3481 1245 3533 1293 et
3565 1236 3774 1307 sapien-

2153 1337 2304 1404 tiam,
2321 1341 2368 1389 et
2386 1335 2775 1405 fortitudinem,
2796 1342 2844 1390 et
2870 1335 3140 1400 honorem,
3161 1338 3211 1386 et
3233 1332 3495 1403 gloriam,
3526 1336 3588 1384 et
3617 1328 3773 1383 bene-

2153 1434 2556 1489 dictionem.Per
2572 1431 2855 1498 thronum,
2874 1438 2928 1486 et
2948 1435 3185 1502 quatuor
3198 1426 3489 1493 animalia,
3502 1433 3565 1481 et
3595 1424 3771 1480 senio-

2153 1541 2238 1581 res
2267 1526 2527 1581 universa
2550 1521 2794 1578 Ecclesia
2830 1537 2954 1577 cum
2985 1520 3098 1577 suis
3125 1518 3451 1575 doctoribus
3510 1516 3769 1588 designa-

2153 1621 2244 1670 tur
2276 1633 2287 1669 :
2322 1614 2503 1686 angeli
2536 1628 2667 1668 vero
2701 1656 2716 1681 ,
2748 1611 2842 1685 qui
2873 1611 3163 1679 thronum,
3195 1609 3253 1665 id
3296 1616 3379 1664 est
3426 1606 3767 1671 Ecclesiam,

441 1719 591 1777 sunt,
641 1706 969 1778 investigare
1009 1721 1120 1759 non
1152 1702 1432 1769 desinunt,
1462 1700 1625 1757 toties
1663 1699 1743 1755 eis
1789 1698 1930 1754 liber
1975 1696 2044 1752 si-
2077 1702 2123 1763 B
2151 1703 2392 1762 cinxisse
2423 1702 2527 1759 visi
2575 1709 2725 1770 sunt,
2767 1700 2948 1773 angeli
3002 1708 3131 1755 sunt
3183 1698 3281 1772 qui
3326 1696 3395 1753 ad
3445 1696 3766 1753 custodiam

443 1806 637 1872 gnatus
663 1796 925 1868 aperitur.
962 1793 1181 1850 Cadunt
1210 1808 1341 1848 vero
1363 1807 1545 1846 coram
1575 1790 1752 1860 Aguo,
1783 1804 1909 1844 cum
1941 1801 2036 1858 per

443 1887 859 1945 meditationem
895 1882 1211 1940 divinarum
1249 1882 1657 1952 Scripturarum
1689 1876 2036 1933 consideran-

442 1989 525 2036 tes
576 1980 903 2035 immensam
956 1972 1304 2032 clementiam
1362 1970 1484 2038 Dei,
1541 1967 1843 2023 humiliant
1881 1981 1937 2022 se
1980 1966 2038 2020 in

444 2090 469 2123 ς
497 2075 740 2141 ι.ιδί)ραιιι
797 2064 1057 2123 creatoris
1109 2062 1195 2118 sui
1234 2079 1245 2117 :
1290 2070 1345 2117 et
1400 2065 1604 2132 quanto
1634 2073 1691 2114 se
1721 2072 1816 2129 per
1843 2055 2040 2112 humi—

446 2160 658 2215 litatem
691 2156 980 2228 dejiciunt,
1025 2156 1206 2209 tantbt
1234 2150 1471 2222 amplius
1530 2148 1589 2203 in
1648 2162 1891 2202 amorem
1923 2143 2042 2216 ejus

444 2248 812 2305 exardescunt
845 2263 858 2312 ;
891 2244 1021 2317 quia
1073 2240 1361 2297 humilitas
1404 2254 1523 2311 quae
1554 2236 1617 2292 iit
1657 2235 1714 2291 in
1744 2242 2042 2307 conspectu

444 2338 563 2406 Dei,
597 2336 773 2392 nutrit
818 2349 1060 2390 amorem
1090 2331 1210 2388 Dei.
1270 2331 1372 2386 Per
1422 2326 1660 2385 citharas
1708 2336 1891 2383 autem
1922 2341 2042 2397 quae

445 2425 706 2484 animalia
732 2432 787 2479 et
816 2423 1060 2479 seniores
1090 2418 1347 2475 habuisse
1373 2416 1657 2482 dicuntur,
1687 2413 2043 2471 mortiﬁcatio

446 2516 628 2574 carnis
668 2513 1009 2585 designatur,
1040 2510 1184 2567 sicut
1224 2508 1363 2565 dicit
1409 2507 1746 2580 Apostolus:
1809 2529 1827 2552 ι
1857 2500 2042 2559 Morti-

446 2606 605 2663 ﬁcate
638 2602 884 2659 membra
919 2610 1102 2657 vestra
1135 2615 1255 2672 quae
1285 2604 1414 2654 sunt
1442 2612 1603 2668 super
1616 2602 1842 2661 terram,
1874 2591 2041 2648 forni-

450 2695 746 2761 cationem,
779 2689 1214 2754 immunditiam,
1238 2686 1581 2753 avaritiam;
1614 2689 1669 2739 et
1696 2690 1891 2739 caetera
1919 2680 2042 2751 (Co-

452 2785 573 2841 loss.
609 2802 691 2851 III,
726 2782 807 2853 5).
855 2780 1060 2837 Phiala;
1100 2794 1231 2834 vero
1260 2794 1436 2834 aureae
1472 2775 1638 2832 corda
1665 2782 1796 2830 sunt
1832 2778 2042 2828 sancto-

449 2889 594 2939 rum,
654 2872 892 2941 spiritali
934 2868 1208 2941 sapientia
1237 2869 1465 2939 repleta,
1511 2882 1631 2938 quae
1668 2861 2044 2920 odoramentis

450 2960 611 3031 plena
638 2958 809 3014 fuisse
839 2958 1122 3014 dicuntur.
1154 2956 1297 3024 Quid
1324 2956 1436 3010 sint
1456 2962 1638 3010 autem
1666 2951 2040 3018 odoramenta,

2146 1794 2575 1851 EcclesiasaDeo
2604 1791 2863 1849 destinati
2892 1798 3042 1859 sunt,
3060 1789 3204 1845 sicut
3236 1788 3443 1844 Paulus
3477 1788 3767 1859 apostolus

2142 1883 2412 1955 loquitur,
2452 1880 2643 1939 dicens
2679 1898 2690 1935 :
2739 1906 2757 1928 ι
2789 1881 2982 1936 Nonne
3039 1893 3230 1933 omnes
3287 1875 3764 1932 administramrii

2147 1982 2277 2029 sunt
2308 1973 2557 2045 spiritus,
2594 1972 2652 2027 in
2685 1969 3058 2027 ministerium
3092 1968 3245 2024 missi
3271 1976 3502 2039 propter
3533 1967 3762 2040 eos,qui

2148 2062 2530 2118 haereditatem
2577 2063 2807 2134 capiunt
2864 2059 3058 2117 salutis
3090 2059 3276 2130 (Hebr.
3325 2076 3363 2126 ι,
3409 2058 3539 2121 id)?
3588 2083 3609 2103 ι
3666 2060 3764 2113 Per

2150 2153 2455 2209 maximum
2484 2161 2667 2209 autem
2699 2168 2988 2208 numerum
3019 2166 3210 2205 eorum
3243 2148 3550 2204 multitudo
3585 2148 3766 2203 innu-

2151 2247 2433 2303 merabilis
2462 2247 2779 2318 designatur
2807 2244 2901 2316 qui
2930 2245 3150 2315 Agnum
3183 2257 3379 2314 magna
3406 2256 3547 2296 voce
3579 2240 3759 2296 bene-

2151 2338 2334 2395 dicere
2362 2337 2655 2405 dicuntur;
2717 2335 2847 2409 quia
2874 2334 2942 2390 ad
2975 2346 3316 2405 quaecunque
3357 2330 3546 2386 oiﬁcia
3576 2332 3760 2403 angeli

2154 2424 2428 2496 explenda
2452 2424 2819 2491 destinantur,
2852 2440 2884 2478 a
2914 2420 3171 2477 laudibus
3188 2419 3288 2475 Dei
3319 2435 3617 2493 nunquam
3648 2435 3757 2475 ces-

2156 2524 2306 2571 sant:
2350 2522 2403 2569 et
2431 2514 2575 2570 sicut
2606 2514 2699 2570 hic
2729 2514 2869 2569 liber
2897 2511 2957 2567 in
2986 2509 3295 2582 septenario
3334 2525 3576 2564 numero
3613 2516 3758 2564 totus

2151 2603 2427 2671 consistit,
2472 2603 2665 2676 utique
2711 2610 2916 2675 septem
2964 2600 3108 2656 dona
3147 2597 3384 2671 Spiritus
3424 2598 3611 2653 sancti
3642 2613 3759 2669 pro-

2152 2693 2318 2765 pheta
2347 2693 2405 2748 in
2435 2693 2716 2750 Christum
2747 2690 3077 2763 requievisse
3117 2686 3291 2753 dicit;
3326 2686 3405 2741 ita
3432 2694 3491 2742 et
3542 2694 3756 2758 septem

2151 2783 2560 2840 benedictiones
2595 2783 2651 2836 in
2676 2780 2781 2835 hoc
2810 2780 2930 2835 loco
2962 2783 3271 2850 ponuntur,
3292 2774 3500 2848 quibus
3537 2776 3756 2832 assidue

2152 2872 2332 2944 angeli
2362 2873 2536 2927 Deum
2568 2869 2789 2925 laudare
2821 2868 3103 2924 dicuntur.

2226 2960 2409 3032 (Vers.
2446 2960 2560 3031 13.)
2591 2960 2665 3014 Ει
2692 2974 2894 3013 omnem
2919 2961 3222 3011 creaturam
3247 2972 3364 3026 qua:
3414 2956 3471 3009 in
3503 2956 3633 3010 cato
3662 2962 3751 3021 est,

450 3049 564 3120 ipse
593 3048 842 3119 exponit,
899 3063 1027 3103 cum
1066 3044 1374 3117 subjungit,
1434 3061 1552 3115 qua:
1597 3051 1721 3100 sunt
1778 3041 2044 3097 orationes
2074 3063 2116 3124 ρ
2151 3055 2199 3104 ει
2224 3065 2341 3119 qua;
2378 3048 2433 3102 in
2463 3053 2627 3113 terra,
2658 3053 2705 3101 et
2745 3062 2862 3116 qua:
2887 3045 3068 3099 subtus
3118 3050 3335 3110 terram,
3401 3049 3450 3098 et
3477 3059 3601 3113 quae
3628 3049 3751 3095 sunt

451 3141 773 3192 sanctorum.
806 3137 878 3193 Et
895 3142 957 3191 ut
981 3134 1096 3193 haec
1126 3135 1483 3190 odoramenta
1525 3131 1595 3188 ad
1633 3133 1807 3187 Deum
1855 3145 2037 3185 ascen-

450 3225 603 3296 dant,
644 3227 905 3283 Palmista
953 3232 1229 3298 precatur,
1283 3239 1410 3280 cum
1463 3220 1646 3278 dicit:
1699 3244 1717 3268 ι
1758 3218 2042 3289 Dirigatur

448 3317 624 3372 oratio
662 3333 803 3387 mea,
834 3317 977 3374 sicut
999 3312 1387 3382 incensum,in
1416 3317 1712 3383 conspectu
1736 3317 1832 3366 tuo
1863 3308 2037 3380 (Psal.

448 3423 573 3473 CXL,
603 3406 683 3476 2).
718 3430 737 3454 ι

523 3502 706 3573 (Vers.
738 3501 819 3572 9.)
842 3504 917 3557 Et
941 3501 1225 3556 mutabant
1260 3500 1523 3555 canticum
1568 3513 1763 3552 novum
1798 3496 2038 3551 dicentes.

449 3589 694 3659 Populus
722 3605 901 3644 novus
937 3588 1214 3645 canticum
1255 3604 1462 3642 novum
1503 3594 1726 3653 cantat;
1763 3583 2043 3641 canticum

450 3692 659 3734 novum
688 3676 963 3733 canticum
994 3684 1077 3731 est
1103 3674 1414 3746 Evangelii,
1446 3675 1684 3745 «Dignus
1711 3690 1789 3741 es,
1808 3671 2042 3729 Domine

448 3770 614 3837 Deus,
646 3768 893 3840 accipere
937 3768 1163 3836 librum,
1192 3776 1248 3823 et
1275 3764 1485 3838 aperire
1524 3764 1804 3835 signacula
1839 3761 1976 3834 ejus.
2010 3786 2028 3810 ι

450 3857 567 3915 Hoc
614 3858 761 3931 quod
806 3857 963 3925 dicit,
1018 3857 1086 3913 ad
1138 3854 1539 3914 humanitatem
1597 3850 1715 3924 ejus
1762 3852 2039 3925 pertinet;

450 3963 579 4003 nam
613 3949 913 4005 secundum
954 3946 1302 4005 divinitatem
1352 3942 1496 4000 nihil
1546 3940 1793 4014 accipere
1841 3940 2040 4013 potuit,

450 4037 581 4108 quia
609 4040 796 4095 omnia
823 4055 1036 4111 semper
1055 4036 1269 4094 habuit.
1305 4034 1417 4093 Cur
1444 4042 1627 4091 autem
1655 4031 1857 4103 dignus
1878 4030 2045 4086 fuerit

449 4124 696 4194 accipere
725 4127 951 4196 librum,
989 4136 1042 4183 et
1071 4130 1286 4184 solvere
1332 4123 1612 4195 signacula
1639 4120 1780 4193 ejus,
1810 4120 2043 4176 subden-

351 4266 357 4273 ,
452 4209 523 4266 do
572 4215 924 4271 manifestat:
988 4217 1249 4283 Quoniam
1289 4214 1488 4269 occisus
1538 4229 1609 4280 es,
1670 4217 1717 4265 et
1780 4210 2045 4265 redemisti

450 4316 545 4355 nos
574 4302 679 4356 Deo
708 4303 765 4356 in
793 4304 1047 4373 sanguine
1077 4311 1164 4359 tuo
1188 4321 1254 4359 ea:
1282 4302 1425 4358 omni
1456 4302 1617 4368 tribu,
1660 4306 1708 4354 et
1746 4300 1966 4370 populo,
1999 4304 2045 4353 et

451 4389 806 4480 nationaﬂic
831 4390 1169 4480 demonstrat
1193 4409 1263 4447 ex
1291 4390 1549 4446 omnibus
1581 4388 1835 4461 gentibus
1859 4388 2043 4444 Eccle-
2070 4422 2119 4480 D

451 4476 588 4535 sia:n
619 4479 788 4536 fuisse
816 4479 1136 4546 collectam;
1194 4495 1322 4534 nam
1350 4478 1574 4533 fuerunt
1604 4476 1830 4550 quidam
1876 4476 2045 4532 haere-

452 4567 573 4637 tici,
604 4567 698 4641 qui
731 4567 837 4626 hoc
865 4576 1227 4640 negaverunt.

524 4666 706 4738 (Vers.
743 4667 858 4740 10.)
906 4669 980 4723 Et
1006 4666 1175 4737 fecisti
1226 4683 1323 4723 nos
1370 4667 1479 4723 Deo
1529 4671 1712 4720 nostra
1760 4681 1979 4737 regnum
2003 4672 2050 4720 et

451 4758 762 4825 sacerdotes,
789 4763 837 4813 et
864 4757 1160 4829 regnabant
1198 4773 1357 4829 super
1403 4762 1600 4811 terram
1647 4752 1785 4826 (46).
1843 4754 1900 4810 Si
1930 4770 2047 4810 san-

450 4847 525 4903 cti
557 4848 657 4905 Dei
688 4863 918 4920 regnum
948 4847 1051 4904 Dei
1078 4855 1229 4916 sunt,
1259 4845 1536 4920 quomodo
1557 4861 1718 4917 super
1739 4851 1961 4912 terram,
1991 4843 2049 4899 id

451 4946 553 5007 est,
584 4949 830 4997 sanctam
878 4939 1181 4996 Ecclesiam
1238 4954 1463 5011 regnare
1502 4936 1814 4993 dicuntur?
1862 4934 2047 4991 Sancti

454 5046 581 5101 ergo
603 5031 704 5087 Dei
748 5046 978 5102 regnum
1028 5028 1128 5085 Dei
1182 5036 1331 5096 sunt,
1382 5028 1511 5101 quia
1576 5027 1636 5083 in
1689 5026 1823 5098 ipsis
1860 5031 2048 5096 regnat

450 5120 598 5175 Deus
629 5138 641 5175 :
675 5129 731 5176 et
758 5136 914 5192 reges
940 5126 1092 5188 sunt,
1125 5120 1255 5192 quia
1282 5136 1339 5175 se
1367 5127 1422 5175 et
1452 5120 1592 5175 alios
1627 5117 1835 5189 optime
1864 5131 2048 5188 regere

452 5216 728 5264 noverunt
762 5226 774 5264 :
831 5208 927 5281 qui
974 5209 1138 5264 etiam
1167 5216 1222 5264 et
1249 5210 1555 5265 sacerdotes
1603 5208 1885 5275 dicuntur,
1919 5205 2048 5278 quia

454 5298 775 5371 semetipsos
817 5295 1064 5370 quotidie
1114 5296 1239 5368 igne
1282 5296 1571 5354 charitatis
1626 5294 1895 5363 succensi,
1953 5309 2049 5364 per

454 5387 941 5460 compunctionem
972 5385 1154 5445 cordis
1181 5394 1236 5442 et
1256 5387 1527 5459 lacrymas
1554 5387 1668 5442 Deo
1697 5386 1891 5442 oﬁ‘erre
1920 5398 2048 5441 con-

2149 3139 2208 3194 in
2234 3138 2396 3206 mari,
2427 3144 2477 3192 et
2502 3155 2618 3209 qua:
2639 3138 2699 3192 in
2726 3154 2783 3191 eo
2813 3142 2958 3200 sunt,
2990 3152 3165 3190 omnes
3187 3133 3377 3189 audivi
3406 3134 3635 3188 dicentes
3663 3150 3746 3187 se-

2153 3229 2297 3284 denti
2324 3230 2383 3284 in
2411 3229 2596 3283 throno
2617 3233 2666 3283 et
2693 3228 2864 3297 Agna.
2896 3227 2999 3282 Per
3027 3234 3333 3282 creaturam
3366 3240 3489 3296 quae
3523 3223 3580 3278 in
3610 3224 3747 3279 coelo

2151 3328 2288 3389 erat,
2332 3319 2546 3391 angeli:
2594 3335 2693 3391 per
2722 3333 2840 3374 eam
2872 3332 3006 3371 vero
3052 3332 3173 3388 quas
3221 3323 3337 3370 erat
3365 3314 3425 3369 in
3456 3322 3626 3380 terra,
3659 3312 3746 3368 ho-

2152 3409 2328 3466 mines
2354 3427 2365 3464 :
2409 3425 2505 3481 per
2531 3424 2650 3463 eam
2682 3414 2864 3464 autem
2895 3421 3015 3478 quas
3052 3412 3169 3461 erat
3199 3404 3393 3459 subtus
3446 3411 3679 3469 terram,
3710 3400 3745 3455 ii

2152 3499 2248 3573 qui
2302 3497 2417 3570 jam
2477 3497 2725 3553 debitum
2757 3495 2953 3551 mortis
3005 3494 3309 3559 solverant,
3365 3490 3741 3563 designantur.

2156 3588 2315 3658 Quod
2344 3604 2476 3643 vero
2505 3587 2643 3643 dicit
2677 3603 2689 3641 :
2722 3588 2796 3642 Et
2823 3602 2940 3655 quae
2963 3591 3086 3640 sunt
3112 3584 3171 3639 in
3198 3584 3363 3648 mari,
3395 3597 3567 3654 aquas
3587 3581 3744 3636 maris

2152 3680 2463 3751 intelligere
2521 3677 2830 3733 debemus:
2883 3692 2979 3748 per
3036 3692 3185 3730 mare
3243 3681 3426 3731 autem
3469 3673 3655 3728 locum
3692 3671 3744 3725 in

2155 3786 2264 3843 quo
2293 3785 2449 3841 aqua;
2477 3767 2851 3825 continentur.
2877 3762 3035 3831 Quod
3051 3779 3182 3818 vero
3213 3760 3521 3833 subjungit:
3545 3764 3618 3817 Et
3635 3776 3743 3829 qua

2153 3857 2211 3914 in
2239 3875 2294 3913 eo
2323 3863 2464 3924 sunt,
2497 3855 2674 3927 pisces
2701 3853 2796 3926 qui
2840 3851 2899 3907 in
2953 3848 3111 3923 aquis
3140 3856 3448 3916 morantur,
3480 3847 3741 3918 intellige-

2152 3962 2209 4002 re
2241 3961 2554 4018 possumus.
2586 3943 2691 4000 Sed
2721 3942 2769 3997 si
2799 3955 2893 4013 per
2919 3955 3139 3994 omnem
3173 3944 3502 4004 creaturam,
3538 3952 3657 4008 qua:
3690 3934 3739 3989 in

2153 4044 2299 4092 terra
2352 4044 2455 4100 est,
2504 4049 2696 4091 omnes
2734 4030 3002 4087 homines
3045 4028 3356 4100 intelligere
3415 4041 3737 4100 possumus;

2153 4126 2430 4201 quomodo
2454 4141 2644 4181 omnes
2664 4122 2917 4179 homines
2935 4122 3111 4176 Deum
3133 4118 3379 4185 laudant,
3389 4134 3529 4173 cum
3559 4115 3739 4187 pagani

2152 4224 2207 4272 et
2243 4214 2415 4271 Judaei
2463 4213 2929 4285 hlasphematores
2976 4207 3076 4264 Dei
3128 4206 3312 4279 potius
3348 4204 3574 4261 dicendi
3616 4203 3737 4269 sint,

2153 4320 2314 4378 quam
2374 4302 2683 4358 laudatores
2714 4301 2743 4357 ?
2792 4298 3115 4355 Invenimus
3164 4295 3333 4351 etiam
3380 4301 3438 4350 et
3486 4293 3737 4366 quosdam

2154 4392 2475 4465 ﬂagitiosos,
2516 4391 2611 4464 qui
2660 4387 2964 4448 Christiani
2996 4392 3285 4452 vocantur,
3322 4384 3446 4456 qui,
3498 4381 3741 4457 quamvis

2153 4484 2328 4540 Deum
2360 4480 2582 4536 laudare
2608 4477 2934 4543 videantur,
2964 4477 3138 4532 Deum
3176 4488 3289 4529 non
3321 4471 3597 4537 laudant;
3625 4472 3741 4544 quia

2153 4570 2298 4627 sicut
2334 4568 2471 4626 dicit
2518 4568 2802 4640 Scriptura
2835 4584 2848 4623 :
2914 4590 2931 4613 ε
2960 4564 3080 4620 Non
3131 4570 3214 4620 est
3250 4560 3501 4633 speciosa
3551 4560 3665 4615 laus
3690 4559 3739 4613 iu

2154 4676 2248 4716 ore
2298 4658 2600 4731 peccatoris
2640 4656 2833 4728 (Eccli.
2882 4671 2980 4724 xv,
3022 4655 3104 4727 9).
3136 4677 3155 4701 ι
3201 4653 3273 4708 Ει
3314 4652 3360 4706 si
3406 4667 3506 4722 per
3535 4664 3741 4706 omnem

2155 4758 2457 4806 creaturam
2485 4763 2605 4819 quae
2636 4746 2692 4800 in
2724 4753 2868 4801 terra
2897 4751 2997 4811 est,
3027 4758 3221 4799 omnes
3246 4740 3465 4796 animas
3492 4738 3743 4795 debemus

2156 4839 2464 4911 intelligere
2548 4853 2785 4910 quorum
2868 4850 3100 4907 corpora
3164 4833 3222 4889 in
3286 4839 3436 4887 terra
3517 4828 3741 4902 requies-

2153 4938 2309 4998 cunt,
2369 4929 2647 5002 quomodo
2705 4927 2744 4982 ii
2803 4924 2899 4998 qui
2953 4923 3101 4995 apud
3155 4921 3362 4979 inferos
3408 4920 3740 4986 cruciantur,

2155 5022 2328 5076 Deum
2381 5019 2602 5075 laudare
2659 5014 2919 5073 credendi
2977 5012 3160 5070 sunt?
3214 5010 3320 5068 Sed
3377 5026 3479 5083 per
3535 5026 3737 5067 omnem

2154 5117 2459 5167 creaturam
2521 5123 2642 5180 quae
2694 5106 2754 5161 in
2809 5113 2957 5161 terra
3012 5111 3066 5159 et
3121 5118 3242 5175 qua)
3295 5100 3498 5157 subtus
3553 5107 3735 5156 terram

2155 5209 2257 5267 est,
2290 5201 2436 5255 solos
2464 5199 2667 5254 electos
2685 5195 2947 5251 debemus
2968 5191 3294 5262 intelligere:
3324 5189 3423 5263 qui
3445 5196 3509 5245 et
3533 5190 3592 5245 in
3612 5197 3737 5244 terra

2157 5288 2415 5362 operibus
2456 5295 2512 5344 et
2552 5285 2739 5342 verbis
2786 5286 2961 5341 Deum
3014 5281 3237 5338 laudare
3283 5295 3398 5335 non
3455 5278 3735 5342 desistunt,

2155 5387 2209 5437 et
2273 5379 2331 5434 in
2399 5377 2551 5434 cmlis
2623 5391 2749 5431 cum
2816 5371 3051 5430 Domino
3117 5367 3325 5443 positi,
3393 5384 3427 5423 ε.
3496 5367 3735 5424 laudibus

531 5515 649 5587 (46)
682 5515 876 5587 ,Edit.,
907 5514 1310 5587 etregnabimus
1349 5530 1509 5585 super
1545 5519 1763 5569 terram.
1818 5514 1953 5570 Sunt
1982 5509 2200 5583 quidam
2243 5505 2337 5580 qui
2374 5523 2427 5563 se
2466 5512 2517 5564 et
2558 5503 2719 5573 alios,
2762 5511 2891 5568 etc.;
2934 5514 3065 5556 mss.
3104 5513 3239 5555 vero
3266 5494 3338 5554 ad
3374 5494 3732 5570 supplendum

471 5585 650 5646 totum
678 5586 893 5642 hiatum
931 5585 1098 5643 simul
1124 5585 1458 5658 conspirant.
