3880 6198
131 290 240 349 893

1030 280 1491 342 BERENGAUDI
1526 279 1900 339 EXPOSITIO
1938 279 2009 336 IN
2046 276 2554 335 APOCALYPSIN.

3343 279 3449 339 894

132 415 254 487 ejus
298 428 584 486 nunquam
622 419 854 468 cessant.
904 412 1007 466 Per
1052 427 1201 467 mare
1238 425 1370 465 vero
1399 408 1729 477 Ecclesiam,
1766 410 1816 469 Α
1845 421 2054 463 camus.
2111 405 2169 459 [η
2217 402 2415 459 Genesi
2461 403 2733 474 scriptum
2781 412 2863 459 est
2911 403 3057 476 quod
3106 405 3446 476 plantaverat

134 521 233 578 per
278 520 447 577 aquas
476 502 644 557 maris
674 501 1091 557 multitudinem
1124 499 1392 566 ﬁdelium,
1439 515 1534 571 per
1561 498 1737 570 pisces

134 595 229 667 qui
276 595 336 649 in
385 592 541 665 aquis
568 600 981 648 commorantur
1016 591 1268 647 doctores
1295 589 1553 647 Ecclesia
1601 606 1738 661 pos-

135 700 333 741 sumus
362 682 687 754 intelligere.
736 682 994 754 Sequitur
1020 680 1356 748 benedictio,
1400 696 1508 752 qua
1549 679 1738 735 ﬁdeles

134 775 313 831 Deum
372 773 588 829 assidue
642 771 965 828 benedicere
1020 771 1326 827 dicuntur:
1388 769 1687 841 Benedictio
1720 811 1737 837 ,

135 864 307 918 honor
330 905 346 930 ,
403 862 580 932 gloria
625 868 672 916 et
730 867 960 932 potestas
1015 860 1124 915 Deo
1182 864 1364 913 nostro
1430 860 1488 913 in
1545 860 1739 914 sweula

136 954 457 1009 liaculorum
478 951 842 1018 ;benedicunt
862 967 1098 1024 namque
1116 951 1275 1007 electi
1304 950 1521 1007 assidue
1535 951 1736 1018 Deum,

135 1058 261 1099 cum
294 1042 482 1098 verbis
506 1057 673 1113 opera
705 1040 1071 1113 conjungunt.

208 1139 398 1212 (Vers.
435 1139 549 1210 14.)
581 1142 656 1196 Et
686 1149 917 1211 quatuor
943 1139 1206 1196 animalia
1235 1139 1506 1197 dicebant:
1549 1139 1734 1195 Amen.

137 1232 316 1285 Amen
374 1228 724 1287 conﬁrmatio
774 1230 1044 1286 sermonis
1099 1238 1225 1297 est:
1291 1236 1526 1302 quatuor
1571 1229 1741 1301 igitur

136 1317 403 1373 animalia
447 1318 661 1387 dicunt,
717 1335 897 1387 amen,
945 1335 1071 1375 cum
1126 1318 1299 1374 sancti
1357 1318 1740 1391 pradicatores

138 1415 332 1481 optant
361 1409 600 1478 assidue,
651 1418 713 1466 ut
742 1409 1022 1466 auditores
1059 1425 1248 1465 eorum
1280 1409 1339 1463 in
1366 1409 1529 1464 bonis
1559 1408 1738 1481 operi-

138 1498 241 1554 bus
280 1498 456 1570 magis
492 1515 555 1555 ac
600 1499 773 1572 magis
810 1499 1121 1572 proﬁciant.
1177 1500 1252 1555 Et
1286 1498 1471 1569 viginti
1509 1504 1742 1568 quatuor

139 1587 369 1643 seniores
417 1588 710 1644 ceciderunt
756 1594 804 1643 et
829 1589 1212 1644 adoraverunt.
1253 1586 1485 1659 Viginti.
1507 1593 1742 1658 quatuor

140 1678 385 1734 seniores
414 1678 472 1732 in
494 1676 599 1733 hoc
628 1678 750 1733 loco
779 1678 1024 1733 eamdem
1057 1676 1262 1733 habent
1282 1674 1740 1749 signiﬁcationem

1844 489 1989 554 Deus
2028 493 2346 566 paradisum
2380 493 2703 564 voluptatis,
2735 493 2789 548 in
2821 510 2930 565 quo
2959 494 3144 565 posuit
3164 494 3447 550 hominem

1847 601 2012 659 quem
2043 585 2381 640 formaverat
2404 582 2558 651 (Gen.
2582 582 2716 651 11,8)
2739 600 2751 649 ;
2772 582 2868 655 qui
2897 582 3131 639 viversis
3159 584 3449 639 arboribus

1845 675 2091 733 consitus
2120 688 2235 729 esse
2282 670 2633 727 describitur.
2664 671 2765 726 Per
2794 670 3105 742 paradisum
3152 671 3321 744 igitur
3347 674 3451 731 Ec-

1845 765 2034 833 clesia,
2090 780 2186 835 per
2221 761 2443 816 arbores
2489 775 2620 815 vero
2671 759 2909 830 paradisi
2961 760 3211 817 doctores
3260 763 3448 818 Eccle-

1845 854 1940 910 sia
1986 852 2368 925 designantur.
2399 851 2471 905 Et
2499 850 2643 905 sicut
2686 849 2909 906 arbores
2953 850 3189 921 paradisi
3238 852 3448 907 victum

1845 959 2136 1015 pomorum
2176 939 2495 1013 prabebant
2541 938 2736 1011 primis
2766 938 3111 1007 hominibus,
3159 938 3236 995 ita
3273 947 3327 995 et
3356 939 3449 995 do-

1845 1039 2023 1089 ctores
2043 1029 2300 1086 Ecclesia
2337 1028 2548 1084 victum
2578 1028 2872 1084 verborum
2902 1027 3223 1083 divinorum
3244 1028 3448 1084 anima-

1846 1119 1951 1176 bus
1974 1118 2221 1175 ﬁdelium
2250 1119 2305 1173 in
2335 1117 2582 1174 Ecclesia
2605 1117 3035 1173 constitutorum
3068 1117 3306 1189 prabere
3337 1133 3448 1173 non

1847 1211 2139 1268 desistunt.
2173 1212 2253 1267 De
2273 1210 2425 1282 ligno
2454 1218 2638 1265 autem
2667 1210 2819 1274 vita,
2850 1216 2903 1263 et
2933 1209 3000 1264 de
3026 1209 3179 1281 ligno
3208 1209 3450 1266 scientia

1847 1302 1980 1358 boni
2011 1311 2064 1359 et
2102 1301 2233 1356 mali
2269 1300 2523 1373 superius
2552 1299 2817 1356 diximus.
2852 1302 2996 1356 Fons
3024 1317 3155 1356 vero
3181 1303 3273 1373 qui
3306 1317 3451 1373 egre-

1849 1390 2103 1447 diebatur
2137 1391 2205 1446 de
2251 1389 2432 1444 medio
2464 1389 2722 1460 paradisi,
2764 1389 3129 1462 Evangelium
3163 1389 3452 1463 signiﬁca—

1850 1480 1964 1549 bat,
2010 1480 2107 1556 qui
2148 1481 2207 1535 in
2254 1478 2436 1534 medio
2480 1486 2681 1535 sancta
2729 1478 2987 1535 Ecclesia
3031 1480 3298 1535 exoritur.
3345 1478 3451 1546 Qui

1852 1570 1980 1626 inde
2024 1571 2082 1626 in
2111 1578 2347 1646 quatuor
2384 1570 2564 1641 capita
2603 1568 2988 1637 dividebatur;
3037 1569 3167 1641 quia
3200 1568 3454 1624 doctrina

1849 1660 2137 1732 Evangelii
2169 1661 2227 1715 in
2247 1667 2482 1733 quatuor
2512 1659 2681 1715 libros
2700 1659 2995 1725 dividitur,
3022 1668 3078 1716 et
3107 1658 3307 1717 circuit
3335 1674 3451 1715 om-

139 1785 304 1841 quam
351 1775 407 1823 et
456 1775 698 1841 quatuor
736 1766 1026 1845 animalia:
1077 1766 1320 1821 seniores
1361 1781 1489 1837 ergo
1536 1763 1741 1820 cadunt
1773 1770 1819 1830 B
1850 1765 1948 1804 Des
1978 1749 2243 1805 ῐθτωίῐιοε
2269 1756 2448 1804 term-

140 1867 193 1914 et
236 1859 495 1925 adorant,
543 1874 668 1913 cum
716 1856 1101 1929 pradicatores
1146 1856 1344 1923 sancti,
1380 1861 1585 1928 quanto
1631 1871 1743 1909 am-

142 1946 287 2019 plius
340 1946 623 2002 auditores
698 1962 827 2002 suos
894 1944 1087 2001 vident
1153 1943 1209 1998 in
1274 1943 1438 1999 bonis
1486 1941 1745 2015 operibus

145 2037 461 2109 profecisse,
508 2044 662 2092 tanto
708 2034 881 2107 magis
924 2051 982 2092 se
1010 2034 1312 2091 humiliant
1358 2034 1417 2090 in
1446 2040 1745 2105 conspectu

142 2127 262 2193 Dei,
309 2126 459 2183 sicut
501 2125 638 2181 dicit
686 2126 1006 2197 Scriptura:
1062 2149 1081 2171 ι
1120 2125 1337 2192 Quanto
1388 2139 1619 2195 magnus
1665 2139 1742 2191 es,

144 2214 383 2271 humilia
416 2225 471 2271 te
500 2214 558 2269 in
587 2214 865 2280 omnibus,
897 2222 951 2269 et
979 2229 1162 2269 coram
1192 2215 1306 2268 Deo
1350 2212 1601 2268 invenies
1629 2227 1745 2282 gra-

148 2306 277 2362 tiam
313 2304 510 2377 (Eccli.
538 2320 620 2370 In,
654 2303 770 2374 20).
794 2326 813 2349 ι
867 2301 1127 2374 Sequitur
1175 2301 1482 2373 sigillorum
1513 2300 1741 2371 apertio,

149 2411 266 2468 qua
313 2392 541 2448 nonnisi
578 2390 648 2447 ad
693 2391 1028 2464 apertionem
1076 2388 1393 2445 divinarum
1426 2389 1748 2460 Scriptura-

150 2501 268 2539 rum
318 2482 439 2554 (47)
490 2481 764 2554 pertinere
802 2479 1074 2536 credenda
1102 2488 1203 2535 est.
1259 2479 1395 2535 Nam
1439 2486 1493 2534 et
1521 2495 1585 2534 ea
1626 2493 1745 2550 qua

150 2573 248 2629 sub
277 2572 588 2644 sigillorum
633 2569 1011 2641 apertionibus
1048 2569 1191 2625 facta
1218 2584 1334 2624 esse
1362 2568 1645 2635 dicuntur,
1677 2567 1748 2623 ad

150 2662 487 2734 apertionem
517 2657 734 2715 Veteris
757 2674 820 2713 ac
867 2657 1009 2714 Novi
1052 2656 1389 2713 Testamenti
1431 2656 1742 2728 pertinent:

151 2759 203 2807 et
230 2751 375 2807 sicut
405 2764 569 2805 omne
598 2763 797 2820 corpus
821 2746 1118 2802 electorum
1151 2762 1221 2801 ex
1260 2752 1466 2817 septem
1497 2745 1747 2817 partibus

152 2838 420 2905 consistit,
454 2836 531 2891 ita
553 2841 682 2892 sunt
711 2844 765 2892 et
794 2841 1001 2907 septem
1040 2833 1241 2906 sigilla,
1293 2848 1412 2905 qua
1442 2831 1745 2904 unicuique

156 2927 289 2999 parti
336 2925 701 2994 conveniunt,
733 2924 802 2981 ad
831 2922 1258 2981 demonstranda
1304 2938 1367 2978 ea
1394 2939 1515 2995 qua
1564 2921 1622 2976 in
1664 2919 1745 2976 di-

154 3015 294 3072 vinis
317 3015 623 3087 Scripturis
670 3013 904 3069 obscure
948 3012 1126 3085 posita
1154 3018 1303 3079 sunt,
1347 3011 1435 3065 vel
1462 3010 1598 3083 quid
1626 3025 1746 3065 san-

153 3113 359 3162 ctorum
388 3106 613 3161 Patrum
644 3104 789 3160 facta
817 3101 1148 3175 signiﬁcent.
1185 3099 1412 3171 Apertio
1442 3098 1611 3168 igitur
1638 3099 1722 3171 pri

155 3192 225 3249 mi
249 3193 418 3265 sigilli
449 3192 518 3248 ad
549 3208 612 3248 ea
639 3208 763 3264 qua
795 3198 922 3247 ante
964 3189 1241 3247 diluvium
1275 3188 1418 3245 facta
1446 3196 1594 3254 sunt,
1626 3203 1748 3259 per-

154 3280 313 3338 tinet:
357 3280 665 3338 secundum
694 3295 825 3336 vero
863 3280 1109 3351 sigillum
1137 3278 1207 3334 ad
1236 3276 1607 3349 patriarchas:
1640 3284 1744 3332 ter-

155 3370 285 3425 tium
317 3368 384 3424 ad
413 3384 510 3424 eos
554 3368 649 3441 qui
676 3367 779 3424 sub
815 3368 931 3439 lege
969 3367 1224 3424 fuerunt:
1260 3374 1518 3440 quartum
1563 3374 1746 3422 autem

124 3456 217 3513 ‘ad
260 3457 588 3529 prophetas:
639 3462 747 3512 tres
796 3471 929 3512 vero
968 3455 1299 3527 apertiones,
1348 3470 1468 3527 qua
1517 3453 1747 3510 residua

153 3553 295 3613 sunt,
344 3546 413 3602 ad
466 3546 682 3601 Novum
737 3545 1151 3600 Testamentum
1193 3544 1491 3615 pertinent.
1544 3542 1749 3610 Quinta

155 3635 354 3708 apertio
383 3636 625 3710 pertinet
670 3636 737 3692 ad
766 3643 1077 3708 martyres:
1133 3643 1289 3691 sexta
1332 3633 1402 3690 ad
1431 3632 1747 3689 Judaorum

155 3725 531 3797 dejectionem,
589 3734 643 3782 et
683 3726 927 3798 gentium
969 3723 1315 3781 vocationem
1348 3741 1359 3779 :
1410 3723 1643 3795 septima
1680 3721 1749 3777 ad

154 3813 444 3872 adventum
475 3814 683 3873 Christi
734 3814 1001 3886 pertinet:
1040 3820 1095 3870 et
1132 3830 1230 3870 cur
1261 3813 1318 3868 in
1361 3811 1596 3884 septimo
1627 3812 1749 3867 loco

155 3903 412 3962 adventus
445 3905 668 3961 Domini
704 3911 960 3976 ponatur,
995 3904 1054 3959 in
1082 3903 1440 3976 sequentibus
1477 3901 1744 3958 dicemus.

158 3993 256 4050 Sed
300 3994 658 4067 quarendum
693 3993 854 4050 nobis
895 3999 1008 4062 est,
1035 4009 1133 4049 cur
1176 4009 1272 4065 per
1310 3992 1579 4047 visionem
1620 4006 1748 4063 qua-

160 4089 277 4138 tuor
298 4083 569 4157 equitum,
593 4082 804 4155 apertio
840 4082 1057 4140 Veteris
1086 4081 1417 4139 Testamenti
1451 4080 1743 4153 ﬁguretur;

160 4185 312 4242 eques
363 4188 603 4245 namque
650 4189 720 4228 ex
771 4180 925 4243 parte
973 4171 1138 4243 equi,
1198 4169 1628 4225 irrationabilis:
1679 4184 1748 4223 ex

161 4269 306 4332 parte
344 4280 475 4320 vero
521 4263 886 4335 prasidentis,
928 4261 1273 4317 rationabilis
1315 4276 1430 4316 esse
1477 4260 1747 4331 dignosci-

161 4356 263 4405 tur.
296 4351 561 4409 Similiter
589 4361 644 4409 et
670 4352 919 4425 quadam
963 4357 1233 4422 pracepta
1271 4348 1463 4421 legalia
1501 4365 1570 4404 ex
1599 4355 1749 4420 parte

1924 1846 2059 1901 Nam
2099 1854 2152 1901 et
2183 1845 2359 1901 Adam
2400 1846 2684 1903 Christum
2715 1844 2992 1916 ﬁguravit,
3030 1846 3149 1901 Eva
3176 1861 3310 1900 vero
3336 1845 3453 1901 Ec—

1852 1935 2107 1992 clesiam:
2155 1944 2210 1992 et
2264 1936 2408 1991 sicut
2453 1937 2573 1990 Eva
2627 1952 2696 1989 ex
2742 1935 2909 1989 latere
2966 1933 3075 1989 viri
3123 1933 3454 1989 dormientis

1854 2024 1997 2081 facta
2027 2031 2127 2092 est,
2161 2024 2238 2079 ita
2267 2031 2320 2078 et
2358 2022 2603 2079 Ecclesia
2649 2038 2718 2078 ex
2753 2021 2919 2077 latere
2958 2020 3165 2079 Christi
3193 2020 3249 2075 in
3293 2037 3455 2077 cruce

1854 2114 2145 2186 pendentis
2200 2112 2463 2170 fabricata
2514 2119 2634 2179 est;
2694 2111 2825 2185 quia
2881 2110 2998 2183 ejus
3046 2110 3311 2183 sanguine
3368 2127 3455 2167 re-

1854 2203 2074 2275 dempta
2120 2211 2174 2259 et
2213 2203 2475 2259 mundata
2516 2211 2598 2258 est
2642 2207 2780 2265 521
2824 2218 2856 2256 a
2885 2201 3157 2258 sordibus.
3200 2204 3321 2257 Duo
3350 2201 3455 2258 ﬁlii

1855 2301 1970 2358 nati
1999 2308 2129 2357 sunt
2157 2301 2310 2368 Ada,
2336 2300 2469 2358 Cain
2488 2308 2543 2357 et
2572 2300 2738 2356 Abel:
2767 2300 2906 2358 Cain
2929 2301 3195 2372 populum
3226 2299 3455 2356 Judao—

1855 2407 2002 2455 rum,
2032 2390 2169 2445 Abel
2211 2406 2341 2444 vero
2371 2389 2655 2447 Christum
2689 2388 3040 2460 signiﬁcavit.
3076 2388 3292 2444 Obtulit
3320 2388 3454 2446 Cain

1854 2478 1923 2535 de
1952 2477 2224 2534 fructibus
2253 2484 2411 2533 terra
2467 2493 2696 2533 munera
2724 2478 2992 2543 Domino;
3042 2477 3172 2549 quia
3216 2479 3455 2549 populus

1854 2568 2169 2625 Judaorum
2209 2567 2305 2639 qui
2350 2575 2602 2622 terrenus
2640 2573 2775 2634 erat,
2816 2573 3033 2622 terrena
3074 2582 3302 2623 munera
3334 2567 3451 2639 (48)

1855 2657 2136 2724 offerebat,
2167 2655 2226 2712 id
2267 2663 2369 2724 est,
2418 2655 2712 2726 primitias,
2760 2655 3020 2722 decimas,
3063 2654 3353 2720 sacriﬁcia,
3403 2663 3456 2711 et

1855 2753 2052 2802 catera
2099 2760 2220 2817 qua
2250 2744 2308 2799 in
2350 2744 2467 2815 lege
2501 2742 2873 2814 jubebantur:
2906 2744 3044 2799 Abel
3079 2759 3210 2798 vero
3250 2743 3456 2799 obtulit

1856 2834 1923 2890 de
1961 2833 2344 2907 primogenitis
2391 2833 2569 2905 gregis
2605 2833 2716 2900 sui,
2766 2840 2821 2889 et
2850 2833 2918 2888 de
2959 2832 3213 2905 adipibus
3241 2848 3451 2888 eorum.

1856 2924 2216 2997 Primogeniti
2262 2922 2437 2995 gregis
2467 2931 2598 2979 sunt
2646 2923 2901 2995 apostoli,
2935 2940 3072 2995 quos
3115 2923 3324 2995 primos
3352 2939 3455 2994 ge-

1855 3013 1980 3069 nuit
2029 3012 2297 3077 Ecclesia,
2355 3020 2409 3067 et
2463 3028 2532 3067 ex
2589 3011 2790 3084 quibus
2844 3011 3092 3067 Ecclesia
3147 3018 3276 3066 nata
3334 3019 3450 3068 est:

1780 3124 1823 3184 ο
1854 3101 2023 3172 adeps
2060 3117 2192 3156 vero
2236 3100 2372 3157 ﬁdes
2415 3108 2496 3156 est
2558 3101 2955 3172 apostolorum.
3016 3098 3233 3156 Obtulit
3287 3100 3456 3172 igitur

1853 3188 1993 3245 Abel
2020 3189 2088 3246 de
2120 3188 2502 3261 primogenitis
2535 3187 2713 3261 gregis
2754 3188 2862 3257 sui,
2893 3198 2947 3245 et
2974 3188 3040 3244 de
3069 3188 3324 3260 adipibus
3352 3205 3456 3245 eo-

1854 3294 1978 3334 rum
2003 3296 2016 3345 ;
2053 3278 2183 3351 quia
2209 3277 2464 3335 Christus
2488 3278 2785 3349 apostolos,
2808 3292 2945 3349 quos
2968 3276 3035 3332 de
3058 3277 3263 3332 mundo
3283 3278 3453 3349 elege-

1855 3380 1960 3439 rat,
1990 3369 2265 3442 ﬁdemque
2308 3370 2531 3425 illorum
2560 3372 2674 3425 Deo
2702 3368 2849 3425 Patri
2895 3367 3118 3424 obtulit.
3151 3367 3286 3424 Cain
3314 3368 3455 3424 invi-

1855 3459 1948 3515 dia
1992 3459 2212 3527 ductus,
2262 3475 2327 3514 eo
2357 3457 2504 3535 quod
2550 3457 2879 3529 respexisset
2906 3456 3177 3512 Dominus
3206 3456 3277 3512 ad
3313 3455 3452 3522 Abe]

1857 3557 1911 3605 et
1950 3547 2019 3603 ad
2050 3564 2277 3603 munera
2304 3547 2442 3619 ejus,
2474 3546 2753 3603 interfecit
2787 3562 2913 3601 eum
2944 3563 2954 3601 :
2990 3544 3246 3601 similiter
3276 3554 3331 3601 et
3357 3545 3447 3600 Ju-

1857 3636 1986 3704 dai,
2020 3636 2276 3693 videntes
2305 3636 2460 3709 signa
2484 3652 2604 3708 qua
2635 3651 2734 3691 sua
2760 3644 2814 3691 et
2841 3635 3016 3691 Patris
3043 3634 3250 3691 virtute
3286 3633 3457 3692 Chri-

1857 3735 1975 3783 stus
2004 3726 2354 3799 operabatur,
2398 3726 2795 3782 interfecerunt
2830 3742 2978 3792 eum,
3010 3724 3105 3797 qui
3140 3724 3307 3780 frater
3336 3723 3457 3779 illo-

1857 3832 1979 3873 rum
2012 3825 2127 3872 erat
2176 3818 2479 3874 secundum
2522 3834 2760 3873 carnem.
2792 3816 3079 3873 Maledixit
3123 3818 3267 3871 Deus
3297 3814 3452 3882 Cain,

1858 3923 1922 3963 eo
1951 3906 2098 3979 quod
2130 3907 2493 3963 interfecisset
2532 3905 2671 3961 Abel
2710 3905 2933 3960 fratrem
2972 3920 3167 3958 suum:
3202 3902 3455 3974 dixitque

1857 3998 1908 4055 ei
1936 3997 2083 4070 quod
2113 4013 2283 4067 vagus
2311 4002 2365 4050 et
2395 3993 2656 4065 profugus
2687 4002 2826 4049 esset
2851 4008 3014 4063 super
3042 3998 3265 4046 terram.
3292 3990 3454 4046 Simi-

1859 4085 1986 4143 liter
2025 4093 2080 4142 et
2125 4084 2300 4140 Judai
2348 4099 2457 4138 non
2495 4083 2674 4137 solum
2704 4098 2735 4136 a
2780 4083 2915 4146 Deo,
2945 4079 3039 4136 sed
3068 4096 3099 4134 a
3143 4079 3453 4151 semetipsis

1858 4173 2137 4233 maledicti
2165 4179 2315 4240 sunt,
2346 4170 2564 4243 quando
2589 4170 2855 4227 dixerunt
2883 4169 2950 4225 de
2978 4168 3229 4227 Christo:
3279 4193 3297 4216 ‹
3324 4168 3454 4224 Sau-

1858 4264 1978 4337 guis
2008 4262 2125 4335 ejus
2170 4276 2333 4332 super
2362 4275 2483 4327 nos,
2512 4267 2566 4314 et
2609 4275 2772 4330 super
2813 4258 2960 4314 ﬁlios
2990 4265 3205 4314 nostros
3238 4258 3450 4329 (Matth.

1856 4370 2038 4420 xxvii,
2068 4352 2185 4423 25).
2208 4375 2226 4399 ι
2270 4350 2515 4421 Suntque
2542 4348 2666 4421 vagi
2692 4357 2747 4404 et
2772 4348 2989 4421 profugi
3021 4364 3183 4419 super
3214 4355 3411 4403 terram
3435 4364 3448 4413 ;

163 4437 366 4533 littera,
415 4441 852 4497 irrationabilia:
905 4456 975 4495 ex
1023 4446 1175 4511 parte
1227 4446 1413 4494 autem
1451 4436 1745 4510 allegoria,
1778 4474 1826 4533 D
1858 4442 1989 4515 quia
2018 4440 2293 4513 propriam
2323 4438 2506 4495 sedem
2535 4438 2741 4493 nullam
2776 4436 3061 4502 habentes,
3093 4452 3188 4508 per
3233 4435 3452 4490 univer-

162 4527 311 4584 valde
340 4529 689 4587 rationabilis
717 4545 833 4586 esse
866 4526 1318 4600 comprobantur.

228 4624 446 4684 CAPUT
485 4628 579 4685 VI.
607 4657 679 4667 —
711 4627 891 4699 (Vers.
936 4626 1013 4699 1.)
1046 4628 1120 4683 Et
1153 4626 1266 4682 vidi
1293 4642 1411 4681 cum
1456 4625 1751 4697 aperuisset

162 4714 333 4786 Agnus
382 4734 546 4773 unum
593 4718 656 4773 de
709 4724 898 4789 septem
952 4717 1259 4789 signaculis.
1314 4715 1541 4791 Apertio
1580 4713 1747 4787 primi

163 4802 441 4875 signaculi,
465 4816 527 4864 ut
556 4825 723 4882 supra
747 4808 961 4865 dictum
995 4815 1097 4876 est,
1127 4805 1194 4863 ad
1217 4822 1279 4861 ea
1306 4820 1427 4877 qua
1457 4812 1581 4860 ante
1602 4804 1746 4860 dilu-

164 4890 307 4948 vium
336 4894 477 4951 facta
504 4904 652 4965 sunt,
684 4896 942 4969 pertinet.
974 4899 1166 4968 Agnus
1197 4894 1367 4966 igitur
1408 4893 1649 4965 primum
1678 4892 1747 4948 si-

165 4978 344 5049 gillum
371 4986 601 5055 aperuit,
624 4984 845 5059 quando
872 5001 935 5041 ea
962 5001 1084 5058 qua
1112 4993 1239 5041 ante
1267 4984 1544 5040 diluvium
1602 4991 1749 5055 gesta

163 5077 301 5138 sunt,
328 5071 641 5132 doctoribus
681 5074 943 5132 Ecclesia
992 5074 1233 5147 qualiter
1271 5072 1635 5145 spiritualiter
1664 5072 1746 5128 in-

165 5151 525 5223 telligerentur
573 5157 813 5230 Spiritus
856 5157 1033 5214 sancti
1063 5155 1237 5229 gratia
1271 5154 1552 5227 patefecit.
1586 5156 1654 5210 Et
1686 5162 1748 5210 ut

165 5237 288 5308 quid
329 5240 400 5297 sit
431 5246 637 5316 apertio
681 5245 993 5318 sigillorum
1033 5244 1253 5318 plenius
1308 5243 1743 5311 manifestemus,

165 5325 227 5381 de
285 5331 559 5402 apertione
635 5334 982 5408 singulorum
1050 5333 1364 5406 sigillorum
1438 5348 1611 5405 pauca
1666 5330 1747 5388 di-

235 5492 345 5574 (47)
384 5497 599 5555 Eadem
625 5500 840 5574 _edit.,
896 5502 969 5558 ad
1009 5499 1389 5574 (perfectionem
1440 5498 1750 5574 divinarum

170 5561 576 5645 §Eﬁplgmrum
621 5571 696 5645 Et
739 5561 902 5641 infra,
949 5561 1414 5645 αςιῖρείονεσεερηεηι
1460 5569 1654 5645 veteris
1690 5586 1754 5624 ac

167 5631 296 5692 Novi
328 5638 663 5711 Testamenti;
695 5658 824 5701 mss.
857 5631 1177 5720 utrobique,
1202 5642 1275 5700 ad
1298 5640 1642 5718 apertionem.

1857 4547 1942 4587 sas
1972 4540 2156 4603 gentes
2178 4524 2462 4600 vagantur.
2495 4528 2573 4583 De
2593 4528 2877 4600 apertione
2905 4527 3074 4600 igitur
3094 4524 3257 4597 primi
3283 4522 3452 4595 sigilli

1856 4628 2070 4678 tantum
2102 4618 2309 4677 dixisse
2338 4617 2595 4674 sufﬁciat.

1924 4719 2125 4775 Audivi
2152 4735 2316 4773 unum
2340 4734 2405 4770 ea:
2433 4720 2664 4785 quatuor
2691 4712 3033 4777 animalibus,
3068 4712 3273 4767 dicens:
3308 4710 3452 4775 Veni,

1855 4814 1903 4863 et
1950 4808 2087 4863 vide.
2160 4804 2427 4861 Eamdem
2475 4801 2934 4873 signiﬁcationem
2995 4800 3161 4855 habet
3209 4798 3449 4871 primum

1855 4896 2082 4961 animal,
2114 4910 2275 4967 quam
2297 4900 2351 4947 et
2378 4890 2702 4957 secundum,
2726 4899 2779 4946 et
2810 4890 3055 4956 tertium,
3074 4898 3129 4945 et
3156 4895 3410 4961 quartum
3435 4907 3449 4957 ;

1854 4984 2167 5057 signiﬁcant
2222 4980 2369 5037 enim
2426 4980 2676 5036 doctores
2735 4978 3013 5035 Ecclesia.
3064 4976 3222 5045 Quod
3269 4983 3450 5033 autem

1853 5075 2032 5134 dicit:
2098 5074 2221 5131 Veni
2258 5078 2306 5127 et
2350 5071 2485 5135 vide,
2532 5068 2600 5124 ad
2648 5068 3071 5139 intelligentiam
3108 5067 3452 5139 spiritualern

1856 5183 1956 5224 nos
1982 5171 2263 5237 provocat,
2295 5150 2359 5218 ac
2385 5161 2430 5216 si
2459 5159 2665 5216 diceret
2695 5177 2707 5215 :
2741 5158 2881 5215 Veni
2913 5174 3023 5214 non
3056 5158 3307 5230 passibus
3335 5174 3451 5215 cor-

1856 5255 2025 5328 poris,
2053 5252 2147 5310 sed
2178 5250 2425 5324 passibus
2473 5248 2678 5314 menti;
2730 5256 2785 5303 et
2813 5246 3060 5319 intellige
3088 5246 3453 5319 spiritualiter

1854 5361 1920 5401 ea
1964 5360 2084 5417 qua
2130 5342 2310 5416 primo
2355 5347 2601 5411 tempore
2646 5336 3007 5395 historialiter
3057 5337 3200 5392 facta
3245 5335 3448 5407 legisti-

1933 5496 2050 5565 (48)
2080 5496 2162 5551 Ita
2192 5510 2361 5560 mss.;
2413 5491 2546 5547 edit.
2580 5495 2784 5555 autem,
2824 5490 2979 5543 terra:
3005 5501 3248 5553 munera,
3283 5483 3338 5542 id
3374 5487 3450 5543 est

1853 5567 2144 5643 primitias,
2176 5566 2420 5634 decimas,
2462 5569 2566 5621 etc.
2670 5579 2679 5589 ο
