3880 6198
450 262 556 320 895

1471 265 1564 319 AD
1602 263 1835 319 OPERA
1873 262 1928 319 S.
1970 263 2301 321 AMBROSII
2339 265 2719 323 APPENDIX.
3695 273 3783 330 896

528 387 709 459 (Vers.
741 387 822 459 2.)
852 388 925 442 Et
970 404 1075 441 ecce
1101 403 1262 457 equus
1291 388 1463 454 albus,
1511 393 1557 441 et
1593 387 1685 457 qui
1722 387 1927 442 sedebat
1954 404 2054 442 su—
2080 390 2129 448 A
2164 387 2292 459 quia
2320 403 2528 459 aequam
2562 388 2955 460 perfectionem
2999 390 3163 448 habet
3206 394 3380 449 Pater
3408 401 3470 448 et
3511 394 3696 450 Filius
3738 409 3784 453 et

446 494 545 547 per
588 495 725 545 eum,
782 477 1000 532 habebat
1044 494 1252 543 arcum,
1301 485 1348 531 et
1386 479 1513 532 data
1552 483 1625 531 est
1666 477 1712 531 ei
1745 494 1961 543 corona,
2007 488 2051 535 et

450 572 613 627 exivit
660 574 884 640 vincens,
941 578 998 626 ut
1040 573 1280 628 vinceret.
1332 574 1521 644 Equus
1571 572 1924 644 albusjustos
1956 576 2050 647 qui

450 669 577 717 ante
625 662 899 717 diluvium
932 661 1177 728 fuerunt,
1209 661 1478 733 designat,
1512 664 1604 733 qui
1648 670 1868 734 propter
1893 663 2050 719 inno-

449 752 686 809 centiam
740 750 849 806 albi
901 750 1180 807 dicuntur.
1219 750 1407 806 Sessor
1454 768 1585 806 vero
1626 753 1751 824 equi
1782 753 2050 810 Dominus

447 849 549 908 est,
576 841 669 912 qui
701 839 907 894 sanctis
937 839 1051 893 suis
1072 841 1406 895 aeternaliter
1426 841 1695 912 praesidet.
1734 843 1834 897 Per
1862 859 2048 899 arcum

446 937 653 997 autem,
702 928 796 1000 qui
846 930 1035 999 procul
1076 930 1300 1001 sagittas
1337 948 1367 985 a
1405 947 1461 985 se
1492 932 1663 987 mittit
1692 940 1743 987 et
1772 933 2045 1003 vulnerat,

443 1019 697 1075 vindicta
749 1016 971 1073 Domini
1024 1026 1199 1089 potest
1246 1019 1558 1090 designari;
1593 1037 1699 1093 qua
1744 1030 1798 1077 et
1840 1025 2048 1094 primos

442 1107 698 1163 homines
732 1114 959 1178 propter
978 1106 1368 1163 inobedientize
1408 1110 1621 1182 culpam
1655 1111 1959 1182 damnavit,
1996 1122 2049 1170 et

443 1194 579 1251 Cain
611 1204 833 1268 propter
880 1198 1173 1253 fratricidii
1207 1208 1422 1255 reatum
1455 1201 1766 1272 septuplum
1803 1204 2039 1274 punivit.

442 1285 545 1339 Per
590 1302 847 1341 coronam
885 1287 1275 1352 nihilominus,
1314 1290 1458 1345 sicut
1493 1299 1547 1347 et
1585 1308 1681 1363 per
1726 1309 1926 1364 equum
1955 1294 2045 1349 a1-

441 1376 597 1444 bum,
623 1374 759 1445 justi
801 1377 893 1448 qui
928 1386 1051 1433 ante
1072 1377 1346 1433 diluvium
1386 1378 1628 1447 fuerunt,
1669 1381 2039 1453 designantur.

440 1466 632 1522 Exivit
654 1467 832 1537 (vero)
854 1468 1079 1533 vincens,
1100 1475 1159 1522 ut
1178 1469 1400 1523 vinceret
1434 1470 1651 1541 quando
1665 1473 1857 1529 statuit
1877 1483 1937 1530 ut
1954 1490 2047 1545 per

439 1573 607 1630 aquas
627 1556 828 1612 diluvii
855 1558 1036 1614 omnis
1061 1559 1361 1616 multitudo
1379 1561 1735 1632 reproborum
1750 1563 2040 1622 deleretur.

512 1652 693 1721 (Vers.
731 1653 785 1720 3,
842 1653 923 1723 4.)
970 1655 1043 1709 Ει
1080 1672 1195 1710 cum
1237 1658 1527 1727 aperuisset
1582 1661 1813 1730 sigillum
1854 1678 2044 1716 secun-

2160 478 2398 549 Spiritus
2472 489 2718 549 sanctus,
2787 482 2932 539 sicut
2995 483 3263 555 scriptum
3337 493 3469 541 est:
3526 504 3556 537 α
3610 486 3784 553 Qualis

2163 568 2340 637 Pater,
2386 570 2513 625 talis
2570 571 2766 639 Filius,
2817 572 2947 628 talis
2991 572 3228 645 Spiritus
3273 582 3518 631 sanctus
3570 576 3781 648 (Athan.

2163 657 2441 728 Symbol.).
2483 683 2500 706 ι

2231 748 2490 804 Latitudo
2536 747 2906 804 nihilominus
2933 748 3050 821 ejus
3102 751 3159 806 in
3189 752 3614 826 quinquaginta
3646 757 3777 811 cubi-

2161 845 2243 892 tos
2290 837 2592 904 dilatatur;
2645 839 2780 911 quia
2824 839 2960 895 ﬁdes
2987 856 3083 911 per
3103 840 3469 898 dilectionem
3506 852 3775 915 operatur.

2158 926 2261 981 Sed
2313 944 2424 983 non
2474 929 2932 987 inconvenienter
2974 946 3068 1001 per
3112 931 3530 1005 quinquaginta
3568 935 3777 991 cubitos

2159 1015 2470 1072 latitudinis
2519 1016 2761 1074 charitas
2809 1018 3105 1089 ﬁguratur;
3149 1021 3355 1092 septies
3387 1023 3542 1078 enim
3575 1033 3774 1096 septem

2156 1106 2520 1178 quadraginta
2564 1122 2764 1162 novem
2815 1106 3057 1163 faciunt:
3108 1110 3257 1181 quod
3301 1110 3349 1166 si
3409 1128 3592 1168 unum
3654 1113 3776 1169 huic

2156 1210 2389 1251 numero
2438 1196 2743 1264 addideris,
2795 1198 3198 1270 quinquaginta
3227 1201 3509 1256 invenies.
3542 1203 3775 1259 Dilectio

2154 1302 2283 1357 ergo
2314 1287 2555 1358 proximi
2593 1304 2703 1342 non
2742 1288 3200 1346 inconvenienter
3238 1291 3298 1346 in
3329 1294 3653 1364 septenario
3683 1312 3772 1350 nu-

2155 1394 2305 1434 mero
2334 1379 2847 1451 comprehenditur;
2899 1380 3027 1453 quia
3054 1381 3173 1437 sine
3219 1392 3432 1455 septem
3468 1385 3771 1441 virtutibus

2154 1467 2341 1539 perﬁci
2377 1485 2485 1523 non
2526 1477 2725 1541 potest.
2777 1471 2839 1526 In
2882 1479 3088 1542 septem
3133 1487 3270 1528 vero
3314 1482 3578 1544 septenos
3609 1491 3770 1530 unus-

2153 1557 2385 1630 quisque
2429 1557 2610 1615 ﬁdelis
2655 1558 3009 1616 dilectionem
3057 1560 3301 1631 proximi
3331 1562 3596 1619 extendit
3630 1564 3763 1634 (49),

2153 1646 2283 1703 dum
2325 1647 2747 1721 quibuscunque
2791 1649 2971 1705 modis
3020 1650 3375 1706 necessitates
3420 1661 3523 1707 aut
3577 1653 3765 1709 adver—

440 1743 586 1797 dum.
632 1742 867 1799 Secundi
911 1744 1080 1815 sigilli
1129 1747 1339 1817 apertio
1384 1747 1453 1801 ad
1485 1763 1622 1803 arcae
1654 1748 1937 1818 fabricam,
1987 1760 2026 1806 e1

2152 1737 2339 1794 sitates
2366 1739 2637 1810 proximis
2686 1737 2907 1795 evenire
2940 1748 3186 1811 possunt,
3219 1740 3431 1796 eisdem
3480 1742 3670 1798 modis
3716 1752 3764 1798 et

438 1832 504 1888 ad
529 1832 709 1904 justos
739 1833 834 1905 qui
866 1843 990 1889 ante
1034 1836 1204 1906 legem
1250 1837 1494 1903 fuerunt,
1540 1839 1795 1909 pertinet.
1832 1841 1917 1896 Ad
1947 1842 2037 1897 de-

438 1923 845 1978 monstrandam
880 1940 1006 1996 ergo
1037 1926 1261 1981 secundi
1295 1927 1461 1997 sigilli
1488 1929 1823 2000 apertionem
1867 1946 2038 2002 pauca

436 2013 503 2066 de
534 2014 622 2069 bis
653 2015 963 2086 loquamur.
996 2015 1057 2070 In
1088 2015 1286 2071 Genesi
1313 2017 1579 2088 scriptum
1625 2028 1706 2073 est
1735 2020 1865 2091 quia
1891 2021 2036 2078 dixit

438 2107 579 2157 Deus
606 2103 673 2159 ad
702 2105 849 2159 Noe:
898 2130 915 2151 α
946 2105 1052 2159 Fac
1084 2104 1182 2159 tibi
1215 2121 1395 2186 arcam
1428 2106 1495 2161 de
1525 2106 1690 2177 lignis
1726 2109 2031 2181 laevigatis:

434 2194 851 2249 mansiunculas
887 2194 942 2249 in
974 2211 1099 2250 arca
1126 2194 1311 2263 facies,
1352 2204 1405 2251 et
1432 2196 1707 2253 bitumine
1746 2199 1907 2255 linies
1937 2201 2034 2256 in-

434 2284 706 2339 trinsecus
733 2292 787 2339 et
815 2285 1179 2353 extrinsecus,
1211 2295 1265 2341 et
1302 2287 1381 2343 sic
1410 2286 1575 2343 faeies
1611 2304 1751 2345 eam.
1790 2291 2032 2348 Trecen—

433 2382 613 2431 torum
645 2375 957 2433 cubitorum
988 2376 1093 2431 erit
1122 2375 1408 2448 longitudo
1437 2394 1596 2447 arcae,
1632 2379 2033 2453 quinquaginta

430 2464 745 2520 cubitorum
799 2465 1055 2531 latitudo,
1104 2473 1155 2521 et
1196 2466 1423 2538 triginta
1454 2467 1769 2523 cubitorum
1797 2471 2030 2528 altitudo

433 2552 583 2608 illius
616 2554 770 2624 (Gen.
805 2572 885 2623 vr,
924 2553 1146 2622 14,15).
1181 2579 1199 2601 ι
1242 2556 1381 2611 Arca
1406 2557 1708 2613 Ecclesiam
1730 2575 1743 2613 :
1767 2560 1879 2615 Noe
1900 2576 2029 2616 vero

430 2640 727 2698 fabricator
775 2658 912 2698 arcas
972 2643 1253 2701 Christum
1319 2644 1709 2702 fabricatorem
1768 2648 2027 2705 Ecclesiae

430 2731 717 2803 ﬁgurabat.
750 2732 881 2800 Quae
920 2749 1047 2789 arca
1092 2751 1161 2789 ex
1190 2735 1355 2805 lignis
1392 2735 1657 2808 laavigatis
1690 2736 1833 2794 facta
1860 2739 2028 2795 fuisse

428 2822 788 2879 describitur:
825 2840 921 2893 per
948 2823 1096 2895 ligna
1135 2824 1405 2895 leevigata,
1438 2841 1557 2897 qua;
1605 2834 1658 2881 et
1693 2842 1860 2898 aquas
1889 2843 2026 2898 pro-

430 2911 751 2977 hibuerunt,
802 2919 855 2965 et
885 2911 1056 2966 vitam
1099 2913 1357 2968 omnibus
1404 2914 1738 2971 animalibus
1776 2916 1920 2973 intra
1970 2934 2025 2973 se

427 2999 746 3054 constitutis
770 3008 1149 3067 servaverunt,
1173 3001 1423 3056 doctores
1445 3004 1703 3059 Ecclesiae
1724 3005 2025 3076 designan—

2150 1827 2263 1899 ipse
2293 1828 2360 1884 ad
2400 1827 2902 1900 superveniendum
2937 1836 3157 1900 paratus
3177 1829 3435 1887 exsistit:
3471 1832 3629 1887 verbi
3654 1850 3763 1904 gra-

2147 1919 2245 1987 tia,
2291 1920 2424 1975 dum
2460 1919 2749 1987 esurienti,
2797 1919 2968 1988 nudo,
3020 1919 3246 1991 hospiti,
3294 1922 3504 1993 egenti,
3543 1922 3603 1978 in
3652 1941 3762 1980 car-

2144 2025 2266 2064 cere
2308 2009 2508 2081 posito,
2549 2026 2670 2083 quae
2710 2019 2840 2065 sunt
2887 2010 3189 2065 necessaria
3240 2011 3571 2068 ministrat:
3629 2014 3757 2070 dum

2146 2098 2424 2156 dolentem
2455 2101 2791 2167 consolatur,
2821 2100 2951 2156 dum
2988 2100 3316 2156 iracundum
3351 2103 3529 2158 verbo
3554 2112 3759 2176 tempe-

2146 2196 2247 2256 rat,
2267 2188 2399 2244 dum
2435 2188 2623 2244 odium
2654 2190 2711 2243 in
2745 2189 2908 2245 corde
2936 2198 3212 2262 gerentem
3236 2190 3515 2262 paciﬁcat,
3549 2193 3757 2249 discor-

2141 2279 2440 2353 dantesque
2495 2280 2562 2335 ad
2620 2298 2807 2353 pacem
2858 2281 3110 2347 reducit;
3169 2281 3305 2338 dum
3359 2299 3485 2338 eum
3546 2285 3645 2357 qui
3700 2286 3754 2341 in

2140 2371 2379 2443 peccatis
2402 2371 2567 2443 jacet,
2613 2371 2683 2428 ad
2717 2372 3096 2443 paenitentiam
3150 2383 3442 2444 provocat;
3494 2374 3633 2431 dum
3690 2377 3751 2432 ad

2141 2460 2315 2516 vitam
2358 2468 2614 2516 aeternam
2669 2477 3025 2534 quoscunque
3070 2469 3266 2534 potest,
3312 2479 3498 2519 secum
3532 2466 3752 2522 trahere

2137 2548 2356 2605 studet:
2400 2558 2473 2615 et,
2519 2556 2581 2605 ut
2621 2549 2864 2606 breviter
2915 2550 3116 2620 dicam,
3171 2552 3372 2626 quibus
3408 2555 3592 2611 modis
3630 2558 3742 2612 vult

2136 2645 2198 2694 ut
2226 2639 2275 2694 ei
2306 2638 2600 2695 salubriter
2641 2638 2708 2693 ab
2752 2639 2865 2694 alio
2895 2640 3274 2709 subveniatur,
3309 2642 3516 2699 eisdem
3546 2653 3601 2700 et
3636 2646 3745 2718 ipse

2135 2727 2554 2800 quibuscunque
2607 2736 2786 2800 potest
2836 2729 3131 2787 subvenire
3198 2740 3418 2803 paratus
3484 2742 3588 2790 est.
3660 2736 3741 2791 Ad

2136 2824 2340 2888 septem
2387 2826 2569 2875 autem
2622 2829 2881 2892 septenos
2932 2822 2978 2877 si
3029 2839 3204 2878 unum
3245 2823 3532 2896 adjungas,
3581 2827 3741 2898 quin-

2135 2909 2392 2981 quaginta
2421 2909 2595 2965 ﬁunt:
2618 2910 2877 2967 similiter
2908 2920 2963 2967 et
2986 2912 3055 2968 ad
3085 2913 3439 2971 dilectionem
3470 2918 3739 2988 proximi,

2132 2996 2177 3052 si
2220 2997 2387 3053 unius
2430 2998 2528 3053 Dei
2567 2998 2922 3055 dilectionem
2988 3000 3276 3073 adjungas,
3336 3012 3451 3060 tota
3501 3005 3741 3061 charitas

427 3095 540 3151 tur,
570 3087 664 3159 qui
696 3096 749 3143 et
778 3086 1030 3144 doctrina
1068 3095 1121 3143 et
1147 3089 1366 3162 scriptis
1393 3091 1507 3145 suis
1553 3108 1722 3164 aquas
1767 3093 2025 3150 diverso-
2058 3104 2101 3164 ί]
2136 3085 2346 3157 integra
2374 3094 2537 3159 atque
2567 3090 2807 3159 perfecta
2835 3089 2892 3144 in
2924 3097 2978 3145 te
3008 3090 3267 3146 efﬁcitur-

427 3194 550 3234 rum
597 3195 842 3235 errorum
891 3179 959 3236 ab
1013 3180 1260 3252 ingressu
1306 3183 1565 3239 Ecclesiae
1605 3185 1921 3257 prohibent,
1970 3194 2023 3241 et

427 3269 597 3325 vitam
626 3269 695 3326 iis
725 3269 821 3342 qui
863 3270 1007 3328 intra
1034 3272 1336 3329 Ecclesiam
1371 3281 1519 3341 sunt,
1558 3293 1656 3331 sua
1691 3276 1941 3333 doctrina
1969 3285 2023 3333 et

424 3360 692 3430 exemplis
742 3369 963 3417 servant
992 3380 1010 3416 :
1060 3378 1181 3433 qua)
1226 3363 1476 3433 levigata
1504 3380 1619 3420 esse
1653 3365 1933 3433 dicuntur,
1966 3365 2022 3422 id

423 3454 524 3514 est,
569 3447 637 3502 ab
685 3448 837 3502 omni
892 3451 1181 3520 asperitate
1237 3452 1501 3506 vitiorum
1553 3456 1870 3511 emundata.
1922 3456 2023 3510 Per

422 3535 830 3590 mansiunculas
880 3551 1029 3602 vero,
1064 3553 1184 3607 quae
1232 3538 1289 3592 in
1336 3556 1459 3594 arca
1498 3540 1616 3595 ﬁeri
1654 3541 1821 3614 jussaa
1869 3552 2018 3613 sunt,

420 3621 623 3677 diversi
655 3621 875 3677 ordines
907 3623 964 3678 in
995 3625 1243 3680 Ecclesia
1272 3626 1630 3697 designantur
1660 3649 1672 3697 ;
1706 3632 1847 3687 alius
1871 3633 2018 3690 enim

419 3711 477 3765 in
533 3710 810 3783 conjugali
857 3713 1071 3783 ordine,
1125 3715 1267 3771 alius
1308 3715 1365 3771 in
1405 3719 1736 3786 continenti,
1775 3722 1916 3778 alius
1961 3724 2019 3780 in

416 3801 761 3870 monachico,
809 3802 954 3859 alius
1000 3804 1059 3859 in
1104 3804 1456 3874 sacerdotali,
1508 3807 1639 3864 dum
1671 3810 1784 3865 Deo
1815 3812 2019 3869 servire

414 3890 658 3959 student,
717 3893 870 3965 quasi
918 3893 975 3950 in
1026 3893 1259 3951 diversis
1310 3896 1693 3953 mansionibus
1744 3898 2011 3957 habitant.

412 3979 515 4035 Per
541 3979 792 4035 bitumen
825 3988 1031 4050 autem,
1066 3998 1175 4055 quo
1206 3982 1303 4039 lita
1346 3981 1515 4039 fuisse
1556 3984 1788 4054 dicitur,
1826 3986 2019 4044 divina

412 4068 696 4140 Scriptura
727 4070 1058 4143 designatur.
1095 4072 1314 4129 Tabulze
1347 4090 1479 4146 ergo
1545 4092 1615 4130 ex
1656 4076 1857 4149 quibus
1892 4095 2017 4136 arca

415 4158 557 4213 facta
585 4166 687 4225 est,
727 4175 860 4230 quas
888 4161 1140 4218 doctores
1184 4164 1442 4221 Ecclesiae
1493 4166 1833 4238 signiﬁcasse
1872 4168 2015 4224 dixi-

413 4261 556 4310 mus,
588 4244 858 4301 bitumine
888 4249 1217 4305 intrinsecus
1247 4260 1298 4306 et
1331 4254 1685 4310 extrinsecus
1719 4255 1829 4311 litae
1861 4267 2009 4323 sunt;

414 4333 545 4404 quia
578 4331 829 4389 doctores
859 4334 1116 4392 Ecclesia
1160 4339 1496 4396 intrinsecus
1526 4342 1611 4397 liti
1643 4353 1770 4399 sunt
1798 4361 1893 4415 per
1918 4363 2015 4402 sa-

2202 3177 2458 3233 Altitudo
2504 3194 2636 3234 vero
2675 3196 2811 3236 arca:
2853 3179 2910 3235 in
2962 3180 3187 3251 triginta
3237 3183 3456 3239 cubitos
3501 3187 3737 3241 exaltata

2132 3274 2231 3336 est,
2264 3268 2393 3339 quia
2432 3269 2526 3323 ille
2556 3268 2751 3324 utilem
2783 3284 2933 3340 spem
2970 3270 3087 3340 (50)
3115 3270 3379 3341 possidet,
3421 3273 3517 3345 qui
3557 3291 3589 3328 a
3628 3275 3733 3332 ﬁde

2130 3366 2331 3413 sanctae
2360 3357 2668 3427 Trinitatis,
2716 3358 2859 3414 sicut
2907 3358 3066 3414 nobis
3109 3359 3177 3413 ab
3219 3362 3486 3431 apostolis
3532 3364 3735 3421 tradita

2130 3457 2229 3518 est,
2262 3459 2423 3524 atque
2452 3450 2662 3506 caeteris
2703 3450 3069 3517 documentis,
3120 3467 3299 3524 neque
3327 3469 3512 3525 opere,
3561 3473 3734 3530 neque

2130 3539 2453 3596 credulitate
2504 3539 2801 3595 discordat.
2863 3539 2966 3607 Qui
3014 3539 3161 3594 enim
3214 3556 3368 3611 spem
3421 3542 3543 3599 sine
3590 3554 3733 3601 recta

2130 3625 2237 3682 ﬁde
2289 3625 2357 3681 de
2399 3626 2511 3681 vita
2548 3634 2750 3682 aeterna
2799 3626 3127 3697 possidenda
3169 3626 3277 3683 sibi
3314 3639 3566 3702 usurpat,
3617 3631 3730 3687 sine

2128 3715 2298 3772 dubio
2337 3718 2693 3788 semetipsum
2733 3717 2972 3789 decipit;
3024 3717 3154 3791 quia
3194 3742 3212 3764 ι
3245 3717 3365 3774 sine
3395 3719 3507 3776 ﬁde
3533 3722 3728 3794 impos-

2128 3805 2289 3860 sibile
2327 3813 2408 3861 est
2438 3805 2649 3876 placere
2677 3808 2789 3862 Deo
2822 3807 3008 3878 (Hebr.
3040 3825 3120 3876 χι,
3158 3808 3216 3880 6)
3278 3835 3297 3858 ι
3342 3809 3602 3867 Altitudo
3633 3812 3723 3867 ita-

2127 3910 2231 3966 que
2256 3911 2393 3950 arcaa
2441 3911 2471 3950 a
2512 3911 2706 3966 magna
2752 3895 3100 3967 longitudine
3130 3890 3297 3959 “522
3338 3908 3395 3954 et
3438 3900 3726 3956 latitudine

2128 3991 2497 4059 exoriebatur,
2543 4000 2595 4047 et
2644 3990 2701 4045 in
2732 3991 2923 4047 cubito
2957 4010 3174 4048 sursum
3206 3996 3721 4059 consummabatur;

2126 4079 2254 4150 quia
2284 4078 2521 4134 charitas
2557 4095 2677 4152 quae
2726 4095 2789 4134 ex
2835 4079 2941 4137 ﬁde
2972 4082 3235 4149 nascitur,
3278 4082 3339 4138 in
3374 4100 3572 4156 magna
3612 4084 3723 4138 lati-

2125 4167 2319 4223 tudine
2357 4184 2481 4239 erga
2509 4168 2891 4240 proximorum
2937 4187 3125 4225 curam
3158 4173 3512 4243 semetipsam
3546 4181 3723 4228 exten-

2123 4255 2225 4311 dit.
2286 4256 2512 4313 Sursum
2571 4274 2703 4313 vero
2758 4258 2815 4313 in
2864 4258 3054 4315 cubito
3101 4270 3559 4327 consummatur;
3604 4261 3722 4334 quia

2124 4346 2306 4401 omnis
2335 4363 2456 4418 spes
2486 4347 2737 4403 ﬁdelium
2777 4355 2939 4421 atque
2969 4348 3305 4406 desiderium
3336 4349 3407 4405 ad
3438 4351 3604 4407 unius
3630 4350 3720 4407 Dei

413 4421 700 4494 pientiam,
729 4421 1149 4497 doctrinamque
1179 4426 1497 4485 divinarum
1522 4431 2015 4505 Scripturarum,et
2044 4461 2093 4520 D
2127 4435 2393 4491 visionem
2420 4436 2617 4492 tendit.

414 4513 758 4570 extrinsecus
787 4530 881 4586 per
908 4530 1072 4593 opera
1119 4515 1410 4573 virtutum.

484 4611 873 4667 Trecentorum
930 4621 1109 4669 autem
1164 4614 1478 4673 cubitorum
1535 4620 1820 4692 longitudo
1875 4641 2012 4682 arcas

411 4699 581 4756 fuisse
604 4700 958 4766 describitur,
991 4703 1392 4777 quinquaginta
1421 4708 1731 4765 cubitorum
1756 4713 2008 4781 latitudo,

410 4798 464 4845 et
506 4791 733 4863 triginta
771 4792 1086 4849 cubitorum
1135 4795 1370 4853 altitudo
1418 4798 1569 4856 illius
1640 4801 1739 4856 Per
1777 4803 2009 4876 longitu-

411 4878 597 4935 dinem
655 4881 825 4953 igitur
872 4900 1011 4939 arcae
1041 4885 1196 4954 ﬁdes,
1241 4903 1338 4957 per
1368 4889 1716 4947 latitudinem
1747 4892 2008 4964 charitas,

415 4985 513 5040 per
572 4972 924 5030 altitudinem
983 4991 1104 5047 spes
1152 4976 1439 5049 ﬁguratur.
1510 4981 1821 5053 Longitudo
1881 5001 2009 5057 ergo

412 5075 551 5117 arcae
606 5062 662 5117 in
712 5070 984 5119 trecentos
1031 5065 1244 5122 cubitos
1298 5070 1650 5139 extenditur;
1698 5074 1825 5145 quia
1876 5074 2009 5131 ﬁdes

417 5158 604 5206 nostra
655 5152 715 5207 in
760 5154 1105 5210 confessione
1152 5165 1351 5214 sanctae
1387 5159 1676 5217 Trinitatis
1719 5163 2002 5219 consistit:

412 5240 760 5297 centenarius
815 5257 947 5298 vero
1000 5243 1271 5314 perfectus
1323 5255 1406 5302 est
1448 5264 1728 5305 numerus.
1773 5251 1835 5306 In
1884 5258 2005 5306 tre—

405 5335 593 5384 centos
654 5345 782 5403 ergo
834 5331 1052 5387 cubitos
1100 5331 1236 5389 ﬁdes
1287 5341 1476 5391 nostra
1516 5336 1841 5411 praesignata
1883 5346 2002 5407 est;

480 5523 596 5605 (Et?)
632 5528 712 5605 Ita
751 5527 918 5605 iidem
967 5545 1125 5597 mss.;
1173 5531 1304 5605 edit.
1341 5548 1493 5598 vero,
1530 5534 1868 5605 septenis.....
1897 5553 2003 5592 ea:-

411 5595 571 5648 tendit
598 5614 613 5663 ;
642 5598 799 5653 Rom.
832 5598 989 5665 edit.,
1021 5595 1261 5658 ostendit.
1334 5670 1343 5674 ,

2196 4534 2352 4603 Quod
2391 4544 2573 4592 autem
2616 4537 2728 4592 Noe
2759 4536 2827 4592 ad
2847 4535 3151 4609 jussionem
3188 4539 3416 4595 Domini
3447 4557 3519 4596 ex
3556 4540 3722 4597 omni.

2126 4625 2228 4682 bus
2271 4626 2646 4683 animantibus
2690 4627 2912 4683 mundis
2949 4635 3003 4683 et
3039 4628 3342 4685 immundis
3371 4631 3647 4687 masculos
3673 4638 3723 4686 et

2122 4715 2359 4771 feminas
2406 4716 2720 4774 introduxit
2767 4717 2824 4772 in
2869 4734 3047 4773 arcam
3099 4718 3254 4789 (Gen.
3309 4735 3410 4786 vn,
3461 4721 3515 4788 8,
3547 4722 3626 4791 9),
3658 4721 3722 4776 si-

2122 4807 2349 4879 gniﬁcat
2378 4808 2525 4880 quod
2572 4808 2697 4864 mali
2726 4818 2779 4865 et
2824 4810 2957 4865 boni
2994 4810 3050 4865 in
3080 4810 3383 4866 Ecclesiam
3416 4812 3722 4869 introduce-

2121 4905 2330 4952 rentur.
2390 4897 2493 4952 Sed
2524 4897 2591 4953 de
2632 4899 2854 4955 mundis
2888 4907 3109 4970 septena
3144 4907 3198 4956 et
3221 4908 3479 4971 septena:
3513 4902 3582 4958 de
3627 4903 3719 4957 im-

2122 4985 2341 5041 mundis
2357 5003 2487 5042 vero
2501 4987 2557 5042 bi
2572 5004 2641 5043 na
2658 4987 2872 5056 etbina,
2888 4989 3162 5045 masculus
3172 4996 3226 5045 et
3248 4989 3459 5045 femina
3475 4991 3533 5046 in
3545 5008 3719 5047 arcam

2121 5074 2491 5142 introierunt;
2547 5093 2643 5148 per
2704 5077 2909 5132 munda
2955 5093 3189 5149 namque
3235 5079 3505 5135 animalia
3544 5080 3721 5136 electi.

2121 5180 2237 5236 per.
2268 5164 2558 5219 immunda
2611 5180 2744 5220 vero
2800 5164 3016 5236 reprobi
3068 5164 3456 5238 designantur.
3520 5166 3716 5224 Munda

2117 5254 2301 5325 itaque
2331 5252 2593 5308 animalia
2624 5254 2678 5308 in
2710 5255 2943 5326 septimo
2970 5271 3201 5310 numero
3232 5264 3552 5327 ponuntur;
3595 5255 3714 5329 quia

2113 5342 2198 5398 illi
2229 5340 2332 5399 soli
2371 5341 2529 5399 electi
2559 5352 2708 5412 sunt,
2738 5343 2833 5416 qui
2872 5359 2969 5416 per
3007 5343 3240 5417 gratiam
3270 5343 3518 5416 Spiritus
3546 5340 3711 5399 sancti

2184 5539 2302 5612 (50)
2335 5538 2509 5611 Edit.,
2533 5542 2664 5613 quia
2696 5542 2789 5599 ille
2834 5541 3089 5599 venialem
3131 5558 3317 5615 spem;
3345 5557 3505 5609 mss.,
3536 5541 3708 5598 utilem

2110 5627 2271 5682 spem.
