3880 6198
145 365 247 420 897

1027 351 1483 410 BERENGAUDI
1520 348 1893 406 EXPOSITIU
1932 347 2003 402 IN
2040 344 2546 403 APOCALYPSIN.

3330 341 3436 397 898

151 487 217 545 ab
266 484 580 557 operatione
645 482 919 539 donorum
968 480 1213 552 ejusdam
1281 479 1521 551 Spiritus
1576 486 1728 533 sanct
1756 482 1806 540 A
1839 490 1962 529 cum
1996 471 2235 543 Spiritus
2262 470 2435 526 sancti
2466 470 2637 541 gratia
2682 486 2793 537 eos,
2841 485 2976 542 quos
2996 484 3090 539 per
3128 467 3301 539 legem
3332 467 3433 521 sal-

144 574 302 632 alieni
334 590 442 629 non
473 580 638 631 sunt:
673 571 889 643 reprobi
936 586 1066 626 vero
1102 570 1158 625 in
1204 567 1446 626 secundo
1500 583 1729 623 numero

146 671 456 738 ponuntur;
490 662 619 734 quia
646 662 763 717 solo
793 676 1020 732 corpora
1049 668 1103 715 et
1145 660 1331 715 anima
1380 658 1435 712 in
1482 655 1732 713 Ecclesia

146 752 470 827 consistunt,
505 758 685 806 mente
711 767 840 806 vero
867 758 1021 805 extra
1048 748 1349 804 Ecclesiam
1380 752 1529 802 sunt.

213 843 272 898 In
302 840 657 912 sequentibus
685 856 900 912 quoque
927 838 1192 909 scriptum
1220 845 1300 891 est
1332 855 1343 891 :
1388 859 1406 881 ι
1436 834 1578 902 Quia
1607 849 1730 905 ape-

147 935 285 990 riens
333 932 446 988 Noe
484 932 776 987 fenestram
835 948 971 986 arca:
1019 946 1181 1001 quam
1246 929 1467 993 fecerat,
1516 924 1731 980 dimisit

142 1039 386 1088 corvum,
443 1021 540 1093 qui
595 1019 970 1091 egrediebatur
1025 1026 1078 1073 et
1129 1034 1240 1073 non
1299 1013 1730 1088 regrediebatur,

143 1111 311 1167 donec
365 1108 702 1165 siccarentur
752 1124 905 1179 aqua:
960 1123 1123 1178 super
1168 1114 1370 1160 terram
1405 1104 1561 1173 (Gen.
1604 1117 1730 1167 νηί,

142 1201 194 1268 6,
224 1201 299 1269 7).
335 1225 353 1247 ι
397 1199 497 1254 Per
523 1215 751 1254 corvum
781 1213 938 1252 avem
991 1195 1346 1268 nigerrimam
1395 1191 1571 1248 Judaei
1608 1188 1730 1244 inﬁ-

142 1289 361 1345 delitate
403 1288 678 1345 tenebrosi
728 1287 1106 1359 designantur.
1161 1286 1273 1341 Noe
1316 1283 1484 1355 igitur
1512 1281 1579 1336 de
1609 1294 1736 1335 arca

141 1396 365 1436 corvum
394 1378 608 1445 emisit;
643 1376 771 1450 quia
797 1376 1068 1432 Dominus
1096 1382 1280 1431 noster
1300 1374 1455 1428 Jesus
1481 1369 1735 1428 Christus

141 1486 169 1523 a
182 1468 462 1525 consortio
483 1474 683 1523 sanctae
697 1465 958 1522 Ecclesiae
972 1465 1234 1537 populum
1255 1464 1280 1518 .l
1289 1462 1567 1518 udaorum
1586 1473 1733 1528 sepa-

142 1557 297 1613 ravit.
326 1557 458 1612 Post
476 1572 705 1612 corvum
735 1555 919 1610 emisit
948 1551 1282 1620 columbam,
1316 1566 1436 1623 quze
1461 1565 1585 1606 cum
1623 1561 1734 1602 non

142 1645 466 1713 invenisset,
490 1644 586 1700 ubi
611 1643 975 1717 requiesceret
1004 1659 1097 1715 pes
1125 1642 1263 1713 ejus,
1297 1654 1515 1696 reversa
1552 1644 1633 1692 est
1668 1635 1737 1691 ad

140 1759 260 1797 eum
292 1742 348 1796 in
388 1758 592 1798 arcam.
638 1739 890 1797 Secundo
934 1738 1119 1794 emisit
1146 1735 1459 1794 columbam
1494 1750 1562 1790 ex
1591 1749 1736 1799 arca,

140 1848 255 1904 qua:
296 1830 455 1886 venit
496 1829 564 1885 ad
611 1845 736 1885 eum
784 1828 852 1883 ad
899 1842 1203 1899 vesperam,
1247 1831 1470 1896 portans
1519 1837 1733 1877 ramum
1764 1837 1810 1896 Β

139 1921 295 1975 oliva;
328 1917 643 1974 virentibus
693 1916 844 1973 foliis
892 1917 949 1972 in
1009 1932 1102 1972 ore
1162 1930 1281 1970 suo.
1335 1912 1519 1968 Tertio
1550 1910 1737 1966 emisit

139 2006 473 2076 columbam,
513 2024 633 2080 qua:
670 2023 783 2062 nou
812 2013 895 2061 est
926 2021 1142 2062 reversa
1168 2004 1315 2058 ultra
1358 2001 1427 2057 ad
1456 2017 1604 2056 eum.
1634 2000 1736 2054 Per

141 2097 455 2153 columbam
492 2113 634 2168 saepe
664 2095 900 2167 Spiritus
920 2101 1141 2151 sanctus
1162 2092 1454 2165 ﬁguratur,
1493 2106 1559 2145 eo
1586 2087 1735 2162 quod

141 2186 195 2241 in
241 2185 515 2242 columbae
569 2183 749 2256 specie
817 2199 981 2256 super
1030 2181 1331 2238 Dominum
1391 2176 1737 2235 descenderit

143 2276 290 2348 (Luc.
325 2292 410 2343 ιιι,
442 2274 558 2345 22).

206 2364 313 2420 Sed
368 2362 727 2436 quaerendum
768 2360 929 2416 nobis
982 2368 1064 2415 est
1111 2356 1246 2431 quid
1289 2354 1563 2428 signiﬁcet
1590 2354 1739 2411 trina

143 2452 361 2509 emissio
402 2450 674 2508 columba:
704 2456 758 2505 et
787 2448 922 2505 bina
952 2447 1222 2504 veversio.
1257 2445 1388 2501 Tres
1417 2444 1739 2500 emissiones

146 2542 244 2598 tria
269 2551 521 2614 tempora
556 2539 871 2611 signiﬁcant
900 2556 911 2593 :
966 2535 1205 2609 primum
1237 2542 1363 2590 ante
1413 2535 1611 2605 legem,
1648 2549 1739 2614 Ise-

145 2610 518 2687 cundum—sub
550 2610 684 2700 lege,
717 2626 942 2683 tertium
989 2624 1091 2680 sub
1121 2624 1314 2696 gratia.
1364 2624 1427 2678 In
1474 2622 1580 2678 hoc
1610 2610 1741 2676 vero

146 2720 263 2777 loco
289 2719 406 2775 Noe
457 2721 653 2787 Deum,
687 2733 812 2774 arca
867 2724 1049 2771 autem
1093 2715 1367 2770 caelestem
1401 2711 1501 2768 Dei
1530 2709 1740 2766 habita-

152 2811 350 2866 tionem
401 2808 674 2881 designat.
738 2807 850 2862 Noe
887 2805 1068 2878 primo
1126 2802 1435 2860 columbam
1493 2817 1561 2857 ex
1616 2816 1743 2856 arca

151 2900 360 2969 emisit;
420 2898 553 2971 quia
605 2900 754 2954 Deus
796 2895 1147 2968 omnipotens
1197 2892 1400 2949 sanctis
1457 2890 1614 2958 viris,
1646 2889 1740 2963 qui

151 3000 269 3047 ante
301 2993 476 3063 legem
508 2990 755 3056 fuerunt,
789 2986 1018 3060 gratiam
1065 2984 1305 3057 Spiritus
1333 2981 1508 3039 sancti
1546 2980 1699 3036 dedit
1726 2997 1738 3036 :

152 3089 201 3138 et
229 3081 318 3154 qui
369 3082 547 3152 legem
580 3095 691 3134 non
723 3077 1020 3144 habebant,
1075 3074 1268 3130 divina
1321 3079 1593 3144 praecepta
1620 3086 1741 3143 quae

152 3179 329 3243 postea
356 3170 486 3227 data
518 3178 667 3238 sunt,
700 3185 797 3241 per
822 3168 1028 3224 donum
1059 3164 1297 3236 Spiritus
1334 3162 1508 3218 sancti
1538 3162 1743 3233 imple-

156 3274 364 3321 verunt.
394 3263 504 3321 Sed
557 3261 813 3318 columba
841 3276 954 3314 non
1002 3258 1216 3313 invenit
1256 3256 1351 3313 ubi
1403 3272 1495 3328 pes
1524 3253 1641 3326 ejus
1666 3270 1744 3308 re-

152 3357 488 3429 quiesceret;
536 3355 665 3427 quia
711 3370 823 3409 non
874 3352 1055 3408 solum
1083 3358 1292 3407 czeteraa
1322 3355 1526 3420 gentes,
1575 3345 1668 3401 sed
1696 3352 1749 3400 et

154 3444 253 3517 ipsi
283 3444 463 3501 Judaei
506 3444 562 3499 in
606 3444 848 3516 ngypto
900 3442 1065 3515 positi
1111 3441 1167 3495 in
1204 3446 1421 3495 tantum
1472 3438 1748 3494 culturam

155 3539 249 3596 Dei
276 3539 641 3612 reliquerunt,
695 3544 759 3591 ut
800 3552 864 3591 eo
894 3542 1137 3605 tempore
1191 3548 1300 3605 quo
1348 3530 1563 3602 Moyses
1590 3536 1751 3584 natus

156 3638 249 3699 est,
302 3647 440 3703 pene
515 3630 705 3685 nullus
773 3626 1119 3683 inveniretur
1190 3624 1248 3679 in
1300 3639 1461 3696 quem
1515 3621 1753 3693 Spiritus

157 3729 370 3778 sanctus
394 3719 651 3777 habitare
673 3718 992 3790 dignaretur
1025 3735 1035 3772 :
1071 3723 1124 3772 et
1164 3711 1573 3787 quodammodo
1621 3728 1754 3785 gra-

160 3809 235 3865 tia
260 3809 498 3882 Spiritus
537 3807 713 3865 sancti
745 3806 815 3863 ad
844 3823 969 3862 eum
1020 3805 1205 3873 rediit,
1237 3820 1269 3859 a
1314 3820 1423 3876 quo
1456 3802 1623 3858 missa
1650 3808 1750 3869 est,

163 3914 283 3954 cum
313 3899 567 3955 homines
596 3904 907 3970 peccatores
931 3894 1196 3950 deseruit.

231 3986 481 4043 Secundo
536 3984 723 4042 emisit
776 3985 890 4040 Noe
943 3983 1257 4040 columbam
1286 3998 1357 4038 ex
1410 3997 1571 4048 arca;
1628 3977 1756 4050 quia

166 4080 303 4134 Deus
330 4077 561 4151 gratiam
590 4076 829 4147 Spiritus
856 4075 1028 4131 sancti
1059 4072 1379 4129 hominibus
1414 4072 1587 4143 legem
1618 4085 1756 4142 puro

167 4167 322 4223 corde
368 4166 719 4224 servantibus
766 4164 937 4221 dedit.
998 4164 1233 4235 Vespere
1287 4170 1469 4217 autem
1523 4175 1632 4232 quo
1667 4174 1756 4213 co-

170 4254 350 4311 lumba
376 4255 444 4311 ad
474 4255 592 4311 Noe
624 4253 807 4322 rediit,
866 4262 1082 4324 tempus
1129 4267 1239 4323 quo
1285 4248 1538 4306 Christus
1596 4254 1759 4302 natus

168 4351 264 4413 est,
296 4346 561 4418 designat.
617 4347 696 4401 De
750 4344 856 4401 hoc
912 4352 1156 4413 tempore
1193 4342 1463 4397 Dominus
1517 4337 1654 4394 dicit
1700 4336 1757 4391 iu

170 4431 464 4505 Evangelia
494 4452 505 4491 :
556 4460 573 4481 ε
601 4434 716 4489 Lex
758 4441 812 4488 et
858 4432 1139 4504 propheta:
1170 4445 1343 4500 usque
1381 4426 1459 4482 ad
1493 4427 1757 4483 Joannem

175 4522 319 4595 (Luc.
359 4543 480 4592 xvi,
516 4527 649 4597 16);
689 4551 707 4574 ι
753 4525 883 4598 quia
927 4532 1214 4596 postquam
1252 4518 1615 4591 Evangelium
1655 4532 1758 4571 coe-

176 4613 253 4683 pit
279 4614 585 4686 praedicari,
635 4613 985 4670 circumcisio
1025 4621 1079 4669 et
1132 4611 1319 4667 multae
1350 4605 1759 4663 observationes

176 4700 367 4773 legales
394 4703 537 4758 nihil
583 4703 930 4774 profuerunt.
983 4700 1239 4768 Quandiu
1269 4697 1403 4769 legis
1448 4691 1759 4751 observatio

175 4790 283 4846 Deo
346 4794 572 4865 placuit,
647 4793 842 4849 tandiu
893 4790 1144 4847 homines
1226 4790 1395 4860 legem
1479 4793 1762 4841 servantes

175 4879 406 4950 Spiritus
461 4883 636 4940 sancti
693 4882 865 4955 gratia
925 4878 1261 4937 comitavit:
1329 4884 1382 4932 et
1446 4876 1592 4932 sicut
1660 4889 1762 4929 co-

179 4966 359 5025 lumba
410 4970 480 5026 ad
536 4988 817 5045 vesperam
856 4969 924 5025 ad
978 4969 1090 5025 Noe
1139 4966 1325 5033 rediit,
1362 4966 1440 5020 ita
1483 4972 1536 5019 et
1592 4960 1760 5034 Spiri-

180 5062 266 5112 tus
294 5061 468 5117 sancti
520 5063 711 5134 gratia,
752 5059 968 5117 Iudaeos
1015 5056 1266 5113 inﬁdeles
1312 5056 1589 5120 deserens,
1630 5068 1761 5123 quo-

177 5145 465 5206 dammodo
494 5152 565 5209 ad
593 5168 719 5207 eum
770 5168 802 5206 a
849 5165 958 5222 quo
1006 5147 1184 5203 fuerat
1206 5145 1395 5212 missa,
1423 5158 1641 5198 reversa
1663 5148 1766 5196 est.

178 5235 275 5291 Per
326 5255 546 5295 ramum
607 5256 738 5296 vero
784 5238 945 5294 oliva:
1016 5238 1188 5309 legem
1245 5248 1536 5306 possumus
1593 5229 1768 5284 intel-

182 5323 351 5395 ligere
385 5327 472 5382 vel
501 5329 753 5401 accipere
786 5346 797 5384 :
855 5343 951 5399 per
992 5324 1127 5382 folia
1178 5331 1363 5380 autem
1402 5318 1643 5375 virentia
1674 5336 1766 5376 eos

178 5412 269 5483 qui
293 5430 388 5485 per
416 5414 596 5487 legem
627 5417 769 5473 salvi
808 5415 937 5472 facti
967 5421 1115 5471 sunt.
1164 5410 1432 5469 Columba
1486 5407 1655 5480 igitur
1686 5424 1764 5463 ra-

184 5516 332 5558 mum
360 5503 526 5559 olivze
556 5522 680 5563 cum
712 5503 1021 5561 virentibus
1043 5500 1196 5559 foliis
1216 5500 1274 5557 in
1302 5516 1396 5557 ore
1423 5513 1524 5556 suo
1544 5496 1763 5564 detulit,

1840 570 2080 629 vaverat,
2114 559 2521 633 quodammodo
2550 561 2660 615 Deo
2688 558 2909 613 obtulit.

1912 674 2098 730 Tertio
2127 673 2240 728 Noe
2280 671 2591 728 columbam
2621 688 2691 727 ex
2718 687 2841 727 arca
2873 671 3077 738 emisit,
3107 668 3326 742 quando
3356 668 3435 723 ﬁ—

1843 763 1968 819 dem
1998 762 2291 832 Evangelii
2325 760 2675 817 servantibus
2716 760 2945 831 gratiam
2990 760 3227 831 Spiritus
3254 759 3431 816 sancti

1840 852 2013 909 dedit.
2045 851 2176 918 Quae
2224 867 2334 905 non
2367 859 2448 905 est
2480 866 2695 904 reversa
2725 850 2869 903 ultra
2915 849 2981 903 ad
3005 865 3128 903 eum
3156 866 3168 914 ;
3203 849 3331 921 quia
3358 849 3434 903 ﬁ-

1841 941 1937 997 des
1963 939 2253 1011 Evangelii
2298 938 2493 993 tandiu
2533 955 2656 991 cum
2696 936 2883 993 eleclis
2938 937 3203 1004 manebit,
3262 954 3432 1011 usque

1841 1032 1973 1085 dum
2003 1029 2261 1084 veniente
2300 1029 2537 1084 Domino
2566 1027 2633 1081 ad
2673 1025 2971 1097 judicium,
3021 1027 3180 1081 electi
3228 1028 3323 1097 qui
3372 1028 3431 1082 in

1842 1120 1948 1175 hoc
1978 1118 2186 1174 mundo
2220 1118 2593 1183 invenientur,
2637 1118 2920 1187 rapientur
2971 1132 3153 1171 coram
3188 1117 3429 1171 Domino

1843 1208 1901 1264 in
1930 1224 2074 1275 aera,
2117 1215 2170 1263 et
2199 1208 2281 1263 sic
2307 1224 2522 1279 semper
2544 1223 2668 1263 cum
2710 1206 2949 1262 Domino
2978 1211 3140 1260 erunt
3162 1205 3219 1275 (Ι
3252 1206 3430 1260 Thess.

1845 1315 1922 1362 1v,
1956 1298 2069 1368 16).

1896 1412 2001 1467 ‘Ad
2031 1411 2513 1467 demonstrandam
2548 1425 2679 1466 vero
2722 1413 2962 1482 apertius
3008 1408 3232 1465 secundi
3265 1409 3434 1480 sigilli

1844 1500 2204 1572 apertionem,
2251 1501 2319 1555 de
2366 1502 2545 1556 tribus
2594 1499 2919 1571 patriarchis
2965 1514 3136 1570 pauca
3163 1498 3434 1555 dicamus.

1847 1590 1909 1643 In
1937 1589 2139 1644 Genesi
2195 1588 2461 1660 scriptum
2506 1596 2588 1643 est
2631 1588 2759 1659 quia
2804 1586 3038 1643 tentavit
3074 1588 3220 1641 Deus
3248 1586 3436 1641 Abra-

1847 1680 1995 1747 ham,
2028 1687 2085 1735 et
2123 1678 2272 1734 dixit
2300 1677 2366 1733 ad
2396 1694 2521 1733 eum
2554 1696 2564 1733 :
2620 1703 2638 1724 ι
2668 1678 2820 1732 Tolle
2859 1677 3036 1731 ﬁlium
3064 1684 3242 1743 tuum,
3274 1691 3435 1747 quem

1847 1769 2054 1839 diligis,
2085 1769 2253 1834 Isaac,
2288 1775 2342 1821 et
2372 1767 2509 1821 vade
2537 1767 2594 1820 in
2632 1772 2837 1819 terram
2868 1763 3122 1830 visionis,
3161 1771 3216 1818 et
3245 1763 3439 1818 offeres

1845 1873 1969 1913 eum
1991 1856 2069 1911 ibi
2092 1856 2150 1909 in
2168 1855 2554 1910 holocaustum
2571 1869 2734 1924 super
2754 1868 2927 1907 unum
2948 1850 3242 1918 montium,
3276 1866 3435 1922 quem

1844 1944 2039 2002 dixero
2075 1944 2179 2000 tibi
2205 1944 2362 2015 (Gen.
2380 1958 2525 2009 xxu,
2549 1942 2628 2011 2).
2662 1965 2681 1989 ι
2724 1940 3001 1995 Abraham
3029 1954 3162 1993 vero
3182 1937 3249 1994 de
3278 1944 3441 1995 nocte

1844 2049 2198 2105 consurgens,
2244 2031 2445 2087 stravit
2494 2029 2709 2085 asinum
2752 2045 2946 2096 suum,
2995 2028 3200 2085 ducens
3256 2045 3440 2086 secum

1845 2124 1983 2180 duos
2028 2124 2301 2196 juvenes,
2368 2128 2422 2176 et
2481 2120 2630 2175 Isaac
2685 2118 2864 2174 ﬁlium
2921 2134 3104 2174 suum.
3163 2117 3440 2173 Abraham

1846 2212 2130 2270 Christum
2167 2210 2468 2267 secundum
2499 2208 2851 2264 divinitatem
2886 2224 2897 2261 :
2942 2207 3091 2262 Isaac
3117 2213 3300 2261 autem
3333 2206 3444 2262 ho-

1848 2302 2077 2370 minem,
2128 2317 2292 2372 quem
2355 2298 2610 2356 Christus
2651 2296 2965 2368 assumpsit,
3019 2296 3313 2367 designat:
3349 2311 3446 2366 per

1847 2391 2067 2447 asinum
2103 2406 2234 2444 vero
2265 2387 2497 2461 apostoli
2516 2388 2891 2458 designantur.
2943 2385 3219 2441 Abraham
3274 2385 3445 2458 igitur

1847 2485 1915 2541 de
1941 2494 2100 2540 nocte
2130 2484 2411 2550 surrexit;
2444 2483 2574 2556 quia
2608 2484 2782 2538 Filius
2819 2482 2938 2550 Dei,
2965 2482 3172 2537 mundo
3202 2482 3261 2537 in
3282 2489 3445 2539 tene-

1848 2574 1963 2630 bris
1992 2574 2315 2647 ignorantiaa
2352 2575 2552 2645 posito,
2582 2589 2651 2627 ex
2692 2573 2862 2628 Maria
2893 2572 3122 2643 Virgine
3161 2571 3311 2628 nasci
3347 2572 3443 2627 di-

1851 2672 2046 2734 gnatus
2076 2672 2156 2719 est
2192 2680 2203 2717 :
2256 2661 2458 2718 stravit
2500 2661 2715 2716 asinum
2745 2676 2927 2728 suum,
2962 2659 3181 2732 quando
3209 2667 3443 2731 aposto—

1851 2752 1919 2807 lis
1950 2752 2066 2807 suis
2092 2750 2350 2805 mandata
2392 2748 2679 2821 Evangelii
2709 2748 2938 2805 tradidit
2970 2766 2981 2804 :
3014 2764 3111 2820 per
3139 2749 3278 2804 duos
3312 2764 3445 2804 vero

1847 2839 2080 2912 juvenes
2128 2840 2246 2912 (5i)
2305 2839 2419 2895 duo
2452 2846 2722 2910 prmeepta
2748 2837 3035 2894 charitatis
3062 2837 3441 2909 designantur.

1850 2932 1997 2986 Duos
2042 2929 2277 3002 juvenes
2326 2945 2509 2984 secum
2559 2927 2723 2984 duxit
2765 2950 2776 2992 ;
2834 2928 2965 3002 quia
3010 2928 3120 2983 duo
3176 2935 3447 2998 praecepta

1850 3019 2134 3075 charitatis
2211 3018 2504 3089 discipulis
2558 3017 2673 3073 suis
2737 3017 2942 3072 arctius
2989 3026 3044 3073 et
3104 3016 3447 3089 frequentius

1849 3108 2085 3165 tradidit
2136 3125 2147 3163 :
2204 3108 2371 3163 duxit
2421 3115 2475 3162 et
2520 3106 2698 3162 ﬁlium
2748 3123 2932 3174 suum,
2989 3106 3117 3178 quia
3162 3106 3444 3160 hominem

1778 3193 1821 3252 Ο
1858 3215 2017 3272 quem
2050 3195 2365 3269 assumpsit,
2389 3196 2457 3251 ad
2484 3194 2826 3251 moriendum
2861 3211 2959 3266 pro
2989 3210 3183 3267 genere
3206 3195 3447 3249 humano

1856 3287 2118 3356 tradidit,
2168 3286 2312 3343 sicut
2352 3285 2467 3357 ipse
2512 3285 2658 3339 dixit
2699 3283 2758 3338 in
2808 3284 3111 3356 Evangelio
3154 3282 3447 3354 discipulis

1857 3374 2016 3431 suis:
2083 3399 2100 3421 ι
2151 3376 2294 3429 Ecce
2340 3373 2687 3429 ascendimus
2733 3372 3188 3444 Hierosolymam,
3222 3378 3276 3426 et
3303 3386 3447 3426 con-

1857 3463 2283 3520 summabuntur
2312 3461 2520 3529 omnia,
2547 3478 2666 3533 quae
2696 3460 2901 3532 scripta
2926 3469 3055 3516 sunt
3075 3476 3170 3532 per
3199 3459 3448 3531 prophe-

1861 3562 1941 3609 tas
1968 3553 2036 3608 de
2066 3551 2208 3607 Filio
2250 3550 2513 3606 hominis.
2564 3549 2834 3605 Tradetur
2881 3550 3028 3605 enim
3081 3548 3357 3621 gentibus,
3396 3554 3450 3602 et

1859 3644 2142 3713 illudetur,
2198 3651 2252 3699 et
2307 3642 2693 3715 ﬂagellabitur,
2725 3650 2780 3698 et
2807 3648 3173 3715 conspuetur:
3209 3647 3263 3697 et
3292 3648 3451 3712 post-

1860 3750 2023 3807 quam
2079 3732 2499 3804 ﬂagellaverint,
2544 3730 2801 3789 occident
2851 3747 2997 3799 eum,
3045 3737 3100 3786 et
3150 3729 3240 3784 die
3284 3729 3451 3785 tertia

1862 3833 2104 3897 resurget
2136 3826 2290 3898 (Luc.
2322 3843 2489 3894 xvm,
2516 3826 2742 3899 31-33).
2778 3852 2797 3875 ι

1931 3944 2032 4001 Die
2058 3951 2239 3999 autem
2270 3944 2433 4000 tertia
2457 3945 2684 4000 elevatis
2711 3943 2905 4012 oculis,
2929 3943 3074 3999 vidit
3096 3943 3280 4000 locum
3313 3958 3452 4015 pro-

1862 4034 1973 4089 cul.
2007 4034 2138 4088 Tres
2175 4032 2295 4087 dies
2341 4042 2452 4088 tres
2480 4032 2711 4088 decades
2740 4049 3031 4101 annorum,
3065 4038 3254 4106 terque
3291 4031 3451 4090 binas

1864 4135 2078 4177 menses
2100 4121 2407 4193 designant,
2439 4136 2549 4193 quo
2578 4123 2751 4193 spatio
2774 4128 3081 4194 temporum
3113 4121 3366 4180 Christus
3393 4123 3451 4179 in

1864 4209 2072 4265 mundo
2099 4218 2451 4266 conversatus
2500 4210 2723 4266 dicitur.
2758 4210 2934 4267 Locus
2980 4228 3112 4268 vero
3154 4212 3451 4269 Jerusalem

1865 4298 2206 4370 designabat,
2241 4299 2297 4353 in
2329 4316 2438 4371 qua
2463 4316 2653 4371 passus
2681 4307 2762 4356 est
2791 4299 3062 4357 Christus.
3106 4302 3211 4358 Sed
3251 4319 3351 4358 cur
3378 4302 3454 4357 lo-

1866 4405 1991 4444 cum
2018 4405 2073 4443 se
2104 4389 2293 4460 procul
2324 4389 2530 4444 vidisse
2555 4390 2723 4459 dixit,
2745 4408 2871 4446 cum
2888 4392 3134 4463 quotidie
3159 4392 3213 4446 in
3246 4393 3455 4464 templo

1866 4477 2230 4549 praedicaret?
2262 4477 2402 4544 Quia
2431 4480 2685 4551 quamvis
2732 4479 2903 4536 Judaei
2938 4497 3103 4553 prope
3133 4489 3312 4537 essent
3339 4497 3459 4536 cor-

1784 4555 1832 4613 D
1862 4584 2013 4640 pore,
2062 4575 2280 4638 propter
2337 4569 2777 4625 incredulitatem
2823 4576 3007 4625 tamen
3042 4571 3200 4651 longe
3243 4570 3310 4625 ab
3360 4569 3457 4640 illo

1867 4666 2218 4714 recesserant.

1940 4777 2203 4850 Dixitque
2235 4777 2509 4835 Abraham
2542 4779 2727 4850 pueris
2756 4780 2872 4835 suis
2909 4797 2920 4835 :
2967 4802 2986 4826 ι
3006 4780 3336 4851 Exspectate
3367 4779 3462 4836 hic

1869 4884 1994 4925 cum
2023 4869 2224 4924 asino:
2280 4883 2378 4940 ego
2425 4876 2479 4924 et
2520 4885 2654 4940 puer
2680 4870 2816 4925 illuc
2862 4884 3031 4941 usque
3076 4876 3455 4941 properantes,

1870 4967 2155 5031 postquam
2208 4957 2637 5026 adoraverimus,
2686 4967 3025 5015 revertemur
3062 4958 3130 5012 ad
3160 4976 3260 5013 vos
3299 4958 3457 5029 (Gen.

1870 5065 2013 5117 χχιι,
2045 5049 2125 5119 5).
2161 5076 2178 5096 ι
2226 5048 2496 5105 Similiter
2525 5058 2579 5104 et
2624 5047 2877 5106 Christus
2921 5055 3238 5121 exspectare
3281 5047 3463 5104 disci-

1876 5139 2033 5210 pulos
2090 5156 2217 5194 suos
2258 5137 2443 5211 jussit,
2494 5156 2665 5212 usque
2710 5138 2843 5195 dum
2892 5154 3178 5210 resurgens
3225 5145 3462 5193 reverte-

1876 5236 2026 5283 retur
2053 5228 2121 5284 ad
2153 5244 2263 5295 eos,
2295 5245 2422 5286 cum
2438 5227 2642 5285 diceret
2675 5246 2686 5284 :
2734 5253 2752 5276 ι
2783 5228 2986 5284 Omnes
3014 5245 3114 5284 vos
3142 5226 3465 5283 scandalum

1875 5316 2161 5388 patiemini
2208 5317 2266 5372 in
2314 5332 2400 5371 me
2447 5318 2504 5373 in
2556 5318 2661 5373 ista
2707 5326 2893 5386 nocte;
2946 5326 3234 5391 postquam
3280 5322 3466 5370 autem

1875 5420 2262 5471 resurrexero,
2310 5406 2610 5475 prmcedam
2656 5422 2755 5461 vos
2806 5407 2862 5461 in
2911 5406 3195 5461 Galilaeam
3249 5402 3464 5473 (Matth.

1875 5509 2031 5559 xxvr,
2073 5492 2159 5560 31,
2193 5492 2307 5563 32).
2354 5518 2372 5541 ι
2412 5493 2484 5550 Et
2527 5509 2654 5549 cum
2683 5491 3267 5565 comprehenderetur,
3319 5489 3468 5544 dixit

258 5685 375 5756 (5i)
424 5686 598 5757 Edit.,
654 5686 894 5745 tradidit.
952 5686 1095 5745 Duos
1149 5702 1269 5742 vero
1314 5683 1533 5756 juvenes
1595 5697 1763 5736 secum
1824 5680 1982 5737 duit
2012 5696 2028 5732 :
2062 5695 2189 5734 mss.
2225 5692 2354 5732 vero
2379 5675 2537 5732 nobis
2563 5676 2938 5733 consentiunt.
