3880 6198
424 352 530 418 899

425 485 628 542 Iudaeis
668 505 679 543 :

430 575 611 646 (Ioan.
650 593 813 643 xvm,
843 575 922 645 8).
950 599 967 622 ι

498 665 648 721 Tulit
680 664 851 737 igitur
888 663 1166 719 Abraham
1216 664 1365 736 ligna
1404 663 1734 729 holocausti,
1768 672 1821 719 et
1848 665 2020 737 impo-

425 755 539 810 suit
557 770 721 826 super
740 755 886 809 Isaac
915 752 1092 806 ﬁlium
1123 769 1285 807 suum
1323 770 1335 806 :
1372 754 1486 824 ipse
1520 770 1652 809 vero
1683 755 1934 825 portabat
1963 756 2019 809 in

427 843 681 900 manibus
726 843 907 912 ignem
961 849 1013 895 et
1054 841 1322 911 gladium.
1354 842 1612 898 Diximus
1641 844 1893 915 superius
1927 860 2023 916 per

427 930 574 1000 ligna
620 936 837 999 peccata
882 938 1068 982 nostra
1114 929 1284 984 fuisse
1335 929 1665 1001 designata:
1701 932 1848 1002 ligna
1895 950 2021 1004 ergo

428 1018 577 1072 Isaac
609 1024 752 1079 523
796 1017 1041 1087 portavit
1073 1035 1087 1084 ;
1137 1017 1268 1089 quia
1294 1027 1513 1089 peccata
1542 1027 1730 1076 nostra
1770 1020 2024 1077 Christus

426 1115 657 1185 pertulit
684 1114 743 1168 in
789 1131 1017 1186 corpore
1050 1132 1148 1170 suo
1178 1132 1345 1187 super
1398 1117 1649 1188 lignum;
1683 1125 1744 1173 ut
1785 1119 2023 1190 peccatis

427 1204 632 1259 mortui
671 1204 903 1276 justitize
952 1207 1227 1263 vivamus.
1262 1208 1365 1261 Per
1402 1225 1596 1264 manus
1631 1225 1759 1264 vere
1784 1209 2021 1265 Abrahae

427 1303 666 1366 potestas
686 1296 911 1351 Domini
943 1296 1119 1351 nostri
1147 1298 1275 1352 Iesu
1307 1297 1515 1355 Christi
1558 1298 1919 1371 intelligitur;
1962 1300 2022 1354 in

426 1383 544 1454 ejus
573 1401 809 1457 namque
840 1395 1104 1457 potestate
1133 1387 1239 1444 fuit
1270 1395 1332 1442 ut
1360 1395 1683 1456 moreretur,
1722 1398 1776 1444 et
1822 1397 2020 1444 utnon

426 1481 756 1543 moreretur,
800 1473 847 1528 si
895 1476 1082 1544 vellet,
1112 1478 1257 1533 sicut
1301 1477 1422 1549 ipse
1463 1478 1585 1533 ait:
1650 1503 1667 1525 ι
1692 1479 2020 1535 Potestatem

428 1560 604 1618 habeo
635 1564 875 1635 ponendi
897 1567 1137 1622 animam
1173 1584 1373 1635 meam,
1406 1576 1460 1623 et
1493 1576 1816 1638 potestatem
1849 1568 2022 1625 habeo

426 1656 628 1713 iterum
678 1659 936 1715 sumendi
978 1675 1099 1717 eam
1139 1662 1321 1729 (Joan.
1367 1678 1426 1729 χ,
1472 1661 1583 1726 l8).
1631 1685 1649 1708 ι
1709 1662 1811 1718 Per
1840 1662 2021 1733 ignem

424 1754 609 1803 autem
667 1749 866 1819 passio,
926 1766 1022 1821 per
1073 1749 1317 1822 gladium
1377 1748 1498 1821 ejus
1565 1767 1713 1807 mors
1759 1749 2018 1823 intelligi-

424 1844 538 1893 tur.

495 1925 634 1982 Cum
667 1926 905 1983 venisset
932 1927 1001 1983 ad
1034 1928 1240 1997 locum,
1290 1928 1587 1986 aediﬁcavit
1628 1930 1818 1997 altare,
1853 1936 1906 1985 et
1933 1930 2023 1986 de-

425 2032 592 2088 super
640 2017 789 2090 ligna
835 2021 1167 2091 composuit.
1215 2020 1462 2092 Cumque
1515 2021 1827 2093 colligasset
1877 2022 2028 2079 Isaac

428 2106 608 2162 ﬁlium
667 2124 851 2177 suum,
895 2109 1079 2180 posuit
1127 2125 1253 2165 eum
1306 2111 1364 2166 in
1405 2110 1563 2166 altari
1608 2128 1772 2183 super
1816 2119 2024 2168 struem

428 2199 729 2271 lignorum.
760 2202 863 2256 Per
891 2202 1060 2257 altare
1078 2218 1218 2258 crux
1243 2202 1572 2274 intelligitur
1601 2222 1613 2260 :
1646 2221 1868 2261 crucem
1898 2221 2026 2277 ergo

426 2289 601 2345 Filius
629 2290 727 2345 Dei
756 2289 1070 2359 aediﬁcavit,
1111 2292 1167 2346 in
1188 2308 1297 2364 qua
1326 2292 1491 2349 homo
1520 2310 1685 2366 quem
1719 2310 2024 2365 assumpse-

426 2385 532 2447 rat,
564 2378 941 2436 immolaretur
966 2382 1128 2454 ;quia
1156 2382 1276 2455 ipso
1304 2384 1654 2456 permittente
1686 2385 1894 2442 factum
1918 2393 2023 2442 est.

428 2467 604 2538 Super
644 2468 813 2524 altare
842 2486 974 2525 vero
1024 2470 1173 2542 ligna
1220 2475 1550 2545 composuit,
1583 2483 1636 2530 et
1683 2490 1848 2546 super
1876 2474 2026 2546 ligna

429 2556 612 2629 posuit
641 2558 791 2615 Isaac
820 2558 997 2614 ﬁlium
1028 2576 1190 2616 suum
1221 2562 1572 2633 colligatum;
1614 2563 1755 2619 illud
1786 2579 2024 2636 namque

429 2644 577 2719 quod
630 2646 896 2703 suﬁocare
926 2648 1203 2717 volumus,
1249 2649 1524 2705 nobismet
1574 2650 1711 2723 ipsis
1762 2651 2023 2724 supponi-

431 2751 576 2804 mus,
606 2744 669 2792 ut
718 2738 957 2809 pondere
1006 2748 1196 2796 nostro
1247 2741 1546 2799 suﬁ‘ocetur
1593 2749 1647 2798 et
1676 2750 1896 2814 pereat:
1933 2743 2024 2799 si-

429 2823 638 2879 militer
665 2832 719 2880 et
772 2827 1101 2900 Redemptor
1149 2838 1335 2886 noster
1379 2832 1547 2903 ligna,
1589 2831 1647 2887 id
1683 2839 1763 2887 est
1804 2840 2025 2904 peccata

428 2919 635 2979 nostra,
656 2913 714 2967 in
740 2931 901 2970 cruce
924 2916 1164 2986 pendens
1192 2919 1298 2973 sibi
1331 2919 1618 2990 supposuit
1641 2939 1655 2987 ;
1690 2928 1752 2976 ut
1782 2920 2023 2993 pondere

428 3016 529 3054 suo
558 3008 720 3070 atque
756 3002 957 3057 virtute
1006 3004 1405 3061 sull‘ocarentur
1433 3024 1496 3063 ac
1520 3008 1854 3066 delerentur.
1892 3009 2025 3066 Vin-

425 3087 551 3144 cula
582 3095 761 3143 autem
790 3090 937 3146 Isaac
962 3091 1316 3149 aﬁlictionem
1340 3097 1563 3151 Domini
1596 3098 1654 3152 in
1693 3114 1853 3154 cruce
1883 3096 2025 3152 desi-

1497 355 1593 417 AD
1631 356 1865 419 OPERA
1901 362 1957 418 S.
1997 354 2329 419 AMBROSII
2357 353 2737 416 APPENDIX.

741 511 759 533 ιι
812 485 869 541 Si
914 501 1041 558 ergo
1084 502 1169 541 me
1211 483 1477 559 quaeritis,
1531 486 1696 541 sinite
1745 485 1846 542 hos
1873 486 2099 546 abireA
2130 483 2516 541 tabernaculis.
2580 484 2682 539 Per
2731 483 2881 541 Esau
2936 483 3174 555 populus
3237 482 3555 540 Hebraicus
3583 526 3605 550 ,
3654 502 3749 557 per

3641 358 3747 417 900

2128 573 2295 630 Iacob
2324 588 2455 628 vero
2494 573 2728 644 populus
2771 572 3016 644 gentium
3064 572 3408 644 designatur.
3444 574 3603 630 Isaac
3651 590 3743 630 au-

2130 675 2241 723 tem
2288 668 2575 739 utriusque
2626 666 2840 739 genitor
2878 672 3075 738 typum
3128 665 3359 721 Domini
3399 659 3608 735 tenuit,
3654 671 3747 741 qui

2132 765 2428 828 utrumque
2478 756 2762 828 populum,
2817 762 2872 810 et
2919 754 3076 809 illum
3119 770 3217 827 per
3244 755 3444 827 legem,
3477 765 3534 811 et
3563 756 3735 812 istum

2135 861 2230 916 per
2258 844 2421 900 ﬁdem
2455 843 2599 899 ﬁlios
2631 844 2736 899 sibi
2780 844 2929 899 fecit.
2980 844 3125 898 Esau
3149 843 3395 914 agricola
3427 853 3575 913 erat;
3611 847 3745 918 quia

2131 933 2449 989 Iudaeorum
2520 934 2753 1005 pepulus
2812 949 2911 1004 pro
2963 932 3195 988 terrenis
3254 934 3571 989 commodis
3628 936 3743 991 Deo

2132 1026 2419 1084 serviebat.
2456 1028 2575 1083 Non
2604 1027 2748 1082 enim
2772 1027 2981 1082 dictum
3012 1035 3094 1083 est
3123 1026 3192 1083 ad
3223 1026 3351 1083 illos
3397 1046 3411 1083 :
3454 1030 3518 1085 Si
3546 1046 3746 1101 paupe-

2132 1134 2217 1173 res
2245 1117 2462 1173 fueritis
2489 1118 2709 1190 spiritu,
2741 1119 2787 1173 si
2835 1118 3017 1184 mites,
3047 1117 3094 1172 si
3123 1116 3338 1188 paciﬁci
3365 1162 3380 1186 ,
3428 1119 3475 1174 si
3531 1120 3746 1176 miseri-

2130 1205 2342 1274 cordes,
2397 1206 2441 1261 si
2474 1206 2876 1278 persecutiones
2906 1222 3005 1276 pro
3034 1206 3260 1262 nomine
3292 1223 3419 1262 meo
3452 1209 3739 1265 sustinue-

2130 1295 2286 1364 ritis;
2312 1296 2457 1352 beati
2506 1296 2682 1365 eritis,
2728 1304 2783 1352 et
2825 1312 3037 1352 merces
3064 1305 3246 1353 vestra
3285 1297 3511 1369 copiosa
3540 1300 3653 1354 erit
3689 1317 3743 1355 in

2130 1385 2283 1440 caelis
2316 1402 2328 1439 :
2388 1384 2482 1440 sed
2524 1385 2734 1441 dictum
2764 1393 2845 1440 est
2874 1384 2941 1440 ad
2974 1384 3100 1440 illos
3132 1403 3144 1440 :
3197 1408 3216 1432 ι
3263 1385 3321 1441 Si
3352 1387 3742 1443 custodieritis

2132 1474 2388 1531 mandata
2443 1493 2580 1543 mea,
2639 1483 2693 1531 et
2734 1474 2946 1547 judicia
2992 1490 3112 1530 mea
3158 1475 3540 1544 servaveritis,
3599 1477 3744 1533 dabo

2132 1570 2292 1626 vobis
2348 1572 2565 1644 pluvias
2618 1570 2957 1643 temporibus
3005 1570 3141 1637 suis,
3196 1577 3251 1627 et
3298 1578 3444 1627 terra
3499 1571 3741 1644 proferet

2133 1672 2351 1728 germen
2377 1675 2562 1723 suum,
2593 1667 2647 1715 et
2687 1660 2866 1731 pomis
2903 1658 3126 1715 arbores
3150 1659 3522 1731 replebuntur
3546 1662 3738 1733 (Leuit.

2133 1762 2283 1814 xxv},
2314 1744 2370 1814 3,
2409 1746 2489 1817 4),
2525 1772 2542 1795 ι
2578 1754 2631 1802 et
2654 1755 2847 1804 caetera
2875 1764 2996 1820 quae
3020 1748 3089 1804 ad
3117 1747 3344 1805 delicias
3382 1751 3577 1805 saeculi
3608 1767 3742 1822 per-

2045 1849 2091 1909 B
2133 1834 2331 1892 tinent.
2365 1838 2493 1892 Fuit
2524 1838 2690 1893 etiam
2738 1839 2882 1895 Esau
2914 1847 3163 1907 venator,
3218 1840 3347 1912 quia
3378 1857 3476 1912 per
3505 1841 3741 1897 effusio—

2133 1938 2258 1979 nem
2299 1926 2630 1997 sanguinum
2661 1928 2915 1996 arietum,
2941 1926 3223 1984 hircorum
3243 1936 3409 2001 atque
3428 1931 3737 1987 vitulorum

2136 2012 2309 2068 Deum
2341 2013 2555 2085 placare
2601 2026 2964 2074 consueverat
2998 2033 3011 2072 :
3068 2016 3236 2073 Iacob
3278 2024 3463 2073 autem
3498 2018 3737 2092 simplex

2134 2107 2418 2166 habitabat
2479 2110 2538 2165 in
2592 2110 2994 2179 tabernaculis;
3030 2112 3157 2184 quia
3186 2113 3348 2169 electi
3380 2130 3451 2169 ex
3480 2115 3739 2187 gentibus

2134 2197 2249 2254 sola
2291 2197 2398 2254 ﬁde
2436 2200 2552 2270 (52)
2599 2199 2853 2273 bonaque
2888 2201 3174 2257 voluntate
3216 2203 3332 2258 Deo
3362 2205 3583 2275 placere
3612 2213 3729 2261 stu.

2134 2288 2395 2344 duerunt.
2427 2290 2529 2345 Per
2556 2290 2909 2347 tabernacula
2938 2307 3071 2346 vero
3107 2290 3223 2347 sive
3260 2291 3509 2348 diversas
3545 2293 3734 2351 Eccle.

2134 2376 2262 2443 sias,
2310 2376 2368 2432 in
2415 2377 2616 2450 quibus
2643 2394 2739 2450 per
2770 2378 3091 2435 universum
3122 2378 3309 2436 orbem
3339 2397 3451 2436 una
3480 2382 3736 2439 Ecclesia

2133 2464 2408 2523 catholica
2437 2466 2616 2522 divisa
2629 2475 2729 2534 est,
2763 2466 2880 2526 sive
2907 2467 3153 2525 diverses
3187 2468 3410 2526 ordines
3442 2488 3736 2544 possumus

2135 2552 2461 2625 intelligere.

2204 2644 2354 2700 Isaac
2396 2644 2659 2717 diligebat
2711 2646 2880 2714 Esau,
2925 2662 2989 2702 eo
3037 2647 3181 2720 quod
3231 2647 3299 2705 de
3338 2649 3737 2708 venationibus

2134 2731 2288 2787 illius
2304 2742 2614 2790 vesceretur
2638 2751 2649 2789 :
2670 2734 2764 2790 sed
2794 2735 3037 2792 Rebecca
3065 2735 3327 2809 diligebat
3354 2739 3547 2795 Iacob.
3566 2740 3734 2809 Isaac,

2134 2820 2280 2877 sicut
2312 2820 2582 2891 diximus,
2612 2823 2670 2879 in
2720 2823 2827 2880 hoc
2874 2824 2996 2881 loco
3029 2831 3224 2896 typum
3267 2827 3492 2882 Domini
3540 2838 3731 2884 tenet:

2133 2925 2229 2981 per
2268 2909 2568 2968 Rebeccam
2618 2921 2800 2968 autem
2842 2912 3244 2985 prmscientiam
3287 2916 3388 2971 Dei
3437 2933 3734 2988 possumus

2134 3002 2463 3074 intelligere.
2510 3006 2658 3061 Isaac
2700 3005 2871 3077 igitur
2899 3005 3163 3077 diligebat
3192 3008 3358 3074 Esau,
3391 3025 3456 3064 eo
3484 3010 3642 3081 quod
3670 3010 3735 3067 de

2133 3095 2525 3152 venationibus
2547 3097 2702 3153 illius
2738 3106 3081 3161 vesceretur;
3116 3098 3246 3172 quia
3285 3100 3433 3154 Deus
3465 3099 3731 3171 diligebat

425 3187 749 3250 guaverunt.
779 3180 857 3234 Ea
889 3197 1017 3236 vero
1048 3198 1168 3255 qua:
1202 3185 1430 3256 angelus
1461 3186 1529 3241 ad
1559 3188 1836 3243 Abraham
1867 3187 2014 3245 locu-
2051 3212 2095 3273 ρ
2133 3186 2398 3273 populum
2426 3186 2761 3257 Iudaeorum,
2801 3204 2865 3243 eo
2900 3188 3046 3261 quod
3075 3188 3312 3245 assiduis
3340 3206 3533 3245 eorum
3572 3191 3735 3247 obla-

426 3272 513 3323 tus
549 3275 648 3335 est,
680 3268 749 3323 ad
769 3268 911 3327 hanc
938 3274 1343 3343 expositionem
1368 3291 1477 3330 non
1510 3284 1807 3347 pertinent.

500 3360 733 3416 Levavit
757 3362 1033 3420 Abraham
1076 3367 1285 3435 oculos,
1314 3367 1564 3440 viditque
1613 3369 1836 3426 arietem
1876 3370 2023 3426 inter

423 3464 616 3521 vepres
646 3449 943 3507 haerentem
975 3454 1268 3522 cornibus,
1299 3472 1462 3527 quem
1491 3473 1775 3513 assumens
1812 3458 2020 3514 obtulit

423 3535 806 3595 holocaustum
834 3556 931 3609 pro
956 3540 1091 3597 ﬁlio.
1123 3543 1281 3598 Aries
1312 3544 1593 3601 Christum
1616 3547 1853 3618 signavit
1879 3564 1889 3601 :
1922 3562 2019 3618 per

422 3625 533 3681 duo
576 3642 784 3679 cornua
813 3625 924 3681 duo
962 3636 1232 3698 praecepta
1278 3629 1569 3686 charitatis
1616 3634 2012 3705 designantur:

426 3729 521 3786 per
550 3729 741 3784 vepres
777 3713 974 3771 Iudaei.
1012 3715 1269 3772 Christus
1306 3717 1475 3789 igitur
1504 3720 1648 3775 inter
1672 3738 1864 3793 vepres
1911 3722 2017 3779 haz-

421 3800 577 3857 rebat
619 3802 913 3870 cornibus;
958 3805 1088 3876 quia
1119 3805 1337 3863 Iudaeos
1366 3816 1427 3863 ut
1454 3807 1649 3865 fratres
1676 3810 1932 3882 diligens,
1964 3820 2018 3868 et

421 3893 602 3950 sciens
633 3894 761 3966 quia
792 3894 1039 3966 gentium
1070 3897 1290 3953 vocatio
1318 3897 1633 3955 Iudaeorum
1668 3911 1807 3958 esset
1834 3903 2010 3974 perdi-

422 3983 519 4053 tio,
566 3984 747 4040 noluit
777 3984 955 4056 primo
984 3985 1148 4042 ﬁdem
1182 3988 1471 4061 Evangelii
1501 3990 1753 4061 gentibus
1784 3992 2012 4063 tradere,

419 4074 513 4128 sed
554 4073 777 4130 mittens
807 4073 876 4129 ad
923 4076 1337 4147 praedicandum
1369 4078 1672 4152 discipulos
1699 4099 1847 4150 suos,
1884 4100 2016 4155 pra:-

418 4161 565 4232 cepit
593 4162 671 4216 eis
699 4162 923 4219 dicens:
992 4190 1010 4212 ι
1052 4168 1112 4222 In
1144 4167 1290 4222 viam
1335 4169 1580 4239 gentium
1632 4187 1699 4225 ne
1746 4171 2012 4240 abieritis,

418 4259 474 4305 et
521 4250 577 4303 in
614 4251 862 4307 civitatis
894 4253 1369 4312 Samaritanorum
1406 4276 1474 4313 ne
1504 4259 1846 4316 intraveritis
1875 4279 1886 4315 :
1920 4261 2015 4317 sed

420 4338 497 4393 ite
524 4339 706 4410 potius
735 4341 801 4395 ad
835 4359 967 4397 oves
1002 4344 1243 4414 perditas
1272 4346 1467 4404 domus
1504 4349 1671 4404 Israel
1708 4350 1919 4421 (Matth.
1952 4369 2011 4420 x,

417 4428 497 4501 ὕ).
532 4455 550 4478 ιι
596 4430 666 4484 Et
693 4429 915 4484 mulieri
957 4429 1276 4488 Chananaaaa
1306 4434 1449 4490 dixit
1484 4452 1495 4489 :
1543 4461 1561 4483 ‹
1590 4437 1709 4492 Non
1741 4455 1859 4493 sum
1888 4440 2011 4495 mis-

2128 3272 2376 3330 tionibus
2432 3277 2784 3348 placaretur:
2843 3286 3014 3334 mater
3056 3288 3189 3334 vero
3245 3278 3515 3351 diligebat
3543 3280 3729 3349 Iacob,

2130 3363 2260 3434 quia
2286 3365 2466 3421 sciens
2492 3368 2636 3422 Deus
2666 3367 2929 3439 populum
2958 3367 3206 3439 gentium
3240 3370 3422 3424 multo
3445 3370 3726 3426 meliorem

2127 3452 2244 3508 fore
2302 3470 2465 3526 quam
2511 3457 2777 3528 populum
2824 3457 3178 3524 Iudaeorum,
3228 3475 3327 3531 per
3371 3459 3727 3531 prmscientiaa

2127 3558 2238 3599 sua;
2286 3545 2515 3615 gratiam
2564 3547 2739 3602 multo
2785 3546 3027 3619 amplius
3071 3563 3197 3602 eum
3243 3548 3534 3620 diligebat.
3587 3550 3727 3606 Esau

2126 3648 2251 3688 cum
2283 3633 2344 3687 in
2373 3634 2667 3691 venatione
2696 3644 3005 3691 moraretur
3024 3679 3041 3705 ,
3074 3643 3137 3691 ut
3166 3636 3234 3692 de
3266 3637 3580 3709 agrestibus
3616 3639 3724 3693 ani-

2127 3721 2367 3777 malibus
2391 3722 2544 3779 cibos
2564 3725 2706 3795 patri
2736 3725 3042 3793 exhiberet,
3067 3734 3342 3798 quatenus
3359 3726 3431 3782 ab
3454 3728 3553 3783 illo
3571 3728 3722 3784 bene-

2126 3810 2419 3879 diceretur,
2453 3821 2628 3869 mater
2657 3815 2824 3871 Iacob
2850 3815 2921 3871 ad
2952 3815 3362 3887 percipiendam
3394 3816 3721 3873 benedictio-

2080 3911 2251 3956 'nem
2291 3903 2433 3974 patri
2492 3904 2796 3976 applicuit;
2851 3905 2981 3976 quia
3036 3922 3161 3960 cum
3221 3906 3466 3977 populus
3518 3906 3720 3963 Iudae-

2126 4007 2249 4047 rum
2280 3993 2763 4051 observationibus
2793 3996 3057 4067 legalibus
3100 3996 3324 4053 deditus
3354 4006 3521 4066 esset,
3566 4008 3721 4071 atque

2125 4082 2193 4137 ad
2222 4082 2388 4139 ﬁdem
2430 4084 2639 4141 Christi
2667 4084 3075 4156 percipiendam
3124 4085 3336 4142 tardius
3365 4095 3673 4143 occurreret
3702 4105 3715 4153 ;

2125 4180 2299 4228 mater
2344 4174 2517 4244 gratia
2564 4175 2827 4246 populum
2885 4175 3167 4245 gentium.
3227 4191 3291 4231 eo
3358 4176 3510 4249 quod
3566 4176 3714 4232 ﬁdem

2124 4262 2331 4321 Christi
2360 4279 2487 4320 cum
2526 4263 2789 4320 aviditate
2818 4266 3166 4336 suscepisset,
3217 4266 3282 4322 ad
3314 4268 3714 4339 percipiendam

2121 4355 2586 4425 benedictionem,
2622 4373 2742 4429 quae
2771 4357 2975 4413 Iudazis
2994 4357 3321 4424 debebatur,
3351 4361 3471 4415 Deo
3500 4360 3713 4415 obtulit.

2125 4443 2375 4510 Qualiter
2411 4453 2594 4501 autem
2642 4445 2760 4517 ipse
2804 4447 3036 4517 populus
3066 4447 3313 4518 gentium
3351 4447 3460 4504 hoc
3492 4448 3716 4505 benedi-

416 4536 527 4588 sus,
543 4518 660 4628 ‘p’isi
690 4518 757 4575 ad
785 4535 914 4618 oves
941 4537 1059 4593 quae
1094 4521 1373 4592 perierunt
1395 4523 1590 4581 domus
1617 4528 1776 4582 Israel
1797 4529 2008 4599 (Matth.
2045 4569 2095 4628 Β
2125 4533 2326 4588 ctiouis
2358 4533 2564 4589 donum
2598 4536 2920 4606 promeruit,
2940 4542 3211 4591 testantur
3239 4553 3416 4607 opera
3445 4538 3612 4594 Iacob
3631 4553 3718 4608 per

414 4623 511 4675 xv,
543 4606 673 4679 2(a);
708 4633 725 4655 ι
771 4616 823 4663 et
852 4608 1050 4663 iterum
1091 4625 1102 4663 :
1179 4635 1196 4657 ι
1248 4611 1367 4665 Non
1422 4619 1502 4666 est
1554 4612 1757 4668 bonum
1798 4632 2012 4674 sumere

415 4715 609 4772 panem
642 4698 907 4768 ﬁliorum,
942 4706 995 4755 et
1025 4701 1243 4756 mittere
1273 4700 1501 4758 canibus
1532 4705 1692 4774 (Ibid.
1724 4705 1838 4777 26).
1872 4732 1889 4753 ι

486 4796 767 4853 Abraham
816 4804 998 4853 autem
1052 4814 1083 4852 a
1132 4799 1392 4871 vepribus
1439 4801 1660 4856 arietem
1718 4802 2007 4873 abstraxit,

413 4893 577 4959 atque
608 4887 663 4942 in
708 4886 1089 4944 holocaustum
1131 4905 1227 4961 pro
1266 4889 1383 4945 ﬁlio
1412 4891 1615 4946 obtulit
1649 4910 1660 4947 :
1695 4893 1823 4965 quia
1852 4894 2009 4949 Pater

413 4975 640 5044 Filium,
673 4986 728 5033 et
749 4977 864 5049 ipse
894 4979 1070 5034 Filius
1099 4979 1455 5052 semetipsum
1485 4980 1552 5036 ab
1581 4997 1767 5037 amore
1812 4982 2006 5055 impio-

412 5078 533 5118 rum
591 5064 905 5121 Iudaeorum
955 5067 1251 5138 separavit,
1301 5075 1464 5140 atque
1503 5067 1785 5125 hominem
1841 5088 2001 5143 quem

411 5153 725 5225 assumpsit,
768 5171 866 5226 pro
897 5156 1071 5212 salute
1099 5155 1328 5212 humani
1383 5157 1595 5230 generis
1642 5157 1699 5213 in
1748 5158 2003 5216 holocau-

409 5248 555 5297 stum
585 5241 808 5298 obtulit.

480 5338 558 5394 De
605 5340 796 5396 eodem
829 5356 960 5396 vero
995 5340 1146 5398 Isaac
1191 5342 1458 5414 scriptum
1497 5351 1598 5411 est,
1627 5344 1756 5416 quia
1808 5344 2003 5401 habuit

407 5424 547 5481 duos
575 5426 741 5495 ﬁlios,
783 5428 930 5483 Esau
987 5437 1040 5485 et
1088 5431 1273 5488 Iacob.
1331 5433 1476 5488 Esau
1525 5440 1754 5488 venator
1780 5433 1909 5499 fuit,
1947 5442 2002 5490 et

409 5510 575 5570 homo
620 5517 894 5588 agricola:
949 5518 1115 5576 Iacob
1162 5537 1293 5577 vero
1334 5521 1571 5594 simplex
1618 5520 1900 5578 habitabat
1942 5522 2000 5579 in

2124 4621 2617 4693 signiﬁcationem,
2667 4640 2789 4697 quae
2821 4640 2918 4696 pro
2949 4624 3337 4683 benedictione
3368 4625 3716 4700 percipienda

2118 4710 2290 4782 egisse
2322 4711 2672 4768 describitur.

2186 4801 2344 4856 Dixit
2376 4801 2545 4873 igitur
2573 4801 2817 4858 Rebecca
2842 4802 2961 4858 ﬁlio
2990 4820 3093 4859 suo
3121 4804 3291 4861 Iacob
3317 4822 3331 4859 :
3374 4830 3393 4852 ι
3416 4804 3713 4863 Aﬂ‘ermihi

2116 4890 2255 4946 duos
2284 4889 2476 4945 haedos
2519 4890 2780 4961 optimos,
2824 4899 2877 4947 et
2913 4892 3115 4948 faciam
3166 4909 3237 4949 ex
3267 4894 3350 4949 eis
3377 4911 3533 4951 escas
3580 4893 3713 4966 patri

2116 4986 2232 5043 tuo,
2259 4977 2461 5050 quibus
2492 4977 2730 5034 libenter
2759 4981 2999 5037 vescitur
3034 5000 3046 5047 ;
3083 4988 3140 5036 et
3170 4982 3468 5039 benedicet
3498 4984 3603 5039 tibi
3630 5001 3712 5039 co-

2113 5084 2228 5125 ram
2262 5070 2529 5137 Domino,
2557 5078 2847 5143 antequam
2880 5074 3150 5129 moriatur
3172 5075 3330 5147 (Gen.
3363 5092 3535 5143 xxvu,
3566 5077 3645 5147 9).
3682 5099 3698 5122 -

2109 5158 2267 5215 Abiit
2298 5167 2353 5215 et
2381 5160 2588 5227 attulit,
2646 5160 2906 5233 deditque
2942 5164 3126 5219 matri.
3160 5164 3384 5219 Paravit
3411 5164 3510 5220 illa
3540 5164 3706 5232 cibos,

2110 5246 2254 5304 sicut
2282 5257 2509 5305 noverat
2532 5249 2673 5305 velle
2713 5257 2921 5321 patrem
2960 5250 3138 5320 illius,
3174 5259 3229 5307 et
3258 5253 3510 5309 vestibus
3544 5254 3705 5317 Esau,

2110 5358 2245 5415 quas
2275 5342 2420 5415 apud
2449 5358 2509 5398 se
2537 5341 2772 5399 habebat
2799 5344 2970 5414 domi,
2997 5344 3185 5401 induit
3212 5363 3364 5415 eum,
3399 5347 3703 5419 pelliculas-

2111 5449 2216 5506 que
2244 5434 2525 5491 bmdorum
2560 5435 2925 5493 circumdedit
2967 5437 3244 5506 manibus,
3284 5447 3340 5495 et
3385 5438 3521 5496 colli
3561 5437 3702 5493 nuda

2109 5525 2375 5597 protexit,
2405 5525 2665 5600 deditque
2684 5528 3058 5598 pulmentum,
3091 5535 3147 5584 et
3166 5543 3333 5602 panes
3360 5544 3499 5602 quos
3543 5542 3696 5583 coxe-

484 5701 602 5771 (52)
634 5703 723 5758 Sic
754 5721 907 5771 mss.;
942 5715 995 5762 at
1020 5709 1311 5776 veroedit.,
1360 5728 1424 5765 ea:
1468 5711 1702 5780 gentibus
1744 5714 1845 5768 soli
1868 5714 1990 5783 ﬁde,
2021 5723 2127 5772 etc.
