3880 6198
144 353 251 411 901

1022 352 1497 413 .BERENGAUDI
1533 352 1910 411 EXPOSlTIO
1947 354 2019 411 IN
2057 350 2562 411 APOCALYPSIN.

3346 349 3453 410 902

146 486 254 548 rat,
287 477 540 536 tradidit.
573 479 678 535 Per
719 478 858 535 duos
903 477 1091 536 haedos
1119 479 1519 537 confessionem
1554 495 1755 550 pecca—
1781 483 1831 541 Α
1860 492 1970 532 non
1996 476 2217 533 desinit.
2242 478 2436 534 Manus
2458 476 2784 544 circumdat,
2818 464 3026 533 cum'ne
3053 477 3109 531 in
3144 476 3305 532 bonis
3325 492 3454 548 ope-

146 576 333 623 torum
392 567 583 640 populi
638 568 859 640 gentilis
912 576 966 625 et
1022 570 1401 641 paenitentiam
1458 585 1747 642 possumus

145 656 477 728 intelligere.
512 658 661 713 Duos
704 674 830 729 ergo
875 656 1061 714 haedos
1103 659 1341 730 optimos
1388 658 1553 715 Jacob
1584 656 1747 712 matri

144 746 354 802 obtulit
384 765 396 815 ;
430 747 559 820 quia
588 764 685 819 per
712 748 1110 805 confessionem
1145 758 1490 821 peccatorum
1536 755 1590 803 et
1641 764 1747 818 ρω-

145 836 463 904 nitentiam,
495 853 615 909 quae
647 838 739 892 via
782 846 863 893 est
903 838 971 894 ad
1001 837 1164 893 ﬁdem
1198 838 1478 905 euntibus,
1511 837 1748 909 populus

144 926 373 997 gentilis
415 925 484 981 ad
516 927 763 982 eamdem
818 927 980 983 ﬁdem
1024 927 1429 999 percipiendam
1479 941 1749 997 propera-

144 1016 245 1070 vit.
280 1014 389 1082 Qui
437 1014 583 1071 haedi
634 1016 832 1087 optimi
886 1016 1152 1073 dicuntur
1182 1017 1388 1083 fuisse;
1420 1016 1550 1089 quia
1587 1015 1748 1071 valde

141 1106 500 1177 acceptabilis
564 1108 678 1163 Deo
729 1116 810 1164 est
874 1108 1198 1181 pcenitentia
1263 1107 1563 1180 peccatoris
1619 1122 1744 1163 cum

140 1196 630 1253 abrenuntiatione
678 1198 965 1268 vitiorum,
1011 1198 1154 1255 sicut
1190 1196 1305 1269 ipse
1334 1198 1604 1253 Dominus
1651 1211 1744 1250 no-

140 1294 252 1341 ster
277 1286 423 1342 dicit
454 1287 513 1342 in
543 1287 884 1360 Evangelio:
931 1313 950 1335 -
979 1287 1252 1345 Gaudium
1283 1294 1365 1343 est
1392 1287 1448 1341 in
1472 1286 1610 1342 caelo
1641 1302 1744 1340 su—

140 1392 237 1448 per
266 1392 383 1431 uno
414 1386 697 1448 peccatore
733 1377 1111 1449 pmnitentiam
1145 1384 1355 1449 agente,
1388 1392 1551 1449 quam
1581 1391 1746 1446 super

140 1465 448 1535 nonaginta
476 1482 677 1522 novem
702 1464 890 1537 justis,
926 1465 1019 1538 qui
1051 1482 1163 1521 non
1192 1464 1446 1536 indigent
1476 1464 1745 1536 paeniten-

139 1553 216 1608 tia
245 1554 406 1625 (Luc.
438 1571 538 1621 xv,
572 1556 625 1626 7)
657 1574 670 1623 ;
702 1579 721 1603 ι
774 1571 869 1626 per
898 1571 1070 1610 unum
1101 1563 1440 1627 peccatorem
1481 1552 1745 1625 populum

141 1644 420 1713 gentium,
468 1660 562 1715 per
609 1643 911 1715 nonaginta
939 1660 1071 1699 vero
1099 1659 1294 1698 novem
1327 1641 1501 1714 justos
1529 1640 1746 1696 Iudaeos

140 1730 382 1804 intelligi
428 1733 640 1788 volens.
688 1732 793 1801 Qui
818 1731 956 1804 justi
987 1732 1109 1788 ideo
1148 1731 1430 1799 dicuntur,
1465 1729 1593 1802 quia
1623 1746 1745 1802 pro-

1855 564 2010 621 ribus
2033 565 2349 633 extollatur,
2384 573 2605 637 peccata
2634 564 2909 637 praeterita
2934 572 3059 620 ante
3088 566 3277 621 oculos
3305 581 3451 620 men-

1856 653 1929 709 tis
1956 669 2100 724 saspe
2126 654 2362 710 reducit.

1927 744 2219 816 Postquam
2258 746 2405 801 Isaac
2433 745 2617 800 cibum
2660 745 2913 815 sumpsit,
2965 744 3169 801 obtulit
3195 746 3245 802 ei
3284 747 3452 803 Jacob

1856 832 2021 889 etiam
2062 834 2277 890 vinum.
2317 834 2373 890 Si
2418 851 2515 906 per
2541 833 2727 890 cibum
2767 834 2959 890 activae
3003 835 3131 891 vitae
3161 852 3323 906 opera
3361 836 3452 892 de-

1856 923 2161 994 signantur,
2196 941 2486 995 possumus
2530 942 2626 997 per
2668 926 2882 994 vinum,
2919 926 3066 998 quod
3097 937 3305 983 mentes
3353 928 3448 984 ho-

1856 1012 2070 1067 minum
2097 1014 2318 1081 alienat,
2349 1015 2833 1087 contemplativam
2850 1016 3021 1070 vitam
3044 1017 3307 1087 accipere,
3330 1032 3449 1088 quas

1856 1102 1924 1157 ab
1976 1120 2161 1159 amore
2225 1106 2412 1161 saeculi
2467 1115 2675 1162 mentes
2724 1106 3089 1177 quorumdam
3152 1108 3448 1162 electorum

1856 1192 2202 1249 insensibiles
2249 1194 2449 1250 reddit.
2503 1196 2638 1253 Cibo
2695 1196 2864 1267 igitur
2918 1203 3157 1267 potaque
3204 1203 3447 1267 sumpto,

1856 1283 2006 1337 Isaac
2032 1283 2199 1338 Jacob
2223 1283 2542 1352 benedixit;
2584 1285 2713 1356 quia
2750 1285 2833 1339 illi
2872 1284 3313 1341 benedictionem
3344 1301 3449 1342 coa-

1857 1369 2008 1425 lestis
2052 1371 2238 1441 patriae
2271 1388 2302 1426 a
2341 1373 2453 1427 Deo
2501 1372 2831 1443 percipiunt,
2872 1373 2967 1445 qui
3005 1389 3129 1429 eum
3180 1390 3354 1446 usque
3381 1373 3448 1430 ad

1855 1457 2021 1519 finem
2054 1460 2182 1516 vitae
2202 1478 2312 1516 sua:
2336 1460 2496 1516 bonis
2525 1462 2786 1533 operibus
2804 1462 3016 1530 placare
3044 1462 3286 1518 student.

1925 1547 2075 1603 Idem
2096 1565 2227 1604 vero
2256 1549 2422 1605 Jacob
2451 1566 2575 1605 cum
2602 1551 2812 1622 fugeret
2832 1551 2977 1606 Esau
3011 1550 3235 1607 fratrem
3263 1568 3447 1618 suum,

1856 1637 2010 1692 venit
2065 1638 2132 1693 ad
2178 1638 2469 1710 quemdam
2520 1640 2740 1696 locum:
2786 1656 3021 1712 cumque
3076 1641 3452 1713 supposuisset

1854 1730 2021 1803 capiti
2052 1747 2150 1787 suo
2176 1732 2436 1802 lapidem,
2468 1730 2736 1786 dormivit
2762 1732 2879 1787 illic
2907 1751 2920 1799 ;
2963 1732 3211 1807 viditque
3231 1734 3290 1789 in
3310 1751 3452 1790 som-

136 1827 258 1891 pter
302 1821 750 1878 observationem
793 1821 927 1893 legis
952 1820 1131 1893 justos
1160 1837 1217 1876 se
1248 1820 1387 1876 falso
1429 1819 1696 1891 putabant
1728 1838 1742 1888 ;
1772 1838 1819 1899 Β
1853 1819 1941 1875 nis
1969 1821 2171 1876 scalam
2217 1820 2284 1875 ad
2313 1828 2477 1891 caput
2507 1836 2668 1876 suum
2706 1837 2739 1875 a
2774 1828 2919 1876 terra
2944 1837 3119 1893 usque
3153 1822 3223 1877 ad
3251 1823 3450 1878 coelum

138 1924 265 1964 nam
298 1908 370 1965 ad
415 1910 631 1967 eosdem
671 1909 849 1982 justos
893 1910 1164 1966 Dominus
1202 1909 1471 1981 loquitur,
1503 1907 1739 1964 decens:

154 2022 171 2045 ι
211 1997 312 2055 Vae
356 1998 455 2071 qui
493 1997 810 2070 justiﬁcatis
847 2015 947 2055 vos
992 2014 1175 2054 coram
1210 1996 1745 2065 hominibus,,Deus

141 2094 325 2142 autem
365 2085 527 2142 novit
555 2086 719 2143 corda
748 2093 930 2143 vestra
961 2082 1120 2157 (Luc.
1152 2102 1273 2154 xvr,
1310 2086 1422 2157 15).
1455 2110 1474 2132 ι
1531 2084 1637 2152 Qui
1685 2080 1744 2139 in

141 2175 470 2247 imperfecto
499 2190 732 2230 numero
763 2181 1069 2246 ponuntur,
1101 2173 1232 2246 quia
1258 2174 1481 2229 nullum
1510 2172 1579 2228 ad
1611 2188 1745 2243 per-

140 2262 342 2319 fectum
373 2261 609 2318 adduxit
638 2263 728 2317 lex
764 2263 948 2333 (Hebr.
977 2277 1078 2329 vn,
1112 2261 1226 2334 19).

208 2361 314 2416 Per
341 2376 496 2416 escas
538 2366 719 2415 autem
778 2358 1147 2426 delectabiles,
1201 2375 1322 2431 quae
1351 2359 1499 2414 Isaac
1551 2356 1618 2413 ad
1658 2373 1744 2413 su-

146 2448 408 2505 mendum
466 2464 535 2504 ex
584 2448 801 2504 duobus
839 2452 987 2510 524
1014 2447 1189 2503 haadis
1233 2453 1546 2520 praeparata;
1592 2453 1741 2515 sunt,

148 2544 487 2616 poenitentiae
518 2561 682 2617 opera
726 2543 988 2601 debemus
1028 2544 1354 2617 intelligere.
1391 2544 1470 2598 De
1502 2542 1571 2598 iis
1608 2541 1746 2598 escis

147 2633 395 2707 loquitur
424 2634 662 2688 Joannes
689 2632 959 2705 Baptista,
990 2633 1216 2690 dicens:
1265 2657 1284 2681 ι
1314 2632 1497 2688 Facite
1528 2631 1741 2687 fructus

150 2721 339 2794 dignos
366 2721 706 2795 paenitentiae
733 2722 946 2793 (Matth.
980 2740 1061 2790 ur,
1094 2722 1175 2793 8).
1217 2747 1236 2772 ι
1277 2722 1380 2777 Per
1404 2729 1582 2777 vestes
1612 2736 1743 2775 vero

149 2812 301 2867 valde
328 2812 524 2879 bonas,
549 2828 684 2885 quas
706 2813 874 2880 Esau,
896 2811 950 2867 id
975 2819 1055 2868 est
1082 2812 1276 2880 Judaei,
1310 2811 1459 2867 domi
1490 2810 1740 2883 relique-

147 2908 284 2968 rant,
319 2901 533 2973 optima
578 2908 850 2973 praecepta
879 2900 1012 2973 legis
1044 2917 1334 2972 possumus
1363 2900 1631 2972 accipere,
1681 2907 1743 2955 ut

152 2999 227 3046 est
254 2990 412 3059 illud,
461 3014 480 3037 ι
520 2991 727 3062 Diliges
773 2990 1073 3046 Dominum
1112 2992 1282 3047 Deum
1317 2999 1470 3047 tuum
1524 3006 1593 3045 ex
1621 2996 1741 3043 toto

149 3081 302 3138 corde
335 3090 431 3138 tuo
463 3089 516 3138 et
544 3099 614 3138 ex
639 3091 755 3139 tota
785 3083 971 3138 anima
1000 3090 1115 3151 tua,
1155 3092 1208 3139 et
1234 3082 1549 3154 proximum
1582 3087 1738 3135 tuum

149 3169 283 3225 sicut
319 3179 370 3228 te
400 3172 587 3244 ipsum
622 3172 802 3244 (Deut.
849 3189 929 3238 γι,
961 3172 1030 3239 5;
1063 3171 1226 3226 Leuit.
1255 3188 1376 3239 XIX,
1412 3171 1514 3258 l9;
1548 3169 1736 3227 Matth.
1775 3196 1818 3258 Ο

150 3271 259 3327 XIX,
306 3260 394 3329 37,
450 3261 622 3333 39);:
676 3268 729 3316 et
769 3262 945 3316 multa
974 3260 1100 3328 alia,
1145 3260 1263 3315 sine
1310 3256 1511 3331 quibus
1554 3257 1741 3313 nullus

145 3344 319 3419 justus
351 3365 473 3406 esse
525 3356 726 3422 potest.
785 3351 877 3404 Hae
928 3357 1057 3405 sunt
1103 3348 1323 3420 optimae
1372 3356 1568 3416 vestes,
1607 3362 1741 3419 quas

151 3437 315 3494 Judaei
340 3438 520 3506 domi,
556 3438 611 3494 id
640 3446 723 3494 est
769 3438 825 3492 in
865 3437 1052 3494 Veteri
1082 3436 1448 3503 Testamento,
1494 3436 1742 3508 relique-

150 3534 283 3595 rant,
344 3546 407 3584 eo
443 3527 595 3600 quad
635 3544 699 3583 ea
746 3526 1034 3582 observare
1086 3525 1334 3593 nollent;
1390 3525 1459 3579 iis
1505 3524 1742 3596 populus

154 3615 360 3686 gentilis
393 3616 628 3672 indutus
671 3623 725 3671 et
768 3623 1015 3683 ornatus,
1048 3614 1116 3669 ad
1143 3615 1317 3670 Deum
1361 3614 1574 3668 Patrem
1614 3628 1739 3669 cum

151 3701 280 3759 cibis
305 3720 536 3777 operum
585 3704 857 3761 bonorum
888 3703 1150 3775 perrexit.
1185 3702 1323 3760 Cum
1366 3702 1507 3758 cibis
1556 3708 1737 3757 autem

153 3799 200 3847 et
225 3809 383 3865 panes
423 3792 653 3851 detulit.
702 3793 804 3850 Per
832 3809 1027 3865 panem
1075 3807 1215 3864 saepe
1257 3790 1485 3847 verbum
1525 3790 1624 3846 Dei
1653 3790 1743 3847 de-

158 3880 408 3953 signatur,
461 3882 591 3956 quia
644 3882 738 3938 ille
787 3889 1152 3952 congruenter
1192 3880 1261 3936 ad
1306 3882 1480 3936 Deum
1526 3881 1739 3935 Patrem

160 3987 276 4026 cum
321 3972 460 4029 cibis
498 3987 725 4044 operum
774 3970 1044 4026 bonorum
1093 3970 1286 4042 pergit,
1338 3968 1432 4043 qui
1481 3976 1535 4024 et
1579 3968 1736 4036 alios,

160 4074 501 4135 quoscunque
537 4068 733 4133 potest,
765 4060 833 4116 ad
852 4060 997 4117 bona
1025 4077 1187 4133 opera
1211 4059 1419 4133 agenda
1446 4057 1741 4115 admonere

161 4164 262 4204 non
290 4151 508 4207 desinit.
1693 4164 1704 4177 ⁸

229 4247 327 4304 Sed
371 4258 423 4307 et
468 4248 612 4306 illud
658 4247 818 4305 nobis
863 4249 1218 4323 quaerendum
1268 4257 1369 4318 est,
1423 4265 1522 4304 cur
1569 4255 1743 4303 mater

165 4335 385 4405 pellibus
423 4338 661 4396 haedinis
692 4356 887 4396 manus
923 4339 1090 4396 Jacob
1128 4348 1180 4395 et
1212 4338 1340 4394 colli
1386 4337 1531 4392 nuda
1564 4345 1741 4409 prote-

166 4427 320 4483 xerit.
374 4430 542 4486 Pellis
581 4446 817 4503 namque
866 4446 991 4485 cum
1046 4427 1115 4483 ab
1162 4426 1320 4483 haedo
1374 4425 1739 4495 subtrahitur,

1853 1918 2110 1977 erectam,
2143 1918 2196 1966 et
2228 1910 2523 1966 Dominum
2557 1910 2816 1965 innixum
2859 1911 3036 1977 scalae,
3066 1912 3285 1983 angelos
3318 1928 3451 1984 quo-

1853 2017 1959 2074 que
1992 2000 2092 2057 Dei
2125 2000 2480 2057 ascendentes
2510 2008 2564 2055 et
2590 1999 2982 2056 descendentes
3012 2017 3108 2072 per
3135 2017 3252 2057 eam
3287 2002 3446 2073 (Gen.

1851 2109 2058 2160 xxvrn,
2101 2092 2213 2163 12).
2245 2092 2348 2148 Per
2369 2091 2608 2164 lapidem
2640 2091 2894 2150 Christus
2922 2092 3252 2165 intelligitur
3283 2093 3400 2166 (53)
3435 2111 3447 2150 :

1852 2180 2273 2237 fundamentum
2312 2196 2444 2236 vero
2485 2190 2737 2236 nostrum
2783 2180 3036 2238 Christus
3080 2190 3184 2250 est,
3228 2181 3295 2237 de
3343 2197 3453 2255 quo

1852 2270 2148 2341 Apostolus
2191 2270 2356 2326 dicit:
2404 2294 2423 2318 ι
2453 2270 2896 2326 Fundamentum
2928 2271 3076 2328 enim
3106 2271 3261 2326 aliud
3291 2287 3453 2327 nemo

1852 2366 2030 2430 potest
2058 2375 2259 2431 ponere
2294 2369 2491 2432 prater
2517 2358 2576 2415 id
2612 2360 2758 2433 quod
2794 2360 3034 2433 positum
3063 2369 3163 2429 est,
3195 2361 3342 2434 quod
3371 2368 3454 2418 est

1854 2448 2109 2505 Christus
2137 2450 2364 2521 Jesus(l
2395 2451 2520 2507 Cor.
2544 2468 2628 2518 III,
2673 2452 2784 2523 11).
2822 2476 2840 2498 ι
2887 2452 3063 2524 Caput
3092 2452 3262 2525 igitur
3290 2469 3454 2525 super

1853 2537 2089 2610 lapidem
2137 2539 2416 2610 ponimus,
2457 2539 2504 2595 si
2560 2556 2630 2595 ex
2674 2539 2835 2596 bonis
2883 2542 3142 2613 operibus
3187 2542 3449 2614 parietem

1852 2637 2101 2685 nostrum
2123 2646 2287 2701 super
2311 2629 2593 2686 Christum
2624 2629 2979 2688 aediﬁcamus.

1880 2758 1889 2765 ι
1923 2727 2231 2784 Concordat
2257 2726 2391 2783 huic
2419 2728 2607 2785 sensui
2651 2728 2797 2784 visio
2825 2730 2981 2785 scala:
3010 2747 3024 2797 ;
3074 2728 3184 2785 duo
3213 2746 3450 2805 namque

1851 2815 2000 2888 ligna
2045 2817 2203 2872 scalae
2252 2815 2477 2888 majora,
2529 2835 2649 2890 quae
2701 2826 2830 2873 sunt
2873 2835 2941 2874 ex
2989 2826 3219 2891 utraque
3272 2830 3444 2892 parte,

1849 2912 2011 2977 atque
2052 2905 2120 2960 ab
2163 2904 2520 2960 inferioribus
2559 2906 2628 2960 ad
2659 2905 2941 2977 superiora
2984 2906 3293 2977 eriguntur,
3334 2907 3447 2964 duo

1850 3004 2117 3068 przecepta
2169 2995 2456 3051 charitatis
2518 2996 2827 3068 designant.
2907 2997 3009 3051 Per
3063 2996 3261 3069 gradus
3314 3014 3447 3053 vero

1849 3085 1943 3157 qui
1986 3084 2043 3139 in
2082 3094 2455 3140 transversum
2491 3101 2560 3139 ex
2609 3093 2837 3157 utraque
2876 3093 3029 3157 parte
3079 3085 3191 3141 illis
3232 3085 3448 3142 duobus

1850 3171 2014 3242 lignis
2054 3171 2394 3238 inseruntur,
2444 3179 2653 3227 caeteras
2682 3173 2917 3229 virtutes
2955 3172 3332 3243 designantur.
3374 3174 3448 3228 Et

1852 3260 1994 3316 sicut
2040 3260 2150 3315 duo
2199 3261 2347 3332 ligna
2394 3261 2502 3316 nisi
2548 3277 2579 3315 a
2622 3260 2900 3333 gradibus,
2941 3269 2993 3316 et
3031 3260 3231 3332 gradus
3264 3260 3371 3316 nisi
3415 3276 3448 3315 a

1853 3347 2068 3404 duobus
2109 3348 2272 3421 lignis
2317 3349 2587 3404 contineri
2631 3364 2741 3403 non
2773 3355 3032 3419 possunt:
3078 3348 3153 3403 ita
3181 3355 3234 3403 et
3267 3347 3445 3404 chari-

1854 3447 1935 3495 tas
1963 3439 2082 3493 sine
2122 3438 2332 3495 caeteris
2360 3438 2685 3506 virtutibus,
2726 3447 2780 3495 et
2814 3446 3023 3495 caetera:
3052 3438 3287 3493 virtutes
3328 3437 3448 3493 sine

1853 3526 2120 3583 cliaritate
2153 3542 2267 3581 esse
2300 3542 2410 3581 non
2457 3534 2703 3598 possunt.
2753 3527 2827 3581 Et
2858 3526 3321 3598 quemadmodum
3352 3525 3449 3582 di-

1853 3616 1997 3673 versi
2046 3616 2263 3689 gradus,
2301 3615 2408 3670 nisi
2450 3616 2508 3669 in
2556 3613 2775 3672 duobus
2823 3616 2989 3688 lignis
3041 3614 3345 3685 majoribus
3394 3623 3450 3671 et

1850 3714 2083 3780 utraque
2141 3714 2294 3780 parte
2368 3705 2702 3774 inserantur,
2771 3721 3056 3761 ascensum
3128 3702 3450 3760 hominibus

1851 3798 2095 3871 praebere
2141 3814 2252 3853 non
2281 3804 2511 3869 possunt
2543 3815 2554 3852 :
2592 3797 2670 3854 ita
2715 3804 2769 3852 et
2797 3790 3015 3852 caeteras:
3052 3794 3306 3863 virtutes,
3340 3794 3447 3849 nisi

1851 3904 1922 3944 ex
1962 3888 2259 3944 dilectione
2303 3887 2401 3943 Dei
2440 3895 2494 3942 et
2530 3886 2829 3942 dilectione
2858 3883 3099 3956 proximi
3130 3892 3445 3952 nascantur,

1851 3979 1920 4034 ad
1973 3978 2171 4033 coelum
2226 3977 2305 4033 ire
2357 3976 2673 4032 volentibus
2708 3992 2993 4032 ascensum
3042 3976 3279 4047 praebere
3336 3990 3448 4029 non

1853 4074 2082 4139 possunt
2113 4066 2254 4139 (54),
2299 4067 2443 4124 sicut
2481 4066 2619 4122 dicit
2660 4067 2895 4122 Joannes
2939 4066 3244 4137 apostolus:
3295 4089 3313 4112 ι
3341 4064 3447 4131 Qui

1854 4156 2001 4211 enim
2032 4172 2143 4211 non
2182 4155 2366 4227 diligit
2396 4156 2620 4210 fratrem
2653 4171 2814 4211 suum
2855 4171 3014 4227 quem
3046 4153 3218 4221 videt,
3247 4155 3443 4221 Deum,

1854 4259 2017 4315 quem
2051 4259 2163 4299 non
2203 4244 2376 4312 videt,
2421 4243 2697 4317 quomodo
2736 4249 2915 4316 potest
2942 4243 3168 4315 diligere
3205 4243 3263 4315 (Ι
3286 4243 3444 4297 Joan.

1856 4346 1932 4400 iv;
1968 4332 2060 4403 20)
2100 4334 2127 4390 ‘I
2151 4358 2169 4380 ι
2224 4334 2295 4390 Ει
2323 4334 2467 4391 sicut
2494 4334 2639 4390 scala
2664 4351 2729 4390 ex
2777 4349 2886 4390 una
2931 4343 3081 4407 parte
3122 4341 3348 4400 terram,
3379 4349 3449 4388 ex

1855 4423 2025 4478 altera
2052 4423 2250 4479 coelum
2299 4432 2517 4497 tangere
2561 4425 2674 4480 visa
2721 4434 2827 4481 est:
2877 4424 2954 4480 ita
3004 4433 3056 4480 et
3108 4422 3348 4478 charitas
3380 4422 3448 4477 ab

166 4526 282 4569 caro
333 4526 586 4590 apparet;
636 4519 784 4574 unde
824 4517 1174 4574 delectabiles
1226 4515 1335 4572 cibi
1385 4515 1582 4572 confici
1625 4532 1743 4588 pos-
1774 4548 1824 4607 D
1856 4511 2212 4569 inferioribus
2232 4514 2521 4584 proximis,
2543 4531 2574 4569 a
2603 4512 2979 4585 superioribus
2999 4528 3131 4567 vero
3160 4513 3274 4567 Deo
3302 4527 3448 4567 con-

168 4614 285 4660 sunt
316 4626 328 4676 ;
374 4610 631 4668 similiter
658 4618 711 4667 et
741 4611 808 4666 ab
838 4626 1169 4682 unoquoque
1200 4615 1480 4681 peccatore
1506 4625 1633 4665 cum
1665 4607 1746 4662 vi-

168 4690 240 4746 tia
273 4694 653 4768 detrahuntur,
701 4698 847 4755 bona
902 4706 1111 4753 naturae
1157 4714 1283 4754 cum
1331 4697 1543 4753 ratione
1580 4712 1743 4768 appa-

170 4791 297 4849 rent,
347 4801 464 4858 quae
503 4787 550 4843 si
595 4787 702 4843 ﬁde
754 4788 1132 4858 decoquantur
1177 4785 1345 4857 (52'),
1393 4785 1746 4842 delectabiles

170 4866 271 4924 cibi
300 4888 365 4928 ex
401 4874 545 4933 bono
576 4884 784 4932 natura;
829 4877 944 4931 Deo
972 4881 1369 4948 praeparantur.
1410 4875 1512 4930 Per
1539 4873 1744 4929 collum

171 4952 347 5026 igitur,
387 4980 449 5019 eo
501 4965 647 5038 quod
695 4965 754 5020 in
801 4964 946 5021 collo
988 4979 1129 5034 saepe
1173 4963 1430 5034 superbia
1468 4968 1743 5035 appareat,

173 5057 442 5112 possumus
478 5054 770 5110 elationem
810 5052 1012 5109 mentis
1042 5052 1373 5125 intelligere;
1415 5067 1511 5123 per
1555 5066 1747 5106 manus

170 5144 292 5207 vero
330 5153 486 5209 opera
515 5143 892 5214 designantur.
934 5141 1152 5198 Collum
1201 5156 1328 5212 ergo
1371 5139 1747 5212 unusquisque

173 5215 339 5279 fidelis
367 5229 601 5297 pellibus
638 5230 874 5287 haedinis
903 5229 1230 5297 circumdat,
1282 5246 1411 5285 cum
1442 5229 1511 5285 ad
1547 5228 1748 5284 mentis

171 5309 445 5374 elationem
488 5322 891 5396 deponendam,
941 5331 996 5380 et
1032 5320 1371 5378 humilitatis
1404 5339 1517 5378 sua;
1569 5327 1747 5378 custo-

170 5396 301 5458 diam
329 5419 549 5477 peccata
577 5414 851 5487 praeterita
887 5422 1014 5472 ante
1043 5415 1233 5472 oculos
1262 5413 1464 5470 mentis
1495 5429 1748 5470 revocare

171 5560 579 5699 ωξῗξὶξιὲάίιη
608 5591 725 5645 qua:
749 5574 797 5630 si
822 5575 925 5648 ﬁde
963 5575 1074 5633 Deo
1100 5580 1431 5646 coquantur;
1475 5589 1629 5644 mss.,
1661 5572 1749 5629 de-

244 5702 354 5777 (53)
395 5710 478 5769 Ita
523 5732 676 5786 mss.,
716 5715 850 5774 edit.
901 5735 1053 5789 vero,
1105 5717 1348 5777 Christus
1401 5716 1746 5790 intelligitur:

1849 4601 2121 4674 jungitur.
2155 4603 2308 4658 Unde
2338 4610 2391 4659 et
2420 4604 2598 4674 angeli
2625 4603 2722 4658 Dei
2754 4618 2848 4674 per
2871 4618 2992 4656 eam
3023 4600 3376 4656 ascendentes
3396 4608 3451 4655 et

1856 4691 2249 4749 descendentes
2279 4693 2573 4749 monstrati
2603 4700 2768 4758 sunt;
2802 4706 2929 4762 quia
2959 4699 3177 4745 sanctos
3206 4688 3326 4756 Dei,
3353 4688 3448 4760 qui

1855 4798 1952 4853 per
1971 4783 2190 4854 angelos
2209 4782 2585 4853 designantur,
2604 4778 2903 4851 aliquando
2922 4794 3076 4831 amor
3091 4777 3191 4832 Dei
3213 4794 3308 4848 per
3320 4793 3448 4833 con-

1855 4871 2230 4943 templationis
2246 4871 2474 4942 gratiam
2505 4869 2573 4924 ad
2602 4869 2819 4924 excelsa
2846 4865 3118 4934 sublevat,
3150 4864 3450 4938 aliquando

1856 4975 2010 5015 amor
2024 4967 2077 5014 et
2095 4974 2226 5014 cura
2242 4959 2619 5031 proximorum
2640 4955 2708 5011 ad
2727 4956 2988 5011 inferiora
3000 4954 3231 5011 reducit.
3248 4953 3451 5011 Domi-

1858 5064 1989 5103 num
2006 5057 2185 5103 autem
2209 5046 2464 5103 innixum
2489 5046 2645 5101 scalae
2666 5044 2830 5113 vidit;
2860 5043 2989 5117 quia
3008 5044 3325 5117 quicunque
3356 5061 3451 5117 per

1857 5136 1961 5194 iter
1991 5138 2259 5193 virtutum
2302 5136 2369 5192 ad
2416 5133 2713 5192 Dominum
2756 5132 3121 5191 conscendere
3173 5141 3448 5207 satagunt,

1860 5236 2143 5301 postquam
2172 5229 2318 5283 viam
2341 5228 2424 5283 sui
2452 5225 2668 5282 itineris
2691 5225 2978 5293 ﬁnierunt,
2998 5224 3299 5281 Dominum
3320 5242 3452 5281 om-

1857 5319 2011 5374 nium
2039 5317 2308 5373 bonorum
2338 5324 2614 5375 auctorem
2645 5315 3107 5389 praemiorumque
3134 5315 3448 5388 largitorem

1860 5408 2177 5476 inveniunt,
2205 5424 2331 5463 cum
2362 5424 2472 5481 quo
2500 5406 2621 5463 sine
2649 5405 2760 5462 ﬁne
2788 5403 3125 5479 gaudebunt.

1859 5570 2280 5629 Fundamentum
2306 5569 2442 5626 enim
2470 5567 2646 5633 aliud,
2674 5575 2779 5625 etc.

1934 5642 2053 5715 (54)
2084 5643 2169 5698 Ita
2197 5649 2245 5697 et
2269 5648 2467 5697 creterra
2492 5640 2780 5715 virtutes...
2813 5635 3049 5710 prwbere
3076 5649 3185 5690 non
3202 5636 3448 5706 possunt,

1861 5710 1967 5772 hoc
1996 5710 2172 5770 totum
2202 5729 2232 5769 e
2262 5729 2389 5769 mss.
2423 5710 2739 5767 restitutum
2766 5718 2866 5765 est.
