3880 6198
408 344 513 403 903

1424 345 1520 400 AD
1561 343 1796 399 OPERA
1833 344 1890 399 S.
1931 340 2264 399 AMBROSII
2302 338 2680 397 APPENDIX.

3656 338 3759 394 90$

480 470 618 526 Cum
659 486 791 525 vero
821 470 961 524 idem
1006 471 1172 526 Jacob
1204 479 1568 526 reverteretur
1594 468 1661 524 de
1691 470 2004 540 Mesopota—
2036 473 2085 529 A
2126 492 2144 515 ι
2178 470 2295 524 Heu
2346 468 2504 536 mihi,
2538 467 2668 540 quia
2713 467 2984 525 iaculatus
3031 482 3189 522 meus
3230 466 3641 538 prolongatur
3684 476 3760 522 est

410 558 521 614 mia
571 558 765 629 Syrias,
814 557 1159 630 venissetque
1198 558 1267 613 ad
1309 558 1622 623 Iordanem,
1673 558 2003 615 transductis

410 646 670 702 omnibus
718 662 837 716 quae
889 644 955 699 ad
998 663 1054 701 se
1101 646 1465 717 pertinebant,
1519 647 1777 701 remansit
1832 648 1998 702 solus.

412 740 481 793 Et
512 754 634 792 ecce
664 736 751 789 vir
781 734 1092 790 luctabatur
1111 752 1235 789 cum
1263 750 1327 788 eo
1357 750 1526 806 usque
1550 752 1726 789 mane.
1759 736 2005 807 Cumque

412 827 623 881 videret
690 824 836 896 quod
902 840 1025 878 eum
1078 840 1331 894 superare
1388 840 1500 877 non
1560 833 1759 895 posset,
1826 825 2007 895 tetigit

412 931 641 970 nervum
684 913 876 967 femori
908 911 1043 983 ejus,
1095 920 1148 967 et
1193 914 1379 967 statim
1424 914 1713 980 emarcuit,
1754 913 2006 984 dixitque

411 1004 503 1058 ei:
553 1027 570 1047 σ
618 1002 848 1057 Dimitte
894 1017 1002 1069 me,
1041 1000 1153 1071 jam
1201 1002 1347 1055 enim
1394 1002 1640 1057 ascendit
1691 1017 1905 1055 aurora.
1935 1001 2008 1055 At

413 1092 506 1146 ille
534 1090 853 1161 respondit:
906 1091 1025 1145 Non
1066 1089 1342 1143 dimittam
1384 1098 1455 1156 te,
1506 1089 1612 1145 nisi
1661 1089 2009 1146 benedixeris

412 1186 573 1241 mihi.
607 1186 677 1240 Et
706 1185 783 1238 ait
826 1183 909 1238 illi
935 1201 945 1239 :
1001 1182 1120 1249 Quo
1149 1184 1365 1239 vocaris
1406 1185 1632 1239 nomine
1653 1184 1680 1240 ?
1709 1184 2010 1256 Respondit

411 1275 493 1329 ei:
546 1273 729 1329 Jacob.
773 1274 847 1327 At
890 1273 985 1327 ille
1035 1271 1215 1327 dixit:
1250 1274 1370 1328 Non
1418 1272 1701 1327 vocaberis
1752 1273 1897 1329 ultra
1926 1274 2007 1328 Ja-

412 1364 534 1429 cob,
565 1363 659 1417 sed
707 1362 869 1416 Israel
914 1359 1019 1416 erit
1054 1376 1254 1415 nomen
1295 1367 1454 1415 tuum
1492 1361 1647 1431 (Gen.
1690 1378 1872 1427 χχχιι,
1904 1362 2011 1417 26-

412 1453 527 1522 28).
557 1478 574 1499 ι
633 1452 735 1506 Per
766 1450 930 1506 Jacob
978 1449 1084 1506 hoc
1128 1450 1187 1504 in
1231 1450 1352 1505 loco
1404 1450 1638 1521 quilibet
1677 1458 1927 1522 peccator
1958 1458 2012 1506 et

413 1544 687 1616 paenitens
717 1543 1052 1614 designatur.
1085 1541 1244 1608 Quod
1275 1558 1408 1597 vero
1439 1543 1663 1613 angelus
1691 1558 1815 1598 cum
1848 1542 2013 1599 Jacob

413 1633 471 1688 in
518 1632 691 1705 ﬁgura
731 1631 954 1687 Domini
1000 1631 1330 1699 luctabatur,
1381 1639 1435 1686 et
1485 1631 1576 1687 ille
1627 1648 1750 1687 cum
1786 1632 2008 1703 angelo,

415 1723 554 1778 illud
592 1721 867 1793 signiﬁcat
897 1720 1014 1791 (55)
1046 1720 1195 1792 quod
1224 1720 1495 1775 Dominus
1514 1719 1652 1775 dicit
1683 1720 1738 1775 in
1768 1721 2009 1791 Evange-

2121 560 2293 629 (Psal.
2327 574 2478 625 cxrx,
2512 558 2605 628 5)!
2640 583 2658 605 ι

2188 663 2335 718 Idem
2381 666 2542 720 etiam
2589 666 2752 722 Jacob
2803 676 2923 739 post
2964 667 3331 723 luctationem
3383 681 3575 737 quam
3631 681 3757 720 cum

2116 756 2309 825 angelo
2369 756 2553 825 gessit,
2602 772 2713 812 uno
2756 757 2890 829 pede
2939 757 3277 814 claudicasse
3326 754 3598 811 dicitur:
3666 759 3757 827 qui

2119 858 2249 898 vero
2279 843 2567 912 claudicat,
2608 861 2769 916 super
2798 862 2989 900 sanum
3023 845 3213 917 pedem
3244 852 3403 899 totus
3446 843 3755 911 innititur,

2118 933 2292 987 altero
2329 934 2603 1005 paulisper
2652 941 2850 989 terram
2897 942 3145 1007 tangens.
3198 936 3323 990 Duo
3356 934 3553 1005 igitur
3588 934 3759 1005 pedes

2121 1022 2356 1077 duorum
2383 1024 2767 1079 alimentorum
2803 1040 2999 1095 genera
3026 1023 3357 1095 designant;
3395 1032 3541 1078 sunt
3582 1039 3758 1077 nam—

2120 1126 2223 1182 que
2270 1111 2531 1167 alimenta
2577 1112 2843 1184 corporis,
2884 1121 3014 1168 sunt
3058 1120 3114 1167 et
3160 1113 3383 1168 animae.
3446 1112 3755 1167 Alimenta

2119 1203 2365 1272 corporis
2419 1211 2546 1258 sunt
2598 1203 2732 1270 cibi,
2795 1212 2974 1275 potus,
3018 1203 3400 1259 vestimenta:
3458 1202 3753 1257 alimenta

2121 1306 2252 1345 vero
2281 1291 2477 1346 animae
2522 1299 2649 1346 sunt
2692 1292 2791 1347 Dei
2827 1293 3077 1356 verbum,
3125 1309 3288 1364 opera
3333 1292 3508 1348 bona.
3566 1292 3749 1347 Unus-

2123 1380 2351 1453 quisque
2378 1379 2545 1450 igitur
2584 1379 2781 1448 ﬁdelis,
2816 1381 2859 1435 si
2889 1397 3000 1435 uno
3040 1380 3176 1452 pede
3207 1381 3498 1453 paulisper
3530 1388 3747 1436 terram

2126 1469 2318 1541 tangit,
2359 1485 2521 1540 super
2549 1469 2781 1523 alterum
2822 1478 2969 1525 totus
2998 1468 3260 1525 innititur
3291 1490 3305 1537 ;
3341 1474 3480 1544 quia
3510 1473 3593 1528 iis
3625 1490 3749 1546 qua:

2123 1567 2252 1613 sunt
2299 1558 2493 1614 mundi
2542 1557 2926 1614 tantummodo
2968 1558 3036 1614 ad
3082 1560 3442 1618 necessitates
3480 1564 3748 1635 corporis

2124 1648 2486 1704 sublevandas
2529 1649 2724 1717 utitur,
2780 1648 2924 1705 sicut
2978 1648 3113 1706 dicit
3158 1653 3512 1724 Apostolus:
3584 1678 3608 1700 ε
3641 1655 3744 1709 Ha-

2123 1737 2314 1793 bentes
2365 1747 2542 1793 autem
2612 1738 2821 1793 victum
2880 1746 2933 1794 et
2995 1740 3276 1808 vestitum,
3348 1741 3420 1796 iis
3480 1745 3743 1798 contenti

415 1812 529 1903 li03_
571 1834 589 1857 ‘
629 1812 898 1903 Βεξῌληο-ῐη-
914 1810 1190 1903 fabrum
1402 1810 1629 1903 Ρδῐίξυῗν
1680 1816 1735 1864 θῖ
1781 1809 2012 1864 Viden“
2042 1823 2088 1883 Β
2124 1829 2296 1885 simus
2329 1828 2386 1901 (I
2428 1829 2563 1885 Tim.
2594 1845 2675 1896 vI,
2706 1827 2785 1899 8).
2823 1854 2840 1877 ι
2883 1830 2944 1885 In
2976 1847 3037 1885 ea
3064 1847 3194 1885 vero
3229 1848 3351 1903 quae
3387 1832 3464 1889 ad
3495 1835 3741 1889 salutem

416 1900 640 1972 rapiunt
690 1898 831 1955 illud
878 1899 1093 1969 (Matth.
1142 1915 1225 1964 χι,
1275 1897 1386 1970 12).
1421 1921 1438 1944 ι
1500 1896 1606 1964 Qui
1655 1904 1785 1953 sunt
1826 1904 2007 1951 autem

416 1988 669 2057 violenti,
720 1987 825 2043 nisi
874 1994 1183 2059 peccatores
1223 1996 1276 2043 et
1317 1986 1690 2058 poenitentes?
1732 1985 1838 2052 Qui
1882 2002 2008 2042 cum

415 2095 474 2135 se
502 2079 693 2135 vident
726 2094 822 2149 pro
848 2076 1145 2133 sceleribus
1190 2076 1303 2131 suis
1346 2076 1541 2131 mortis
1578 2083 1851 2147 perpetuae
1897 2091 2010 2131 esse

416 2184 556 2236 reos,
588 2167 783 2223 tandiu
808 2166 1033 2238 januam
1066 2164 1301 2237 paradisi
1340 2164 1593 2236 precibus
1633 2165 1872 2237 pulsant,
1906 2181 2011 2219 us-

417 2275 523 2332 que
553 2258 685 2314 dum
715 2258 793 2313 eis
838 2258 1021 2313 aditus
1060 2257 1215 2329 regni
1245 2256 1481 2313 caelestis
1520 2255 1812 2328 aperiatur.
1845 2255 2011 2312 Jacob

418 2365 547 2420 ergo
574 2365 700 2405 cum
737 2347 977 2403 Domino
1014 2348 1254 2403 luctatur
1301 2347 1519 2419 quando
1549 2346 1783 2419 quilibet
1812 2362 2013 2418 pecca-

418 2445 506 2493 tor
563 2426 950 2509 pertimescens
1004 2453 1191 2509 poenas
1241 2436 1385 2508 ignis
1436 2437 1645 2504 aeterni,
1706 2436 1899 2491 tandiu
1955 2437 2012 2491 in

419 2526 673 2598 precibus
693 2526 954 2597 persistit,
986 2542 1158 2598 usque
1187 2524 1319 2580 dum
1351 2525 1399 2579 ei
1429 2524 1805 2581 misericordia
1825 2525 2017 2581 divina

419 2626 728 2684 succurrat,
757 2624 903 2673 srcut
930 2615 1215 2688 sequentia
1244 2613 1617 2670 manifestam.

492 2725 595 2793 Qui
628 2740 751 2778 cum
782 2721 996 2778 videret
1024 2720 1172 2794 quod
1205 2736 1329 2776 eum
1369 2735 1624 2792 superare
1658 2735 1769 2774 non
1810 2726 2011 2791 posset,

419 2815 602 2885 tetigit
650 2828 881 2867 nervum
931 2810 1156 2866 femoris
1205 2808 1341 2879 ejus,
1393 2817 1446 2864 et
1486 2809 1671 2865 statim
1727 2808 2011 2864 emarcuit.

423 2906 496 2960 Et
542 2903 671 2974 quia
731 2901 904 2956 libido
955 2916 1024 2954 ex
1073 2900 1280 2953 femore
1326 2899 1587 2963 nascitur,
1640 2915 1738 2969 per
1784 2914 2013 2953 nervum

423 2991 653 3047 femoris
699 2990 1007 3060 voluptates
1040 2989 1284 3044 carnales
1329 2988 1563 3058 intelligi
1597 2995 1841 3057 possunt.
1871 2988 2017 3042 Ner—

422 3097 552 3136 vum
588 3080 756 3151 igitur
785 3078 1008 3133 femoris
1041 3076 1339 3149 peccatoris
1361 3076 1630 3132 Dominus
1658 3076 1857 3148 tetigit,
1890 3093 2014 3132 cum

2121 1917 2317 1973 animai
2365 1917 2662 1989 pertinent,
2696 1924 2844 1973 totus
2874 1917 3180 1984 incumbit;
3234 1935 3302 1974 ne
3352 1920 3673 1994 aliquando
3710 1939 3742 1976 ε

2122 2008 2211 2063 via
2238 2007 2356 2075 Dei,
2384 2024 2503 2079 quze
2534 2007 2683 2062 salus
2709 2006 2904 2063 animae
2924 2008 3248 2076 est,deviet.
3269 2010 3356 2065 Ad
3378 2011 3734 2083 apertiouem

2122 2096 2349 2153 secundi
2402 2095 2571 2167 sigilli
2625 2095 3111 2153 demonstrandam
3177 2114 3352 2171 pauca
3406 2099 3480 2155 de
3536 2101 3741 2155 multis

2122 2185 2387 2252 diximus,
2420 2200 2568 2241 nunc
2594 2184 2844 2242 ordinem
2874 2200 3283 2259 persequamur.

2195 2294 2483 2366 Sequitur:
2532 2292 2734 2348 Audivi
2773 2293 3057 2347 secundum
3102 2294 3308 2349 animal
3342 2294 3570 2351 dicens:
3615 2296 3742 2352 Veni

2124 2391 2172 2440 et
2199 2385 2315 2440 vide
2340 2402 2360 2450 ;
2402 2383 2457 2439 id
2495 2390 2599 2451 est,
2639 2382 2888 2455 intellige
2918 2382 3297 2455 spiritualiter,
3329 2400 3455 2457 quae
3486 2402 3518 2441 a
3565 2386 3738 2457 patri-

2124 2474 2305 2531 archis
2353 2474 2495 2530 facta
2539 2472 2866 2550 cognovisti.
2912 2474 2986 2527 Et
3022 2490 3129 2527 ecce
3168 2491 3329 2543 equus
3360 2472 3530 2543 rufus
3569 2476 3734 2544 (57):

2126 2571 2173 2620 et
2197 2564 2289 2634 qui
2332 2563 2536 2617 sedebat
2562 2578 2723 2633 super
2752 2562 2929 2626 illum,
2979 2561 3163 2616 datum
3200 2568 3274 2616 est
3308 2562 3357 2615 ei
3402 2569 3467 2617 ut
3506 2569 3740 2617 sumeret

2121 2669 2303 2724 pacem
2353 2651 2414 2706 de
2464 2658 2626 2716 terra,
2675 2656 2723 2703 et
2776 2656 2834 2704 ut
2889 2650 3109 2703 invicem
3150 2667 3201 2704 se
3256 2650 3608 2722 interﬁciant.
3667 2653 3739 2706 Et

2126 2742 2282 2797 datus
2324 2746 2397 2793 est
2452 2740 2538 2793 illi
2581 2738 2791 2809 gladius
2843 2756 3082 2809 magnus.
3127 2739 3230 2795 Per
3282 2755 3488 2812 equum
3540 2740 3734 2794 rufum

2122 2828 2279 2902 justi,
2312 2829 2403 2901 qui
2447 2835 2567 2898 post
2614 2826 2889 2883 diluvium
2932 2843 3104 2900 usque
3146 2827 3214 2882 ad
3257 2827 3431 2899 legem
3478 2827 3732 2894 fuerunt,

2127 2918 2503 2989 designantur.
2554 2917 2624 2971 Et
2664 2916 2793 2988 quia
2826 2916 2981 2971 rufus
3010 2917 3163 2972 color
3200 2932 3366 2971 aureo
3415 2916 3594 2971 colori
3645 2932 3732 2988 pa~

2126 3024 2347 3080 rumper
2386 3007 2809 3079 appropinquat,
2854 3006 3027 3061 veluti
3079 3007 3124 3062 si
3172 3023 3337 3063 aureo
3388 3007 3568 3063 colori
3612 3026 3733 3064 san-

2129 3098 2386 3170 guineum
2448 3097 2791 3162 admisceas;
2843 3112 2953 3151 non
3006 3094 3305 3167 incongrue
3362 3097 3539 3151 sancti
3597 3099 3727 3166 viri,

425 3169 615 3226 omnia
645 3168 918 3224 desideria
946 3166 1206 3234 carnalia,
1238 3183 1307 3221 ex
1337 3166 1539 3238 quibus
1569 3175 1787 3238 peccata
1814 3166 2013 3220 oriun-

2133 3166 2217 3258 qui
2248 3193 2373 3240 ante
2411 3185 2580 3255 legem
2623 3184 2866 3251 fuerunt,
2904 3182 3035 3237 huic
3088 3166 3260 3238 colori
3289 3193 3726 3254 comparantur;

420 3267 531 3328 tur,
586 3258 893 3325 exstinxit;
951 3255 1081 3329 quia
1130 3255 1247 3311 ﬁeri
1306 3272 1417 3311 non
1458 3262 1635 3326 potest
1691 3262 1752 3309 ut
1805 3271 1836 3309 a
1880 3272 2016 3327 pec-

427 3351 566 3409 catis
593 3349 987 3417 abstineamus,
1032 3350 1278 3422 quandiu
1328 3350 1385 3403 in
1417 3349 1795 3421 voluptatibus
1830 3366 2013 3404 carna-

424 3440 571 3496 libus
638 3439 864 3494 reSoluti
914 3438 1179 3508 jacemus.
1234 3437 1392 3492 Dixit
1448 3437 1617 3508 igitur
1661 3438 1887 3508 angelus
1940 3438 2012 3505 ei,

423 3527 683 3585 videlicet
715 3526 807 3579 ille
833 3526 927 3595 qui
960 3525 1015 3578 in
1046 3540 1276 3595 persona
1309 3525 1533 3580 Domini
1566 3542 1691 3580 cum
1737 3542 1799 3580 eo
1830 3526 2016 3581 lucta-

419 3615 617 3669 batur:
682 3635 700 3658 ι
748 3611 978 3666 Dimitte
1029 3627 1135 3679 me,
1172 3609 1284 3681 jam
1329 3611 1474 3665 enim
1525 3610 1769 3665 ascendit
1821 3627 2017 3667 aurora

422 3703 580 3764 (Gen.
620 3716 804 3767 χχχιι,
845 3699 971 3770 26);
1005 3724 1022 3745 ι
1073 3716 1135 3755 ac
1164 3699 1210 3753 si
1239 3698 1506 3754 dixisset:
1549 3697 1745 3753 Desine
1773 3699 1883 3771 jam
1916 3715 2016 3770 pro

420 3790 619 3847 timore
651 3789 793 3861 ignis
832 3789 1023 3844 aeterni
1071 3788 1229 3856 ﬂere;
1282 3787 1411 3860 quia
1460 3786 1574 3859 jam
1626 3788 2014 3861 tranquillitas,

422 3880 579 3936 vitiis
607 3878 921 3947 exstinctis,
948 3877 1129 3946 rediit,
1155 3895 1275 3951 qua:
1296 3885 1347 3933 te
1378 3876 1434 3932 in
1458 3876 1782 3949 perditionis
1802 3878 2014 3934 foveam

420 3969 811 4026 demerserant.

494 4077 565 4131 Et
621 4076 751 4149 quia
800 4093 910 4131 non
963 4075 1094 4132 satis
1142 4076 1364 4149 prodest
1411 4077 1554 4132 mala
1595 4076 1860 4144 deserere,
1910 4075 2017 4132 nisi

424 4164 567 4219 bona
610 4180 766 4235 agere
813 4167 1148 4234 studeamus,
1193 4167 1479 4239 sequitur:
1529 4165 1783 4235 Dixitque
1823 4164 2012 4220 Iacob:

422 4253 543 4308 Non
586 4251 848 4306 dimittant
910 4260 976 4320 te,
1039 4256 1145 4309 nisi
1202 4254 1527 4310 benediceris
1574 4255 1701 4309 mihi
1745 4259 1911 4325 525,
1963 4252 2019 4308 id

423 4358 526 4416 est,
561 4365 590 4403 a
628 4347 883 4420 precibus
912 4365 1020 4403 non
1054 4352 1297 4419 cessabo,
1329 4350 1434 4407 nisi
1474 4369 1559 4407 me
1589 4351 1888 4407 virtutibus
1924 4350 2019 4407 di-

424 4439 679 4505 taveris;
745 4446 805 4493 ut
860 4441 951 4510 qui
1006 4456 1177 4510 usque
1234 4440 1397 4495 modo
1445 4440 1743 4496 secundum
1801 4456 2017 4497 carnem

2124 3294 2188 3334 eo
2232 3277 2377 3350 quod
2415 3285 2469 3333 et
2515 3276 2781 3348 sapientia
2836 3275 3154 3343 claruerint,
3215 3292 3335 3348 quas
3386 3293 3485 3348 per
3532 3294 3727 3332 aurum

2124 3367 2410 3439 ﬁguratur,
2459 3375 2512 3423 et
2564 3366 2621 3420 in
2671 3364 3146 3438 persecutionibus
3204 3375 3259 3421 et
3294 3366 3546 3423 adversis
3597 3385 3726 3423 con-

2124 3463 2329 3511 stantes
2384 3455 2610 3522 fuerint,
2668 3469 2787 3526 quai
2856 3469 2951 3524 per
3001 3454 3323 3526 sanguinem
3384 3454 3722 3527 ﬁgurantur.

2125 3546 2312 3603 Sessor
2351 3560 2482 3599 vero
2510 3541 2678 3613 hujus
2722 3541 2844 3613 equi
2885 3542 3155 3598 Dominus
3202 3551 3305 3611 est,
3360 3546 3455 3617 qui
3508 3546 3566 3600 in
3615 3563 3721 3601 san-

2124 3636 2227 3692 ctis
2259 3634 2373 3690 suis
2420 3633 2650 3688 habitat.
2685 3630 2826 3687 Huic
2853 3633 3049 3687 sessori
3082 3631 3273 3687 datum
3311 3642 3394 3689 est
3434 3644 3499 3689 ut
3544 3651 3721 3706 pacm

2124 3731 2362 3782 sumeret
2389 3723 2455 3779 de
2498 3731 2658 3778 terra.
2695 3721 2750 3777 Si
2798 3736 2904 3792 pax
2945 3720 3087 3776 bona
3120 3728 3201 3777 est
3239 3738 3270 3775 a
3299 3724 3435 3790 Deo,
3476 3722 3546 3778 de
3589 3731 3722 3778 tem

2126 3813 2401 3887 quomodo
2446 3818 2663 3883 sumpta
2711 3812 2839 3867 est?
2882 3810 2985 3867 Sed
3040 3819 3121 3866 est
3165 3826 3273 3882 pax
3332 3811 3502 3877 bona,
3560 3819 3613 3866 et
3649 3821 3721 3867 est

2125 3920 2231 3976 pax
2272 3903 2432 3957 mala.
2483 3901 2675 3956 Pacem
2713 3900 2911 3954 malam
2957 3899 3061 3954 ﬁlii
3109 3899 3205 3955 Dei
3263 3907 3395 3955 ante
3452 3900 3717 3956 diluvium

2125 4009 2251 4048 cum
2285 3989 2416 4046 ﬁliis
2441 3989 2733 4045 hominum
2764 3987 3100 4056 habuerunt,
3132 3988 3354 4061 quando
3379 3988 3526 4044 ﬁlias
3542 4006 3717 4045 eorum

2128 4087 2472 4152 acceperunt,
2499 4087 2552 4133 et
2581 4095 2706 4135 suas
2736 4083 2814 4133 eis
2842 4077 3113 4133 dederunt
3145 4079 3302 4147 (Gen.
3337 4095 3420 4146 γι,
3455 4078 3547 4148 2);
3577 4078 3717 4133 ideo-

2128 4187 2233 4243 que
2286 4185 2412 4223 cum
2461 4169 2574 4223 illis
2637 4169 2793 4240 aquis
2838 4167 3038 4223 diluvii
3100 4166 3264 4222 deleti
3323 4177 3476 4223 sunt.
3532 4167 3633 4223 Sed
3674 4176 3718 4223 et

2128 4259 2263 4315 ﬁliis
2294 4258 2457 4314 Israel
2491 4257 2753 4329 praecepit
2787 4255 3057 4312 Dominus
3078 4264 3139 4310 ut
3168 4254 3350 4311 fuadus
3381 4272 3495 4311 non
3529 4257 3717 4311 inirent

2128 4365 2253 4407 cum
2306 4346 2652 4413 Chananzeis,
2714 4361 2889 4417 neque
2946 4344 3088 4400 ﬁlias
3143 4360 3335 4399 eorum
3396 4346 3714 4417 accipereut,

2128 4454 2230 4494 nec
2259 4436 2402 4491 ﬁlias
2433 4453 2556 4492 suas
2588 4435 2701 4490 illis
2731 4434 2924 4490 darent
2947 4434 3156 4505 (Exod.
3191 4450 3360 4501 χχιιι,
3388 4434 3497 4501 32;
3530 4452 3714 4499 χχχιχ,

431 4527 576 4598 vixi,
618 4527 816 4583 amodo
865 4527 1165 4583 secundum
1215 4528 1469 4597 spiritum
1517 4529 1719 4582 vivam.
1772 4528 2024 4597 Dixitque
2051 4533 2100 4591 D
2136 4529 2246 4599 16).
2276 4528 2411 4582 Nam
2443 4527 2509 4581 de
2540 4542 2668 4599 pace
2696 4524 2836 4579 bona
2875 4532 2928 4580 et
2967 4524 3109 4577 mala
3137 4524 3433 4595 Psalmista
3465 4525 3712 4597 loquitur,

427 4619 476 4678 ei
508 4619 624 4691 (56)
655 4637 666 4674 :
704 4619 853 4685 Quod
882 4624 957 4672 est
984 4633 1169 4670 nomen
1200 4621 1342 4669 tuum
1368 4617 1395 4671 ?
1424 4616 1705 4686 Respondit
1734 4616 1780 4670 ei
1806 4635 1816 4671 :
1839 4616 2018 4683 Iacob;

425 4709 667 4779 dixitque
696 4708 777 4762 ei:
829 4708 949 4762 Non
998 4705 1265 4759 vocaberis
1304 4706 1451 4759 ultra
1492 4704 1673 4773 Iacob,
1724 4704 1810 4758 sed
1852 4706 2023 4760 Israel

425 4798 529 4855 erit
568 4814 753 4851 nomen
786 4802 953 4860 tuum,
990 4791 1044 4850 id
1091 4802 1204 4849 est:
1244 4793 1365 4849 Non
1404 4792 1684 4849 vocaberis
1714 4794 1858 4849 ultra
1897 4811 2021 4865 sup-

428 4886 705 4960 plantator
731 4884 1017 4950 vitiorum,
1050 4882 1143 4939 sed
1173 4882 1455 4939 vocaberis
1485 4884 1573 4938 vir
1598 4882 1791 4937 videns
1814 4884 2017 4937 Deum:

428 4983 482 5029 et
525 4975 620 5046 qui
670 4981 794 5029 ante
846 4973 1012 5029 ﬂebas
1056 4988 1125 5028 ne
1173 4972 1229 5026 in
1273 4973 1552 5028 infernum
1609 4972 2020 5045 demergereris,

434 5078 585 5118 nunc
642 5062 816 5131 ﬂebis,
873 5078 936 5117 eo
990 5062 1138 5134 quod
1188 5062 1375 5134 aliquo
1432 5072 1676 5135 tempore
1724 5079 1754 5117 a
1809 5062 2022 5117 visione

430 5152 827 5224 omnipotentis
854 5152 953 5207 Dei
983 5152 1274 5224 elongeris,
1313 5152 1500 5208 dicens
1529 5169 1653 5210 cum
1693 5150 1980 5208 Psalmista
2005 5168 2017 5206 :

502 5386 645 5468 (55)
668 5387 843 5468 ῌᾶὶῑ.,
883 5388 950 5468 in
978 5387 1154 5468 ﬁgura
1195 5386 1516 5453 luctabatur,
1556 5388 1694 5443 illud
1728 5386 2022 5458 signiﬁcat;

431 5472 559 5513 mss.
592 5466 653 5512 ut
686 5465 740 5511 in
771 5465 1054 5513 contextu.

505 5527 611 5596 (ὅθ)
654 5527 1066 5599 Eademgedit”
1109 5528 1366 5599 Dixitque
1406 5529 1496 5584 ei:
1546 5529 1666 5585 Non
1714 5527 2016 5595 vocaberis;

438 5611 566 5650 mss.
600 5613 730 5651 vero
761 5597 1045 5652 nobiscum
1074 5597 1302 5655 faciunt.

2130 4619 2354 4674 dicens:
2401 4643 2417 4663 ι
2441 4617 2575 4674 Cum
2610 4616 2782 4670 electo
2813 4614 3019 4668 electus
3062 4628 3188 4679 eris,
3234 4622 3288 4668 et
3317 4630 3447 4669 cum
3478 4630 3714 4686 perverso

2131 4707 2459 4780 perverteris
2509 4705 2682 4779 (Psal.
2730 4720 2871 4771 xvn,
2914 4702 3027 4773 27).
3086 4726 3103 4748 ι
3169 4704 3323 4759 Hanc
3368 4722 3499 4778 ergo
3546 4723 3710 4777 pacem

2129 4797 2275 4853 Deus
2310 4796 2376 4851 de
2422 4803 2562 4849 terra
2610 4791 2864 4864 sumpsit,
2908 4790 3128 4863 quando
3157 4791 3339 4863 justos
3382 4792 3633 4849 homines
3655 4794 3713 4849 ab

2131 4885 2318 4957 impiis
2347 4882 2619 4956 separavit
2645 4889 2843 4948 mente,
2879 4896 2988 4935 non
3018 4895 3264 4951 corpore.
3316 4883 3391 4936 Et
3421 4889 3478 4935 ut
3511 4884 3711 4937 invicem

2129 4992 2181 5030 se
2210 4974 2544 5045 interﬁciant.
2590 4973 2636 5027 A
2671 4971 2870 5044 quibus
2907 4987 3011 5043 pax
3047 4971 3227 5026 ablata
3256 4979 3360 5039 est,
3389 4987 3711 5044 consequens

2130 5071 2232 5131 est,
2268 5073 2330 5119 ut
2368 5062 2508 5118 alius
2546 5061 2613 5117 ab
2660 5061 2770 5116 alio
2805 5059 3169 5117 interﬁciatur
3202 5078 3215 5126 ;
3255 5076 3382 5114 nam
3425 5077 3568 5132 saepe
3587 5060 3707 5131 justi

2130 5152 2386 5224 injustas,
2428 5159 2481 5209 et
2528 5149 2719 5223 injusti
2749 5149 2927 5222 justos
2973 5148 3341 5217 interﬁciunt,
3376 5149 3525 5205 sicut
3561 5150 3705 5204 Aram

2202 5386 2315 5458 (57)
2346 5385 2495 5442 Edit.
2547 5384 2702 5451 Gill.,
2747 5385 2821 5440 Et
2868 5399 2974 5437 ecce
3011 5376 3544 5458 equitant/uis:
3580 5381 3705 5458 color

2129 5451 2311 5525 aureo,
2356 5467 2460 5514 etc.
2508 5458 2667 5513 Rom.
2717 5462 2839 5527 post
2876 5451 3065 5510 vocem
3099 5452 3259 5527 rufus
3294 5451 3515 5527 addidit
3543 5460 3592 5506 et
3621 5451 3704 5506 has

2129 5524 2542 5601 consequentes,
2578 5534 2625 5581 et
2660 5524 2751 5597 qui
2779 5527 2984 5601 sedebat
3009 5542 3168 5601 super
3197 5524 3384 5579 illum:
3437 5524 3614 5579 datum
3643 5527 3705 5576 est

2128 5600 2176 5655 ei
2202 5607 2260 5654 ut
2288 5597 2511 5655 sumeret
2541 5615 2723 5669 pacem
2765 5597 2827 5654 de
2860 5604 3024 5653 terra.
3080 5600 3183 5654 Nos
3230 5611 3363 5651 vero
3413 5602 3605 5652 caetera
3644 5610 3703 5648 ex

2132 5688 2258 5727 mss.
2292 5671 2650 5728 restituimus.
