3880 6198
82 304 177 361 905

977 302 1431 360 BERENGAUDI
1469 300 1843 360 EXPOSITIO
1882 303 1956 360 ΓΝ
1990 301 2531 369 ΑΡΟΟΑΕῩΡΞΙΝ.,

3267 304 3373 361 906

38 489 45 503 ,
86 432 240 486 frater
266 426 494 482 Abrahae
525 427 826 483 secundum
864 426 1215 482 traditionem
1242 426 1556 483 Iudaeorum
1608 429 1663 485 in
1693 427 1744 486 A
1777 426 2077 483 Pharaonis
2108 427 2333 499 Moysen
2379 444 2411 484 a
2453 429 2755 502 papyrione
2802 427 3027 485 sustulit
3069 427 3273 499 (Exod.
3307 446 3368 500 ιι,

38 508 47 539 θ
86 522 199 589 igne
228 514 627 583 Chaldaeorum,
658 532 723 569 eo
753 514 899 588 quod
930 515 1111 587 ignem
1142 515 1366 572 adorare
1406 517 1666 586 noluerit,

85 614 318 663 mortuus
354 613 474 660 est:
536 604 680 660 sicut
744 603 1019 661 Abraham
1081 613 1316 676 quatuor
1365 621 1517 678 reges
1571 623 1670 678 pro

38 688 47 724 ί
83 696 187 752 suis
224 692 595 765 impietatibus
633 709 756 749 cum
792 694 1131 751 exercitibus
1162 693 1475 750 interfecit:
1527 694 1671 749 sicut

38 780 43 815 ί
82 785 173 842 ﬁlii
201 782 362 840 Iacob
395 783 488 856 qui
529 799 627 855 pro
655 791 846 857 stupro
879 786 1082 841 sororis
1133 801 1323 841 omnes
1351 783 1671 840 Sichimitas

38 870 43 903 ί
83 877 480 935 interfecerunt.
537 875 638 929 Per
668 873 909 946 gladium
962 883 1144 931 autem
1190 891 1449 947 magnum
1502 888 1670 947 aquas

38 990 39 993 η
79 965 269 1025 diluvii
322 963 572 1035 accipere
620 979 930 1035 possumus,
964 963 1167 1036 quibus
1212 964 1393 1019 omnis
1431 963 1670 1019 mundus

38 1052 41 1085 ῖ
79 1058 279 1115 deletus
321 1061 419 1109 est.
482 1052 777 1108 Possumus
819 1053 981 1109 etiam
1014 1070 1110 1126 per
1137 1052 1380 1125 gladium
1410 1068 1666 1125 magnum

38 1172 39 1175 η
75 1144 459 1204 exterminium
483 1142 729 1216 quinque
750 1142 1043 1200 civitatum
1078 1142 1406 1215 intelligere,
1438 1159 1670 1216 quarum

38 1262 39 1267 η
77 1237 402 1293 habitatores
447 1234 572 1306 igne
611 1241 665 1288 et
708 1232 971 1305 sulphure
1015 1233 1317 1305 perierunt,
1372 1250 1672 1307 eorumque

74 1335 287 1394 terram,
323 1342 445 1398 quae
477 1340 602 1380 cum
626 1322 760 1396 ipsis
798 1323 856 1378 in
885 1323 1149 1396 abyssum
1184 1323 1434 1380 demersa
1462 1330 1562 1379 est.

137 1437 211 1492 Et
252 1451 368 1489 cum
425 1432 722 1505 aperuisset
773 1431 1009 1502 sigillum
1066 1432 1295 1487 tertium.
1341 1432 1521 1504 Sigilli
1552 1438 1675 1488 ter-

70 1524 132 1583 tii
184 1524 395 1598 apertio
437 1522 507 1579 ad
561 1523 735 1594 legem
782 1529 837 1578 et
880 1521 947 1579 ad
993 1540 1085 1579 eos
1111 1523 1204 1595 qui
1235 1522 1335 1579 sub
1382 1522 1499 1595 lege
1545 1522 1675 1579 fue-

70 1621 193 1670 runt
242 1613 505 1686 pertinet.
551 1610 639 1667 Ad
677 1610 1165 1667 demonstrandum
1213 1628 1339 1683 ergo
1390 1610 1542 1668 tertii
1590 1611 1675 1667 si-

70 1704 183 1777 gilli
214 1703 586 1776 apertionem,
616 1701 823 1774 placuit
852 1709 915 1757 ut
956 1716 1129 1774 pauca
1171 1699 1238 1756 de
1269 1700 1476 1772 Moyse,
1503 1707 1557 1756 et
1608 1698 1675 1756 de

70 1794 135 1851 iis
179 1809 301 1866 quae
355 1791 416 1846 in
478 1791 594 1863 lege
622 1789 1026 1846 irrationabilia
1054 1805 1172 1845 esse
1207 1789 1487 1858 videntur,
1515 1789 1677 1847 dica-
1704 1807 1751 1868 Β

69 1901 205 1940 mus.
255 1884 323 1941 In
358 1881 552 1938 Exodo
599 1883 864 1955 scriptum
896 1889 977 1937 est
1005 1878 1153 1953 quod
1181 1897 1307 1936 cum
1335 1887 1499 1936 natus
1526 1891 1666 1939 esset

69 1977 296 2050 Moyses,
324 1974 682 2033 absconditus
730 1983 812 2031 est
844 1973 1122 2030 mensibus
1151 1973 1328 2031 tribus
1355 1991 1386 2029 a
1414 1975 1664 2047 parenti-

68 2064 168 2121 bus
195 2066 351 2134 suis;
405 2071 593 2137 postea
622 2081 753 2120 vero
774 2063 903 2119 fecit
927 2062 975 2119 ei
1025 2071 1201 2118 mater
1228 2062 1489 2119 ﬁscellam
1521 2064 1668 2121 scir-

71 2172 239 2227 peam,
285 2163 343 2212 et
376 2154 509 2211 livit
552 2168 669 2208 eam
699 2151 975 2207 bitumine
1005 2167 1068 2207 ac
1102 2152 1243 2224 pice,
1276 2158 1330 2207 et
1356 2151 1535 2224 posito
1572 2153 1668 2209 in-

70 2253 151 2300 tus
195 2245 438 2310 infante,
481 2240 665 2313 posuit
710 2256 832 2295 enm
878 2239 936 2295 in
976 2249 1191 2296 carecto
1237 2240 1370 2312 ripae
1421 2240 1669 2298 ﬂuminis

71 2334 261 2407 (Exod.
317 2349 381 2399 ιι,
437 2330 490 2399 2,
542 2329 621 2401 3).
654 2329 869 2399 Moyses
916 2326 1197 2385 Christum
1239 2327 1542 2401 ﬁgurabat:
1575 2346 1671 2401 per

70 2440 272 2480 menses
300 2429 491 2477 autem
544 2426 654 2474 tres
683 2417 884 2490 quibus
924 2416 1277 2473 absconditus
1326 2426 1406 2473 est
1434 2418 1667 2490 Moyses,

69 2509 163 2566 tria
216 2518 473 2580 tempora
529 2504 924 2576 designantur:
956 2522 1128 2560 unum
1181 2513 1307 2561 ante
1354 2505 1664 2561 diluvium:

69 2597 362 2654 secundum
396 2601 523 2668 post
545 2592 819 2648 diluvium
861 2609 1032 2667 usque
1053 2593 1118 2649 ad
1154 2595 1377 2666 Moysen
1403 2613 1414 2651 :
1444 2595 1669 2651 tertium

68 2707 97 2745 a
122 2691 306 2762 Moyse
337 2704 519 2761 usque
546 2684 613 2741 ad
653 2683 953 2740 adventum
992 2684 1239 2740 Domini.
1287 2686 1347 2741 In
1376 2684 1464 2740 his
1492 2684 1671 2741 tribus

68 2775 405 2847 temporibus
472 2770 729 2828 homines
783 2770 1055 2827 adventus
1111 2769 1314 2827 Christi
1366 2770 1667 2826 secundum

66 2881 277 2921 carnem
308 2863 482 2920 latuit
507 2880 520 2929 ;
544 2878 574 2916 a
603 2860 861 2933 perfectis
887 2869 1069 2916 tamen
1100 2858 1394 2931 praedictus
1422 2868 1503 2915 est
1526 2859 1668 2932 (58).

66 2960 158 3016 Per
185 2961 460 3018 ﬁscellam
484 2975 640 3014 vero
667 2959 935 3030 scirpeam
983 2957 1142 3013 beata
1181 2957 1337 3029 virgo
1365 2957 1535 3013 Maria
1578 2958 1667 3013 de-

62 3050 265 3122 signata
292 3058 406 3108 est:
445 3056 625 3105 mater
654 3064 782 3120 ergo
808 3046 1071 3104 ﬁscellam
1114 3045 1402 3119 scirpeam,
1447 3047 1506 3102 in
1562 3063 1669 3120 qua

1778 519 1877 587 5);
1920 519 2049 592 quia
2075 520 2323 576 Ecclesia
2366 536 2435 576 ex
2477 521 2734 592 gentibus
2773 522 2939 578 ﬁdem
2982 521 3194 580 Christi
3242 540 3373 579 sus-

1780 607 2009 680 cipiens,
2058 609 2313 665 eumdem
2342 608 2628 667 Christum
2675 627 2708 667 a
2758 611 2962 668 Iudaeis
2995 611 3215 669 credere
3260 628 3372 669 no—

1781 696 2025 753 lentibus
2053 696 2305 755 abstulit.

1850 839 2043 895 Postea
2070 856 2196 896 cum
2227 839 2373 896 idem
2402 841 2618 915 Moyses
2655 859 2786 900 oves
2812 842 3002 900 Jethro
3034 843 3248 916 cognati
3286 843 3371 899 sui

1782 935 2045 998 pasceret,
2061 929 2312 1000 apparuit
2340 928 2390 984 ei
2420 930 2690 986 Dominus
2718 930 2777 986 in
2806 931 2933 1003 igne
2962 931 3196 988 flammae
3222 929 3370 999 rubi,

1780 1025 1835 1073 et
1867 1018 2087 1075 videbat
2116 1019 2264 1091 quod
2290 1019 2461 1076 rubus
2489 1020 2723 1089 arderet,
2773 1028 2829 1076 et
2872 1038 2984 1077 non
3012 1021 3374 1079 comburere-

1782 1116 1873 1163 tur
1918 1108 2121 1180 (Exod.
2155 1126 2236 1178 ιιι,
2268 1109 2349 1181 2).
2400 1110 2694 1165 Possumus
2724 1126 2820 1182 per
2848 1109 3047 1167 rubum
3084 1110 3179 1184 qui
3207 1108 3375 1165 ﬂam-

1784 1215 1897 1254 mas
1926 1216 1995 1255 ex
2024 1215 2079 1255 se
2107 1199 2459 1271 producebat,
2516 1206 2570 1255 et
2603 1216 2714 1255 non
2743 1199 3192 1267 comburebatur,
3235 1198 3376 1254 bea-

1782 1294 1893 1343 tam
1921 1287 2192 1360 virginem
2225 1288 2453 1345 Mariam
2482 1287 2807 1361 intelligere,
2856 1306 2977 1362 quae
3026 1288 3229 1344 Filium
3272 1286 3375 1343 Dei

1782 1394 1852 1433 ex
1882 1395 1983 1435 suo
2010 1386 2167 1435 utero
2197 1380 2448 1451 protulit,
2496 1386 2550 1434 et
2595 1378 2974 1451 virginitatem
3007 1396 3119 1437 non
3148 1382 3369 1450 amisit;

1783 1468 1878 1525 sed
1906 1476 2127 1540 propter
2154 1485 2216 1525 ea
2245 1485 2366 1541 quae
2391 1476 2717 1542 sequuntur,
2746 1485 2842 1542 per
2869 1470 3069 1528 rubum
3091 1469 3374 1529 Christum

1783 1573 1898 1614 esse
1926 1556 2344 1631 intelligendum
2375 1564 2519 1622 526
2548 1559 2830 1627 existimo,
2877 1559 3179 1617 secundum
3227 1563 3374 1635 quod

1783 1651 1951 1710 homo
1978 1662 2078 1710 est.
2123 1655 2369 1712 Flamma
2395 1673 2526 1713 vero
2556 1658 2681 1715 rubi
2715 1656 2833 1730 ejus
2860 1656 3209 1714 divinitatem
3237 1656 3373 1729 ﬁgu-

1782 1740 1948 1796 ravit.
2004 1741 2195 1797 Bubus
2217 1758 2345 1813 ergo
2374 1742 2616 1813 ardebat,
2661 1750 2717 1800 et
2757 1759 2869 1799 non
2907 1742 3370 1810 comburebatur;

1779 1830 1909 1903 quia
1935 1830 2111 1887 Filius
2136 1831 2236 1888 Dei
2275 1832 2557 1890 hominem
2595 1850 2900 1901 assumens,
2936 1833 3081 1891 sicut
3129 1831 3247 1905 ejus
3293 1832 3374 1890 di-

1778 1924 1983 1982 vinitas
2010 1940 2124 1980 non
2152 1932 2235 1981 est
2264 1932 2474 1981 mutata
2492 1925 2551 1982 in
2572 1925 2994 1994 humanitatem,
3016 1933 3080 1983 ut
3098 1924 3374 1982 amitteret

1780 2013 1926 2087 quod
1958 2023 2107 2082 erat;
2157 2013 2237 2071 sic
2264 2030 2367 2072 nec
2391 2013 2510 2087 ejus
2544 2015 2862 2072 humanitas
2898 2031 2995 2088 per
3022 2013 3373 2072 divinitatem

1778 2104 1995 2174 ardens,
2025 2121 2136 2161 non
2165 2114 2247 2162 est
2274 2106 2565 2180 absumpta
2593 2108 2671 2165 ita
2698 2124 2729 2165 a
2753 2107 3069 2176 divinitate,
3110 2114 3173 2164 ut
3200 2106 3375 2164 amit-

1778 2201 1917 2249 teret
1968 2193 2401 2252 humanitatem:
2472 2196 2566 2253 sed
2636 2213 2706 2253 ex
2765 2196 2979 2253 duabus
3050 2195 3374 2254 substantiis

1780 2283 2144 2342 humanitatis
2172 2294 2335 2359 atque
2372 2287 2595 2344 deitatis
2631 2304 2777 2344 unus
2811 2286 3062 2345 Christus
3109 2303 3375 2361 perman—

1782 2373 1854 2431 sit
1905 2382 1962 2430 et
2009 2383 2313 2447 permanet,
2361 2377 2505 2434 sicut
2551 2375 2816 2448 scriptum
2868 2385 2978 2432 est:
3039 2400 3057 2424 ‹
3096 2376 3375 2434 Perfectus

1782 2467 1949 2535 Dens,
1997 2467 2269 2539 perfectus
2297 2466 2486 2536 homo,
2531 2484 2599 2523 ex
2634 2467 2820 2523 anima
2847 2467 3105 2522 rationali
3158 2474 3213 2523 et
3258 2466 3375 2524 hu—

1784 2573 1945 2613 mana
1972 2574 2134 2615 carne
2167 2557 2467 2615 subsistens
2498 2557 2786 2630 (Athanas.
2816 2557 2875 2612 in
2910 2556 3138 2628 Symb.).
3171 2581 3190 2605 ι

1852 2692 2201 2766 Locutusque
2240 2699 2321 2750 est
2358 2692 2629 2749 Dominus
2683 2691 2751 2747 ad
2807 2691 3031 2764 Moysen
3079 2690 3165 2747 de.
3193 2689 3376 2748 medio

1782 2780 2017 2838 ﬂammae
2072 2781 2235 2837 rubi:
2298 2805 2316 2828 ι
2361 2782 2440 2837 Ne
2469 2780 2754 2853 appropies
2796 2778 2927 2847 huc,
2968 2780 3119 2836 solve
3152 2781 3374 2837 calcea-

1784 2879 2029 2927 mentum
2060 2871 2127 2927 de
2154 2866 2387 2942 pedibus
2417 2870 2562 2937 tuis;
2614 2870 2768 2925 locus
2794 2867 2941 2925 enim
2987 2869 3046 2924 in
3093 2885 3202 2941 quo
3239 2877 3370 2937 stas,

1781 2966 1927 3015 terra
1981 2967 2167 3015 sancta
2212 2967 2311 3015 est.
2358 2957 2569 3015 Videns
2618 2957 2735 3014 vidi
2785 2956 3142 3014 aﬂlictionem
3182 2959 3374 3032 populi

1782 3047 1908 3115 mei,
1954 3047 2049 3121 qui
2079 3057 2159 3104 est
2188 3047 2246 3103 in
2272 3048 2534 3121 IEgypto,
2581 3054 2637 3103 et
2683 3046 2947 3119 gemitum
2996 3046 3116 3118 ejus
3161 3047 3370 3116 audivi,

60 3138 267 3212 Moyses
310 3144 638 3211 poneretur,
682 3135 1034 3208 praeparavit;
1081 3135 1210 3208 quia
1238 3134 1503 3207 sapientia
1544 3136 1664 3224 Dei,
1700 3164 1741 3224 ρ
1779 3145 1833 3193 et
1862 3136 2118 3194 descendi
2150 3136 2382 3193 liberare
2406 3153 2552 3193 eum.
2601 3136 2706 3193 Sed
2735 3135 2883 3204 veni,
2939 3135 3156 3192 mittam
3199 3144 3251 3192 te
3301 3135 3373 3192 ad

60 3243 171 3300 quae
200 3238 282 3286 est
336 3228 528 3285 Filius
574 3226 695 3295 Dei,
734 3225 945 3282 beatam
998 3232 1053 3281 et
1096 3226 1387 3297 gloriosam
1440 3223 1665 3280 Mariam

57 3333 262 3390 semper
305 3317 596 3391 virginem
646 3313 831 3386 elegit,
866 3313 922 3368 in
953 3312 1114 3386 cujus
1160 3314 1483 3370 intemerato
1511 3323 1667 3369 utero

56 3403 358 3475 hominem,
391 3406 493 3463 cui
526 3421 621 3476 per
648 3403 916 3460 unitatem
948 3420 1192 3475 personae
1222 3402 1663 3476 conjungeretur,

53 3494 328 3552 formaret.
352 3497 462 3552 Per
495 3493 751 3550 bitumen
772 3508 903 3548 vero
930 3492 1075 3564 quod
1105 3493 1171 3549 ah
1201 3491 1356 3566 aquis
1385 3492 1524 3548 solvi
1555 3508 1664 3547 non

1777 3226 2138 3295 Pharaonem,
2188 3236 2251 3283 ut
2289 3226 2489 3284 educas
2513 3226 2659 3283 ﬁlios
2694 3227 2855 3283 Israel
2895 3226 2962 3283 de
3000 3233 3147 3283 terra
3185 3226 3372 3299 Egy-

1777 3315 1856 3388 pti
1896 3314 2099 3385 (Exod.
2133 3333 2215 3384 ιιι,
2254 3317 2307 3385 5,
2343 3318 2393 3385 7,
2433 3315 2546 3388 10).
2576 3341 2594 3365 ι
2634 3317 2708 3372 Εῐ
2735 3325 2859 3388 post
2886 3331 3092 3388 pauca:
3141 3337 3159 3362 ι
3188 3315 3370 3372 Dixit-

1777 3422 1881 3478 que
1909 3406 2126 3478 Moyses
2154 3405 2223 3461 ad
2246 3405 2545 3462 Dominum
2572 3424 2583 3463 :
2618 3405 2754 3473 Quis
2783 3422 2879 3478 ego
2907 3422 3057 3472 sum,
3085 3411 3149 3460 ut
3171 3403 3370 3462 vadam

1775 3493 1844 3551 ad
1874 3494 2236 3563 Pharaonem,
2284 3503 2338 3550 et
2366 3495 2595 3551 educam
2631 3493 2775 3551 ﬁlios
2806 3494 2972 3551 Israel
3017 3493 3084 3550 de
3124 3492 3369 3565 Egypto

1776 3584 1940 3657 (Ibid.
1979 3585 2069 3656 11)
2097 3584 2126 3640 ?
2159 3609 2178 3633 ι
2234 3585 2305 3640 Et
2330 3584 2387 3640 in
2414 3584 2771 3658 sequentibus
2816 3583 2883 3640 de
2912 3582 3045 3638 ﬁliis
3071 3580 3235 3638 Israel
3278 3584 3369 3639 lo-

1773 3671 1965 3745 quitur
1991 3672 2060 3728 ad
2088 3672 2409 3742 Dominum,
2434 3672 2649 3730 dicens:
2704 3695 2733 3725 ‹‹
2767 3673 2889 3729 Non
2917 3671 3145 3728 audient
3174 3686 3367 3727 vocem

1774 3777 1971 3831 meam,
2022 3761 2117 3819 sed
2174 3762 2389 3820 dicent:
2447 3763 2568 3819 Non
2633 3763 2885 3835 apparuit
2936 3761 3039 3817 tibi
3095 3762 3366 3819 Dominus

1774 3848 1977 3920 (Exod.
2010 3867 2090 3916 ιν,
2132 3851 2225 3923 1);
2268 3876 2287 3899 ι
2347 3858 2403 3907 et
2445 3852 2646 3906 iterum
2680 3869 2692 3906 :
2754 3873 2772 3897 α
2803 3851 3060 3918 Obsecro,
3105 3850 3360 3916 Domine,

1772 3939 1929 3993 mitte
1977 3953 2139 4010 quem
2176 3938 2444 3994 missurus
2493 3955 2551 3994 es
2596 3938 2759 4009 (Ibid.
2798 3939 2911 4009 13).
2943 3961 2961 3985 ι
3022 3938 3151 3995 Haec
3195 3935 3363 3993 verba

1769 4027 2147 4085 demonstrant
2197 4030 2422 4100 Moysen
2480 4027 2720 4084 invitum
2784 4028 3033 4085 obedisse
3087 4027 3361 4084 mandatis

1769 4116 1992 4172 Domini
2019 4133 2032 4182 ;
2084 4123 2146 4171 ut
2174 4116 2426 4172 educeret
2458 4115 2602 4171 ﬁlios
2627 4117 2790 4172 Israel
2819 4115 2885 4171 de
2914 4123 3060 4173 terra
3088 4115 3316 4188 IEgypti
3342 4132 3354 4170 :

1769 4207 1863 4263 sed
1900 4205 2252 4279 quaerendum
2285 4204 2443 4260 nobis
2472 4212 2572 4274 est,
2623 4221 2724 4262 cur
2770 4211 2958 4262 tantus
2994 4205 3084 4261 vir
3132 4203 3358 4261 Domini

51 3594 240 3655 potest,
285 3585 684 3659 virginitatem
714 3583 885 3640 beatae
924 3583 1130 3651 Mariae,
1179 3599 1299 3655 quae
1345 3582 1500 3639 nullo
1530 3590 1664 3638 aestu

49 3675 247 3731 carnali
314 3673 534 3731 violari
592 3672 791 3745 potuit,
854 3671 1161 3745 intelligere
1201 3688 1521 3743 possumus:
1570 3687 1665 3743 per

50 3763 215 3831 picem
247 3772 462 3832 autem,
499 3778 630 3834 quae
659 3771 844 3818 custos
874 3770 956 3817 est
986 3759 1103 3815 vini
1134 3760 1273 3832 (59),
1292 3760 1661 3816 humilitatem

47 3854 325 3910 custodem
360 3861 502 3910 caete
516 3868 699 3907 rarum
730 3851 1026 3907 virtutum.
1064 3851 1143 3906 De
1190 3866 1295 3921 qua
1324 3849 1438 3922 ipsa
1472 3848 1663 3921 loqui—

48 3947 131 3995 tur
154 3942 350 3998 dicens
370 3962 382 3999 :
427 3969 445 3991 ε
464 3942 614 4011 Quia
638 3941 879 4013 respexit
899 3939 1270 3996 humilitatem
1295 3940 1508 3996 ancillae
1527 3954 1657 4006 sure;

48 4044 164 4086 ecce
192 4033 345 4088 enim
388 4049 464 4088 ex
495 4032 608 4087 hoc
638 4030 851 4086 beatam
882 4044 968 4084 me
996 4027 1184 4085 dicent
1211 4043 1400 4083 omnes
1430 4042 1662 4098 genera-

47 4117 220 4175 tiones
251 4121 415 4192 (Luc.
451 4138 496 4189 ι,
526 4118 645 4190 48).
678 4142 696 4165 ι
739 4118 841 4174 Per
866 4116 1070 4173 ﬂumen
1099 4132 1230 4172 vero
1259 4115 1535 4171 mundus:
1565 4130 1662 4186 per

47 4214 319 4264 carectum
362 4209 423 4264 in
479 4224 597 4281 quo
642 4207 860 4279 Moyses
905 4205 1115 4278 positus
1160 4212 1262 4275 est,
1294 4203 1467 4259 Judaei
1506 4202 1661 4258 desi-

49 4306 279 4364 gnantur
305 4316 327 4364 ;
375 4314 511 4354 nam
578 4296 637 4351 in
679 4295 1035 4368 sequentibus
1065 4295 1121 4349 in
1160 4292 1459 4366 papyrione
1488 4308 1517 4346 a
1545 4291 1661 4345 ﬁlia

45 4382 343 4443 Pharaonis
374 4388 653 4444 inventus
694 4384 863 4441 fuisse
909 4384 1127 4456 legitur.
1161 4381 1423 4437 Eamdem
1453 4378 1659 4450 signiﬁ-

42 4478 311 4535 cationem
346 4479 530 4534 habet
562 4484 839 4533 carectum
869 4476 927 4530 in
966 4473 1072 4529 hoc
1110 4473 1252 4536 loco,
1284 4487 1446 4543 quam
1479 4476 1533 4524 et
1568 4486 1656 4541 pa-

44 4580 239 4638 pyrus;
285 4584 420 4625 nam
457 4573 741 4624 carectum
786 4579 981 4619 manus
1027 4560 1435 4617 attrectantium
1466 4559 1657 4613 vulne-

41 4671 152 4713 rare
173 4661 339 4725 solet,
371 4676 444 4716 ex
467 4674 688 4732 papyro
709 4664 888 4713 autem
922 4650 1227 4724 antiquitus
1246 4650 1374 4706 libri
1404 4649 1656 4707 conﬁcie-

38 4741 254 4803 bantur.
292 4749 403 4804 Per
452 4752 738 4803 carectum
769 4759 897 4817 ergo
942 4740 1116 4797 Judaei
1145 4739 1520 4811 designantur,
1560 4736 1655 4810 qui

38 4838 349 4908 prophetas,
386 4836 647 4893 medicos
689 4834 951 4891 videlicet
981 4829 1274 4903 spiritales,
1302 4829 1397 4903 qui
1426 4827 1657 4883 vulnera

37 4937 214 4982 eorum
236 4943 441 4983 sanare
474 4924 798 4997 cupiebant,
831 4921 1245 4978 interfecerunt.
1286 4919 1455 4974 Iidem
1488 4918 1651 4973 etiam

37 5021 81 5068 et
112 5032 207 5086 per
238 5033 533 5090 papyrum
590 5015 967 5087 designantur,
995 5025 1058 5065 eo
1087 5008 1235 5082 quod
1277 5007 1334 5062 in
1365 5006 1653 5078 scripturis

37 5102 130 5158 sibi
171 5121 203 5159 a
240 5107 363 5161 Deo
416 5101 657 5159 traditis
696 5102 1080 5175 gloriarentur,
1112 5114 1245 5171 quas
1279 5096 1550 5168 legebant,
1596 5102 1652 5149 et

37 5206 134 5248 non
163 5192 606 5251 custodiebant.
641 5192 782 5248 Filia
810 5206 943 5247 vero
970 5186 1270 5244 Pharaonis
1309 5185 1424 5257 (60)
1456 5182 1650 5239 videli-

37 5289 102 5337 κη
137 5281 356 5340 diaboli
391 5278 687 5356 populum
709 5296 777 5336 ex
794 5276 1048 5353 gentibus
1068 5273 1345 5348 ﬁguravit.
1364 5272 1505 5329 Filia
1521 5286 1649 5345 ergo

80 5509 196 5583 (58)
228 5510 317 5568 Ita
366 5522 560 5575 mss.;
625 5506 758 5583 edit.
810 5503 1203 5583 e_contrario.
1244 5501 1441 5583 Iuniis
1480 5500 1652 5583 tribus

37 5574 333 5652 temporibus
396 5574 686 5652 quomodo
732 5577 963 5633 homines
1017 5576 1271 5631 adventus
1315 5574 1648 5631 Christi......

37 5655 319 5712 medictum
350 5659 453 5711 est.

346 5753 620 5808 PATBOL.
659 5746 835 5804 XVII.

1690 4518 1741 4580 D

1769 4301 2099 4366 praceptnm
2133 4293 2343 4348 invitus
2370 4301 2660 4350 exsecutus
2684 4292 2776 4351 sit.
2827 4294 3034 4351 Verum
3064 4294 3206 4350 hanc
3239 4293 3358 4365 ejus

1769 4384 2124 4455 pertinaciam
2166 4383 2487 4456 spiritaliter
2525 4383 2829 4456 intelligere
2874 4384 3172 4449 debemus;
3218 4382 3358 4438 dicit

1769 4473 1917 4528 enim
1949 4473 2280 4545 Apostolus:
2350 4497 2368 4519 ι
2419 4473 2545 4530 Haec
2598 4480 2780 4528 autem
2834 4472 3023 4527 omnia
3071 4471 3130 4526 in
3181 4469 3357 4541 ﬁgura

1768 4561 2158 4632 contingebant
2185 4561 2329 4617 illis:
2362 4560 2564 4633 scripta
2591 4568 2721 4617 sunt
2748 4568 2929 4616 autem
2958 4558 3027 4615 ad
3057 4559 3353 4629 correptio-

1764 4667 1892 4706 nem
1934 4659 2199 4719 nostram,
2245 4651 2303 4705 in
2335 4666 2471 4723 quos
2498 4650 2636 4705 ﬁnes
2661 4649 2987 4705 saeculorum
3012 4646 3353 4703 devenerunt

1769 4742 1827 4813 (Ι
1853 4741 1977 4796 Cor.
2001 4757 2059 4808 x,
2081 4741 2193 4811 11).
2212 4763 2231 4788 ι
2257 4739 2359 4794 Per
2373 4739 2599 4809 Moysen
2611 4736 2781 4807 igitur
2793 4735 2851 4790 in
2867 4735 2972 4790 hoc
2987 4735 3105 4790 loco
3119 4734 3352 4806 apostoli

1767 4828 2161 4900 designantur;
2196 4828 2252 4882 in
2285 4825 2447 4880 initio
2476 4836 2712 4895 namque
2739 4821 3147 4895 praedicationis
3174 4838 3353 4878 evan—

1770 4918 1956 4990 gelicae
1985 4915 2215 4988 apostoli
2241 4914 2475 4970 scientes
2509 4911 2833 4969 electionem
2876 4910 3119 4984 gentium
3154 4927 3350 4983 repro-

1767 5008 2047 5065 bationem
2085 5022 2201 5063 esse
2237 5004 2575 5072 Judaeorum,
2625 5002 2888 5059 nolebant
2948 5001 3201 5075 gentibus
3255 5001 3350 5059 do-

1764 5096 1999 5153 ctrinam
2029 5093 2317 5166 Evangelii
2355 5091 2589 5159 tradere,
2637 5098 2700 5147 ut
2740 5091 2808 5147 de
2835 5097 3099 5164 potestate
3140 5090 3349 5147 diaboli

1758 5191 2099 5240 emerentur.
2135 5182 2289 5240 Unde
2330 5190 2384 5238 et
2420 5180 2691 5238 Dominus
2721 5181 2778 5237 in
2802 5181 3017 5238 visione
3044 5181 3346 5255 quadrupe-

1758 5272 1890 5329 dum
1946 5281 2114 5345 atque
2164 5270 2445 5344 reptilium
2497 5269 2744 5338 Petrum,
2795 5285 2895 5328 cur
2940 5276 3127 5343 gentes
3170 5266 3348 5340 despi-

1855 5499 1948 5571 59)
1963 5497 2137 5571 Edit.,
2158 5503 2328 5553 custos
2339 5494 2703 5571 iestbiturninis
2726 5511 2748 5561 ;
2768 5498 3098 5571 mss.,cust_os
3117 5495 3192 5571 est
3214 5490 3345 5571 vim.

1855 5501 1948 5571 59)
1963 5501 2137 5567 Edit.,
2158 5503 2328 5553 custos
2346 5501 2703 5553 estbituminis
2726 5511 2748 5561 ;
2768 5501 3098 5562 mss.,custos
3117 5501 3192 5547 est
3214 5506 3337 5570 mai.

1831 5501 1949 5643 (60)
1970 5568 2117 5643 Filia
2137 5587 2260 5625 vero
2283 5567 2608 5643 Pharaonis.
2650 5609 2663 5621 .
2703 5608 2722 5643 _.
2768 5607 2781 5643 .
2813 5566 3085 5643 ﬁguravit,
3116 5562 3176 5616 in
3205 5560 3337 5615 edit.

1760 5636 1958 5712 reject'a
1986 5640 2205 5698 fuerant
2232 5647 2355 5712 post
2380 5638 2635 5702 verbum,
2662 5636 2899 5691 abstulit.

2956 5729 3026 5787 29
