3880 6198
118 330 216 387 909

1001 328 1458 386 BERENGAUDI
1496 327 1869 386 EXPOSITIO
1906 329 1979 385 IN
2013 327 2518 385 APOCALYPSIN.

3322 333 3429 389 910

124 451 310 511 omnia
338 450 610 508 desideria
636 451 880 509 carnalia
907 450 974 507 ab
1016 468 1206 508 eorum
1258 452 1578 525 corporibus
1630 470 1723 509 ex-
1752 455 1804 513 Α
1831 460 1931 509 est.
1955 452 2099 508 Illud
2120 452 2281 507 etiam
2317 451 2464 526 quod
2493 453 2549 507 in
2573 452 2719 508 Elim
2749 452 3043 509 duodecim
3080 452 3256 510 fontes
3281 472 3430 529 repe-

132 544 400 616 stirparet,
433 543 564 599 tulit
585 543 886 599 austeriora
907 551 1175 615 praecepta
1205 543 1515 615 Evangelii,
1537 550 1592 599 et
1611 559 1719 598 am-

134 631 341 705 putavit
372 646 403 686 a
430 631 755 703 corporibus
782 630 1028 686 ﬁliorum
1085 649 1310 688 suorum
1342 631 1593 687 omnium
1624 648 1721 686 nu-

132 721 384 777 trimenta
414 720 704 777 vitiorum.
738 720 799 775 In
830 718 1062 791 pedibus
1093 738 1224 776 vero
1264 720 1393 776 ﬁnis
1422 727 1505 776 est
1534 736 1724 791 corpo-

134 814 240 868 ris:
273 810 516 883 Sephora
545 810 717 882 igitur
741 819 863 882 post
891 808 1375 866 circumcisionem
1425 810 1590 882 pedes
1620 810 1722 866 ﬁlii

134 901 212 957 sui
238 899 455 971 tetigit;
505 899 635 972 quia
692 900 787 955 ille
825 898 1313 955 circumcisionem
1376 899 1720 956 salutiferam

132 988 379 1062 percipit,
410 987 505 1060 qui
536 988 594 1042 in
622 987 771 1044 bono
803 986 951 1059 quod
1009 987 1200 1059 coepit,
1234 1004 1407 1060 usque
1438 988 1496 1042 in
1555 987 1723 1043 ﬁnem

131 1080 255 1135 vitae
309 1084 640 1150 perseverat.
699 1077 995 1148 Postquam
1028 1083 1215 1131 autem
1263 1076 1508 1149 Sephora
1562 1076 1724 1149 pedes

131 1167 228 1223 ﬁlii
257 1165 343 1221 sui
373 1165 573 1237 tetigit,
602 1165 717 1237 jam
750 1181 858 1221 non
878 1164 1079 1232 ﬁlium,
1113 1164 1207 1221 sed
1227 1181 1491 1237 sponsum
1523 1173 1684 1222 vocat
1709 1183 1720 1221 :

131 1271 357 1330 sponsus
405 1270 538 1310 vero
576 1252 835 1310 Ecclesiae
861 1253 1112 1311 Christus
1130 1264 1232 1311 est.
1265 1254 1370 1310 Sed
1395 1263 1447 1310 et
1468 1253 1587 1327 ipsa
1604 1253 1722 1325 ejus

129 1360 322 1417 sponsa
353 1350 604 1411 vocatur,
632 1342 778 1398 sicut
808 1340 945 1399 dicit
975 1342 1219 1400 Joannes
1251 1343 1525 1416 Baptista:
1565 1367 1583 1390 ι
1613 1342 1719 1410 Qui

130 1434 289 1490 habet
315 1449 597 1505 sponsam,
629 1448 862 1505 sponsus
891 1442 972 1490 est
1002 1432 1187 1505 (Joan.
1215 1452 1298 1501 ιιι,
1338 1434 1453 1506 29).
1488 1460 1508 1482 ι
1549 1433 1721 1500 Quem

132 1532 183 1580 et
202 1540 464 1597 sponsum
489 1522 820 1595 sanguinum
843 1533 1003 1579 vocat
1030 1541 1042 1589 ;
1075 1523 1205 1596 quia
1231 1524 1436 1582 Christi
1460 1523 1725 1596 sanguine

129 1620 207 1668 est
235 1610 534 1683 redempta.
569 1610 698 1667 Filii
731 1626 859 1682 ergo
886 1611 1148 1666 Ecclesiae
1178 1621 1301 1682 post
1332 1610 1723 1668 circumcisio-

130 1718 249 1758 nem
281 1702 570 1770 vitiorum,
603 1708 657 1757 et
688 1700 745 1755 in
808 1700 969 1756 bonis
997 1701 1256 1772 operibus
1287 1702 1412 1758 vitae
1469 1718 1721 1759 consum-

1830 547 2043 608 rerunt,
2074 547 2129 595 et
2158 547 2334 595 castra
2367 539 2554 595 metati
2579 548 2709 595 sunt
2733 538 2896 611 juxta
2919 556 3087 613 aquas
3120 542 3283 612 (Ibid.
3311 543 3428 615 27),

1830 630 2072 684 eamdem
2107 629 2566 701 signiﬁcationem
2598 629 2789 696 habet;
2843 646 2939 701 per
2982 646 3150 701 aquas
3196 647 3433 705 namque

1831 717 2121 775 duodecim
2160 718 2396 773 fontium
2443 718 2694 776 doctrina
2740 720 2871 775 novi
2920 719 3255 777 Testamenti
3290 721 3431 776 desi-

1832 814 2048 878 gnatur,
2084 824 2203 879 quae
2232 824 2262 862 a
2295 806 2587 864 duodecim
2619 808 2889 878 fontibus,
2922 808 2978 864 id
3019 819 3121 878 est,
3170 826 3201 865 a
3229 810 3432 867 duode-

1831 898 1939 954 cim
1957 898 2221 969 apostolis
2247 914 2343 969 per
2364 898 2685 954 universum
2712 897 2981 954 mundum
2999 901 3275 956 emanavit
3300 919 3311 955 :
3339 916 3434 973 per

1830 987 2176 1058 septuaginta
2212 994 2396 1043 autem
2430 988 2637 1059 palmas
2666 996 2825 1044 vetus
2851 988 3260 1044 Testamentum
3293 989 3433 1045 desi-

1832 1082 2049 1145 gnatur,
2073 1092 2137 1131 eo
2157 1075 2304 1148 quod
2321 1093 2415 1148 per
2432 1077 2937 1150 interpretationem
2966 1078 3082 1151 (65)
3115 1078 3434 1151 Septuagin-

1833 1169 1888 1218 ta
1900 1162 2261 1235 interpretum
2275 1165 2343 1221 ad
2360 1165 2615 1222 notitiam
2642 1167 2887 1237 gentium
2909 1182 3083 1240 usque
3100 1167 3429 1238 pervenerit.

1904 1251 1978 1307 Iis
2007 1252 2377 1309 nihilominus
2408 1253 2761 1324 intermissis,
2794 1271 2967 1327 pauca
3015 1254 3082 1310 de
3128 1254 3198 1310 iis
3229 1271 3349 1328 quae
3375 1257 3434 1311 in

1832 1338 1949 1413 lege
1981 1341 2385 1399 irrationabilia
2413 1358 2529 1398 esse
2561 1344 2842 1412 videntur,
2894 1342 3164 1400 dicamus.
3214 1345 3436 1401 Praece-

1833 1436 1915 1509 pit
1942 1437 2213 1493 Dominus
2247 1437 2379 1494 ﬁliis
2411 1439 2575 1495 Israel
2614 1456 2625 1493 :
2674 1439 2832 1494 «Non
2876 1455 3075 1512 coques
3123 1439 3343 1496 haedum
3375 1440 3435 1496 in

1833 1527 1972 1583 lacte
2002 1527 2194 1583 matris
2223 1544 2334 1582 sum
2367 1527 2572 1599 (Exod.
2614 1544 2779 1595 xxm,
2837 1527 2967 1597 19);
3006 1554 3023 1577 ι
3085 1534 3137 1584 et
3180 1528 3380 1584 iterum
3417 1547 3429 1585 :

1846 1639 1865 1663 ι
1902 1616 2023 1672 Νοη
2049 1617 2229 1673 arabis
2259 1616 2426 1672 simul
2460 1616 2519 1672 in
2546 1616 2688 1672 bove
2719 1623 2773 1672 et
2800 1616 2992 1683 asino;
3024 1624 3080 1673 et
3098 1633 3208 1673 non
3238 1617 3435 1673 indues

1831 1713 2061 1773 vestem,
2085 1721 2205 1777 quae
2226 1721 2295 1760 ex
2321 1707 2443 1761 lana
2466 1706 2689 1779 linoque
2715 1711 2973 1763 contexta
2987 1713 3067 1760 est
3090 1706 3270 1777 (Deut.
3287 1721 3431 1774 χχιι,

130 1791 420 1848 mationem
456 1791 598 1863 (63),
622 1789 736 1862 jam
768 1804 879 1844 non
910 1788 1037 1856 ﬁlii,
1070 1788 1162 1845 sed
1193 1791 1382 1862 sponsi
1415 1798 1720 1859 vocantur;
1754 1814 1800 1874 Β
1842 1797 1955 1869 10).
1990 1823 2008 1846 ι
2061 1797 2204 1865 Quid
2235 1799 2381 1853 enim
2428 1806 2617 1870 peccat
2645 1798 2787 1871 quis,
2838 1797 2884 1852 si
2932 1797 3152 1853 hadum
3193 1799 3249 1853 in
3295 1798 3435 1853 lacte

129 1880 253 1954 quia
281 1880 367 1936 illi
401 1878 682 1953 conjuncti
707 1886 838 1933 sunt
867 1879 925 1931 in
954 1879 1110 1933 caelis
1163 1896 1260 1952 per
1316 1880 1724 1954 copulationem

130 1970 521 2036 membrorum,
540 1969 631 2043 qui
665 1987 901 2044 sponsus
932 1970 1192 2028 Ecclesiae
1216 1969 1272 2025 in
1295 1978 1440 2027 terra
1472 1980 1725 2039 vocatur,

130 2067 181 2115 et
208 2067 308 2116 est.

195 2160 266 2214 Et
296 2158 559 2231 quoniam
589 2174 703 2213 non
733 2154 1026 2230 possumus
1057 2158 1243 2213 omnia
1279 2174 1401 2230 quae
1436 2173 1533 2229 per
1561 2157 1731 2230 Moy—

131 2264 219 2304 sen
251 2248 311 2303 in
342 2247 584 2319 {Egypto
616 2254 761 2318 gesta
812 2253 961 2313 sunt,
994 2262 1449 2314 commemorare,
1471 2263 1641 2318 pauca
1662 2246 1730 2302 de

132 2336 196 2392 iis
224 2352 346 2409 quat
378 2343 500 2407 post
531 2335 894 2405 egressionem
918 2334 1209 2389 lsraelitici
1234 2333 1425 2406 p0puli
1461 2350 1529 2390 ex
1562 2335 1729 2407 IEgy-

134 2432 223 2497 pto
253 2424 321 2480 ab
357 2425 438 2480 eis
470 2432 616 2496 gesta
646 2432 795 2492 sunt,
837 2439 1121 2497 ponamus.
1157 2423 1289 2478 Filii
1339 2423 1511 2495 igitur
1564 2425 1729 2480 Israel

137 2521 193 2569 ut
218 2514 557 2569 Pharaonem
590 2521 644 2569 et
668 2514 959 2587 [Egyptios
990 2512 1306 2579 evaderent,
1357 2528 1455 2584 per
1485 2512 1728 2568 medium

138 2602 262 2658 sicci
291 2601 461 2658 maris
491 2601 846 2670 transierunt,
885 2609 938 2657 et
966 2617 1120 2674 aquae
1149 2603 1230 2658 eis
1252 2611 1407 2658 erant
1445 2601 1601 2674 quasi
1632 2617 1729 2673 pro

136 2708 287 2748 muro
314 2708 345 2747 a
375 2692 588 2748 dextris
617 2701 673 2747 et
698 2708 729 2746 a
760 2690 1006 2747 sinistris
1033 2691 1236 2763 (Exod.
1270 2708 1389 2760 xiv,
1416 2692 1531 2763 22).
1569 2689 1730 2746 Simi-

140 2780 257 2837 liter
294 2788 347 2837 et
377 2782 616 2854 populus
648 2779 917 2851 gentium,
978 2787 1041 2834 ut
1089 2778 1375 2835 diabolum
1433 2794 1730 2851 omnesque

138 2869 248 2942 ejus
304 2869 571 2927 satellites
628 2868 945 2938 evaderent,
1004 2884 1102 2941 per
1131 2885 1325 2942 aquam
1388 2868 1730 2940 baptismatis

140 2960 486 3016 transierunt.
520 2959 591 3015 Et
621 2958 716 3032 qui
746 2967 908 3016 antea
934 2966 1090 3014 erant
1113 2957 1217 3013 ﬁlii
1247 2957 1479 3026 diaboli,
1501 2976 1570 3015 ex
1591 2974 1731 3031 aqua

140 3056 188 3104 et
210 3048 416 3120 Spiritu
442 3055 651 3117 sancto,
683 3048 778 3121 qui
809 3065 907 3121 per
933 3048 1246 3104 columnam
1309 3047 1456 3119 ignis
1484 3047 1729 3117 designa-

140 3138 310 3208 batur,
335 3140 512 3197 renati
544 3139 725 3196 effecti
756 3147 886 3195 sunt
912 3138 1015 3194 ﬁlii
1045 3137 1164 3193 Dei.
1218 3137 1374 3210 Aqua
1406 3154 1534 3209 ergo
1563 3137 1730 3194 maris

140 3228 274 3286 ﬁlios
302 3231 468 3286 Israel
501 3229 757 3297 salvavit,
792 3228 1127 3283 Pharaonem
1152 3243 1282 3282 vero
1311 3244 1439 3283 cum
1471 3225 1729 3283 omnibus

141 3319 467 3375 satellitibus
487 3319 602 3375 suis
623 3317 843 3375 necavit
866 3335 879 3385 ;
913 3317 1041 3390 quia
1060 3333 1201 3389 aqua
1228 3316 1574 3388 baptismatis
1596 3316 1727 3372 ima-

142 3406 309 3478 ginem
339 3408 440 3465 Dei
474 3409 670 3475 salvat,
703 3413 923 3480 peccata
953 3404 1155 3479 quibus
1185 3405 1475 3474 servierat,
1506 3405 1729 3461 exstin-

143 3500 251 3569 guit
281 3501 439 3574 (64);
477 3500 730 3556 diabolus
758 3507 941 3556 autem
986 3498 1288 3569 unicuique
1329 3496 1726 3569 exstinguitur,

144 3587 232 3658 qui
260 3605 378 3645 eum
410 3587 656 3645 ﬁdeliter
686 3604 811 3644 cum
871 3585 1131 3642 omnibus
1160 3586 1377 3658 pompis
1406 3583 1524 3656 ejus
1578 3586 1729 3642 abre-

143 3678 367 3735 nuntiat.
396 3680 574 3749 Aquae
606 3693 737 3732 vero
765 3692 885 3749 quae
919 3692 1017 3747 pro
1050 3691 1207 3730 muro
1245 3675 1325 3731 eis
1353 3681 1509 3730 erant
1540 3691 1571 3729 a
1599 3675 1731 3731 dex-

143 3764 237 3821 tris
264 3774 314 3821 et
332 3782 363 3822 a
390 3766 660 3833 sinistris,
692 3764 855 3820 ﬁdem
878 3763 1239 3836 designabant
1267 3772 1533 3831 nostram,
1566 3780 1729 3836 quam

146 3851 199 3906 in
229 3853 558 3926 baptismate
589 3853 1076 3926 percepimus,quze
1107 3868 1297 3909 murus
1325 3862 1407 3909 est
1434 3860 1638 3921 noster,
1662 3866 1732 3907 ex

146 3948 363 4016 utraque
389 3952 548 4018 parte
577 3942 879 3999 defendens
908 3960 1009 4000 nos
1036 3950 1091 3999 et
1110 3943 1180 3999 ab
1200 3942 1582 3999 invisibilibus
1610 3942 1732 3998 hos-

149 4030 287 4089 tibus
313 4042 367 4090 et
394 4051 426 4090 a
454 4033 797 4089 visibilibus.

216 4131 338 4189 Poet
365 4133 661 4191 transitum
693 4133 860 4189 maris
889 4132 1063 4190 Rubri
1110 4142 1383 4189 venerunt
1411 4133 1468 4188 in
1498 4131 1732 4200 Marath,

155 4218 240 4275 ubi
270 4238 433 4295 aquas
462 4239 679 4279 amaras
710 4223 1070 4290 invenerunt,
1105 4239 1240 4294 quas
1285 4221 1473 4277 bibere
1501 4237 1610 4277 non
1641 4237 1732 4292 po-

156 4314 341 4368 terant.
372 4312 442 4368 Et
480 4310 724 4369 ostendit
768 4310 1037 4367 Dominus
1085 4310 1263 4382 Moysi
1295 4310 1528 4381 lignum,
1588 4308 1735 4381 quod

155 4414 271 4455 cum
302 4401 536 4459 misisset
556 4403 612 4457 in
652 4418 840 4474 aquas,
871 4400 929 4456 in
992 4400 1340 4456 dulcedinem
1376 4417 1546 4457 versae
1605 4407 1736 4455 sunt

159 4487 349 4557 (Exod.
379 4509 477 4558 xv,
507 4491 597 4561 23,
646 4492 761 4562 25).
822 4491 925 4546 Per
951 4505 1118 4563 aquas
1145 4505 1356 4545 amaras
1412 4490 1500 4545 lex
1558 4489 1735 4561 Moysi

1838 1892 2027 1948 matris
2056 1893 2303 1965 coquat?
2331 1901 2426 1948 aut
2470 1891 2604 1964 quid
2629 1892 2869 1964 agricola
2896 1890 3193 1964 delinquit,
3226 1890 3273 1947 si
3307 1907 3434 1948 cum

1834 1980 2010 2037 bobus
2035 1988 2089 2037 et
2137 1981 2308 2037 asinis
2345 1989 2549 2037 terram
2598 1996 2821 2038 vomere
2867 1979 3125 2038 scindat?
3160 1987 3256 2037 aut
3300 1981 3435 2052 quid
3522 1983 3527 1987 ’

1835 2069 2307 2144 oifenditaliquis,
2334 2071 2381 2127 si
2403 2078 2609 2127 vestem
2639 2087 2708 2127 ex
2730 2072 2854 2127 lana
2873 2072 3098 2145 linoque
3118 2078 3435 2128 contextam

1838 2158 2081 2216 induat?
2134 2160 2237 2216 Sed
2295 2158 2619 2231 spiritaliter
2676 2159 2793 2216 haec
2835 2159 3024 2215 omnia
3078 2156 3437 2232 intelligenda

1838 2257 1995 2315 sunt;
2029 2264 2125 2319 per
2173 2247 2393 2304 haedum
2450 2265 2688 2321 namque
2751 2248 3132 2322 unusquisque
3184 2257 3438 2321 peccator

1838 2338 2197 2410 designatur:
2253 2344 2424 2393 mater
2480 2348 2662 2394 autem
2721 2346 2909 2395 nostra
2963 2338 3130 2411 primi
3185 2346 3438 2411 parentes

1838 2425 2082 2493 fuerunt,
2115 2441 2184 2480 ex
2206 2423 2407 2497 quibus
2436 2442 2627 2481 omnes
2649 2427 2915 2497 procreati
2938 2444 3161 2483 sumus:
3202 2430 3285 2484 lac
3304 2442 3437 2482 vero

1839 2513 2029 2569 matris
2058 2513 2197 2569 vitia
2225 2522 2372 2580 sunt,
2406 2532 2526 2588 quae
2555 2515 2623 2571 de
2661 2516 2919 2588 originali
2949 2524 3170 2590 peccato
3208 2532 3438 2588 proces-

1837 2610 2066 2670 serunt;
2100 2603 2207 2659 nisi
2256 2603 2404 2659 enim
2452 2605 2717 2676 originale
2762 2612 3045 2676 peccatum
3096 2604 3307 2672 fuisset,
3356 2603 3437 2659 vi-

1837 2692 1978 2749 tium
2009 2694 2227 2749 nullum
2253 2701 2395 2750 esset
2466 2696 2544 2750 De
2590 2694 2696 2751 hoc
2738 2694 2931 2751 matris
2975 2695 3113 2750 lacte
3148 2694 3437 2751 Psalmista

1838 2780 2103 2853 loquitur,
2135 2780 2324 2839 dicens
2357 2800 2368 2838 :
2416 2806 2433 2829 ι
2463 2783 2604 2839 Ecce
2624 2782 2773 2838 enim
2800 2783 2857 2838 in
2891 2782 3284 2856 iniquitatibus
3306 2800 3436 2840 con-

1837 2879 2027 2944 ceptus
2055 2888 2201 2937 sum,
2237 2881 2290 2928 et
2321 2872 2377 2926 in
2408 2871 2628 2929 delictis
2684 2872 2896 2945 peperit
2946 2889 3035 2927 me
3088 2879 3264 2928 mater
3317 2888 3438 2928 mea

1841 2959 2015 3031 (Psal.
2048 2978 2100 3028 L,
2130 2960 2202 3032 7).
2238 2985 2255 3007 -
2316 2959 2516 3015 Haedus
2563 2959 2736 3031 igitur
2765 2960 2823 3015 in
2854 2960 2993 3017 lacte
3030 2961 3221 3017 matris
3249 2961 3434 3034 coqui-

1836 3056 1948 3117 tur,
1978 3048 2110 3104 dum
2141 3047 2376 3120 quilibet
2413 3055 2664 3120 peccator
2707 3049 2831 3121 igne
2863 3048 3128 3105 vitiorum
3166 3068 3338 3123 usque
3365 3050 3435 3107 ad

1836 3137 1982 3194 diem
2012 3137 2207 3192 mortis
2232 3153 2342 3192 suae
2371 3136 2643 3192 exuritur.
2689 3137 2955 3209 Praecepit
2983 3154 3111 3209 ergo
3140 3139 3432 3208 Dominus,

1837 3244 1906 3284 ne
1935 3234 2201 3299 coquatur
2224 3224 2415 3282 haedus
2446 3227 2503 3281 in
2534 3227 2672 3282 lacte
2726 3226 2918 3283 matris
2963 3243 3095 3293 suae,
3148 3226 3201 3281 id
3242 3235 3343 3294 est,
3374 3236 3436 3283 ut

1838 3322 2088 3389 peccator
2116 3330 2226 3370 non
2276 3314 2488 3371 sinatur
2525 3330 2698 3386 usque
2728 3313 2787 3369 in
2817 3314 2962 3370 diem
2998 3314 3191 3371 mortis
3219 3331 3329 3370 suae
3377 3314 3437 3370 in

1840 3404 2076 3477 peccatis
2104 3419 2423 3476 permanere
2457 3420 2468 3458 :
2505 3402 2601 3459 sed
2642 3410 2770 3459 ante
2798 3402 2945 3459 diem
2994 3403 3190 3460 mortis
3231 3419 3341 3458 suae
3367 3402 3438 3458 ad

1838 3497 1982 3554 bona
2010 3513 2172 3570 opera
2200 3497 2410 3570 agenda
2453 3504 2760 3565 revocetur,
2792 3514 2863 3552 ne
2891 3504 3094 3569 pereat.

1924 3612 1942 3634 ι
1978 3588 2099 3644 Non
2128 3587 2307 3643 arabis
2333 3587 2498 3643 simul
2531 3586 2587 3641 in
2630 3586 2772 3643 bove
2789 3594 2841 3642 et
2882 3587 3036 3642 asino
3071 3585 3253 3657 (Deut.
3286 3601 3428 3655 xxn,

1843 3676 1956 3748 I0).
1991 3701 2010 3725 ι
2052 3676 2154 3731 Per
2178 3675 2376 3731 bovem
2409 3675 2702 3748 apostolos,
2737 3682 3071 3747 caeterosque
3102 3674 3438 3747 praedicato-

1841 3781 1962 3822 res:
2022 3781 2119 3837 per
2173 3765 2388 3821 asinum
2456 3765 2723 3836 populum
2775 3763 3089 3819 Iudaeorum
3145 3779 3438 3834 possumus

1843 3854 2167 3927 intelligere.
2202 3856 2438 3910 Aramus
2478 3870 2628 3921 vero,
2661 3853 2881 3925 quando
2925 3851 3225 3908 secundum
3258 3851 3439 3907 tradi-

1842 3946 2050 4003 tionem
2099 3952 2410 4001 sanctorum
2443 3943 2809 4013 nosmetipsos
2854 3941 2912 3995 in
2964 3941 3125 3996 bonis
3177 3941 3436 4011 operibus

1843 4049 2179 4090 exercemus.
2210 4035 2273 4088 In
2303 4033 2443 4087 bove
2473 4033 2642 4104 igitur
2672 4042 2725 4087 et
2753 4032 2908 4086 asino
2939 4029 3103 4085 simul
3148 4036 3284 4098 arat,
3319 4030 3435 4102 qui-

1843 4139 2061 4195 cunque
2139 4121 2444 4179 doctrinam
2511 4121 2882 4191 apostolorum
2918 4163 2932 4189 ,
3005 4119 3438 4191 traditionesque

1843 4211 2155 4267 Iudaeorum
2215 4210 2379 4266 simul
2411 4226 2626 4265 servare
2668 4209 2884 4265 nititur.
2940 4211 2988 4264 A
3033 4224 3142 4281 qua
3186 4206 3439 4265 doctrina

1843 4302 2045 4357 Paulus
2098 4300 2376 4372 apostolus
2435 4300 2651 4355 Galatas
2704 4315 2958 4355 revocare
3022 4297 3254 4367 studuit,
3311 4314 3437 4353 cum

1845 4391 2053 4447 diceret
2085 4408 2097 4445 :
2142 4413 2160 4435 ε
2201 4389 2245 4445 Ο
2279 4389 2541 4445 insensati
2580 4389 2817 4445 Galatzel
2866 4388 2989 4460 quis
3017 4404 3116 4443 vos
3147 4386 3439 4444 fascinavit

1846 4479 2068 4537 veritati
2098 4496 2206 4536 non
2235 4480 2458 4536 obedire
2479 4479 2508 4535 ?
2534 4480 2670 4536 Dico
2694 4478 2839 4534 enim
2871 4477 3050 4545 vobis,
3082 4476 3342 4549 quoniam
3391 4476 3437 4530 si

509 4540 619 4653 pve’r
647 4540 1115 4652 ﬁliumin—:2;
1765 4540 1812 4598 Β
1846 4568 2344 4639 circumcidamini,
2377 4568 2629 4626 Christus
2649 4568 2807 4623 vobis
2828 4566 2968 4622 nihil
2988 4540 3206 4637 prodest
3229 4565 3436 4636 (Galat.

158 4677 216 4718 eo
244 4668 384 4737 quod
413 4669 472 4724 in
516 4669 668 4741 ligno
703 4668 885 4725 crucis
941 4668 1209 4739 completa
1241 4667 1426 4734 fuerit,
1477 4666 1739 4723 debemus

159 4750 472 4826 intelligere.
504 4758 748 4830 Populus
784 4755 954 4827 igitur
1000 4755 1095 4828 qui
1126 4770 1190 4810 ex
1225 4755 1465 4827 ngypto
1494 4771 1739 4827 egressus

160 4847 254 4909 est,
277 4859 440 4917 aquas
467 4863 680 4903 amaras
708 4844 924 4900 invenit
948 4862 961 4911 ;
1024 4843 1154 4916 quia
1183 4844 1356 4914 legem
1414 4852 1739 4916 acceperunt

161 4943 312 4998 quam
342 4932 568 5005 implere
584 4952 698 4991 non
730 4939 1064 5006 potuerunt:
1088 4931 1183 4987 sed
1201 4932 1455 5003 gentibus
1475 4932 1542 4987 ad
1573 4932 1736 4989 ﬁdem

160 5014 353 5076 Christi
383 5023 735 5081 venientibus
763 5020 1077 5078 amaritudo
1134 5019 1271 5091 legis
1305 5034 1401 5091 per
1429 5021 1737 5093 passionem

158 5112 208 5159 et
237 5112 685 5170 resurrectionem
716 5110 924 5170 Christi
956 5110 1015 5166 in
1061 5108 1411 5166 dulcedinem
1443 5125 1600 5166 versa
1635 5116 1737 5179 est,

157 5193 276 5263 quia
302 5196 367 5253 ab
416 5199 497 5257 eis
555 5200 901 5275 spiritaliter,
950 5214 1063 5256 non
1119 5195 1415 5255 carnaliter
1460 5196 1742 5253 intellecta

222 5378 332 5454 (63)
364 5382 574 5445 Omnes
602 5387 760 5456 edit.,
793 5383 1037 5460 operibus
1065 5382 1600 5460 consummationem;
1628 5398 1741 5439 om-

156 5462 247 5529 nes.
258 5469 433 5529 .9353
450 5460 707 5529 Operibus
736 5454 858 5514 aue
877 5454 1393 5529 consummationem.

231 5522 342 5602 (ﬁll)
374 5522 509 5602 Gill'.
539 5530 696 5599 edit.,
744 5530 1050 5602 imaginem,
1070 5527 1171 5584 Dei
1197 5524 1479 5602 salutaris,
1510 5531 1743 5602 _peccata

169 5592 347 5683 91“th
375 5599 646 5683 servierat,
677 5592 962 5683 exstinguit
984 5619 1001 5656 :
1032 5601 1189 5656 Rom.
1227 5595 1307 5652 sic
1335 5592 1741 5683 emendaverat,

170 5668 430 5735 imaginem
462 5670 561 5725 Dei
599 5668 897 5729 Saluatoris
947 5686 1149 5744 gerens,
1173 5672 1387 5740 peccata
1414 5668 1605 5738 quibus
1650 5684 1743 5739 po-

1848 4666 1933 4729 m,‘
1968 4662 2042 4734 l).
2076 4687 2095 4710 ι
2141 4663 2440 4717 Possumus
2468 4661 2633 4716 etiam
2674 4675 2771 4731 per
2799 4658 2995 4713 bovem
3027 4654 3329 4727 quemlibet
3357 4669 3438 4709 sa.

1847 4750 2106 4822 pientiam
2140 4750 2587 4822 praedicatorum,
2647 4763 2741 4818 per
2786 4746 3003 4800 asinum
3047 4760 3177 4799 vero
3207 4743 3438 4798 stultum

1849 4838 2179 4909 intelligere.
2214 4835 2539 4907 Praecipitur
2585 4850 2713 4904 ergo
2743 4840 2806 4887 ut
2834 4848 2944 4887 non
2975 4840 3159 4888 aretur
3184 4831 3350 4887 simul
3383 4831 3439 4886 in

1847 4929 1987 4985 bove
2015 4933 2069 4984 et
2097 4926 2273 4994 asino,
2307 4925 2364 4980 id
2394 4932 2495 4991 est,
2527 4933 2589 4980 ut
2619 4939 2729 4978 non
2776 4923 3064 4994 c0puletur
3110 4921 3310 4977 stultus
3360 4938 3440 4978 sa-

1850 5016 2020 5091 pienti
2050 5017 2108 5070 in
2139 5013 2551 5087 praedicationis
2582 5012 2783 5067 officio.
2814 5012 2930 5068 Hoc
2957 5018 3138 5068 autem
3169 5012 3316 5084 quod
3344 5011 3442 5068 di-

1848 5107 1926 5165 cit
1957 5124 1968 5162 :
2002 5107 2124 5163 Non
2154 5104 2352 5161 induas
2382 5110 2591 5159 vestem
2619 5118 2689 5158 ex
2724 5102 2849 5157 lana
2874 5101 3098 5174 linoque
3126 5108 3442 5158 contextam

1852 5197 2032 5269 (Deut.
2091 5211 2238 5264 xxn,
2297 5193 2408 5264 II),
2470 5192 2773 5250 secundum
2815 5192 3153 5265 superiorem
3219 5208 3443 5250 sensum

1844 5384 2007 5456 putus
2034 5380 2263 5454 gentium
2292 5380 2569 5462 servierat,
2598 5380 2922 5453 exstinguit;
2967 5393 3072 5434 nos
3121 5392 3256 5433 vero
3299 5391 3445 5432 con-

1851 5470 2069 5511 sensum
2104 5469 2232 5508 mss.
2262 5462 2435 5509 εθοιιιι
2464 5468 2674 5508 sumus.

1925 5525 2042 5597 (65)
2075 5524 2279 5597 Omnes
2327 5522 2485 5597 edit.,
2533 5541 2589 5578 eo
2619 5520 2759 5597 quod
2788 5520 3153 5592 interpretatio
3180 5536 3200 5583 ;
3256 5532 3447 5572 omnes

1853 5591 2080 5664 mss.,eo
2106 5596 2247 5665 quod
2279 5613 2377 5666 per
2406 5591 2908 5664 interpretationem.
