3880 6198
408 359 509 417 911

1429 358 1525 413 AD
1564 356 1799 414 OPERA
1839 355 1898 412 S.
1926 353 2258 413 AMBROSII
2297 353 2678 411 APPENDIX.

3624 355 3724 413 912

409 506 700 565 possumus
764 487 1108 560 intelligere;
1166 492 1312 551 528
1367 504 1464 561 per
1510 488 1688 545 lanam
1745 503 2002 560 namque,
2030 486 2083 546 A
2115 486 2366 543 Christus
2388 487 2444 542 in
2475 486 2825 544 invocatione
2844 487 2928 543 sui
2959 485 3222 555 nominis,
3247 493 3304 542 et
3323 486 3516 542 Patris
3536 493 3595 541 et
3614 485 3725 558 Spi-

408 605 531 662 qua:
559 586 728 644 vestis
751 592 835 642 est
858 585 1072 651 ovium,
1103 585 1408 641 doctrinam
1453 585 1824 657 apostolorum
1862 601 1874 639 :
1910 599 2007 654 per

407 678 587 734 linum
610 692 763 745 vero,
796 674 943 748 quod
972 691 1042 731 ex
1063 684 1208 731 terra
1228 676 1427 743 oritur,
1459 674 1766 731 doctrinam
1792 671 2004 728 Iudaeo-

407 785 531 825 rum
563 782 852 840 possumus
896 764 1224 837 intelligere.
1268 764 1489 821 Vestem
1521 781 1649 836 ergo
1692 763 2000 831 induimus,

406 875 533 914 cum
562 854 924 926 nosmetipsos
951 853 1114 909 bonis
1143 853 1402 925 operibus
1436 853 1845 911 circumdamus
1880 872 1891 909 :
1935 870 2003 909 ex

406 948 532 1003 lana
556 954 738 1002 autem
768 945 994 1017 linoque
1022 950 1281 999 contexta
1312 944 1489 999 utitur
1515 952 1684 1011 veste,
1735 943 1829 1016 qui
1875 960 1998 999 cum

404 1034 802 1091 traditionibus
829 1033 1201 1105 apostolorum
1232 1032 1397 1088 etiam
1427 1032 1754 1088 traditiones
1776 1033 2004 1089 Judaeo-

406 1141 531 1181 rum
560 1124 683 1180 vult
711 1123 1021 1179 observare.

476 1214 741 1287 Praecepit
776 1213 940 1270 etiam
963 1211 1235 1270 Dominus
1276 1213 1472 1288 Moysi,
1509 1222 1572 1270 ut
1599 1214 1643 1268 si
1674 1213 1798 1286 quis
1828 1214 2001 1286 lepro-

404 1321 498 1360 sus
528 1302 828 1359 mundatus
856 1309 1015 1371 esset,
1048 1302 1264 1358 veniret
1292 1301 1360 1356 ad
1391 1301 1751 1369 sacerdotem,
1810 1311 1864 1358 et
1922 1301 2001 1357 of-

406 1394 573 1449 ferret
623 1392 763 1448 duos
814 1407 1055 1464 passeres
1105 1390 1377 1447 sacerdoti
1443 1391 1786 1461 (Leeit.x1v,
1833 1390 1884 1457 3,
1917 1388 1998 1461 4).

404 1483 493 1539 Ex
518 1481 719 1556 quibus
777 1482 871 1537 ille
918 1497 1091 1537 unum
1139 1480 1453 1549 immolans,
1486 1479 1773 1536 decurrere
1803 1479 2003 1535 faceret

404 1573 727 1646 sanguinem
757 1569 876 1644 ejus
904 1571 963 1626 in
985 1587 1153 1645 aquas
1183 1571 1454 1639 viventes,
1479 1578 1533 1626 et
1562 1570 1842 1643 intingens
1872 1586 2004 1642 pas-

403 1679 578 1721 serem
607 1662 801 1718 vivum
830 1661 886 1717 in
916 1677 1102 1734 aquas,
1136 1660 1192 1716 in
1221 1660 1424 1733 quibus
1452 1658 1775 1731 sanguinem
1807 1659 2001 1715 immo-

406 1752 502 1811 lati
533 1751 768 1826 passeris
796 1750 1084 1807 decurrere
1136 1750 1340 1807 fecerat
1390 1766 1516 1806 cum
1569 1749 1723 1823 ligno
1752 1748 1998 1817 cedrino,

2114 576 2253 631 ritus
2323 575 2498 632 sancti
2569 574 2820 648 adjungit
2889 574 3258 631 ministerium
3341 574 3724 643 sacerdotum,

2114 682 2319 738 nosque
2349 682 2380 720 a
2415 665 2649 737 peccatis
2686 665 2910 735 nostris,
2961 665 3056 739 qui
3085 680 3182 737 per
3248 666 3542 737 leprosum
3590 664 3723 721 desi-

2114 772 2364 826 gnamur,
2396 771 2492 826 per
2538 771 2725 811 eorum
2778 754 3206 822 invocationem,
3261 763 3316 811 et
3376 770 3481 827 per
3528 770 3726 827 aquam

2112 846 2457 918 baptismatis
2487 845 2682 901 abluit.
2716 845 2821 912 Qui
2870 862 3051 918 passer
3082 844 3137 900 in
3169 845 3330 919 aquis
3395 845 3728 900 viventibus

2114 934 2586 1006 intingijubetur;
2621 932 2749 1008 quia
2808 934 2902 1007 qui
2933 934 3073 989 alios
3128 934 3308 1002 docet,
3378 934 3441 989 in
3513 934 3727 989 divinis

2113 1023 2411 1096 Scripturis
2437 1023 2661 1079 doctum
2691 1040 2806 1079 esse
2835 1031 3049 1096 oportet
3075 1040 3086 1077 :
3131 1040 3258 1079 nam
3290 1024 3339 1079 si
3408 1040 3602 1079 caecus
3632 1042 3725 1079 cae-

2112 1132 2237 1170 cum
2296 1114 2495 1170 ducere
2541 1113 2854 1183 tentaverit,
2922 1113 3084 1170 ambo
3115 1114 3173 1168 in
3235 1112 3460 1168 foveam
3517 1113 3726 1169 cadunt

2116 1206 2327 1278 (Matth.
2358 1223 2455 1275 xv,
2493 1205 2603 1273 14).
2636 1205 2744 1273 Qui
2774 1207 3021 1278 leprosus
3051 1205 3254 1278 septies
3280 1209 3502 1279 aspergi
3534 1208 3725 1280 przecio

2114 1296 2282 1368 pitur,
2311 1296 2439 1369 quia
2468 1296 2676 1353 nullius
2706 1296 2980 1353 munditia
3007 1297 3126 1353 sine
3168 1296 3331 1353 donis
3364 1306 3581 1370 septem
3607 1297 3722 1370 Spi-

2113 1384 2251 1441 ritus
2279 1384 2455 1443 sancti
2496 1386 2737 1459 perfecta
2766 1402 2880 1442 esse
2908 1392 3108 1458 potest.
3139 1383 3277 1453 Quis
3305 1388 3463 1441 enim
3499 1387 3629 1442 sine
3659 1386 3724 1443 ti-

2111 1491 2263 1531 more
2292 1475 2413 1543 Dei,
2441 1475 2559 1532 sine
2581 1475 2781 1548 pietate
2833 1474 3154 1549 ceterisque
3189 1474 3503 1532 virtutibus
3532 1477 3723 1532 salvus

2111 1582 2226 1623 esse
2256 1567 2480 1638 potest?
2509 1565 2614 1622 Sed
2644 1582 2771 1622 cum
2801 1566 3181 1640 unusquisque
3200 1583 3232 1623 a
3252 1567 3720 1640 praedicatoribus

2111 1658 2239 1714 ﬁdei
2278 1659 2514 1732 qualiter
2542 1659 2729 1717 vivere
2758 1660 2951 1717 debeat
2980 1660 3285 1717 secundum
3316 1661 3585 1718 mandata
3624 1663 3721 1718 Dei

2110 1748 2357 1818 docetur,
2389 1751 2588 1822 septies
2618 1767 2760 1823 aqua
2788 1751 2919 1807 viva
2969 1751 3294 1823 aspergitur.
3336 1751 3471 1806 Post
3527 1767 3719 1807 emun-

404 1846 531 1902 lana
564 1843 840 1912 coccinea,
900 1851 955 1899 et
984 1841 1226 1916 hyssopo
1252 1850 1561 1916 aspergeret
1589 1842 1788 1915 septies
1818 1842 1991 1915 lepro-
2027 1847 2074 1908 Β
2110 1837 2390 1895 dationem
2421 1855 2553 1896 vero
2584 1840 2786 1912 leprosi
2811 1856 2995 1913 passer
3023 1841 3189 1896 vivus
3227 1840 3287 1896 in
3314 1856 3447 1912 agro
3494 1841 3719 1896 avolare

402 1952 549 2005 sum,
606 1940 661 1990 et
715 1941 850 1990 tunc
906 1932 1011 1988 rite
1072 1932 1454 1990 mundaretur.
1512 1933 1615 1989 Per
1658 1933 1998 1990 sacerdotem

404 2026 658 2086 Christus
686 2023 1065 2097 intelligitur:
1125 2022 1237 2080 duo
1300 2039 1431 2080 vero
1467 2039 1712 2096 passeres
1758 2022 1997 2079 duorum

402 2114 875 2170 Testamentorum
905 2112 1158 2171 doctores
1200 2112 1589 2186 intelliguntur
1623 2131 1634 2170 :
1692 2129 1788 2186 per
1831 2129 1999 2186 aquas

402 2210 584 2261 autem
615 2204 866 2261 viventes
893 2212 1163 2276 praecepta
1204 2203 1492 2276 Evangelii
1521 2202 1898 2276 designantur,
1931 2202 1998 2259 de

402 2292 604 2366 quibus
632 2293 903 2349 Dominus
941 2291 1079 2349 dicit
1124 2292 1183 2348 in
1230 2292 1531 2365 Evangelio
1564 2310 1575 2349 :
1622 2315 1643 2340 ι
1685 2292 1792 2360 Qui
1822 2293 1999 2350 credit

403 2382 462 2437 in
491 2399 599 2451 me,
622 2381 766 2439 sicut
795 2381 1097 2454 Scriptura,
1120 2381 1352 2438 flumina
1379 2382 1446 2438 de
1466 2389 1657 2440 ventre
1686 2382 1804 2456 ejus
1825 2384 1999 2441 ﬂuent

401 2485 557 2543 aquae
587 2470 729 2527 vivas
770 2470 950 2541 (Joan.
984 2489 1086 2540 vn,
1115 2471 1229 2543 38).
1268 2497 1286 2521 ι
1335 2472 1521 2545 Aquas
1550 2473 1708 2529 vivas
1728 2480 1910 2540 vocat,
1933 2490 1997 2530 eo

402 2560 550 2634 quod
580 2561 750 2618 vitam
782 2570 1039 2619 aeternam
1092 2571 1351 2635 praestent
1402 2563 1734 2621 facientibus
1781 2581 1862 2622 ea.
1896 2564 1999 2620 Per

400 2666 672 2723 passerem
704 2652 1258 2725 igiturimmolatum,
1282 2652 1425 2710 sicut
1444 2652 1712 2722 diximus,
1744 2653 1996 2711 doctores

400 2740 739 2812 Iudaeorum,
770 2742 1080 2799 sacerdotes
1106 2742 1387 2812 videlicet,
1423 2742 1625 2800 Scribe
1657 2753 1710 2800 et
1731 2742 1995 2799 Pharisaei

399 2830 773 2903 designantur.
806 2831 1038 2904 Sanguis
1075 2848 1227 2901 vero,
1258 2832 1352 2906 qui
1394 2832 1562 2889 vitam
1591 2833 1790 2904 passeri
1848 2851 1997 2906 prae-

400 2920 600 2988 stabat,
641 2919 907 2992 spiritalis
927 2927 1011 2976 est
1041 2920 1430 2993 intelligentia,
1462 2940 1582 2996 quae
1637 2924 1695 2979 in
1725 2924 1994 2982 observa-

399 3010 649 3067 tionibus
663 3010 977 3066 Judaeorum
1010 3010 1231 3068 latebat.
1254 3013 1324 3069 Et
1346 3013 1490 3070 sicut
1508 3030 1692 3086 passer
1719 3014 1837 3071 sine
1858 3032 1995 3073 san-

401 3103 567 3177 guine
593 3109 844 3159 mortuus
869 3102 1129 3171 efﬁcitur,
1160 3105 1237 3161 ita
1264 3113 1317 3162 et
1365 3107 1552 3163 multa:
1582 3107 1994 3166 observationes

2108 1926 2422 1997 sinebatur;
2456 1928 2586 2001 quia
2625 1929 3008 2002 prmdicatores
3036 1930 3211 1986 sancti
3260 1938 3384 2002 post
3425 1931 3717 2003 expletum

2107 2017 2355 2074 ofﬁcium
2387 2020 2793 2091 praedicationis
2832 2037 2943 2077 suae
2973 2023 3030 2077 in
3061 2037 3192 2094 agro
3221 2020 3415 2094 patriae
3473 2021 3718 2078 caelestis

2106 2113 2326 2168 avolare
2359 2120 2762 2185 promerentur.

2179 2201 2241 2259 In
2272 2201 2382 2258 alio
2413 2218 2629 2276 quoque
2669 2204 2790 2259 loco
2818 2202 3081 2276 scriptum
3114 2211 3235 2271 est;
3283 2202 3411 2276 quia
3444 2203 3717 2276 praecepit

2106 2292 2377 2349 Dominus
2405 2292 2605 2365 Moysi,
2663 2301 2726 2349 ut
2784 2293 3042 2350 offerrent
3097 2293 3204 2350 ﬁlii
3232 2294 3395 2350 Israel
3435 2294 3715 2351 sacerdoti

2105 2398 2330 2454 caprum
2378 2382 2747 2452 emissarium,
2809 2392 3144 2457 poneretque
3204 2382 3457 2441 sacerdos
3514 2401 3717 2441 manus

2105 2490 2270 2547 super
2296 2483 2460 2547 caput
2480 2474 2618 2546 ejus,
2651 2484 2705 2532 et
2743 2475 3100 2533 conﬁteretur
3127 2492 3291 2548 super
3326 2492 3453 2531 eum
3488 2484 3715 2548 peccata

2105 2562 2349 2621 ﬁliorum
2380 2566 2569 2634 Israel,
2593 2574 2647 2622 et
2677 2566 2918 2621 mitteret
2947 2582 3073 2621 eum
3102 2582 3198 2638 per
3226 2566 3510 2622 hominem
3544 2582 3714 2638 para-

2105 2661 2244 2723 tum,
2276 2655 2335 2709 in
2363 2652 2676 2724 desertum;
2709 2663 2772 2712 ut
2804 2664 3045 2727 portaret
3091 2666 3311 2728 peccata
3340 2654 3592 2711 ﬁliorum
3626 2657 3717 2712 Is—

2105 2746 2215 2800 rael
2246 2746 2303 2801 in
2334 2745 2630 2803 desertum.
2663 2748 2762 2803 Ille
2816 2753 2999 2802 autem
3034 2746 3129 2820 qui
3186 2763 3407 2819 caprum
3478 2746 3705 2803 emissa-

2105 2836 2250 2892 rium
2308 2836 2368 2892 in
2397 2838 2675 2895 desertum
2712 2836 2967 2906 ducebat,
2998 2853 3111 2893 non
3168 2836 3599 2911 permittebatur
3648 2837 3707 2893 in

2103 2935 2280 2984 castra
2338 2927 2573 3002 ingredi,
2600 2929 2709 2985 nisi
2767 2929 2918 3001 prius
2975 2926 3185 2985 lavaret
3213 2928 3548 2986 vestimenta
3605 2946 3707 2985 sua

2106 3017 2289 3089 (Leuit.
2323 3035 2441 3087 xvr,
2486 3018 2571 3088 l0,
2605 3018 2721 3090 24).
2752 3018 3017 3075 Eamdem
3048 3034 3177 3090 ergo
3233 3017 3705 3090 signiﬁcationem

2103 3105 2268 3162 habet
2295 3107 2567 3174 sacerdos,
2594 3124 2757 3180 quam
2787 3115 2840 3164 et
2868 3124 3030 3180 caper
3075 3107 3428 3173 emissarius;
3488 3107 3704 3180 signiﬁ‘

399 3193 737 3262 Iudaeorum,
768 3193 816 3251 si
845 3193 1110 3268 spiritalis
1130 3197 1497 3270 intelligentia
1524 3198 1805 3269 defuisset,
1837 3216 1993 3255 vanae
2025 3215 2069 3276 ο
2102 3206 2229 3255 cant
2257 3199 2402 3255 enim
2431 3199 2730 3255 Dominum
2763 3207 3012 3255 nostrum
3037 3198 3224 3255 Iesum
3272 3197 3579 3255 Christum.
3614 3199 3708 3255 Sa-

402 3299 516 3340 esse
594 3284 934 3342 viderentur.
994 3286 1289 3361 Postquam
1318 3303 1447 3361 ergo
1501 3289 1723 3361 sanguis
1761 3290 1992 3361 passeris

402 3376 677 3447 apparuit,
741 3384 906 3449 atque
969 3378 1028 3433 in
1073 3394 1241 3450 aquas
1298 3379 1454 3436 vivas
1504 3379 1769 3449 decurrit,
1812 3398 1994 3454 passer

402 3470 654 3518 mortuus
683 3471 784 3530 est,
841 3465 971 3536 quia
1016 3474 1304 3538 postquam
1334 3468 1571 3539 spiritali
1603 3468 1991 3542 intelligentia,

402 3564 523 3621 quae
548 3550 605 3604 in
635 3549 1114 3607 observationibus
1140 3553 1455 3609 Judaeorum
1485 3556 1707 3625 latebat,
1740 3573 1836 3629 per
1872 3574 1987 3629 gra-

399 3637 536 3693 tiam
591 3638 817 3693 Domini
878 3641 1054 3695 nostri
1103 3642 1231 3697 Jesu
1269 3641 1475 3698 Christi
1508 3646 1855 3703 manifestata
1890 3654 1993 3718 est,

401 3726 650 3800 quaedam
680 3728 1091 3787 observationes
1119 3731 1317 3803 legales
1346 3732 1488 3788 nihil
1512 3734 1836 3806 profuerunt
1861 3756 1872 3794 :
1900 3738 1996 3795 sed

401 3825 456 3874 et
483 3817 589 3891 ipsi
628 3817 726 3892 qui
774 3827 998 3894 propter
1038 3819 1345 3878 custodiam
1391 3822 1526 3895 legis
1580 3823 1745 3881 ﬁdem
1786 3827 1994 3885 Christi

402 3917 749 3982 spreverunt,
793 3910 1098 3969 secundum
1147 3911 1389 3968 animam
1437 3914 1644 3970 mortui
1686 3924 1834 3974 sunt.
1865 3918 1994 3975 San-

402 4001 523 4073 guis
554 4001 725 4073 igitur
744 4000 977 4073 passeris
1006 4002 1165 4075 aquis
1202 4002 1522 4061 viventibus
1570 4004 1837 4064 admistus
1864 4018 1947 4065 est
1977 4027 1991 4077 ;

400 4093 532 4164 quia
556 4092 737 4148 omnis
757 4093 1060 4165 Scriptura,
1102 4112 1221 4168 qua;
1250 4095 1317 4151 ad
1356 4113 1564 4153 novum
1587 4097 1995 4156 Testamentum

401 4180 660 4251 pertinet,
710 4183 979 4255 exemplis
1034 4184 1236 4240 veteris
1291 4185 1622 4243 Testamenti
1675 4187 1998 4260 spiritaliter

402 4268 701 4326 intellectis
740 4271 947 4341 repleta
986 4280 1068 4327 est
1099 4272 1238 4343 (66).
1287 4273 1389 4329 Per
1417 4275 1627 4346 lignum
1659 4294 1791 4334 vero
1822 4278 1994 4335 cedri-

403 4376 537 4416 num
577 4360 756 4427 Pater,
790 4376 883 4431 per
905 4359 1206 4433 hyssopum
1237 4363 1441 4421 Filius:
1467 4382 1563 4437 per
1593 4368 1775 4424 lanam
1805 4378 1990 4427 autem

402 4448 737 4517 coccineam,
795 4465 918 4521 quae
984 4450 1253 4522 fulgorem
1296 4453 1442 4525 ignis
1506 4456 1690 4527 habet,
1757 4460 1995 4532 Spiritus

402 4548 624 4598 sanctus
649 4538 983 4611 designatur.
1015 4539 1090 4596 Iis
1118 4539 1293 4598 tribus
1323 4542 1417 4613 qui
1462 4543 1567 4600 rite
1602 4548 1856 4603 mundari
1897 4567 1989 4606 vo-

404 4631 569 4700 lebat,
600 4628 1023 4702 aspergebatur;
1069 4628 1198 4701 quia
1231 4632 1421 4687 nullus
1445 4648 1541 4703 per
1566 4649 1761 4705 aquam
1795 4637 1999 4711 baptis-

403 4722 565 4780 matis
593 4740 625 4778 a
663 4723 812 4794 lepra
843 4728 1190 4793 peccatorum
1224 4720 1480 4777 mundari
1524 4732 1724 4796 potest,
1756 4728 1865 4785 nisi
1897 4733 2002 4790 sub

400 4811 752 4870 invocatione
780 4811 957 4867 Patris
980 4818 1033 4867 et
1053 4808 1185 4867 Filii
1212 4819 1266 4867 et
1295 4808 1536 4883 Spiritus
1564 4812 1761 4872 sancti.

471 4909 577 4966 Sed
629 4909 676 4965 si
728 4924 823 4980 per
856 4907 974 4965 haec
1004 4908 1111 4964 tria
1156 4908 1316 4965 Pater
1351 4917 1406 4965 et
1443 4911 1619 4968 Filius
1651 4923 1706 4970 et
1762 4913 2002 4988 Spiritus

401 5008 623 5056 sanctus
646 4998 1021 5070 designantur,
1062 5014 1162 5055 cur
1204 5014 1388 5071 passer
1438 5001 1603 5057 vivus
1646 5011 1874 5075 quartus
1910 5006 2003 5064 ad-

393 5086 651 5160 jungitur
670 5088 698 5144 ?
719 5089 819 5144 Per
847 5103 1117 5159 passerem
1140 5105 1378 5162 namque
1399 5090 1588 5147 vivum
1613 5092 2000 5163 praedicatores

400 5182 533 5238 novi
563 5182 896 5239 Testamenti
934 5181 1247 5254 designatos
1277 5182 1447 5239 fuisse
1489 5184 1758 5244 diximus.
1800 5190 2002 5247 Sacer-

402 5268 501 5326 dos
532 5285 660 5342 ergo
683 5268 831 5342 ligno
860 5270 1105 5339 cedrino,
1146 5287 1332 5340 cocco,
1368 5278 1422 5326 et
1459 5271 1699 5346 hyssopo
1728 5292 1999 5348 passerem

402 5357 595 5415 vivum
660 5358 1028 5432 adjungebat;
1100 5360 1233 5434 quia
1279 5362 1550 5423 Dominus
1591 5373 1781 5423 noster
1843 5369 1999 5426 Iesus

480 5580 611 5663 (66)
628 5585 711 5638 Ita
739 5599 902 5663 mss.;
933 5583 1065 5642 edit.
1099 5598 1251 5654 vero,
1283 5583 1515 5658 pertinet
1539 5584 1875 5660 spiritalibus
1914 5592 1996 5651 in-

411 5651 689 5722 tellectibus
714 5656 916 5722 repleta
952 5663 1045 5711 est.

483 5720 600 5790 (67)
630 5720 833 5776 Omnes
870 5724 1029 5793 edit.,
1054 5726 1285 5795 praestiti
1308 5727 1529 5798 fuerant
1562 5749 1574 5786 :
1616 5748 1809 5789 omnes
1858 5751 1989 5793 mss.

2102 3287 2294 3345 cerdos
2324 3288 2492 3361 igitur
2516 3304 2681 3360 super
2699 3304 2924 3360 caprum
2945 3286 3293 3343 emissarium
3314 3295 3539 3359 peccata
3559 3286 3705 3344 ﬁlio-

2104 3396 2226 3436 rum
2256 3380 2422 3437 Israel
2451 3381 2735 3437 confessus
2763 3388 2875 3449 est;
2899 3381 3029 3454 quia
3047 3381 3223 3437 Filius
3246 3379 3345 3436 Dei
3375 3387 3601 3452 peccata
3621 3397 3708 3452 ge-

2104 3470 2251 3527 neris
2270 3470 2498 3527 humani
2514 3487 2679 3543 super
2692 3470 2973 3527 hominem
2992 3487 3154 3544 quem
3170 3469 3712 3544 assumpsit,posuit,

2104 3571 2166 3619 ut
2189 3580 2287 3636 pro
2317 3564 2397 3619 eis
2426 3562 2541 3635 ipse
2564 3570 2887 3619 moreretur.
2917 3563 3019 3619 Per
3048 3561 3329 3619 desertum
3359 3580 3516 3632 vero,
3542 3562 3710 3635 cujus

2104 3653 2501 3712 habitationem
2529 3671 2719 3711 omnes
2772 3653 3022 3711 deliciosi
3054 3654 3503 3727 perhorrescunt,
3564 3671 3709 3712 crux

2104 3744 2442 3817 designatur,
2469 3747 2686 3803 cunctis
2710 3746 2818 3803 reis
2839 3745 2999 3802 valde
3028 3744 3338 3802 horribilis.
3372 3746 3550 3803 Duxit
3574 3761 3710 3817 ergo

2105 3836 2272 3892 homo
2323 3845 2543 3910 paratus
2590 3854 2813 3910 caprum
2870 3838 3219 3894 emissarium
3281 3837 3339 3893 in
3398 3837 3704 3903 desertum,

2105 3926 2234 3999 quia
2268 3926 2443 3983 Judaei
2500 3926 2593 4000 qui
2624 3927 2693 3984 ad
2722 3927 2828 3985 hoc
2878 3928 3057 3984 scelus
3084 3927 3513 4000 perpetrandum
3571 3943 3706 3999 pra:-

2104 4016 2231 4074 sciti
2258 4017 2476 4073 fuerant
2507 4017 2649 4088 (67),
2680 4017 2981 4074 Dominum
3011 4022 3263 4075 nostrum
3296 4017 3485 4074 Iesum
3518 4016 3704 4073 Chris-

2104 4114 2223 4163 tum
2253 4106 2668 4163 cruciﬁxerunt.
2698 4108 2787 4163 Illi
2839 4116 3023 4163 autem
3054 4108 3149 4180 qui
3177 4123 3407 4179 caprum
3466 4107 3707 4162 emissa-

2105 4195 2248 4251 rium
2270 4195 2329 4250 in
2360 4194 2635 4252 desertum
2666 4195 2921 4262 duxerat,
2952 4203 3287 4268 praeceptum
3334 4204 3421 4251 est
3449 4205 3514 4251 ut
3543 4197 3704 4252 lava-

2107 4294 2189 4343 ret
2216 4286 2369 4359 prius
2398 4287 2728 4343 vestimenta
2793 4302 2910 4355 sua,
2970 4293 3025 4341 et
3084 4286 3166 4343 sic
3220 4285 3606 4359 ingrederetur
3650 4285 3705 4341 in

2103 4387 2302 4447 castra,
2333 4379 2463 4452 quia
2494 4378 2670 4437 Judaei
2717 4378 3100 4437 interfectores
3144 4378 3356 4437 Christi
3412 4379 3472 4436 in
3529 4386 3706 4437 castra

2103 4468 2365 4525 Ecclesiae
2416 4468 2630 4540 ingredi
2659 4485 2771 4525 non
2830 4476 3149 4541 potuerunt,
3183 4469 3294 4526 nisi
3353 4470 3512 4542 prius
3567 4485 3709 4542 aqua

2106 4558 2449 4630 baptismatis
2478 4559 2859 4616 abluerentur.

2176 4644 2249 4699 Et
2268 4644 2327 4698 in
2355 4644 2783 4699 Deuteronomio
2810 4644 3070 4717 praecepit
3110 4643 3328 4716 Moyses
3356 4644 3495 4701 ﬁliis
3521 4645 3709 4713 Israel,

2108 4731 2330 4789 dicens:
2402 4758 2421 4780 ι
2480 4733 2537 4789 Si
2594 4732 2876 4790 transieris
2904 4749 3000 4806 per
3050 4749 3266 4805 agrum,
3321 4741 3378 4789 et
3426 4734 3713 4789 inveneris

2110 4837 2266 4878 avem
2323 4820 2674 4878 incubantem
2725 4838 2889 4896 super
2943 4823 3126 4895 pullos
3166 4838 3334 4889 suos;
3400 4838 3469 4878 ne
3526 4830 3713 4878 teneas

2109 4927 2266 4967 avem
2297 4929 2422 4968 cum
2450 4912 2619 4984 pullis
2644 4913 2779 4981 suis,
2814 4912 2910 4969 sed
2934 4912 3155 4970 dimitte
3181 4912 3406 4969 avolare
3460 4929 3621 4969 avem
3655 4914 3713 4969 in

2109 5017 2384 5073 campum,
2413 5011 2467 5059 et
2493 5010 2681 5074 captos
2711 5009 2835 5059 tene
2863 5002 3047 5071 ﬁlios;
3079 5011 3144 5058 ut
3174 5004 3339 5076 longo
3369 5002 3534 5059 vivas
3562 5011 3715 5058 tem-

2109 5106 2238 5162 pore
2269 5092 2327 5146 in
2357 5099 2520 5159 terra,
2578 5107 2741 5164 quam
2788 5092 3059 5148 Dominus
3106 5094 3250 5148 Deus
3314 5100 3444 5149 tuus
3500 5090 3714 5148 dederit

2106 5181 2210 5238 tibi
2243 5183 2422 5254 (Deut.
2453 5199 2594 5251 xxn,
2627 5183 2679 5251 6,
2716 5183 2795 5255 7).
2823 5208 2841 5231 ι
2884 5182 3167 5254 Numquid
3196 5183 3460 5239 dimissio
3481 5182 3711 5239 aviculae

2107 5272 2225 5328 dies
2248 5272 2485 5345 alicujus
2514 5289 2710 5344 augere
2730 5280 2943 5346 poterat
2965 5272 3082 5346 (68)
3107 5273 3136 5330 (ἲ
3158 5273 3302 5343 Non,
3344 5274 3442 5331 sed
3458 5273 3709 5347 spiritua-

2109 5362 2235 5420 liter
2319 5361 2745 5436 intelligendum
2807 5371 2910 5422 est.
2969 5362 3075 5422 Per
3144 5380 3309 5421 avem
3369 5380 3711 5440 unaquaque

2098 5597 2374 5670 prepositi
2399 5594 2634 5670 fuerant.

2178 5667 2295 5742 (68)
2327 5667 2407 5726 Ita
2438 5688 2606 5739 mss.;
2641 5679 2699 5730 at
2726 5670 2885 5741 edit.,
2918 5669 3139 5728 dimissa
3164 5669 3387 5728 avicula
3446 5669 3559 5727 dies
3582 5667 3709 5726 alie.

2101 5755 2197 5794 nos
2223 5758 2413 5813 augere
2438 5749 2673 5815 poterat.
2768 5785 2777 5792 .
