3880 6198
211 305 318 363 913

1136 302 1594 362 BERENGAUDI
1630 303 2005 362 EXPOSITIO
2044 303 2117 361 ΙΝ
2152 302 2655 363 APOCALYPSIN.

3414 311 3522 369 914

212 436 403 486 sancta
450 427 638 483 anima
672 427 991 501 designatur
1032 445 1043 484 :
1094 444 1190 501 per
1233 430 1415 503 pullos
1461 436 1644 486 autem
1695 428 1814 502 ejus
1841 432 1892 491 A
1921 430 2041 485 leve
2090 429 2301 502 (Matth.
2343 446 2422 497 xi,
2460 430 2574 502 30).
2622 456 2639 479 ι
2678 430 2804 487 Tres
2833 438 3016 487 autem
3073 431 3300 489 bilibres
3330 433 3520 494 hordei

213 517 359 575 bona
407 533 571 589 opera
611 516 1012 589 intelliguntur.
1068 517 1203 573 Nam
1261 518 1404 575 sicut
1460 518 1578 574 avis
1634 518 1815 591 pullos

214 624 344 665 suos
373 606 473 663 sub
511 607 625 663 alas
670 611 982 679 congregat,
1031 613 1092 661 ut
1138 623 1228 664 eas
1272 606 1511 663 fovendo
1559 607 1809 676 nutriat;

216 697 292 754 ita
342 713 686 771 unaquaque
714 705 901 753 sancta
930 698 1114 753 anima
1143 714 1306 769 opera
1334 715 1431 754 sua
1461 698 1605 754 intra
1631 698 1815 754 cordis

213 790 420 845 Secreta
467 786 737 855 recondit,
769 794 823 843 et
850 803 912 844 ea
945 803 1158 860 semper
1194 787 1444 860 augendo
1480 788 1815 861 multiplicat

211 885 264 933 et
292 876 490 944 nutrit,
522 883 582 931 ut
604 891 672 930 ex
704 875 772 930 iis
802 875 1106 932 mercedem
1149 876 1522 948 plenissimam
1563 878 1809 950 recipiat.

209 969 386 1024 Avem
418 966 604 1039 itaque
633 983 758 1023 cum
793 967 960 1039 pullis
990 967 1104 1022 suis
1143 965 1478 1035 invenimus,
1527 984 1652 1023 cum
1700 968 1813 1023 ali-

209 1072 374 1131 quem
402 1056 614 1129 justum
646 1074 745 1129 pro
775 1057 891 1113 suis
918 1056 1079 1113 bonis
1113 1057 1370 1129 operibus
1404 1057 1638 1117 amando
1682 1074 1811 1114 am-

208 1145 529 1220 plectimur.
563 1146 740 1202 Avem
771 1146 829 1202 in
858 1163 985 1219 agro
1015 1147 1233 1202 avolare
1261 1147 1652 1219 permittimus,
1683 1164 1810 1205 cum

206 1252 336 1292 eum
361 1252 527 1309 quem
561 1235 949 1309 diligebamus,
981 1253 1076 1309 per
1098 1243 1327 1292 mortem
1352 1237 1419 1293 ad
1442 1254 1606 1310 regna
1627 1239 1809 1295 coales-

205 1325 282 1382 tia
317 1325 702 1381 conscendisse
733 1325 1067 1398 gaudemus:
1108 1324 1253 1381 ﬁlios
1297 1342 1428 1381 vero
1468 1326 1584 1399 ejus
1625 1337 1811 1400 captos

208 1422 483 1484 tenemus,
516 1416 562 1471 si
591 1415 710 1488 ejus
730 1415 876 1471 bona
904 1433 1068 1489 opera
1095 1415 1150 1471 in
1181 1425 1362 1473 mente
1382 1416 1703 1484 retinemus,
1733 1426 1809 1474 at-

205 1520 310 1578 que
340 1505 398 1561 in
421 1521 614 1561 eorum
648 1505 957 1561 imitatione
986 1505 1324 1578 proﬁcimus.
1356 1506 1429 1562 Et
1457 1505 1514 1560 in
1543 1505 1648 1562 hoc
1680 1506 1811 1561 lon-

207 1593 514 1668 gitudinem
549 1595 678 1652 vita
707 1595 868 1652 nobis
899 1594 1256 1668 acquirimus,
1298 1611 1419 1668 qua
1454 1610 1566 1650 non
1613 1595 1720 1650 nisi
1751 1594 1809 1650 in

204 1683 415 1741 caelesti
447 1685 790 1742 beatitudine
815 1683 1132 1742 constitutis
1169 1682 1350 1741 datur.
1401 1685 1479 1741 De
1530 1684 1811 1756 apertione

1923 526 2069 575 sunt:
2102 536 2214 575 non
2247 519 2700 577 inconvenienter
2730 537 2858 593 ergo
2888 537 2983 593 per
3002 521 3276 577 senarium
3316 539 3522 580 nume-

1924 625 2043 664 rum
2083 609 2226 681 (71),
2248 608 2343 682 qui
2379 610 2650 682 perfectus
2688 618 2788 678 est,
2831 626 2994 682 opera
3023 618 3334 667 sanctorum
3365 611 3521 668 desi-

1922 697 2319 771 gnantur,quia
2350 697 2612 769 perfectio
2636 706 2949 754 sanctorum
2981 716 3044 754 ex
3072 699 3234 755 bonis
3262 700 3520 772 operibus

1921 786 2203 844 accrescit.
2235 787 2367 842 Tres
2396 785 2622 842 bilibres
2650 803 2778 858 ergo
2807 786 2999 843 hordei
3019 786 3244 843 denario
3273 787 3518 861 conjun-

1922 884 2159 950 guntur;
2220 877 2351 949 quia
2402 875 2671 949 quidquid
2708 876 2842 931 boni
2889 876 3046 932 electi
3095 877 3152 932 in
3184 876 3289 934 boc
3316 878 3517 934 saculo

1921 973 2241 1039 operantur,
2288 965 2562 1039 quidquid
2608 965 2821 1021 adversi
2853 965 3159 1037 patiuntur,
3202 982 3300 1039 pro
3332 982 3516 1023 amore

1923 1057 2091 1113 unius
2118 1056 2218 1112 Dei
2246 1054 2645 1128 omnipotentis
2676 1062 2843 1127 agunt
2879 1061 2933 1111 et
2958 1055 3263 1127 patiuntur.

1989 1154 2166 1211 Aliter
2204 1170 2215 1208 :
2275 1169 2370 1226 per
2425 1168 2625 1226 equum
2667 1151 2706 1207 ii
2752 1152 2846 1226 qui
2877 1166 2972 1225 per
3001 1153 3171 1226 legem
3204 1154 3341 1210 salvi
3374 1154 3514 1212 facti

1920 1252 2054 1300 sunt
2104 1243 2495 1315 designantur:
2555 1258 2651 1313 per
2696 1258 3035 1298 ascensorem
3068 1242 3185 1314 ejus
3219 1244 3333 1315 ipse
3358 1243 3517 1300 dator

1921 1331 2072 1405 legis:
2110 1336 2205 1405 per
2234 1340 2489 1388 stateram
2516 1345 2647 1387 vero
2680 1330 2908 1403 aquitas
2931 1330 3132 1403 judicii
3173 1330 3515 1404 ejus.Conse-

1920 1440 2092 1497 quens
2158 1430 2241 1479 est
2296 1431 2356 1480 ut
2401 1438 2497 1497 per
2550 1421 2708 1477 binas
2765 1421 2932 1479 libras
2990 1422 3161 1480 tritici
3198 1431 3252 1479 et
3282 1440 3378 1498 per
3406 1430 3516 1480 tres

1918 1517 2149 1575 bilibres
2203 1519 2397 1577 hordei
2446 1527 2605 1575 vetus
2643 1520 3050 1575 Testamentum
3090 1519 3465 1592 intelligamus
3498 1535 3511 1575 :

1919 1624 2014 1680 per
2050 1606 2210 1665 binas
2236 1625 2364 1682 ergo
2381 1608 2549 1665 libras
2578 1607 2748 1663 tritici
2779 1607 2889 1664 duo
2919 1616 3187 1681 pracepta
3206 1608 3510 1676 charitatis,

1918 1712 2039 1769 qua
2083 1695 2141 1752 in
2180 1696 2297 1767 lege
2346 1703 2401 1752 et
2452 1696 2732 1768 prophetis
2781 1696 3091 1769 specialiter
3113 1696 3515 1753 commendan—

205 1778 353 1834 tertii
382 1778 553 1851 sigilli
582 1795 753 1851 pauca
781 1777 849 1835 de
878 1777 1070 1834 multis
1090 1776 1357 1845 diximus,
1389 1794 1538 1833 nunc
1555 1776 1804 1834 ordinem
1835 1792 1882 1854 Β
1918 1791 2035 1852 tur,
2073 1783 2451 1857 designantur,
2476 1784 2619 1840 sicut
2646 1784 2918 1841 Dominus
2944 1784 3082 1841 dicit
3100 1785 3158 1840 in
3188 1784 3509 1855 Evangelio:

204 1886 621 1944 prosequamur.

274 1996 458 2062 (Vers.
498 1997 581 2067 5.)
613 1996 816 2052 Audivi
854 1994 1063 2050 tertium
1109 1994 1314 2051 animal
1354 1993 1569 2050 dicens:
1608 1993 1732 2052 Veni
1758 1999 1808 2048 et

202 2094 354 2160 vide;
382 2094 441 2151 id
471 2103 572 2163 est,
614 2094 861 2166 intelligo
907 2092 1232 2165 spiritaliter
1273 2087 1418 2146 529
1463 2092 1802 2164 Scripturam

204 2184 337 2256 legis
369 2185 511 2255 (69).
545 2186 617 2239 Et
644 2200 749 2237 ecce
778 2199 939 2253 equus
962 2182 1130 2253 niger,
1174 2188 1222 2236 et
1262 2181 1355 2252 qui
1399 2181 1605 2237 sedebat
1647 2198 1806 2252 super

200 2288 318 2326 eum
347 2270 569 2326 habebat
593 2276 845 2325 stateram
874 2270 930 2323 in
957 2286 1119 2323 manu
1158 2285 1277 2324 sua.
1329 2269 1431 2324 Per
1467 2284 1671 2341 equum
1705 2269 1804 2324 ni-

203 2376 358 2432 grum
409 2360 662 2416 doctores
690 2358 826 2430 legis
853 2374 1145 2431 possumus
1191 2357 1529 2428 intelligere;
1575 2355 1804 2428 nigredo

203 2453 348 2508 enim
380 2451 508 2523 equi
539 2450 656 2507 sive
685 2450 1072 2507 obscuritatem
1098 2450 1254 2522 legis,
1282 2465 1444 2523 quam
1472 2448 1802 2515 docuerunt,

205 2539 318 2596 sive
346 2539 613 2595 duritiam
644 2539 912 2611 designat.
949 2540 1087 2595 Nam
1114 2547 1167 2594 et
1196 2540 1411 2611 Moyses
1439 2539 1688 2594 velamen
1710 2538 1804 2593 ha-

204 2627 361 2685 bebat
381 2645 547 2700 super
570 2628 766 2684 faciem
793 2645 969 2695 suam,
1000 2643 1065 2684 eo
1117 2627 1263 2700 quod
1309 2628 1569 2700 splendor
1616 2628 1803 2684 vultus

205 2717 335 2790 ejus,
370 2718 424 2774 id
456 2724 557 2784 est,
590 2716 856 2788 spiritalis
875 2715 1241 2789 intelligentia
1269 2715 1325 2771 in
1349 2716 1465 2787 lege
1495 2731 1527 2771 a
1555 2715 1804 2788 lippien-

208 2805 348 2862 tibus
374 2806 555 2863 oculis
583 2821 693 2861 non
744 2811 925 2877 posset
972 2803 1170 2860 videri.
1211 2803 1397 2859 Sessor
1445 2811 1626 2859 autem
1673 2805 1801 2877 equi

204 2895 473 2950 Dominus
500 2903 616 2950 est:
649 2900 851 2949 statera
881 2909 1012 2949 vero
1049 2893 1361 2966 aquitatem
1396 2892 1597 2965 judicii
1647 2894 1802 2965 lega-

204 2981 268 3038 lis
314 2983 679 3048 demonstrat,
710 2991 774 3039 ut
801 2990 882 3039 est
912 2981 1092 3038 istud:
1133 3006 1152 3030 ι
1175 2982 1434 3038 Animam
1466 2998 1565 3054 pro
1594 2981 1799 3050 anima,

202 3071 414 3127 oculum
444 3087 549 3143 pro
578 3071 761 3138 oculo,
816 3069 1180 3143 dentem‘pro
1224 3070 1407 3134 dente,
1456 3070 1648 3143 pedem
1702 3087 1800 3143 pro

199 3160 330 3231 pede
378 3162 589 3231 (Exod.
631 3177 753 3228 xxr,
783 3160 873 3228 23,
916 3160 1032 3232 24),
1085 3185 1102 3208 ι

194 3248 312 3320 quis
340 3249 617 3307 maculam
652 3248 793 3321 (70),
826 3248 991 3303 talem
1023 3256 1078 3303 et
1105 3248 1377 3305 sustinere
1407 3255 1651 3321 cogatur.

262 3385 439 3456 (Vers.
482 3385 564 3456 6.)
616 3386 692 3441 Et
711 3385 898 3441 audivi
928 3402 1097 3441 vocem
1128 3385 1183 3440 in
1215 3386 1382 3442 medio
1407 3394 1639 3458 quatuor
1666 3388 1797 3444 ani-

193 3476 401 3532 malium
427 3475 708 3532 dicentem.
751 3476 933 3532 Potest
978 3492 1073 3549 per
1116 3493 1305 3533 vocem
1356 3493 1475 3549 qua
1524 3479 1667 3536 facta
1715 3488 1795 3537 est

196 3563 252 3620 in
282 3568 466 3625 medio
494 3576 733 3641 quatuor
758 3568 1103 3637 animalium,
1150 3585 1261 3624 vox
1300 3568 1559 3627 Ecclesia
1596 3570 1791 3643 accipi,

200 3654 412 3713 Domini
448 3657 887 3715 misericordiam
945 3657 1311 3729 implorantis.
1356 3659 1583 3715 Bilibris
1631 3660 1795 3715 tritici

199 3744 430 3817 denario,
462 3754 513 3803 et
542 3754 643 3803 tres
681 3747 893 3803 bilibres
929 3747 1112 3802 hordei
1156 3748 1397 3812 denario,
1446 3755 1494 3804 et
1537 3748 1719 3804 vinum
1746 3755 1794 3804 et

199 3833 359 3889 oleum
384 3853 447 3892 ne
477 3836 694 3893 laeseris.
729 3836 919 3909 Magna
949 3842 1079 3892 sunt
1108 3851 1228 3909 qua
1262 3836 1513 3909 protulit,
1547 3846 1600 3894 et
1632 3836 1791 3895 valde

199 3927 440 3989 obscura.
494 3933 600 3989 Per
627 3930 876 3988 triticum
906 3949 976 3988 ex
1013 3950 1121 4007 quo
1160 3932 1315 4006 panis
1359 3934 1602 4006 optimus
1648 3953 1791 3993 con-

201 4013 395 4088 ﬁcitur,
462 4020 715 4077 divinam
781 4019 1118 4094 Scripturam
1185 4039 1476 4094 possumus
1521 4024 1790 4098 accipere,

201 4124 313 4181 qua
342 4120 420 4169 est
447 4114 607 4187 panis
656 4114 1009 4170 animarum:
1064 4113 1186 4170 dua
1235 4132 1368 4171 vero
1415 4115 1569 4173 libra
1616 4116 1790 4175 tritici

200 4196 305 4256 duo
335 4203 681 4261 Testamenta
708 4203 1017 4276 designant,
1048 4204 1251 4276 quibus
1288 4204 1479 4261 divina
1508 4205 1791 4278 Scriptura

200 4285 482 4351 dividitur.
516 4295 604 4350 Ex
634 4293 702 4349 iis
731 4292 943 4349 duabus
972 4293 1130 4350 libris
1158 4293 1332 4349 tritici
1362 4310 1613 4365 magnam
1639 4296 1787 4353 cibo-

203 4389 317 4433 rum
347 4382 562 4453 copiam
594 4381 754 4438 nobis
785 4380 961 4438 sancti
992 4381 1176 4437 Patres
1205 4390 1668 4453 praparaverunt,
1692 4385 1787 4457 qui

201 4478 313 4523 eam
371 4472 754 4547 multipliciter
808 4480 1226 4544 exposuerunt:
1284 4471 1543 4529 denarius
1600 4482 1783 4531 autem
1817 4513 1866 4573 Β

202 4554 491 4617 Dominum
527 4561 795 4634 designat.
831 4561 983 4617 Bina
1014 4560 1317 4633 ergolibra
1360 4561 1534 4618 tritici
1561 4561 1787 4620 denario

200 4653 551 4726 copulantur;
578 4658 707 4732 quia
737 4657 885 4731 quod
906 4664 1093 4713 sancta
1112 4656 1398 4730 Scriptura
1429 4659 1694 4732 loquitur,
1719 4659 1787 4716 ad

202 4738 360 4796 unius
394 4744 491 4801 Dei
522 4745 1007 4820 omnipotentiam,
1059 4746 1519 4818 magnitudinem,
1572 4748 1786 4806 bonita-

207 4832 334 4895 tem,
355 4840 518 4906 atque
541 4836 888 4893 severitatem
915 4836 1169 4907 pertinet;
1194 4834 1462 4908 quidquid
1484 4838 1629 4892 enim
1653 4838 1785 4894 boni

204 4926 320 4985 erga
349 4924 633 4991 proximos
666 4926 901 4998 agimus,
954 4924 1021 4980 de
1069 4925 1167 4981 illo
1197 4932 1299 4993 est,
1332 4941 1443 4981 non
1488 4926 1557 4983 de
1604 4927 1783 4984 nobis.

204 5001 299 5059 Per
360 5016 704 5085 asperitatem
764 5033 896 5073 vero
964 5015 1155 5072 hordei
1230 5032 1395 5087 opera
1470 5027 1784 5077 sanctorum

203 5088 553 5182 designantur
582 5122 704 5179 qua
733 5120 923 5177 aspera
949 5104 1169 5178 quidem
1196 5104 1458 5162 videntur
1504 5124 1601 5180 per
1647 5125 1788 5182 ope-

205 5181 487 5260 rationem,
510 5197 601 5252 sed
632 5213 755 5269 spes
781 5212 843 5252 ea
870 5195 1062 5252 suavia
1090 5195 1243 5261 facit,
1266 5196 1409 5252 sicut
1437 5197 1574 5257 dicit
1601 5181 1789 5256 Domi-

205 5282 304 5328 nus
334 5293 346 5331 :
390 5303 409 5326 ι
438 5282 637 5358 Iugum
666 5288 813 5344 enim
841 5304 1024 5344 meum
1056 5303 1223 5345 suave
1238 5294 1339 5357 est,
1360 5298 1414 5347 et
1433 5306 1573 5347 onus
1603 5307 1785 5348 meum

416 5462 574 5588 30m.
605 5468 739 5551 edit.
772 5469 906 5537 sola,
937 5470 1029 5541 qui
1060 5469 1393 5550 Scripturam
1425 5469 1569 5552 legis.

274 5593 280 5597 _
467 5551 616 5595 mnes
643 5540 800 5597 edit..
843 5547 890 5595 et
928 5543 1083 5597 auale
1112 5541 1368 5597 inﬂixerat
1412 5558 1532 5597 auis
1562 5558 1569 5594 τ

272 5524 621 5612 ςῗολῡιηηρς
643 5524 800 5607 edit.,
843 5524 906 5595 et.
928 5524 1083 5611 (iam
1112 5524 1368 5609 inflixerit
1412 5524 1532 5612 quis
1562 5540 1783 5609 malum,

211 5593 325 5667 ίαιῗ,
358 5593 481 5659 etc.:
514 5593 859 5667 mssIautem
876 5593 952 5667 ut
970 5593 1351 5667 iin'con'textu.

276 5664 391 5742 (71)
430 5664 734 5755 Εὰίιζζρέιέ
758 5664 1355 5742 δίὴὶινῖίὶιᾶἇτὲὰτηενατηᾲ
1395 5683 1469 5742 Et
1522 5681 1688 5754 infra,
1739 5690 1788 5741 et

1928 1894 1947 1918 ι
2001 1872 2064 1927 In
2109 1871 2178 1927 iis
2224 1871 2440 1927 duobus
2488 1871 2761 1927 mandatis
2800 1878 2915 1928 tota
2943 1873 3035 1928 lex
3065 1871 3266 1944 pendet
3295 1880 3349 1929 et
3378 1890 3516 1944 pro-

1913 1960 2093 2034 pheta
2150 1961 2362 2033 (Matth.
2421 1977 2567 2030 xxn,
2627 1960 2743 2033 40).
2801 1984 2821 2009 ι
2888 1962 2960 2017 Et
3006 1977 3104 2034 per
3147 1969 3258 2017 tres
3286 1961 3515 2019 bilibres

1914 2050 2110 2108 hordei
2160 2058 2320 2107 vetus
2350 2050 2761 2107 Testamentum
2802 2066 3093 2124 possumus
3120 2050 3365 2123 accipere
3398 2068 3414 2119 ;
3449 2066 3514 2107 eo

1913 2138 2061 2214 quod
2090 2139 2149 2195 in
2181 2148 2292 2196 tres
2320 2147 2501 2213 partes
2530 2139 2597 2195 ab
2627 2137 2870 2195 Hebrais
2917 2138 3219 2207 dividatur,
3272 2139 3331 2195 in
3368 2139 3514 2195 Pro-

1914 2228 2129 2300 phetas,
2178 2227 2235 2283 in
2290 2228 2505 2301 Legem,
2566 2228 2623 2283 in
2670 2223 3071 2301 Hagiographa.
3098 2228 3208 2284 Nec
3238 2227 3512 2285 inconve—

1913 2316 2130 2373 nienter
2185 2332 2281 2389 per
2318 2316 2609 2386 hordeum,
2667 2316 2815 2390 quod
2860 2333 3112 2390 asperum
3142 2316 3305 2374 habet
3334 2317 3514 2374 corti-

1913 2421 2055 2475 cem,
2109 2414 2268 2461 vetus
2298 2405 2711 2461 Testamentum
2756 2405 3323 2478 designatur,propter
3346 2422 3513 2479 aspe-

1911 2496 2130 2551 ritatem
2205 2494 2464 2550 videlicet
2541 2503 2941 2567 praceptorum
3025 2495 3281 2567 legalium
3370 2496 3505 2569 (72).

1913 2587 2051 2643 Nam
2124 2584 2268 2639 sicut
2340 2581 2610 2638 hordeum
2676 2582 2824 2638 infra
2879 2585 3225 2656 asperitatem
3284 2585 3508 2641 corticis

1910 2674 1998 2730 sui
2054 2673 2353 2729 medullam
2410 2672 2678 2740 continet,
2742 2689 2811 2728 ex
2869 2689 2975 2745 qua
3004 2673 3162 2745 panis
3191 2674 3506 2745 conﬁcitur,

1912 2762 1991 2819 ita
2029 2770 2083 2818 et
2142 2761 2289 2818 infra
2326 2763 2570 2818 litteram
2626 2761 2831 2817 veteris
2879 2761 3214 2818 Testamenti
3243 2762 3508 2835 spiritalis

1910 2849 2280 2923 intelligentia
2332 2850 2673 2918 continetur,
2703 2865 2773 2905 ex
2802 2865 2908 2923 qua
2940 2866 2971 2905 a
3001 2850 3276 2922 magistris
3303 2851 3507 2909 Eccle-

1909 2942 2004 3000 sia
2062 2942 2219 3015 panis
2266 2940 2531 2998 doctrina
2574 2940 2844 3013 spiritalis
2867 2941 3182 3011 conﬁcitur,
3218 2942 3285 2998 ad
3314 2942 3506 2998 nutri-

1910 3041 2095 3089 menta
2145 3031 2392 3088 ﬁdelium
2450 3030 2755 3104 proﬁcens;
2816 3029 3013 3087 scribit
3053 3031 3201 3087 enim
3229 3031 3506 3104 apostolus

1160 3120 1486 3235 ὲιῗιίὲὲίὲσῖ
1497 3120 1802 3218 Ῑιῖιῖἒιὲἑίὶ
1834 3155 1879 3217 c
1907 3122 2118 3235 ῗῗξξῗῖίί
2155 3120 3501 3235 ‘l‘fff‘.-31“???_ad_-¥3"ffff“fi‘__‘i‘3ﬁ‘ffif_.‘f’if:

1907 3214 2123 3270 nullum
2165 3212 2379 3269 scilicet
2426 3228 2618 3268 eorum
2675 3211 2770 3285 qui
2821 3227 2939 3267 eam
2969 3211 3263 3268 carnaliter
3299 3211 3503 3267 intelli-

1905 3313 2040 3377 gunt
2067 3312 2122 3359 et
2158 3312 2473 3376 operantur:
2517 3319 2608 3359 eos
2636 3319 2768 3358 vero
2793 3302 2887 3376 qui
2918 3318 3034 3358 eam
3066 3302 3390 3374 spiritaliter
3420 3302 3503 3358 in-

1903 3393 2166 3467 telligunt
2234 3401 2287 3449 et
2333 3400 2629 3465 operantur
2673 3434 2688 3460 ,
2738 3390 2806 3447 ad
2874 3391 3229 3464 perfectionis
3279 3392 3499 3449 culmen

1902 3481 2021 3538 sine
2076 3481 2248 3537 dubio
2313 3480 2476 3554 erigit
2515 3479 2667 3551 (Heb.
2725 3496 2824 3549 vn,
2858 3480 2970 3552 19).
3004 3480 3134 3536 Tres
3179 3498 3308 3555 ergo
3345 3480 3500 3537 libra

1902 3569 2097 3627 hordei
2142 3571 2520 3644 duplicantur,
2561 3578 2623 3626 ut
2669 3569 2737 3625 ad
2768 3569 3069 3639 senarium,
3103 3569 3200 3643 qui
3230 3569 3501 3643 perfectus

1902 3667 1984 3717 est
2039 3677 2323 3726 numerus,
2371 3659 2716 3732 perveniant;
2745 3676 2870 3716 cum
2902 3666 3061 3715 vetus
3090 3658 3499 3717 Testamentum

1900 3765 1933 3805 a
1974 3748 2294 3806 doctoribus
2347 3749 2607 3805 Ecclesia
2657 3749 2840 3822 primo
2888 3747 3271 3818 historialiter,
3313 3755 3502 3822 postea

1899 3838 2226 3912 spiritaliter
2246 3837 2598 3910 intelligitur,
2629 3837 2856 3911 ejusque
2893 3837 3157 3910 spiritalis
3190 3837 3497 3911 intelligen-

1898 3930 1978 3986 tia
2024 3927 2282 3999 operibus
2328 3926 2608 3997 impletur.
2642 3926 2743 3980 Per
2765 3924 3054 3981 denarium
3083 3933 3266 3981 autem
3298 3932 3500 3981 aterna

1899 4017 2016 4073 vita
2070 4016 2406 4089 designatur,
2455 4015 2599 4071 sicut
2627 4014 2896 4070 Dominus
2920 4014 3080 4069 docet
3109 4012 3166 4068 in
3195 4014 3499 4086 Evangelio

1902 4106 2113 4179 (Matth.
2154 4121 2254 4173 xx,
2286 4103 2367 4174 2).
2400 4103 2663 4160 Precatur
2692 4103 2862 4175 igitur
2890 4102 3191 4159 Dominum
3228 4102 3495 4172 Ecclesia,

1897 4205 1952 4254 et
2006 4196 2186 4253 dicit:
2242 4195 2469 4252 Bilibris
2520 4193 2687 4250 tritici
2739 4193 2979 4262 denario,
3034 4199 3083 4251 et
3137 4198 3240 4249 tres
3286 4194 3498 4251 bilibres

1897 4289 2083 4344 hordei
2110 4288 2352 4358 denario,
2384 4287 2441 4345 id
2468 4294 2568 4357 est,
2608 4286 2648 4343 ii
2680 4287 2773 4360 qui
2803 4286 2917 4343 duo
2950 4295 3218 4361 pracepta
3245 4285 3497 4344 charita-

1897 4378 1972 4434 tis
2004 4376 2307 4435 secundum
2355 4375 2663 4435 doctrinam
2693 4375 2849 4449 Legis
2874 4383 3038 4451 atque
3075 4375 3492 4450 Prophetarum,

1896 4475 2150 4533 Patribus
2210 4475 2466 4533 videlicet
2508 4476 2709 4533 veteris
2739 4476 3074 4533 Testamenti
3110 4494 3121 4533 :
3154 4476 3414 4532 similiter
3442 4485 3497 4533 et

1896 4568 1975 4624 eis
2016 4567 2112 4641 qui
2165 4573 2325 4623 vetus
2370 4567 2778 4625 Testamentum
2826 4566 3148 4639 spiritaliter
3176 4566 3496 4639 intelligunt

1895 4665 1950 4713 et
1999 4664 2312 4729 operantur,
2364 4656 2419 4711 id
2464 4663 2563 4724 est,
2596 4654 2853 4711 ﬁdelibus
2893 4653 3172 4723 Ecclesia,
3204 4653 3492 4711 denarium

1896 4746 2025 4803 vita
2072 4755 2290 4802 aterua
2339 4743 2564 4816 dignare
2608 4742 2933 4814 largiri.Per
2958 4741 3331 4799 austeritatem
3362 4760 3494 4801 vero

1894 4835 2016 4891 vini
2050 4837 2292 4891 activam
2322 4831 2519 4902 vitam,
2552 4847 2648 4903 per
2678 4830 3069 4902 pinguedinem
3115 4830 3223 4887 olei
3249 4839 3491 4889 contem-

1896 4924 2162 4998 plativam
2216 4938 2506 4997 possumus
2571 4920 2834 4993 accipere.
2904 4919 3063 4987 Quod
3135 4936 3262 4994 ergo
3309 4922 3487 4981 dicit:

1905 5016 2092 5075 Vinum
2145 5019 2195 5069 et
2247 5013 2424 5067 oleum
2468 5028 2534 5066 ne
2575 5011 2793 5080 laseris,
2823 5010 2930 5067 tale
2958 5018 3038 5066 est
3067 5027 3129 5067 ac
3163 5011 3208 5067 si
3239 5012 3445 5070 diceret
3473 5029 3486 5068 :

1894 5106 2005 5162 Eos
2044 5103 2138 5177 qui
2178 5101 2280 5160 tibi
2325 5117 2422 5174 per
2463 5100 2657 5157 activa
2692 5100 2821 5156 vita
2845 5116 3009 5173 opera
3055 5100 3172 5158 sive
3234 5111 3492 5161 contem-

1896 5195 2121 5268 plativa
2140 5193 2347 5249 servire
2367 5191 2721 5261 studuerunt,
2748 5207 2817 5248 ne
2842 5191 3064 5262 laseris,
3095 5210 3217 5251 cum
3249 5192 3319 5250 ad
3341 5193 3487 5268 judi-

1896 5284 2045 5343 cium
2097 5281 2337 5339 veneris.

1887 5484 1987 5596 ﬁer
2035 5473 2137 5522 tres
2162 5466 2326 5523 libras
2354 5462 2570 5531 hordei;
2607 5478 2737 5520 mss.
2769 5470 2950 5521 autem
2982 5465 3367 5539 utroque'loco
3393 5482 3487 5522 no-

1933 5556 1978 5595 is
2006 5543 2331 5595 consonant.

1933 5543 1978 5595 is
2006 5543 2331 5595 consonant.

1967 5610 2084 5685 (72)
2112 5610 2202 5685 _Ita_
2216 5624 2379 5685 _In_ss_._;
2411 5604 2543 5662 edit.
2574 5620 2724 5685 vero,
2751 5613 2974 5679 propter
3001 5606 3336 5681 asperitatem
3359 5622 3489 5662 cor-

1894 5681 2007 5739 ticis
2035 5679 2143 5753 sui,
2172 5679 2463 5742 Medullam
2501 5679 2745 5747 continet,
2779 5685 2884 5736 etc.
