  <div class='ocr_page' id='page_1' title='image "/cluster/home/n/w/nwhite01/storage/ocr_20150623/17/uva.x000826553/465.png"; bbox 0 0 3880 6198; ppageno 0'>
   <div class='ocr_carea' id='block_1_1' title="bbox 385 298 492 361">
    <p class='ocr_par' dir='ltr' id='par_1_1' title="bbox 385 298 492 361">
     <span class='ocr_line' id='line_1_1' title="bbox 385 298 492 361; baseline 0.028 -4"><span class='ocrx_word' id='word_1_1' title='bbox 385 298 492 361; x_wconf 79' lang='grc'>915</span> 
     </span>
    </p>
   </div>
   <div class='ocr_carea' id='block_1_2' title="bbox 1416 300 2669 360">
    <p class='ocr_par' dir='ltr' id='par_1_2' title="bbox 1416 300 2669 360">
     <span class='ocr_line' id='line_1_2' title="bbox 1416 300 2669 360; baseline 0.002 -3"><span class='ocrx_word' id='word_1_2' title='bbox 1416 304 1511 358; x_wconf 84' lang='lat' dir='ltr'>AD</span> <span class='ocrx_word' id='word_1_3' title='bbox 1549 302 1784 358; x_wconf 79' lang='lat' dir='ltr'>OPERA</span> <span class='ocrx_word' id='word_1_4' title='bbox 1821 300 1877 356; x_wconf 94' lang='lat' dir='ltr'>S.</span> <span class='ocrx_word' id='word_1_5' title='bbox 1919 301 2250 359; x_wconf 82' lang='lat' dir='ltr'>AMBROSII</span> <span class='ocrx_word' id='word_1_6' title='bbox 2288 301 2669 360; x_wconf 86' lang='lat' dir='ltr'>APPENDIX.</span> 
     </span>
    </p>
   </div>
   <div class='ocr_carea' id='block_1_3' title="bbox 3616 300 3721 357">
    <p class='ocr_par' dir='ltr' id='par_1_3' title="bbox 3616 300 3721 357">
     <span class='ocr_line' id='line_1_3' title="bbox 3616 300 3721 357; baseline -0.019 0"><span class='ocrx_word' id='word_1_7' title='bbox 3616 300 3721 357; x_wconf 71' lang='lat'>916</span> 
     </span>
    </p>
   </div>
   <div class='ocr_carea' id='block_1_4' title="bbox 462 426 3719 504">
    <p class='ocr_par' dir='ltr' id='par_1_4' title="bbox 462 426 3719 504">
     <span class='ocr_line' id='line_1_4' title="bbox 462 426 3719 504; baseline -0.001 -17"><span class='ocrx_word' id='word_1_8' title='bbox 462 430 645 503; x_wconf 82' lang='lat' dir='ltr'>(Vers.</span> <span class='ocrx_word' id='word_1_9' title='bbox 698 429 777 501; x_wconf 93' lang='lat'>7.)</span> <span class='ocrx_word' id='word_1_10' title='bbox 829 429 1122 504; x_wconf 89' lang='lat' dir='ltr'>Sequitur:</span> <span class='ocrx_word' id='word_1_11' title='bbox 1176 429 1249 484; x_wconf 86' lang='lat' dir='ltr'>Et</span> <span class='ocrx_word' id='word_1_12' title='bbox 1293 446 1407 484; x_wconf 88' lang='lat' dir='ltr'>cum</span> <span class='ocrx_word' id='word_1_13' title='bbox 1439 428 1731 500; x_wconf 78' lang='lat' dir='ltr'>aperuisset</span> <span class='ocrx_word' id='word_1_14' title='bbox 1759 428 1993 499; x_wconf 80' lang='lat' dir='ltr'>sigillum</span> <span class='ocrx_word' id='word_1_15' title='bbox 2026 434 2074 491; x_wconf 84' lang='grc' dir='ltr'>Α</span> <span class='ocrx_word' id='word_1_16' title='bbox 2102 444 2197 501; x_wconf 89' lang='lat' dir='ltr'>per</span> <span class='ocrx_word' id='word_1_17' title='bbox 2245 427 2481 484; x_wconf 85' lang='lat' dir='ltr'>habebat</span> <span class='ocrx_word' id='word_1_18' title='bbox 2531 428 2589 485; x_wconf 91' lang='lat' dir='ltr'>in</span> <span class='ocrx_word' id='word_1_19' title='bbox 2642 426 2918 499; x_wconf 89' lang='lat' dir='ltr'>manibus,</span> <span class='ocrx_word' id='word_1_20' title='bbox 2966 430 3241 502; x_wconf 88' lang='lat' dir='ltr'>elegitque</span> <span class='ocrx_word' id='word_1_21' title='bbox 3292 429 3405 486; x_wconf 86' lang='lat' dir='ltr'>sibi</span> <span class='ocrx_word' id='word_1_22' title='bbox 3462 429 3719 503; x_wconf 87' lang='lat' dir='ltr'>quinque</span> 
     </span>
    </p>
   </div>
   <div class='ocr_carea' id='block_1_5' title="bbox 387 517 1989 593">
    <p class='ocr_par' dir='ltr' id='par_1_5' title="bbox 387 517 1989 593">
     <span class='ocr_line' id='line_1_5' title="bbox 387 517 1989 593; baseline -0.002 -17"><span class='ocrx_word' id='word_1_23' title='bbox 387 528 664 593; x_wconf 84' lang='lat' dir='ltr'>quartum.</span> <span class='ocrx_word' id='word_1_24' title='bbox 700 520 929 592; x_wconf 89' lang='lat' dir='ltr'>Apertio</span> <span class='ocrx_word' id='word_1_25' title='bbox 959 518 1128 590; x_wconf 86' lang='lat' dir='ltr'>sigilli</span> <span class='ocrx_word' id='word_1_26' title='bbox 1178 519 1359 590; x_wconf 96' lang='lat' dir='ltr'>quarti</span> <span class='ocrx_word' id='word_1_27' title='bbox 1388 518 1455 574; x_wconf 92' lang='lat' dir='ltr'>ad</span> <span class='ocrx_word' id='word_1_28' title='bbox 1487 517 1779 589; x_wconf 83' lang='lat' dir='ltr'>prophetas</span> <span class='ocrx_word' id='word_1_29' title='bbox 1808 518 1989 590; x_wconf 88' lang='lat' dir='ltr'>perti-</span> 
     </span>
    </p>
   </div>
   <div class='ocr_carea' id='block_1_6' title="bbox 386 606 1987 683">
    <p class='ocr_par' dir='ltr' id='par_1_6' title="bbox 386 606 1987 683">
     <span class='ocr_line' id='line_1_6' title="bbox 386 606 1987 683; baseline -0.001 -17"><span class='ocrx_word' id='word_1_30' title='bbox 386 618 501 679; x_wconf 86' lang='lat' dir='ltr'>net,</span> <span class='ocrx_word' id='word_1_31' title='bbox 535 610 629 683; x_wconf 87' lang='lat' dir='ltr'>qui</span> <span class='ocrx_word' id='word_1_32' title='bbox 659 608 959 665; x_wconf 78' lang='lat' dir='ltr'>adventum</span> <span class='ocrx_word' id='word_1_33' title='bbox 992 607 1219 674; x_wconf 79' lang='lat' dir='ltr'>Christi,</span> <span class='ocrx_word' id='word_1_34' title='bbox 1274 606 1604 678; x_wconf 80' lang='lat' dir='ltr'>passionem,</span> <span class='ocrx_word' id='word_1_35' title='bbox 1637 616 1691 662; x_wconf 93' lang='lat' dir='ltr'>et</span> <span class='ocrx_word' id='word_1_36' title='bbox 1720 624 1987 665; x_wconf 87' lang='lat' dir='ltr'>resurrec-</span> 
     </span>
    </p>
   </div>
   <div class='ocr_carea' id='block_1_7' title="bbox 386 697 1988 771">
    <p class='ocr_par' dir='ltr' id='par_1_7' title="bbox 386 697 1988 771">
     <span class='ocr_line' id='line_1_7' title="bbox 386 697 1988 771; baseline -0.002 -15"><span class='ocrx_word' id='word_1_37' title='bbox 386 701 601 756; x_wconf 88' lang='lat' dir='ltr'>tionem</span> <span class='ocrx_word' id='word_1_38' title='bbox 634 698 768 771; x_wconf 89' lang='lat' dir='ltr'>ejus,</span> <span class='ocrx_word' id='word_1_39' title='bbox 812 698 1263 767; x_wconf 89' lang='lat' dir='ltr'>vocationemque</span> <span class='ocrx_word' id='word_1_40' title='bbox 1294 697 1535 767; x_wconf 90' lang='lat' dir='ltr'>gentium</span> <span class='ocrx_word' id='word_1_41' title='bbox 1577 705 1631 752; x_wconf 92' lang='lat' dir='ltr'>et</span> <span class='ocrx_word' id='word_1_42' title='bbox 1655 707 1839 768; x_wconf 92' lang='lat' dir='ltr'>aperto</span> <span class='ocrx_word' id='word_1_43' title='bbox 1864 714 1988 753; x_wconf 89' lang='lat' dir='ltr'>ser-</span> 
     </span>
    </p>
   </div>
   <div class='ocr_carea' id='block_1_8' title="bbox 388 785 1988 857">
    <p class='ocr_par' dir='ltr' id='par_1_8' title="bbox 388 785 1988 857">
     <span class='ocr_line' id='line_1_8' title="bbox 388 785 1988 857; baseline -0.002 -12"><span class='ocrx_word' id='word_1_44' title='bbox 388 806 569 856; x_wconf 88' lang='lat' dir='ltr'>mone,</span> <span class='ocrx_word' id='word_1_45' title='bbox 620 796 673 843; x_wconf 90' lang='lat' dir='ltr'>et</span> <span class='ocrx_word' id='word_1_46' title='bbox 718 803 815 857; x_wconf 89' lang='lat' dir='ltr'>per</span> <span class='ocrx_word' id='word_1_47' title='bbox 840 786 1019 841; x_wconf 85' lang='lat' dir='ltr'>varias</span> <span class='ocrx_word' id='word_1_48' title='bbox 1053 785 1254 856; x_wconf 89' lang='lat' dir='ltr'>ﬁguras</span> <span class='ocrx_word' id='word_1_49' title='bbox 1284 785 1661 856; x_wconf 58' lang='lat' dir='ltr'>praedixerunt</span> <span class='ocrx_word' id='word_1_50' title='bbox 1690 804 1702 841; x_wconf 90' lang='lat'><strong><em>:</em></strong></span> <span class='ocrx_word' id='word_1_51' title='bbox 1737 785 1988 843; x_wconf 81' lang='lat' dir='ltr'>Salvator</span> 
     </span>
    </p>
   </div>
   <div class='ocr_carea' id='block_1_9' title="bbox 388 874 1986 948">
    <p class='ocr_par' dir='ltr' id='par_1_9' title="bbox 388 874 1986 948">
     <span class='ocr_line' id='line_1_9' title="bbox 388 874 1986 948; baseline -0.003 -15"><span class='ocrx_word' id='word_1_52' title='bbox 388 878 558 948; x_wconf 80' lang='lat' dir='ltr'>igitur</span> <span class='ocrx_word' id='word_1_53' title='bbox 588 882 773 931; x_wconf 85' lang='lat' dir='ltr'>noster</span> <span class='ocrx_word' id='word_1_54' title='bbox 820 882 1077 947; x_wconf 90' lang='lat' dir='ltr'>quartum</span> <span class='ocrx_word' id='word_1_55' title='bbox 1112 874 1355 945; x_wconf 88' lang='lat' dir='ltr'>sigillum</span> <span class='ocrx_word' id='word_1_56' title='bbox 1386 875 1622 946; x_wconf 87' lang='lat' dir='ltr'>aperuit,</span> <span class='ocrx_word' id='word_1_57' title='bbox 1654 875 1874 947; x_wconf 86' lang='lat' dir='ltr'>quando</span> <span class='ocrx_word' id='word_1_58' title='bbox 1906 875 1986 930; x_wconf 92' lang='lat' dir='ltr'>in-</span> 
     </span>
    </p>
   </div>
   <div class='ocr_carea' id='block_1_10' title="bbox 387 964 1985 1038">
    <p class='ocr_par' dir='ltr' id='par_1_10' title="bbox 387 964 1985 1038">
     <span class='ocr_line' id='line_1_10' title="bbox 387 964 1985 1038; baseline -0.001 -16"><span class='ocrx_word' id='word_1_59' title='bbox 387 966 747 1038; x_wconf 90' lang='lat' dir='ltr'>telligentiam</span> <span class='ocrx_word' id='word_1_60' title='bbox 776 965 1163 1037; x_wconf 89' lang='lat' dir='ltr'>prophetarum</span> <span class='ocrx_word' id='word_1_61' title='bbox 1191 964 1510 1022; x_wconf 90' lang='lat' dir='ltr'>doctoribus</span> <span class='ocrx_word' id='word_1_62' title='bbox 1548 965 1805 1021; x_wconf 72' lang='lat' dir='ltr'>Ecclesiae</span> <span class='ocrx_word' id='word_1_63' title='bbox 1852 982 1985 1037; x_wconf 67' lang='lat' dir='ltr'>prai-</span> 
     </span>
    </p>
   </div>
   <div class='ocr_carea' id='block_1_11' title="bbox 387 1054 1989 1127">
    <p class='ocr_par' dir='ltr' id='par_1_11' title="bbox 387 1054 1989 1127">
     <span class='ocr_line' id='line_1_11' title="bbox 387 1054 1989 1127; baseline -0.001 -16"><span class='ocrx_word' id='word_1_64' title='bbox 387 1056 530 1111; x_wconf 87' lang='lat' dir='ltr'>buit.</span> <span class='ocrx_word' id='word_1_65' title='bbox 560 1055 663 1110; x_wconf 86' lang='lat' dir='ltr'>Sed</span> <span class='ocrx_word' id='word_1_66' title='bbox 693 1054 925 1111; x_wconf 90' lang='lat' dir='ltr'>dedictis</span> <span class='ocrx_word' id='word_1_67' title='bbox 986 1054 1376 1127; x_wconf 90' lang='lat' dir='ltr'>prophetarum</span> <span class='ocrx_word' id='word_1_68' title='bbox 1422 1072 1532 1111; x_wconf 91' lang='lat' dir='ltr'>non</span> <span class='ocrx_word' id='word_1_69' title='bbox 1564 1062 1644 1112; x_wconf 89' lang='lat' dir='ltr'>est</span> <span class='ocrx_word' id='word_1_70' title='bbox 1692 1056 1854 1112; x_wconf 90' lang='lat' dir='ltr'>nobis</span> <span class='ocrx_word' id='word_1_71' title='bbox 1898 1071 1989 1110; x_wconf 87' lang='lat' dir='ltr'>ne—</span> 
     </span>
    </p>
   </div>
   <div class='ocr_carea' id='block_1_12' title="bbox 387 1144 1985 1219">
    <p class='ocr_par' dir='ltr' id='par_1_12' title="bbox 387 1144 1985 1219">
     <span class='ocr_line' id='line_1_12' title="bbox 387 1144 1985 1219; baseline -0.001 -17"><span class='ocrx_word' id='word_1_72' title='bbox 387 1162 535 1202; x_wconf 88' lang='lat' dir='ltr'>cesse</span> <span class='ocrx_word' id='word_1_73' title='bbox 565 1144 863 1219; x_wconf 86' lang='lat' dir='ltr'>quidquam</span> <span class='ocrx_word' id='word_1_74' title='bbox 896 1144 1098 1213; x_wconf 87' lang='lat' dir='ltr'>dicere,</span> <span class='ocrx_word' id='word_1_75' title='bbox 1124 1163 1189 1201; x_wconf 92' lang='lat' dir='ltr'>eo</span> <span class='ocrx_word' id='word_1_76' title='bbox 1222 1146 1369 1219; x_wconf 87' lang='lat' dir='ltr'>quod</span> <span class='ocrx_word' id='word_1_77' title='bbox 1415 1147 1481 1203; x_wconf 92' lang='lat' dir='ltr'>ab</span> <span class='ocrx_word' id='word_1_78' title='bbox 1510 1148 1715 1203; x_wconf 87' lang='lat' dir='ltr'>eisdem</span> <span class='ocrx_word' id='word_1_79' title='bbox 1748 1146 1985 1202; x_wconf 88' lang='lat' dir='ltr'>doctori-</span> 
     </span>
    </p>
   </div>
   <div class='ocr_carea' id='block_1_13' title="bbox 389 1234 1988 1309">
    <p class='ocr_par' dir='ltr' id='par_1_13' title="bbox 389 1234 1988 1309">
     <span class='ocr_line' id='line_1_13' title="bbox 389 1234 1988 1309; baseline 0.001 -18"><span class='ocrx_word' id='word_1_80' title='bbox 389 1235 492 1291; x_wconf 91' lang='lat' dir='ltr'>bus</span> <span class='ocrx_word' id='word_1_81' title='bbox 530 1235 767 1308; x_wconf 82' lang='lat' dir='ltr'>expositi</span> <span class='ocrx_word' id='word_1_82' title='bbox 785 1234 915 1290; x_wconf 90' lang='lat' dir='ltr'>sint.</span> <span class='ocrx_word' id='word_1_83' title='bbox 941 1235 1010 1290; x_wconf 90' lang='lat' dir='ltr'>Et</span> <span class='ocrx_word' id='word_1_84' title='bbox 1032 1235 1160 1308; x_wconf 88' lang='lat' dir='ltr'>quia</span> <span class='ocrx_word' id='word_1_85' title='bbox 1186 1252 1299 1291; x_wconf 91' lang='lat' dir='ltr'>non</span> <span class='ocrx_word' id='word_1_86' title='bbox 1326 1236 1504 1291; x_wconf 90' lang='lat' dir='ltr'>solum</span> <span class='ocrx_word' id='word_1_87' title='bbox 1521 1254 1640 1309; x_wconf 57' lang='lat' dir='ltr'>quas</span> <span class='ocrx_word' id='word_1_88' title='bbox 1657 1253 1687 1291; x_wconf 91' lang='lat' dir='ltr'>a</span> <span class='ocrx_word' id='word_1_89' title='bbox 1704 1236 1988 1309; x_wconf 87' lang='lat' dir='ltr'>prophetis</span> 
     </span>
    </p>
   </div>
   <div class='ocr_carea' id='block_1_14' title="bbox 390 1324 1987 1398">
    <p class='ocr_par' dir='ltr' id='par_1_14' title="bbox 390 1324 1987 1398">
     <span class='ocr_line' id='line_1_14' title="bbox 390 1324 1987 1398; baseline 0.001 -17"><span class='ocrx_word' id='word_1_90' title='bbox 390 1324 595 1398; x_wconf 88' lang='lat' dir='ltr'>scripta</span> <span class='ocrx_word' id='word_1_91' title='bbox 642 1333 794 1393; x_wconf 91' lang='lat' dir='ltr'>sunt,</span> <span class='ocrx_word' id='word_1_92' title='bbox 843 1325 936 1381; x_wconf 92' lang='lat' dir='ltr'>sed</span> <span class='ocrx_word' id='word_1_93' title='bbox 968 1332 1021 1380; x_wconf 91' lang='lat' dir='ltr'>et</span> <span class='ocrx_word' id='word_1_94' title='bbox 1050 1342 1170 1398; x_wconf 63' lang='lat' dir='ltr'>qua:</span> <span class='ocrx_word' id='word_1_95' title='bbox 1202 1326 1270 1381; x_wconf 88' lang='lat' dir='ltr'>ab</span> <span class='ocrx_word' id='word_1_96' title='bbox 1309 1326 1387 1381; x_wconf 91' lang='lat' dir='ltr'>eis</span> <span class='ocrx_word' id='word_1_97' title='bbox 1416 1335 1564 1397; x_wconf 88' lang='lat' dir='ltr'>gesta</span> <span class='ocrx_word' id='word_1_98' title='bbox 1590 1334 1739 1394; x_wconf 90' lang='lat' dir='ltr'>sunt,</span> <span class='ocrx_word' id='word_1_99' title='bbox 1771 1326 1987 1398; x_wconf 88' lang='lat' dir='ltr'>spirita-</span> 
     </span>
    </p>
   </div>
   <div class='ocr_carea' id='block_1_15' title="bbox 390 1413 1985 1490">
    <p class='ocr_par' dir='ltr' id='par_1_15' title="bbox 390 1413 1985 1490">
     <span class='ocr_line' id='line_1_15' title="bbox 390 1413 1985 1490; baseline 0.003 -21"><span class='ocrx_word' id='word_1_100' title='bbox 390 1415 498 1470; x_wconf 89' lang='lat' dir='ltr'>lem</span> <span class='ocrx_word' id='word_1_101' title='bbox 529 1414 736 1470; x_wconf 88' lang='lat' dir='ltr'>habent</span> <span class='ocrx_word' id='word_1_102' title='bbox 769 1413 1190 1486; x_wconf 78' lang='lat' dir='ltr'>intelligentiam</span> <span class='ocrx_word' id='word_1_103' title='bbox 1221 1432 1391 1486; x_wconf 91' lang='lat' dir='ltr'>pauca</span> <span class='ocrx_word' id='word_1_104' title='bbox 1421 1415 1488 1470; x_wconf 90' lang='lat' dir='ltr'>de</span> <span class='ocrx_word' id='word_1_105' title='bbox 1511 1416 1580 1471; x_wconf 90' lang='lat' dir='ltr'>iis</span> <span class='ocrx_word' id='word_1_106' title='bbox 1607 1433 1726 1489; x_wconf 64' lang='lat' dir='ltr'>qua:</span> <span class='ocrx_word' id='word_1_107' title='bbox 1758 1433 1852 1490; x_wconf 88' lang='lat' dir='ltr'>per</span> <span class='ocrx_word' id='word_1_108' title='bbox 1882 1419 1985 1474; x_wconf 87' lang='lat' dir='ltr'>Da-</span> 
     </span>
    </p>
   </div>
   <div class='ocr_carea' id='block_1_16' title="bbox 390 1503 1748 1575">
    <p class='ocr_par' dir='ltr' id='par_1_16' title="bbox 390 1503 1748 1575">
     <span class='ocr_line' id='line_1_16' title="bbox 390 1503 1748 1575; baseline 0.001 -16"><span class='ocrx_word' id='word_1_109' title='bbox 390 1503 508 1571; x_wconf 86' lang='lat' dir='ltr'>vid,</span> <span class='ocrx_word' id='word_1_110' title='bbox 539 1504 717 1559; x_wconf 91' lang='lat' dir='ltr'>Eliam</span> <span class='ocrx_word' id='word_1_111' title='bbox 749 1511 803 1559; x_wconf 88' lang='lat' dir='ltr'>et</span> <span class='ocrx_word' id='word_1_112' title='bbox 832 1503 1089 1558; x_wconf 69' lang='lat' dir='ltr'>Elisaaum</span> <span class='ocrx_word' id='word_1_113' title='bbox 1123 1513 1271 1575; x_wconf 86' lang='lat' dir='ltr'>gesta</span> <span class='ocrx_word' id='word_1_114' title='bbox 1296 1511 1444 1572; x_wconf 89' lang='lat' dir='ltr'>sunt,</span> <span class='ocrx_word' id='word_1_115' title='bbox 1478 1504 1748 1562; x_wconf 86' lang='lat' dir='ltr'>dicamus.</span> 
     </span>
    </p>
   </div>
   <div class='ocr_carea' id='block_1_17' title="bbox 461 1592 1987 1667">
    <p class='ocr_par' dir='ltr' id='par_1_17' title="bbox 461 1592 1987 1667">
     <span class='ocr_line' id='line_1_17' title="bbox 461 1592 1987 1667; baseline 0.003 -20"><span class='ocrx_word' id='word_1_116' title='bbox 461 1594 522 1647; x_wconf 92' lang='lat' dir='ltr'>In</span> <span class='ocrx_word' id='word_1_117' title='bbox 548 1593 753 1665; x_wconf 79' lang='lat' dir='ltr'>Regum</span> <span class='ocrx_word' id='word_1_118' title='bbox 789 1592 1070 1648; x_wconf 80' lang='lat' dir='ltr'>volumine</span> <span class='ocrx_word' id='word_1_119' title='bbox 1097 1594 1363 1665; x_wconf 89' lang='lat' dir='ltr'>scriptum</span> <span class='ocrx_word' id='word_1_120' title='bbox 1395 1594 1633 1667; x_wconf 78' lang='lat' dir='ltr'>estquia</span> <span class='ocrx_word' id='word_1_121' title='bbox 1653 1612 1775 1650; x_wconf 92' lang='lat' dir='ltr'>cum</span> <span class='ocrx_word' id='word_1_122' title='bbox 1808 1595 1987 1652; x_wconf 85' lang='lat' dir='ltr'>David</span> 
     </span>
    </p>
   </div>
   <div class='ocr_carea' id='block_1_18' title="bbox 392 1682 1988 1755">
    <p class='ocr_par' dir='ltr' id='par_1_18' title="bbox 392 1682 1988 1755">
     <span class='ocr_line' id='line_1_18' title="bbox 392 1682 1988 1755; baseline -0.001 -15"><span class='ocrx_word' id='word_1_123' title='bbox 392 1683 559 1740; x_wconf 78' lang='lat' dir='ltr'>vellet</span> <span class='ocrx_word' id='word_1_124' title='bbox 612 1699 832 1755; x_wconf 83' lang='lat' dir='ltr'>pergere</span> <span class='ocrx_word' id='word_1_125' title='bbox 856 1682 922 1738; x_wconf 90' lang='lat' dir='ltr'>ad</span> <span class='ocrx_word' id='word_1_126' title='bbox 955 1699 1193 1755; x_wconf 88' lang='lat' dir='ltr'>pugnam</span> <span class='ocrx_word' id='word_1_127' title='bbox 1224 1690 1417 1738; x_wconf 91' lang='lat' dir='ltr'>contra</span> <span class='ocrx_word' id='word_1_128' title='bbox 1446 1682 1812 1752; x_wconf 65' lang='lat' dir='ltr'>Pbilistaaum,</span> <span class='ocrx_word' id='word_1_129' title='bbox 1841 1682 1988 1738; x_wconf 84' lang='lat' dir='ltr'>dixit</span> 
     </span>
    </p>
   </div>
   <div class='ocr_carea' id='block_1_19' title="bbox 390 1775 2068 1852">
    <p class='ocr_par' dir='ltr' id='par_1_19' title="bbox 390 1775 2068 1852">
     <span class='ocr_line' id='line_1_19' title="bbox 390 1775 2068 1852; baseline -0.001 -19"><span class='ocrx_word' id='word_1_130' title='bbox 390 1777 460 1833; x_wconf 90' lang='lat' dir='ltr'>ad</span> <span class='ocrx_word' id='word_1_131' title='bbox 515 1775 676 1831; x_wconf 89' lang='lat' dir='ltr'>Saul:</span> <span class='ocrx_word' id='word_1_132' title='bbox 750 1800 767 1821; x_wconf 76' lang='grc' dir='ltr'><strong>ε</strong></span> <span class='ocrx_word' id='word_1_133' title='bbox 808 1775 1067 1833; x_wconf 89' lang='lat' dir='ltr'>Pascebat</span> <span class='ocrx_word' id='word_1_134' title='bbox 1122 1791 1313 1830; x_wconf 86' lang='lat' dir='ltr'>servus</span> <span class='ocrx_word' id='word_1_135' title='bbox 1360 1783 1487 1830; x_wconf 91' lang='lat' dir='ltr'>tuus</span> <span class='ocrx_word' id='word_1_136' title='bbox 1543 1792 1757 1847; x_wconf 87' lang='lat' dir='ltr'>gregem</span> <span class='ocrx_word' id='word_1_137' title='bbox 1819 1775 1989 1848; x_wconf 86' lang='lat' dir='ltr'>patris</span> <span class='ocrx_word' id='word_1_138' title='bbox 2021 1791 2068 1852; x_wconf 79' lang='grc' dir='ltr'>Β</span> 
     </span>
    </p>
   </div>
   <div class='ocr_carea' id='block_1_20' title="bbox 390 1864 1989 1939">
    <p class='ocr_par' dir='ltr' id='par_1_20' title="bbox 390 1864 1989 1939">
     <span class='ocr_line' id='line_1_20' title="bbox 390 1864 1989 1939; baseline -0.001 -18"><span class='ocrx_word' id='word_1_139' title='bbox 390 1865 502 1934; x_wconf 90' lang='lat' dir='ltr'>sui,</span> <span class='ocrx_word' id='word_1_140' title='bbox 567 1874 621 1921; x_wconf 87' lang='lat' dir='ltr'>et</span> <span class='ocrx_word' id='word_1_141' title='bbox 662 1864 918 1921; x_wconf 87' lang='lat' dir='ltr'>veniebat</span> <span class='ocrx_word' id='word_1_142' title='bbox 947 1866 1033 1921; x_wconf 91' lang='lat' dir='ltr'>leo</span> <span class='ocrx_word' id='word_1_143' title='bbox 1062 1867 1149 1922; x_wconf 89' lang='lat' dir='ltr'>vel</span> <span class='ocrx_word' id='word_1_144' title='bbox 1182 1882 1363 1934; x_wconf 80' lang='lat' dir='ltr'>ursus,</span> <span class='ocrx_word' id='word_1_145' title='bbox 1401 1867 1732 1939; x_wconf 85' lang='lat' dir='ltr'>tollebatque</span> <span class='ocrx_word' id='word_1_146' title='bbox 1763 1865 1989 1923; x_wconf 89' lang='lat' dir='ltr'>arietem</span> 
     </span>
    </p>
   </div>
   <div class='ocr_carea' id='block_1_21' title="bbox 390 1954 1990 2029">
    <p class='ocr_par' dir='ltr' id='par_1_21' title="bbox 390 1954 1990 2029">
     <span class='ocr_line' id='line_1_21' title="bbox 390 1954 1990 2029; baseline 0.001 -19"><span class='ocrx_word' id='word_1_147' title='bbox 390 1955 460 2011; x_wconf 87' lang='lat' dir='ltr'>de</span> <span class='ocrx_word' id='word_1_148' title='bbox 512 1954 693 2011; x_wconf 91' lang='lat' dir='ltr'>medio</span> <span class='ocrx_word' id='word_1_149' title='bbox 741 1956 938 2027; x_wconf 87' lang='lat' dir='ltr'>gregis,</span> <span class='ocrx_word' id='word_1_150' title='bbox 994 1964 1046 2010; x_wconf 86' lang='lat' dir='ltr'>et</span> <span class='ocrx_word' id='word_1_151' title='bbox 1095 1954 1442 2027; x_wconf 88' lang='lat' dir='ltr'>insequebar,</span> <span class='ocrx_word' id='word_1_152' title='bbox 1510 1954 1990 2029; x_wconf 84' lang='lat' dir='ltr'>percutiebamque</span> 
     </span>
    </p>
   </div>
   <div class='ocr_carea' id='block_1_22' title="bbox 392 2044 1991 2118">
    <p class='ocr_par' dir='ltr' id='par_1_22' title="bbox 392 2044 1991 2118">
     <span class='ocr_line' id='line_1_22' title="bbox 392 2044 1991 2118; baseline 0 -18"><span class='ocrx_word' id='word_1_153' title='bbox 392 2061 508 2110; x_wconf 90' lang='lat' dir='ltr'>eos,</span> <span class='ocrx_word' id='word_1_154' title='bbox 564 2044 931 2118; x_wconf 85' lang='lat' dir='ltr'>eruebamque</span> <span class='ocrx_word' id='word_1_155' title='bbox 987 2060 1113 2100; x_wconf 90' lang='lat' dir='ltr'>eum</span> <span class='ocrx_word' id='word_1_156' title='bbox 1171 2044 1238 2101; x_wconf 91' lang='lat' dir='ltr'>de</span> <span class='ocrx_word' id='word_1_157' title='bbox 1271 2060 1363 2100; x_wconf 89' lang='lat' dir='ltr'>ore</span> <span class='ocrx_word' id='word_1_158' title='bbox 1393 2060 1603 2100; x_wconf 91' lang='lat' dir='ltr'>eorum.</span> <span class='ocrx_word' id='word_1_159' title='bbox 1638 2046 1709 2101; x_wconf 92' lang='lat' dir='ltr'>Et</span> <span class='ocrx_word' id='word_1_160' title='bbox 1736 2044 1819 2099; x_wconf 90' lang='lat' dir='ltr'>illi</span> <span class='ocrx_word' id='word_1_161' title='bbox 1848 2061 1991 2100; x_wconf 91' lang='lat' dir='ltr'>con—</span> 
     </span>
    </p>
   </div>
   <div class='ocr_carea' id='block_1_23' title="bbox 392 2133 1990 2207">
    <p class='ocr_par' dir='ltr' id='par_1_23' title="bbox 392 2133 1990 2207">
     <span class='ocr_line' id='line_1_23' title="bbox 392 2133 1990 2207; baseline 0 -18"><span class='ocrx_word' id='word_1_162' title='bbox 392 2133 688 2207; x_wconf 89' lang='lat' dir='ltr'>surgebant</span> <span class='ocrx_word' id='word_1_163' title='bbox 741 2134 1033 2189; x_wconf 89' lang='lat' dir='ltr'>adversum</span> <span class='ocrx_word' id='word_1_164' title='bbox 1087 2151 1196 2200; x_wconf 92' lang='lat' dir='ltr'>me,</span> <span class='ocrx_word' id='word_1_165' title='bbox 1244 2143 1297 2190; x_wconf 88' lang='lat' dir='ltr'>et</span> <span class='ocrx_word' id='word_1_166' title='bbox 1336 2133 1811 2207; x_wconf 89' lang='lat' dir='ltr'>apprehendebam</span> <span class='ocrx_word' id='word_1_167' title='bbox 1841 2150 1990 2189; x_wconf 88' lang='lat' dir='ltr'>men-</span> 
     </span>
    </p>
   </div>
   <div class='ocr_carea' id='block_1_24' title="bbox 393 2225 1988 2298">
    <p class='ocr_par' dir='ltr' id='par_1_24' title="bbox 393 2225 1988 2298">
     <span class='ocr_line' id='line_1_24' title="bbox 393 2225 1988 2298; baseline 0.001 -20"><span class='ocrx_word' id='word_1_168' title='bbox 393 2231 511 2281; x_wconf 94' lang='lat' dir='ltr'>tum</span> <span class='ocrx_word' id='word_1_169' title='bbox 561 2242 772 2293; x_wconf 88' lang='lat' dir='ltr'>eorum,</span> <span class='ocrx_word' id='word_1_170' title='bbox 826 2233 879 2281; x_wconf 89' lang='lat' dir='ltr'>et</span> <span class='ocrx_word' id='word_1_171' title='bbox 932 2225 1286 2293; x_wconf 81' lang='lat' dir='ltr'>suifocaham,</span> <span class='ocrx_word' id='word_1_172' title='bbox 1320 2225 1826 2298; x_wconf 90' lang='lat' dir='ltr'>interﬁciebamque</span> <span class='ocrx_word' id='word_1_173' title='bbox 1854 2242 1988 2292; x_wconf 90' lang='lat' dir='ltr'>eos;</span> 
     </span>
    </p>
   </div>
   <div class='ocr_carea' id='block_1_25' title="bbox 392 2316 1992 2388">
    <p class='ocr_par' dir='ltr' id='par_1_25' title="bbox 392 2316 1992 2388">
     <span class='ocr_line' id='line_1_25' title="bbox 392 2316 1992 2388; baseline 0.001 -18"><span class='ocrx_word' id='word_1_174' title='bbox 392 2331 522 2370; x_wconf 90' lang='lat' dir='ltr'>nam</span> <span class='ocrx_word' id='word_1_175' title='bbox 547 2324 601 2371; x_wconf 90' lang='lat' dir='ltr'>et</span> <span class='ocrx_word' id='word_1_176' title='bbox 650 2316 860 2371; x_wconf 87' lang='lat' dir='ltr'>leonem</span> <span class='ocrx_word' id='word_1_177' title='bbox 895 2325 949 2372; x_wconf 89' lang='lat' dir='ltr'>et</span> <span class='ocrx_word' id='word_1_178' title='bbox 976 2333 1164 2371; x_wconf 89' lang='lat' dir='ltr'>ursum</span> <span class='ocrx_word' id='word_1_179' title='bbox 1212 2316 1462 2372; x_wconf 83' lang='lat' dir='ltr'>interfeci</span> <span class='ocrx_word' id='word_1_180' title='bbox 1510 2333 1608 2388; x_wconf 85' lang='lat' dir='ltr'>ego</span> <span class='ocrx_word' id='word_1_181' title='bbox 1638 2334 1828 2372; x_wconf 88' lang='lat' dir='ltr'>servus</span> <span class='ocrx_word' id='word_1_182' title='bbox 1862 2325 1992 2373; x_wconf 89' lang='lat' dir='ltr'>tuus</span> 
     </span>
    </p>
   </div>
   <div class='ocr_carea' id='block_1_26' title="bbox 397 2404 1988 2478">
    <p class='ocr_par' dir='ltr' id='par_1_26' title="bbox 397 2404 1988 2478">
     <span class='ocr_line' id='line_1_26' title="bbox 397 2404 1988 2478; baseline 0.001 -19"><span class='ocrx_word' id='word_1_183' title='bbox 397 2404 449 2473; x_wconf 91' lang='lat'>(1</span> <span class='ocrx_word' id='word_1_184' title='bbox 504 2405 627 2473; x_wconf 82' lang='lat' dir='ltr'>Reg.</span> <span class='ocrx_word' id='word_1_185' title='bbox 687 2420 829 2471; x_wconf 83' lang='lat' dir='ltr'>xvn,</span> <span class='ocrx_word' id='word_1_186' title='bbox 860 2404 1068 2475; x_wconf 51' lang='lat'>311-36).</span> <span class='ocrx_word' id='word_1_187' title='bbox 1102 2429 1119 2452; x_wconf 75' lang='grc' dir='ltr'>ι</span> <span class='ocrx_word' id='word_1_188' title='bbox 1161 2405 1341 2461; x_wconf 89' lang='lat' dir='ltr'>David</span> <span class='ocrx_word' id='word_1_189' title='bbox 1371 2404 1651 2462; x_wconf 87' lang='lat' dir='ltr'>Christum</span> <span class='ocrx_word' id='word_1_190' title='bbox 1685 2406 1988 2478; x_wconf 88' lang='lat' dir='ltr'>signiﬁcat;</span> 
     </span>
    </p>
   </div>
   <div class='ocr_carea' id='block_1_27' title="bbox 394 2493 1994 2567">
    <p class='ocr_par' dir='ltr' id='par_1_27' title="bbox 394 2493 1994 2567">
     <span class='ocr_line' id='line_1_27' title="bbox 394 2493 1994 2567; baseline 0.002 -20"><span class='ocrx_word' id='word_1_191' title='bbox 394 2508 491 2563; x_wconf 87' lang='lat' dir='ltr'>per</span> <span class='ocrx_word' id='word_1_192' title='bbox 541 2493 757 2549; x_wconf 71' lang='lat' dir='ltr'>leonem</span> <span class='ocrx_word' id='word_1_193' title='bbox 817 2501 1000 2548; x_wconf 88' lang='lat' dir='ltr'>autem</span> <span class='ocrx_word' id='word_1_194' title='bbox 1026 2500 1080 2549; x_wconf 91' lang='lat' dir='ltr'>et</span> <span class='ocrx_word' id='word_1_195' title='bbox 1111 2511 1299 2550; x_wconf 90' lang='lat' dir='ltr'>ursum</span> <span class='ocrx_word' id='word_1_196' title='bbox 1335 2504 1705 2567; x_wconf 74' lang='lat' dir='ltr'>persecutores</span> <span class='ocrx_word' id='word_1_197' title='bbox 1734 2494 1994 2551; x_wconf 63' lang='lat' dir='ltr'>Ecclesia)</span> 
     </span>
    </p>
   </div>
   <div class='ocr_carea' id='block_1_28' title="bbox 396 2582 1993 2657">
    <p class='ocr_par' dir='ltr' id='par_1_28' title="bbox 396 2582 1993 2657">
     <span class='ocr_line' id='line_1_28' title="bbox 396 2582 1993 2657; baseline 0.001 -20"><span class='ocrx_word' id='word_1_198' title='bbox 396 2582 755 2655; x_wconf 87' lang='lat' dir='ltr'>designantur</span> <span class='ocrx_word' id='word_1_199' title='bbox 804 2601 815 2638; x_wconf 90' lang='lat'>:</span> <span class='ocrx_word' id='word_1_200' title='bbox 869 2600 963 2655; x_wconf 89' lang='lat' dir='ltr'>per</span> <span class='ocrx_word' id='word_1_201' title='bbox 1017 2584 1230 2639; x_wconf 91' lang='lat' dir='ltr'>leonem</span> <span class='ocrx_word' id='word_1_202' title='bbox 1290 2583 1647 2657; x_wconf 87' lang='lat' dir='ltr'>imperatores</span> <span class='ocrx_word' id='word_1_203' title='bbox 1702 2592 1755 2640; x_wconf 91' lang='lat' dir='ltr'>et</span> <span class='ocrx_word' id='word_1_204' title='bbox 1811 2583 1993 2641; x_wconf 84' lang='lat' dir='ltr'>caeteri</span> 
     </span>
    </p>
   </div>
   <div class='ocr_carea' id='block_1_29' title="bbox 395 2671 1992 2745">
    <p class='ocr_par' dir='ltr' id='par_1_29' title="bbox 395 2671 1992 2745">
     <span class='ocr_line' id='line_1_29' title="bbox 395 2671 1992 2745; baseline 0.001 -19"><span class='ocrx_word' id='word_1_205' title='bbox 395 2672 677 2744; x_wconf 89' lang='lat' dir='ltr'>principes</span> <span class='ocrx_word' id='word_1_206' title='bbox 722 2680 879 2728; x_wconf 67' lang='lat' dir='ltr'>terrai</span> <span class='ocrx_word' id='word_1_207' title='bbox 914 2689 926 2729; x_wconf 71' lang='grc' dir='ltr'>ς</span> <span class='ocrx_word' id='word_1_208' title='bbox 979 2688 1075 2745; x_wconf 91' lang='lat' dir='ltr'>per</span> <span class='ocrx_word' id='word_1_209' title='bbox 1100 2690 1289 2728; x_wconf 89' lang='lat' dir='ltr'>ursum</span> <span class='ocrx_word' id='word_1_210' title='bbox 1320 2672 1495 2728; x_wconf 74' lang='lat' dir='ltr'>Judaei</span> <span class='ocrx_word' id='word_1_211' title='bbox 1544 2671 1812 2744; x_wconf 88' lang='lat' dir='ltr'>designati</span> <span class='ocrx_word' id='word_1_212' title='bbox 1842 2679 1992 2741; x_wconf 91' lang='lat' dir='ltr'>sunt,</span> 
     </span>
    </p>
   </div>
   <div class='ocr_carea' id='block_1_30' title="bbox 398 2762 1994 2836">
    <p class='ocr_par' dir='ltr' id='par_1_30' title="bbox 398 2762 1994 2836">
     <span class='ocr_line' id='line_1_30' title="bbox 398 2762 1994 2836; baseline 0.001 -19"><span class='ocrx_word' id='word_1_213' title='bbox 398 2762 495 2834; x_wconf 90' lang='lat' dir='ltr'>qui</span> <span class='ocrx_word' id='word_1_214' title='bbox 550 2762 850 2818; x_wconf 89' lang='lat' dir='ltr'>Ecclesiam</span> <span class='ocrx_word' id='word_1_215' title='bbox 909 2763 1009 2820; x_wconf 91' lang='lat' dir='ltr'>Dei</span> <span class='ocrx_word' id='word_1_216' title='bbox 1066 2763 1339 2836; x_wconf 87' lang='lat' dir='ltr'>persecuti</span> <span class='ocrx_word' id='word_1_217' title='bbox 1377 2771 1557 2819; x_wconf 89' lang='lat' dir='ltr'>sunt:</span> <span class='ocrx_word' id='word_1_218' title='bbox 1620 2779 1715 2834; x_wconf 91' lang='lat' dir='ltr'>per</span> <span class='ocrx_word' id='word_1_219' title='bbox 1768 2763 1994 2818; x_wconf 87' lang='lat' dir='ltr'>arietem</span> 
     </span>
    </p>
   </div>
   <div class='ocr_carea' id='block_1_31' title="bbox 398 2853 1997 2927">
    <p class='ocr_par' dir='ltr' id='par_1_31' title="bbox 398 2853 1997 2927">
     <span class='ocr_line' id='line_1_31' title="bbox 398 2853 1997 2927; baseline 0.001 -19"><span class='ocrx_word' id='word_1_220' title='bbox 398 2869 531 2909; x_wconf 90' lang='lat' dir='ltr'>vero</span> <span class='ocrx_word' id='word_1_221' title='bbox 558 2862 826 2926; x_wconf 87' lang='lat' dir='ltr'>martyres</span> <span class='ocrx_word' id='word_1_222' title='bbox 864 2854 1245 2927; x_wconf 86' lang='lat' dir='ltr'>designantur.</span> <span class='ocrx_word' id='word_1_223' title='bbox 1298 2854 1408 2910; x_wconf 93' lang='lat' dir='ltr'>Leo</span> <span class='ocrx_word' id='word_1_224' title='bbox 1438 2853 1608 2926; x_wconf 89' lang='lat' dir='ltr'>igitur</span> <span class='ocrx_word' id='word_1_225' title='bbox 1635 2862 1689 2909; x_wconf 91' lang='lat' dir='ltr'>et</span> <span class='ocrx_word' id='word_1_226' title='bbox 1717 2870 1877 2910; x_wconf 90' lang='lat' dir='ltr'>ursus</span> <span class='ocrx_word' id='word_1_227' title='bbox 1907 2869 1997 2909; x_wconf 87' lang='lat' dir='ltr'>ve-</span> 
     </span>
    </p>
   </div>
   <div class='ocr_carea' id='block_1_32' title="bbox 397 2941 1998 3029">
    <p class='ocr_par' dir='ltr' id='par_1_32' title="bbox 397 2941 1998 3029">
     <span class='ocr_line' id='line_1_32' title="bbox 397 2941 1998 3029; baseline 0.001 -33"><span class='ocrx_word' id='word_1_228' title='bbox 397 2942 504 3009; x_wconf 91' lang='lat' dir='ltr'>nit,</span> <span class='ocrx_word' id='word_1_229' title='bbox 558 2950 720 3015; x_wconf 88' lang='lat' dir='ltr'>atque</span> <span class='ocrx_word' id='word_1_230' title='bbox 752 2944 993 3029; x_wconf 44' lang='lat' dir='ltr'>‘arietem</span> <span class='ocrx_word' id='word_1_231' title='bbox 1052 2943 1119 2999; x_wconf 91' lang='lat' dir='ltr'>de</span> <span class='ocrx_word' id='word_1_232' title='bbox 1160 2943 1340 2999; x_wconf 89' lang='lat' dir='ltr'>medio</span> <span class='ocrx_word' id='word_1_233' title='bbox 1367 2943 1543 3015; x_wconf 88' lang='lat' dir='ltr'>gregis</span> <span class='ocrx_word' id='word_1_234' title='bbox 1572 2941 1835 3009; x_wconf 88' lang='lat' dir='ltr'>abstulit;</span> <span class='ocrx_word' id='word_1_235' title='bbox 1868 2942 1998 3014; x_wconf 89' lang='lat' dir='ltr'>quia</span> 
     </span>
    </p>
   </div>
   <div class='ocr_carea' id='block_1_33' title="bbox 396 3031 1992 3105">
    <p class='ocr_par' dir='ltr' id='par_1_33' title="bbox 396 3031 1992 3105">
     <span class='ocr_line' id='line_1_33' title="bbox 396 3031 1992 3105; baseline 0.001 -19"><span class='ocrx_word' id='word_1_236' title='bbox 396 3038 773 3103; x_wconf 89' lang='lat' dir='ltr'>persecutores</span> <span class='ocrx_word' id='word_1_237' title='bbox 823 3032 1083 3105; x_wconf 89' lang='lat' dir='ltr'>quosdam</span> <span class='ocrx_word' id='word_1_238' title='bbox 1142 3031 1209 3088; x_wconf 91' lang='lat' dir='ltr'>de</span> <span class='ocrx_word' id='word_1_239' title='bbox 1231 3032 1477 3088; x_wconf 88' lang='lat' dir='ltr'>Ecclesia</span> <span class='ocrx_word' id='word_1_240' title='bbox 1505 3031 1692 3086; x_wconf 88' lang='lat' dir='ltr'>ﬁdeles</span> <span class='ocrx_word' id='word_1_241' title='bbox 1728 3031 1992 3100; x_wconf 88' lang='lat' dir='ltr'>tulerunt,</span> 
     </span>
    </p>
   </div>
   <div class='ocr_carea' id='block_1_34' title="bbox 2101 515 3718 589">
    <p class='ocr_par' dir='ltr' id='par_1_34' title="bbox 2101 515 3718 589">
     <span class='ocr_line' id='line_1_34' title="bbox 2101 515 3718 589; baseline 0.001 -18"><span class='ocrx_word' id='word_1_242' title='bbox 2101 515 2520 589; x_wconf 89' lang='lat' dir='ltr'>limpidissimos</span> <span class='ocrx_word' id='word_1_243' title='bbox 2554 515 2764 588; x_wconf 89' lang='lat' dir='ltr'>lapides</span> <span class='ocrx_word' id='word_1_244' title='bbox 2809 515 2877 572; x_wconf 91' lang='lat' dir='ltr'>de</span> <span class='ocrx_word' id='word_1_245' title='bbox 2924 523 3189 585; x_wconf 87' lang='lat' dir='ltr'>torrente,</span> <span class='ocrx_word' id='word_1_246' title='bbox 3250 526 3306 574; x_wconf 89' lang='lat' dir='ltr'>et</span> <span class='ocrx_word' id='word_1_247' title='bbox 3336 517 3500 573; x_wconf 87' lang='lat' dir='ltr'>misit</span> <span class='ocrx_word' id='word_1_248' title='bbox 3528 532 3633 572; x_wconf 81' lang='lat' dir='ltr'>eos</span> <span class='ocrx_word' id='word_1_249' title='bbox 3660 516 3718 572; x_wconf 88' lang='lat' dir='ltr'>in</span> 
     </span>
    </p>
   </div>
   <div class='ocr_carea' id='block_1_35' title="bbox 2098 604 3718 677">
    <p class='ocr_par' dir='ltr' id='par_1_35' title="bbox 2098 604 3718 677">
     <span class='ocr_line' id='line_1_35' title="bbox 2098 604 3718 677; baseline 0.001 -17"><span class='ocrx_word' id='word_1_250' title='bbox 2098 622 2282 677; x_wconf 91' lang='lat' dir='ltr'>peram</span> <span class='ocrx_word' id='word_1_251' title='bbox 2308 648 2324 674; x_wconf 94' lang='lat'>,</span> <span class='ocrx_word' id='word_1_252' title='bbox 2380 621 2545 677; x_wconf 91' lang='lat' dir='ltr'>quam</span> <span class='ocrx_word' id='word_1_253' title='bbox 2596 604 2832 662; x_wconf 90' lang='lat' dir='ltr'>habebat</span> <span class='ocrx_word' id='word_1_254' title='bbox 2877 620 3098 673; x_wconf 89' lang='lat' dir='ltr'>secum,</span> <span class='ocrx_word' id='word_1_255' title='bbox 3154 615 3208 663; x_wconf 92' lang='lat' dir='ltr'>et</span> <span class='ocrx_word' id='word_1_256' title='bbox 3255 606 3496 662; x_wconf 83' lang='lat' dir='ltr'>fundam</span> <span class='ocrx_word' id='word_1_257' title='bbox 3546 622 3718 661; x_wconf 85' lang='lat' dir='ltr'>manu</span> 
     </span>
    </p>
   </div>
   <div class='ocr_carea' id='block_1_36' title="bbox 2098 692 3715 766">
    <p class='ocr_par' dir='ltr' id='par_1_36' title="bbox 2098 692 3715 766">
     <span class='ocr_line' id='line_1_36' title="bbox 2098 692 3715 766; baseline 0.001 -18"><span class='ocrx_word' id='word_1_258' title='bbox 2098 693 2248 762; x_wconf 92' lang='lat' dir='ltr'>tulit,</span> <span class='ocrx_word' id='word_1_259' title='bbox 2284 700 2337 751; x_wconf 90' lang='lat' dir='ltr'>et</span> <span class='ocrx_word' id='word_1_260' title='bbox 2375 692 2644 766; x_wconf 87' lang='lat' dir='ltr'>processit</span> <span class='ocrx_word' id='word_1_261' title='bbox 2679 701 2871 749; x_wconf 87' lang='lat' dir='ltr'>contra</span> <span class='ocrx_word' id='word_1_262' title='bbox 2907 693 3272 752; x_wconf 72' lang='lat' dir='ltr'>Pbilistaeum.</span> <span class='ocrx_word' id='word_1_263' title='bbox 3306 696 3412 751; x_wconf 91' lang='lat' dir='ltr'>Per</span> <span class='ocrx_word' id='word_1_264' title='bbox 3445 694 3715 750; x_wconf 85' lang='lat' dir='ltr'>baculum</span> 
     </span>
    </p>
   </div>
   <div class='ocr_carea' id='block_1_37' title="bbox 2098 784 3712 859">
    <p class='ocr_par' dir='ltr' id='par_1_37' title="bbox 2098 784 3712 859">
     <span class='ocr_line' id='line_1_37' title="bbox 2098 784 3712 859; baseline 0 -19"><span class='ocrx_word' id='word_1_265' title='bbox 2098 801 2206 857; x_wconf 90' lang='lat' dir='ltr'>quo</span> <span class='ocrx_word' id='word_1_266' title='bbox 2254 784 2423 840; x_wconf 90' lang='lat' dir='ltr'>homo</span> <span class='ocrx_word' id='word_1_267' title='bbox 2469 793 2827 853; x_wconf 89' lang='lat' dir='ltr'>sustentatur,</span> <span class='ocrx_word' id='word_1_268' title='bbox 2878 785 3109 858; x_wconf 84' lang='lat' dir='ltr'>apostoli</span> <span class='ocrx_word' id='word_1_269' title='bbox 3170 785 3565 859; x_wconf 85' lang='lat' dir='ltr'>designantur,</span> <span class='ocrx_word' id='word_1_270' title='bbox 3623 786 3712 859; x_wconf 86' lang='lat' dir='ltr'>qui</span> 
     </span>
    </p>
   </div>
   <div class='ocr_carea' id='block_1_38' title="bbox 2098 872 3720 950">
    <p class='ocr_par' dir='ltr' id='par_1_38' title="bbox 2098 872 3720 950">
     <span class='ocr_line' id='line_1_38' title="bbox 2098 872 3720 950; baseline 0.003 -21"><span class='ocrx_word' id='word_1_271' title='bbox 2098 872 2381 929; x_wconf 90' lang='lat' dir='ltr'>Christum</span> <span class='ocrx_word' id='word_1_272' title='bbox 2443 873 2599 946; x_wconf 89' lang='lat' dir='ltr'>quasi</span> <span class='ocrx_word' id='word_1_273' title='bbox 2645 874 3046 940; x_wconf 90' lang='lat' dir='ltr'>sustinuerunt,</span> <span class='ocrx_word' id='word_1_274' title='bbox 3102 893 3231 934; x_wconf 90' lang='lat' dir='ltr'>cum</span> <span class='ocrx_word' id='word_1_275' title='bbox 3290 894 3434 950; x_wconf 91' lang='lat' dir='ltr'>opus</span> <span class='ocrx_word' id='word_1_276' title='bbox 3486 886 3720 950; x_wconf 83' lang='lat' dir='ltr'>propter</span> 
     </span>
    </p>
   </div>
   <div class='ocr_carea' id='block_1_39' title="bbox 2098 963 3718 1040">
    <p class='ocr_par' dir='ltr' id='par_1_39' title="bbox 2098 963 3718 1040">
     <span class='ocr_line' id='line_1_39' title="bbox 2098 963 3718 1040; baseline 0.005 -22"><span class='ocrx_word' id='word_1_277' title='bbox 2098 963 2244 1037; x_wconf 91' lang='lat' dir='ltr'>quod</span> <span class='ocrx_word' id='word_1_278' title='bbox 2278 963 2337 1019; x_wconf 90' lang='lat' dir='ltr'>in</span> <span class='ocrx_word' id='word_1_279' title='bbox 2367 964 2638 1020; x_wconf 89' lang='lat' dir='ltr'>mundum</span> <span class='ocrx_word' id='word_1_280' title='bbox 2668 967 3367 1040; x_wconf 88' lang='lat' dir='ltr'>venerat,compleverunt,</span> <span class='ocrx_word' id='word_1_281' title='bbox 3400 969 3552 1026; x_wconf 89' lang='lat' dir='ltr'>sicut</span> <span class='ocrx_word' id='word_1_282' title='bbox 3576 970 3718 1026; x_wconf 88' lang='lat' dir='ltr'>dicit</span> 
     </span>
    </p>
   </div>
   <div class='ocr_carea' id='block_1_40' title="bbox 2097 1052 3717 1131">
    <p class='ocr_par' dir='ltr' id='par_1_40' title="bbox 2097 1052 3717 1131">
     <span class='ocr_line' id='line_1_40' title="bbox 2097 1052 3717 1131; baseline 0.006 -25"><span class='ocrx_word' id='word_1_283' title='bbox 2097 1052 2377 1124; x_wconf 89' lang='lat' dir='ltr'>apostolus</span> <span class='ocrx_word' id='word_1_284' title='bbox 2433 1052 2635 1109; x_wconf 88' lang='lat' dir='ltr'>Paulus</span> <span class='ocrx_word' id='word_1_285' title='bbox 2686 1071 2698 1108; x_wconf 90' lang='lat'>:</span> <span class='ocrx_word' id='word_1_286' title='bbox 2765 1076 2783 1101; x_wconf 88' lang='grc'><strong>‹</strong></span> <span class='ocrx_word' id='word_1_287' title='bbox 2835 1053 2936 1110; x_wconf 90' lang='lat' dir='ltr'>Dei</span> <span class='ocrx_word' id='word_1_288' title='bbox 2985 1056 3132 1112; x_wconf 90' lang='lat' dir='ltr'>enim</span> <span class='ocrx_word' id='word_1_289' title='bbox 3180 1056 3466 1131; x_wconf 86' lang='lat' dir='ltr'>adjutores</span> <span class='ocrx_word' id='word_1_290' title='bbox 3517 1074 3717 1115; x_wconf 86' lang='lat' dir='ltr'>sumus</span> 
     </span>
    </p>
   </div>
   <div class='ocr_carea' id='block_1_41' title="bbox 2100 1140 3716 1217">
    <p class='ocr_par' dir='ltr' id='par_1_41' title="bbox 2100 1140 3716 1217">
     <span class='ocr_line' id='line_1_41' title="bbox 2100 1140 3716 1217; baseline 0.005 -23"><span class='ocrx_word' id='word_1_291' title='bbox 2100 1140 2147 1211; x_wconf 88' lang='grc' dir='ltr'>(Ι</span> <span class='ocrx_word' id='word_1_292' title='bbox 2180 1141 2303 1195; x_wconf 90' lang='lat' dir='ltr'>Cor.</span> <span class='ocrx_word' id='word_1_293' title='bbox 2339 1157 2421 1209; x_wconf 90' lang='grc' dir='ltr'>ιιι,</span> <span class='ocrx_word' id='word_1_294' title='bbox 2454 1141 2538 1212; x_wconf 87' lang='lat'>9).</span> <span class='ocrx_word' id='word_1_295' title='bbox 2576 1166 2594 1188; x_wconf 78' lang='grc' dir='ltr'>ι</span> <span class='ocrx_word' id='word_1_296' title='bbox 2636 1142 2739 1197; x_wconf 93' lang='lat' dir='ltr'>Per</span> <span class='ocrx_word' id='word_1_297' title='bbox 2767 1158 2953 1215; x_wconf 89' lang='lat' dir='ltr'>peram</span> <span class='ocrx_word' id='word_1_298' title='bbox 3001 1152 3183 1200; x_wconf 91' lang='lat' dir='ltr'>autem</span> <span class='ocrx_word' id='word_1_299' title='bbox 3232 1144 3352 1217; x_wconf 87' lang='lat' dir='ltr'>ejus</span> <span class='ocrx_word' id='word_1_300' title='bbox 3382 1145 3716 1202; x_wconf 85' lang='lat' dir='ltr'>humanitas</span> 
     </span>
    </p>
   </div>
   <div class='ocr_carea' id='block_1_42' title="bbox 2097 1227 3714 1308">
    <p class='ocr_par' dir='ltr' id='par_1_42' title="bbox 2097 1227 3714 1308">
     <span class='ocr_line' id='line_1_42' title="bbox 2097 1227 3714 1308; baseline 0.004 -24"><span class='ocrx_word' id='word_1_301' title='bbox 2097 1227 2414 1302; x_wconf 86' lang='lat' dir='ltr'>designatur</span> <span class='ocrx_word' id='word_1_302' title='bbox 2448 1247 2458 1284; x_wconf 93' lang='lat'>:</span> <span class='ocrx_word' id='word_1_303' title='bbox 2502 1245 2600 1301; x_wconf 91' lang='lat' dir='ltr'>per</span> <span class='ocrx_word' id='word_1_304' title='bbox 2628 1230 2872 1303; x_wconf 90' lang='lat' dir='ltr'>quinque</span> <span class='ocrx_word' id='word_1_305' title='bbox 2905 1229 3113 1303; x_wconf 85' lang='lat' dir='ltr'>lapides</span> <span class='ocrx_word' id='word_1_306' title='bbox 3133 1232 3379 1307; x_wconf 88' lang='lat' dir='ltr'>quinque</span> <span class='ocrx_word' id='word_1_307' title='bbox 3402 1234 3535 1289; x_wconf 87' lang='lat' dir='ltr'>libri</span> <span class='ocrx_word' id='word_1_308' title='bbox 3555 1236 3714 1308; x_wconf 78' lang='lat' dir='ltr'><strong>Moy-</strong></span> 
     </span>
    </p>
   </div>
   <div class='ocr_carea' id='block_1_43' title="bbox 2098 1320 3713 1402">
    <p class='ocr_par' dir='ltr' id='par_1_43' title="bbox 2098 1320 3713 1402">
     <span class='ocr_line' id='line_1_43' title="bbox 2098 1320 3713 1402; baseline 0.006 -28"><span class='ocrx_word' id='word_1_309' title='bbox 2098 1322 2165 1388; x_wconf 87' lang='lat' dir='ltr'>si,</span> <span class='ocrx_word' id='word_1_310' title='bbox 2219 1337 2356 1394; x_wconf 91' lang='lat' dir='ltr'>quos</span> <span class='ocrx_word' id='word_1_311' title='bbox 2402 1320 2461 1376; x_wconf 90' lang='lat' dir='ltr'>in</span> <span class='ocrx_word' id='word_1_312' title='bbox 2504 1337 2687 1393; x_wconf 91' lang='lat' dir='ltr'>peram</span> <span class='ocrx_word' id='word_1_313' title='bbox 2730 1322 2918 1389; x_wconf 88' lang='lat' dir='ltr'>misit;</span> <span class='ocrx_word' id='word_1_314' title='bbox 2957 1324 3086 1397; x_wconf 90' lang='lat' dir='ltr'>quia</span> <span class='ocrx_word' id='word_1_315' title='bbox 3133 1327 3421 1382; x_wconf 88' lang='lat' dir='ltr'>scientiam</span> <span class='ocrx_word' id='word_1_316' title='bbox 3456 1328 3713 1402; x_wconf 87' lang='lat' dir='ltr'>quinque</span> 
     </span>
    </p>
   </div>
   <div class='ocr_carea' id='block_1_44' title="bbox 2098 1408 3712 1489">
    <p class='ocr_par' dir='ltr' id='par_1_44' title="bbox 2098 1408 3712 1489">
     <span class='ocr_line' id='line_1_44' title="bbox 2098 1408 3712 1489; baseline 0.006 -26"><span class='ocrx_word' id='word_1_317' title='bbox 2098 1408 2367 1464; x_wconf 90' lang='lat' dir='ltr'>librorum</span> <span class='ocrx_word' id='word_1_318' title='bbox 2386 1409 2624 1480; x_wconf 90' lang='lat' dir='ltr'>homini,</span> <span class='ocrx_word' id='word_1_319' title='bbox 2659 1426 2821 1484; x_wconf 91' lang='lat' dir='ltr'>quem</span> <span class='ocrx_word' id='word_1_320' title='bbox 2849 1415 3401 1487; x_wconf 89' lang='lat' dir='ltr'>assumpserat,dedit</span> <span class='ocrx_word' id='word_1_321' title='bbox 3426 1434 3438 1471; x_wconf 92' lang='lat'><strong>:</strong></span> <span class='ocrx_word' id='word_1_322' title='bbox 3466 1433 3567 1489; x_wconf 92' lang='lat' dir='ltr'>per</span> <span class='ocrx_word' id='word_1_323' title='bbox 3588 1417 3712 1472; x_wconf 87' lang='lat' dir='ltr'>fun-</span> 
     </span>
    </p>
   </div>
   <div class='ocr_carea' id='block_1_45' title="bbox 2098 1497 3711 1578">
    <p class='ocr_par' dir='ltr' id='par_1_45' title="bbox 2098 1497 3711 1578">
     <span class='ocr_line' id='line_1_45' title="bbox 2098 1497 3711 1578; baseline 0.004 -23"><span class='ocrx_word' id='word_1_324' title='bbox 2098 1497 2223 1555; x_wconf 90' lang='lat' dir='ltr'>dam</span> <span class='ocrx_word' id='word_1_325' title='bbox 2274 1507 2454 1556; x_wconf 90' lang='lat' dir='ltr'>autem</span> <span class='ocrx_word' id='word_1_326' title='bbox 2506 1499 2625 1572; x_wconf 87' lang='lat' dir='ltr'>ejus</span> <span class='ocrx_word' id='word_1_327' title='bbox 2673 1501 2919 1574; x_wconf 90' lang='lat' dir='ltr'>linguam</span> <span class='ocrx_word' id='word_1_328' title='bbox 2949 1504 3194 1577; x_wconf 88' lang='lat' dir='ltr'>accipere</span> <span class='ocrx_word' id='word_1_329' title='bbox 3224 1522 3544 1578; x_wconf 90' lang='lat' dir='ltr'>possumus.</span> <span class='ocrx_word' id='word_1_330' title='bbox 3582 1506 3711 1561; x_wconf 88' lang='lat' dir='ltr'>Pro-</span> 
     </span>
    </p>
   </div>
   <div class='ocr_carea' id='block_1_46' title="bbox 2098 1584 3712 1649">
    <p class='ocr_par' dir='ltr' id='par_1_46' title="bbox 2098 1584 3712 1649">
     <span class='ocr_line' id='line_1_46' title="bbox 2098 1584 3712 1649; baseline 0.006 -9"><span class='ocrx_word' id='word_1_331' title='bbox 2098 1584 2275 1640; x_wconf 88' lang='lat' dir='ltr'>cessio</span> <span class='ocrx_word' id='word_1_332' title='bbox 2300 1602 2430 1642; x_wconf 91' lang='lat' dir='ltr'>vero</span> <span class='ocrx_word' id='word_1_333' title='bbox 2461 1587 2639 1643; x_wconf 91' lang='lat' dir='ltr'>David</span> <span class='ocrx_word' id='word_1_334' title='bbox 2671 1596 2863 1645; x_wconf 91' lang='lat' dir='ltr'>contra</span> <span class='ocrx_word' id='word_1_335' title='bbox 2896 1589 3239 1648; x_wconf 68' lang='lat' dir='ltr'>Philisteeum</span> <span class='ocrx_word' id='word_1_336' title='bbox 3273 1592 3496 1648; x_wconf 91' lang='lat' dir='ltr'>duobus</span> <span class='ocrx_word' id='word_1_337' title='bbox 3526 1592 3712 1649; x_wconf 84' lang='lat' dir='ltr'>modis</span> 
     </span>
    </p>
   </div>
   <div class='ocr_carea' id='block_1_47' title="bbox 2098 1676 3713 1754">
    <p class='ocr_par' dir='ltr' id='par_1_47' title="bbox 2098 1676 3713 1754">
     <span class='ocr_line' id='line_1_47' title="bbox 2098 1676 3713 1754; baseline 0.006 -25"><span class='ocrx_word' id='word_1_338' title='bbox 2098 1676 2401 1731; x_wconf 88' lang='lat' dir='ltr'>secundum</span> <span class='ocrx_word' id='word_1_339' title='bbox 2456 1677 2773 1750; x_wconf 89' lang='lat' dir='ltr'>allegoriam</span> <span class='ocrx_word' id='word_1_340' title='bbox 2838 1678 3074 1751; x_wconf 86' lang='lat' dir='ltr'>intelligi</span> <span class='ocrx_word' id='word_1_341' title='bbox 3142 1688 3367 1753; x_wconf 87' lang='lat' dir='ltr'>potest;</span> <span class='ocrx_word' id='word_1_342' title='bbox 3436 1683 3713 1754; x_wconf 77' lang='lat' dir='ltr'>processit</span> 
     </span>
    </p>
   </div>
   <div class='ocr_carea' id='block_1_48' title="bbox 2098 1764 3710 1845">
    <p class='ocr_par' dir='ltr' id='par_1_48' title="bbox 2098 1764 3710 1845">
     <span class='ocr_line' id='line_1_48' title="bbox 2098 1764 3710 1845; baseline 0.006 -27"><span class='ocrx_word' id='word_1_343' title='bbox 2098 1780 2332 1837; x_wconf 89' lang='lat' dir='ltr'>namque</span> <span class='ocrx_word' id='word_1_344' title='bbox 2363 1764 2616 1821; x_wconf 88' lang='lat' dir='ltr'>Salvator</span> <span class='ocrx_word' id='word_1_345' title='bbox 2640 1776 2828 1823; x_wconf 88' lang='lat' dir='ltr'>noster</span> <span class='ocrx_word' id='word_1_346' title='bbox 2858 1778 3049 1826; x_wconf 90' lang='lat' dir='ltr'>contra</span> <span class='ocrx_word' id='word_1_347' title='bbox 3078 1770 3446 1839; x_wconf 71' lang='lat' dir='ltr'>Philistazum,</span> <span class='ocrx_word' id='word_1_348' title='bbox 3483 1771 3710 1845; x_wconf 82' lang='lat' dir='ltr'>quando</span> 
     </span>
    </p>
   </div>
   <div class='ocr_carea' id='block_1_49' title="bbox 2099 1853 3709 1931">
    <p class='ocr_par' dir='ltr' id='par_1_49' title="bbox 2099 1853 3709 1931">
     <span class='ocr_line' id='line_1_49' title="bbox 2099 1853 3709 1931; baseline 0.006 -22"><span class='ocrx_word' id='word_1_349' title='bbox 2099 1853 2299 1909; x_wconf 92' lang='lat' dir='ltr'>ductus</span> <span class='ocrx_word' id='word_1_350' title='bbox 2327 1861 2409 1909; x_wconf 92' lang='lat' dir='ltr'>est</span> <span class='ocrx_word' id='word_1_351' title='bbox 2442 1854 2500 1909; x_wconf 91' lang='lat' dir='ltr'>in</span> <span class='ocrx_word' id='word_1_352' title='bbox 2524 1854 2802 1912; x_wconf 88' lang='lat' dir='ltr'>desertum</span> <span class='ocrx_word' id='word_1_353' title='bbox 2832 1874 2864 1913; x_wconf 91' lang='lat' dir='ltr'>a</span> <span class='ocrx_word' id='word_1_354' title='bbox 2891 1857 3100 1931; x_wconf 88' lang='lat' dir='ltr'>Spiritu</span> <span class='ocrx_word' id='word_1_355' title='bbox 3128 1868 3338 1927; x_wconf 89' lang='lat' dir='ltr'>sancto,</span> <span class='ocrx_word' id='word_1_356' title='bbox 3372 1867 3435 1915; x_wconf 89' lang='lat' dir='ltr'>ut</span> <span class='ocrx_word' id='word_1_357' title='bbox 3470 1868 3709 1918; x_wconf 82' lang='lat' dir='ltr'>tentare-</span> 
     </span>
    </p>
   </div>
   <div class='ocr_carea' id='block_1_50' title="bbox 2098 1943 3707 2024">
    <p class='ocr_par' dir='ltr' id='par_1_50' title="bbox 2098 1943 3707 2024">
     <span class='ocr_line' id='line_1_50' title="bbox 2098 1943 3707 2024; baseline 0.005 -24"><span class='ocrx_word' id='word_1_358' title='bbox 2098 1952 2190 2000; x_wconf 87' lang='lat' dir='ltr'>tur</span> <span class='ocrx_word' id='word_1_359' title='bbox 2216 1960 2248 1999; x_wconf 93' lang='lat' dir='ltr'>a</span> <span class='ocrx_word' id='word_1_360' title='bbox 2275 1943 2520 2013; x_wconf 86' lang='lat' dir='ltr'>diabolo,</span> <span class='ocrx_word' id='word_1_361' title='bbox 2556 1945 2913 2021; x_wconf 88' lang='lat' dir='ltr'>vinceretque</span> <span class='ocrx_word' id='word_1_362' title='bbox 2953 1948 3260 2006; x_wconf 90' lang='lat' dir='ltr'>diabolum.</span> <span class='ocrx_word' id='word_1_363' title='bbox 3315 1952 3583 2024; x_wconf 83' lang='lat' dir='ltr'>Quinque</span> <span class='ocrx_word' id='word_1_364' title='bbox 3631 1955 3707 2009; x_wconf 79' lang='lat' dir='ltr'>la-</span> 
     </span>
    </p>
   </div>
   <div class='ocr_carea' id='block_1_51' title="bbox 2103 2033 3707 2108">
    <p class='ocr_par' dir='ltr' id='par_1_51' title="bbox 2103 2033 3707 2108">
     <span class='ocr_line' id='line_1_51' title="bbox 2103 2033 3707 2108; baseline 0.007 -20"><span class='ocrx_word' id='word_1_365' title='bbox 2103 2033 2256 2105; x_wconf 91' lang='lat' dir='ltr'>pides</span> <span class='ocrx_word' id='word_1_366' title='bbox 2300 2034 2480 2090; x_wconf 87' lang='lat' dir='ltr'>David</span> <span class='ocrx_word' id='word_1_367' title='bbox 2526 2034 2586 2091; x_wconf 90' lang='lat' dir='ltr'>in</span> <span class='ocrx_word' id='word_1_368' title='bbox 2633 2052 2821 2108; x_wconf 89' lang='lat' dir='ltr'>peram</span> <span class='ocrx_word' id='word_1_369' title='bbox 2873 2038 3044 2108; x_wconf 89' lang='lat' dir='ltr'>misit,</span> <span class='ocrx_word' id='word_1_370' title='bbox 3087 2040 3182 2096; x_wconf 89' lang='lat' dir='ltr'>sed</span> <span class='ocrx_word' id='word_1_371' title='bbox 3223 2058 3295 2097; x_wconf 84' lang='lat' dir='ltr'>ex</span> <span class='ocrx_word' id='word_1_372' title='bbox 3338 2057 3455 2098; x_wconf 90' lang='lat' dir='ltr'>uno</span> <span class='ocrx_word' id='word_1_373' title='bbox 3484 2044 3707 2101; x_wconf 78' lang='lat' dir='ltr'>Goliam</span> 
     </span>
    </p>
   </div>
   <div class='ocr_carea' id='block_1_52' title="bbox 2103 2123 3706 2207">
    <p class='ocr_par' dir='ltr' id='par_1_52' title="bbox 2103 2123 3706 2207">
     <span class='ocr_line' id='line_1_52' title="bbox 2103 2123 3706 2207; baseline 0.007 -29"><span class='ocrx_word' id='word_1_374' title='bbox 2103 2123 2400 2195; x_wconf 88' lang='lat' dir='ltr'>prostravit</span> <span class='ocrx_word' id='word_1_375' title='bbox 2427 2141 2442 2191; x_wconf 92' lang='lat'>;</span> <span class='ocrx_word' id='word_1_376' title='bbox 2477 2125 2608 2197; x_wconf 87' lang='lat' dir='ltr'>quia</span> <span class='ocrx_word' id='word_1_377' title='bbox 2636 2126 2889 2184; x_wconf 79' lang='lat' dir='ltr'>Salvator</span> <span class='ocrx_word' id='word_1_378' title='bbox 2917 2139 3103 2187; x_wconf 90' lang='lat' dir='ltr'>noster</span> <span class='ocrx_word' id='word_1_379' title='bbox 3133 2131 3423 2188; x_wconf 86' lang='lat' dir='ltr'>scientiam</span> <span class='ocrx_word' id='word_1_380' title='bbox 3453 2133 3706 2207; x_wconf 89' lang='lat' dir='ltr'>quinque</span> 
     </span>
    </p>
   </div>
   <div class='ocr_carea' id='block_1_53' title="bbox 2103 2214 3705 2291">
    <p class='ocr_par' dir='ltr' id='par_1_53' title="bbox 2103 2214 3705 2291">
     <span class='ocr_line' id='line_1_53' title="bbox 2103 2214 3705 2291; baseline 0.006 -22"><span class='ocrx_word' id='word_1_381' title='bbox 2103 2214 2370 2271; x_wconf 87' lang='lat' dir='ltr'>librorum</span> <span class='ocrx_word' id='word_1_382' title='bbox 2404 2218 2693 2289; x_wconf 70' lang='lat' dir='ltr'>aequaliter</span> <span class='ocrx_word' id='word_1_383' title='bbox 2713 2220 2973 2291; x_wconf 88' lang='lat' dir='ltr'>possedit,</span> <span class='ocrx_word' id='word_1_384' title='bbox 2997 2222 3091 2277; x_wconf 90' lang='lat' dir='ltr'>sed</span> <span class='ocrx_word' id='word_1_385' title='bbox 3111 2239 3180 2278; x_wconf 84' lang='lat' dir='ltr'>ex</span> <span class='ocrx_word' id='word_1_386' title='bbox 3211 2238 3344 2291; x_wconf 89' lang='lat' dir='ltr'>uno,</span> <span class='ocrx_word' id='word_1_387' title='bbox 3376 2222 3433 2278; x_wconf 90' lang='lat' dir='ltr'>id</span> <span class='ocrx_word' id='word_1_388' title='bbox 3457 2230 3546 2280; x_wconf 88' lang='lat' dir='ltr'>est</span> <span class='ocrx_word' id='word_1_389' title='bbox 3562 2226 3705 2281; x_wconf 87' lang='lat' dir='ltr'>Deu-</span> 
     </span>
    </p>
   </div>
   <div class='ocr_carea' id='block_1_54' title="bbox 2102 2305 3707 2386">
    <p class='ocr_par' dir='ltr' id='par_1_54' title="bbox 2102 2305 3707 2386">
     <span class='ocr_line' id='line_1_54' title="bbox 2102 2305 3707 2386; baseline 0.007 -28"><span class='ocrx_word' id='word_1_390' title='bbox 2102 2305 2435 2373; x_wconf 87' lang='lat' dir='ltr'>teronomio,</span> <span class='ocrx_word' id='word_1_391' title='bbox 2483 2306 2631 2362; x_wconf 89' lang='lat' dir='ltr'>trina</span> <span class='ocrx_word' id='word_1_392' title='bbox 2678 2310 2994 2368; x_wconf 90' lang='lat' dir='ltr'>testimonia</span> <span class='ocrx_word' id='word_1_393' title='bbox 3046 2313 3363 2384; x_wconf 89' lang='lat' dir='ltr'>assumpsit,</span> <span class='ocrx_word' id='word_1_394' title='bbox 3394 2327 3467 2368; x_wconf 82' lang='lat' dir='ltr'>ex</span> <span class='ocrx_word' id='word_1_395' title='bbox 3501 2314 3707 2386; x_wconf 83' lang='lat' dir='ltr'>quibus</span> 
     </span>
    </p>
   </div>
   <div class='ocr_carea' id='block_1_55' title="bbox 2102 2394 3704 2458">
    <p class='ocr_par' dir='ltr' id='par_1_55' title="bbox 2102 2394 3704 2458">
     <span class='ocr_line' id='line_1_55' title="bbox 2102 2394 3704 2458; baseline 0.006 -10"><span class='ocrx_word' id='word_1_396' title='bbox 2102 2399 2212 2449; x_wconf 90' lang='lat' dir='ltr'>tres</span> <span class='ocrx_word' id='word_1_397' title='bbox 2240 2394 2575 2450; x_wconf 88' lang='lat' dir='ltr'>tentationes</span> <span class='ocrx_word' id='word_1_398' title='bbox 2598 2395 2803 2453; x_wconf 91' lang='lat' dir='ltr'>diaboli</span> <span class='ocrx_word' id='word_1_399' title='bbox 2819 2397 3047 2456; x_wconf 89' lang='lat' dir='ltr'>devicit.</span> <span class='ocrx_word' id='word_1_400' title='bbox 3068 2401 3138 2456; x_wconf 90' lang='lat' dir='ltr'>Et</span> <span class='ocrx_word' id='word_1_401' title='bbox 3152 2401 3296 2458; x_wconf 90' lang='lat' dir='ltr'>sicut</span> <span class='ocrx_word' id='word_1_402' title='bbox 3317 2401 3502 2458; x_wconf 88' lang='lat' dir='ltr'>David</span> <span class='ocrx_word' id='word_1_403' title='bbox 3528 2402 3704 2458; x_wconf 80' lang='lat' dir='ltr'>funda</span> 
     </span>
    </p>
   </div>
   <div class='ocr_carea' id='block_1_56' title="bbox 2077 2484 3705 2559">
    <p class='ocr_par' dir='ltr' id='par_1_56' title="bbox 2077 2484 3705 2559">
     <span class='ocr_line' id='line_1_56' title="bbox 2077 2484 3705 2559; baseline 0.006 -21"><span class='ocrx_word' id='word_1_404' title='bbox 2077 2484 2339 2555; x_wconf 83' lang='lat' dir='ltr'>~lapidem</span> <span class='ocrx_word' id='word_1_405' title='bbox 2370 2484 2529 2557; x_wconf 90' lang='lat' dir='ltr'>jecit,</span> <span class='ocrx_word' id='word_1_406' title='bbox 2560 2496 2615 2543; x_wconf 91' lang='lat' dir='ltr'>et</span> <span class='ocrx_word' id='word_1_407' title='bbox 2636 2488 2852 2545; x_wconf 88' lang='lat' dir='ltr'>Goliam</span> <span class='ocrx_word' id='word_1_408' title='bbox 2887 2490 3203 2559; x_wconf 86' lang='lat' dir='ltr'>interfecit;</span> <span class='ocrx_word' id='word_1_409' title='bbox 3235 2493 3311 2548; x_wconf 89' lang='lat' dir='ltr'>ita</span> <span class='ocrx_word' id='word_1_410' title='bbox 3342 2500 3398 2548; x_wconf 90' lang='lat' dir='ltr'>et</span> <span class='ocrx_word' id='word_1_411' title='bbox 3425 2493 3705 2549; x_wconf 87' lang='lat' dir='ltr'>Dominus</span> 
     </span>
    </p>
   </div>
   <div class='ocr_carea' id='block_1_57' title="bbox 2103 2573 3706 2655">
    <p class='ocr_par' dir='ltr' id='par_1_57' title="bbox 2103 2573 3706 2655">
     <span class='ocr_line' id='line_1_57' title="bbox 2103 2573 3706 2655; baseline 0.007 -28"><span class='ocrx_word' id='word_1_412' title='bbox 2103 2580 2289 2628; x_wconf 89' lang='lat' dir='ltr'>noster</span> <span class='ocrx_word' id='word_1_413' title='bbox 2315 2573 2471 2629; x_wconf 83' lang='lat' dir='ltr'>Jesus</span> <span class='ocrx_word' id='word_1_414' title='bbox 2517 2574 2768 2633; x_wconf 89' lang='lat' dir='ltr'>Christus</span> <span class='ocrx_word' id='word_1_415' title='bbox 2800 2578 2987 2650; x_wconf 91' lang='lat' dir='ltr'>lingua</span> <span class='ocrx_word' id='word_1_416' title='bbox 3029 2589 3230 2637; x_wconf 65' lang='lat' dir='ltr'>sanctae</span> <span class='ocrx_word' id='word_1_417' title='bbox 3278 2580 3581 2655; x_wconf 65' lang='lat' dir='ltr'>Scriptura</span> <span class='ocrx_word' id='word_1_418' title='bbox 3612 2589 3706 2638; x_wconf 89' lang='lat' dir='ltr'>te—</span> 
     </span>
    </p>
   </div>
   <div class='ocr_carea' id='block_1_58' title="bbox 2103 2661 3379 2743">
    <p class='ocr_par' dir='ltr' id='par_1_58' title="bbox 2103 2661 3379 2743">
     <span class='ocr_line' id='line_1_58' title="bbox 2103 2661 3379 2743; baseline 0.007 -26"><span class='ocrx_word' id='word_1_419' title='bbox 2103 2661 2364 2719; x_wconf 91' lang='lat' dir='ltr'>stimonia</span> <span class='ocrx_word' id='word_1_420' title='bbox 2393 2665 2645 2735; x_wconf 91' lang='lat' dir='ltr'>protulit,</span> <span class='ocrx_word' id='word_1_421' title='bbox 2675 2675 2731 2722; x_wconf 88' lang='lat' dir='ltr'>et</span> <span class='ocrx_word' id='word_1_422' title='bbox 2759 2667 3045 2725; x_wconf 89' lang='lat' dir='ltr'>diabolum</span> <span class='ocrx_word' id='word_1_423' title='bbox 3076 2669 3379 2743; x_wconf 85' lang='lat' dir='ltr'>superavit.</span> 
     </span>
    </p>
   </div>
   <div class='ocr_carea' id='block_1_59' title="bbox 2174 2752 3703 2831">
    <p class='ocr_par' dir='ltr' id='par_1_59' title="bbox 2174 2752 3703 2831">
     <span class='ocr_line' id='line_1_59' title="bbox 2174 2752 3703 2831; baseline 0.005 -24"><span class='ocrx_word' id='word_1_424' title='bbox 2174 2752 2387 2809; x_wconf 85' lang='lat' dir='ltr'>Aliter:</span> <span class='ocrx_word' id='word_1_425' title='bbox 2422 2754 2665 2825; x_wconf 85' lang='lat' dir='ltr'>perrexit</span> <span class='ocrx_word' id='word_1_426' title='bbox 2692 2756 2868 2813; x_wconf 90' lang='lat' dir='ltr'>David</span> <span class='ocrx_word' id='word_1_427' title='bbox 2900 2760 2968 2816; x_wconf 91' lang='lat' dir='ltr'>ad</span> <span class='ocrx_word' id='word_1_428' title='bbox 3015 2776 3251 2831; x_wconf 86' lang='lat' dir='ltr'>pugnam</span> <span class='ocrx_word' id='word_1_429' title='bbox 3282 2766 3477 2815; x_wconf 85' lang='lat' dir='ltr'>contra</span> <span class='ocrx_word' id='word_1_430' title='bbox 3513 2758 3703 2815; x_wconf 89' lang='lat' dir='ltr'>Phili-</span> 
     </span>
    </p>
   </div>
   <div class='ocr_carea' id='block_1_60' title="bbox 2103 2841 3700 2916">
    <p class='ocr_par' dir='ltr' id='par_1_60' title="bbox 2103 2841 3700 2916">
     <span class='ocr_line' id='line_1_60' title="bbox 2103 2841 3700 2916; baseline 0.005 -19"><span class='ocrx_word' id='word_1_431' title='bbox 2103 2848 2296 2897; x_wconf 68' lang='lat' dir='ltr'>staeum</span> <span class='ocrx_word' id='word_1_432' title='bbox 2332 2858 2345 2896; x_wconf 89' lang='lat'><strong>:</strong></span> <span class='ocrx_word' id='word_1_433' title='bbox 2382 2841 2642 2898; x_wconf 87' lang='lat' dir='ltr'>similiter</span> <span class='ocrx_word' id='word_1_434' title='bbox 2657 2852 2711 2900; x_wconf 91' lang='lat' dir='ltr'>et</span> <span class='ocrx_word' id='word_1_435' title='bbox 2731 2844 3002 2915; x_wconf 86' lang='lat' dir='ltr'>Christus,</span> <span class='ocrx_word' id='word_1_436' title='bbox 3030 2857 3091 2905; x_wconf 91' lang='lat' dir='ltr'>ut</span> <span class='ocrx_word' id='word_1_437' title='bbox 3123 2848 3407 2904; x_wconf 88' lang='lat' dir='ltr'>diabolum</span> <span class='ocrx_word' id='word_1_438' title='bbox 3429 2848 3700 2916; x_wconf 84' lang='lat' dir='ltr'>vinceret,</span> 
     </span>
    </p>
   </div>
   <div class='ocr_carea' id='block_1_61' title="bbox 2106 2928 3701 3010">
    <p class='ocr_par' dir='ltr' id='par_1_61' title="bbox 2106 2928 3701 3010">
     <span class='ocr_line' id='line_1_61' title="bbox 2106 2928 3701 3010; baseline 0.005 -25"><span class='ocrx_word' id='word_1_439' title='bbox 2106 2929 2173 2985; x_wconf 89' lang='lat' dir='ltr'>ad</span> <span class='ocrx_word' id='word_1_440' title='bbox 2204 2928 2511 3002; x_wconf 87' lang='lat' dir='ltr'>passionem</span> <span class='ocrx_word' id='word_1_441' title='bbox 2531 2936 2864 3005; x_wconf 90' lang='lat' dir='ltr'>properavit.</span> <span class='ocrx_word' id='word_1_442' title='bbox 2889 2937 3068 2993; x_wconf 90' lang='lat' dir='ltr'>David</span> <span class='ocrx_word' id='word_1_443' title='bbox 3101 2937 3280 3010; x_wconf 89' lang='lat' dir='ltr'>lapide</span> <span class='ocrx_word' id='word_1_444' title='bbox 3309 2937 3530 2993; x_wconf 89' lang='lat' dir='ltr'>Goliam</span> <span class='ocrx_word' id='word_1_445' title='bbox 3558 2935 3701 3008; x_wconf 85' lang='lat' dir='ltr'>deje-</span> 
     </span>
    </p>
   </div>
   <div class='ocr_carea' id='block_1_62' title="bbox 2105 3019 3702 3098">
    <p class='ocr_par' dir='ltr' id='par_1_62' title="bbox 2105 3019 3702 3098">
     <span class='ocr_line' id='line_1_62' title="bbox 2105 3019 3702 3098; baseline 0.004 -21"><span class='ocrx_word' id='word_1_446' title='bbox 2105 3020 2204 3089; x_wconf 88' lang='lat' dir='ltr'>cit,</span> <span class='ocrx_word' id='word_1_447' title='bbox 2244 3019 2505 3077; x_wconf 90' lang='lat' dir='ltr'>similiter</span> <span class='ocrx_word' id='word_1_448' title='bbox 2531 3029 2585 3077; x_wconf 91' lang='lat' dir='ltr'>et</span> <span class='ocrx_word' id='word_1_449' title='bbox 2617 3022 2870 3082; x_wconf 90' lang='lat' dir='ltr'>Christus</span> <span class='ocrx_word' id='word_1_450' title='bbox 2898 3026 3180 3083; x_wconf 91' lang='lat' dir='ltr'>diabolum</span> <span class='ocrx_word' id='word_1_451' title='bbox 3209 3035 3386 3084; x_wconf 90' lang='lat' dir='ltr'>morte</span> <span class='ocrx_word' id='word_1_452' title='bbox 3407 3043 3508 3082; x_wconf 90' lang='lat' dir='ltr'>sua</span> <span class='ocrx_word' id='word_1_453' title='bbox 3537 3042 3702 3098; x_wconf 86' lang='lat' dir='ltr'>pere-</span> 
     </span>
    </p>
   </div>
   <div class='ocr_carea' id='block_1_63' title="bbox 396 3112 3699 3211">
    <p class='ocr_par' dir='ltr' id='par_1_63' title="bbox 396 3112 3699 3211">
     <span class='ocr_line' id='line_1_63' title="bbox 396 3112 3699 3211; baseline -0.001 -35"><span class='ocrx_word' id='word_1_454' title='bbox 396 3128 561 3192; x_wconf 89' lang='lat' dir='ltr'>atque</span> <span class='ocrx_word' id='word_1_455' title='bbox 588 3137 687 3193; x_wconf 89' lang='lat' dir='ltr'>pro</span> <span class='ocrx_word' id='word_1_456' title='bbox 710 3120 916 3179; x_wconf 89' lang='lat' dir='ltr'>Christi</span> <span class='ocrx_word' id='word_1_457' title='bbox 937 3121 1163 3177; x_wconf 91' lang='lat' dir='ltr'>nomine</span> <span class='ocrx_word' id='word_1_458' title='bbox 1184 3120 1601 3177; x_wconf 91' lang='lat' dir='ltr'>interfecerunt.</span> <span class='ocrx_word' id='word_1_459' title='bbox 1634 3120 1705 3175; x_wconf 92' lang='lat' dir='ltr'>Et</span> <span class='ocrx_word' id='word_1_460' title='bbox 1725 3119 1868 3175; x_wconf 90' lang='lat' dir='ltr'>sicut</span> <span class='ocrx_word' id='word_1_461' title='bbox 1894 3121 1995 3175; x_wconf 84' lang='lat' dir='ltr'>Da-</span> <span class='ocrx_word' id='word_1_462' title='bbox 2026 3151 2070 3211; x_wconf 78' lang='lat' dir='ltr'>C</span> <span class='ocrx_word' id='word_1_463' title='bbox 2267 3112 2516 3211; x_wconf 60' lang='lat' dir='ltr'>Cumque</span> <span class='ocrx_word' id='word_1_464' title='bbox 2555 3114 2797 3211; x_wconf 54' lang='lat' dir='ltr'>gladium</span> <span class='ocrx_word' id='word_1_465' title='bbox 2829 3132 2940 3211; x_wconf 79' lang='lat' dir='ltr'>non</span> <span class='ocrx_word' id='word_1_466' title='bbox 2970 3117 3198 3174; x_wconf 88' lang='lat' dir='ltr'>haberet</span> <span class='ocrx_word' id='word_1_467' title='bbox 3216 3118 3273 3173; x_wconf 92' lang='lat' dir='ltr'>in</span> <span class='ocrx_word' id='word_1_468' title='bbox 3306 3134 3474 3174; x_wconf 87' lang='lat' dir='ltr'>manu</span> <span class='ocrx_word' id='word_1_469' title='bbox 3496 3117 3699 3186; x_wconf 85' lang='lat' dir='ltr'>David,</span> 
     </span>
    </p>
   </div>
   <div class='ocr_carea' id='block_1_64' title="bbox 396 3209 1993 3282">
    <p class='ocr_par' dir='ltr' id='par_1_64' title="bbox 396 3209 1993 3282">
     <span class='ocr_line' id='line_1_64' title="bbox 396 3209 1993 3282; baseline -0.001 -17"><span class='ocrx_word' id='word_1_470' title='bbox 396 3210 493 3267; x_wconf 94' lang='lat' dir='ltr'>vid</span> <span class='ocrx_word' id='word_1_471' title='bbox 537 3210 753 3267; x_wconf 90' lang='lat' dir='ltr'>leonem</span> <span class='ocrx_word' id='word_1_472' title='bbox 810 3219 863 3268; x_wconf 91' lang='lat' dir='ltr'>et</span> <span class='ocrx_word' id='word_1_473' title='bbox 917 3227 1107 3267; x_wconf 89' lang='lat' dir='ltr'>ursum</span> <span class='ocrx_word' id='word_1_474' title='bbox 1164 3210 1444 3267; x_wconf 89' lang='lat' dir='ltr'>insecutus</span> <span class='ocrx_word' id='word_1_475' title='bbox 1507 3209 1797 3282; x_wconf 89' lang='lat' dir='ltr'>percussit,</span> <span class='ocrx_word' id='word_1_476' title='bbox 1830 3216 1993 3281; x_wconf 87' lang='lat' dir='ltr'>atque</span> 
     </span>
    </p>
   </div>
   <div class='ocr_carea' id='block_1_65' title="bbox 395 3297 1994 3357">
    <p class='ocr_par' dir='ltr' id='par_1_65' title="bbox 395 3297 1994 3357">
     <span class='ocr_line' id='line_1_65' title="bbox 395 3297 1994 3357; baseline 0.001 -3"><span class='ocrx_word' id='word_1_477' title='bbox 395 3299 622 3356; x_wconf 86' lang='lat' dir='ltr'>arietem</span> <span class='ocrx_word' id='word_1_478' title='bbox 671 3300 737 3355; x_wconf 88' lang='lat' dir='ltr'>de</span> <span class='ocrx_word' id='word_1_479' title='bbox 780 3316 873 3357; x_wconf 91' lang='lat' dir='ltr'>ore</span> <span class='ocrx_word' id='word_1_480' title='bbox 931 3316 1124 3356; x_wconf 91' lang='lat' dir='ltr'>eorum</span> <span class='ocrx_word' id='word_1_481' title='bbox 1172 3299 1355 3356; x_wconf 90' lang='lat' dir='ltr'>eruit:</span> <span class='ocrx_word' id='word_1_482' title='bbox 1394 3297 1650 3354; x_wconf 91' lang='lat' dir='ltr'>similiter</span> <span class='ocrx_word' id='word_1_483' title='bbox 1682 3306 1736 3353; x_wconf 92' lang='lat' dir='ltr'>et</span> <span class='ocrx_word' id='word_1_484' title='bbox 1768 3298 1994 3355; x_wconf 83' lang='lat' dir='ltr'>Redem-</span> 
     </span>
    </p>
   </div>
   <div class='ocr_carea' id='block_1_66' title="bbox 395 3387 1994 3460">
    <p class='ocr_par' dir='ltr' id='par_1_66' title="bbox 395 3387 1994 3460">
     <span class='ocr_line' id='line_1_66' title="bbox 395 3387 1994 3460; baseline 0 -17"><span class='ocrx_word' id='word_1_485' title='bbox 395 3396 522 3460; x_wconf 89' lang='lat' dir='ltr'>ptor</span> <span class='ocrx_word' id='word_1_486' title='bbox 568 3398 754 3444; x_wconf 88' lang='lat' dir='ltr'>noster</span> <span class='ocrx_word' id='word_1_487' title='bbox 810 3387 1075 3460; x_wconf 88' lang='lat' dir='ltr'>quosdam</span> <span class='ocrx_word' id='word_1_488' title='bbox 1108 3404 1177 3442; x_wconf 84' lang='lat' dir='ltr'>ex</span> <span class='ocrx_word' id='word_1_489' title='bbox 1207 3387 1649 3457; x_wconf 88' lang='lat' dir='ltr'>persecutoribus</span> <span class='ocrx_word' id='word_1_490' title='bbox 1678 3394 1994 3459; x_wconf 86' lang='lat' dir='ltr'>persecutus</span> 
     </span>
    </p>
   </div>
   <div class='ocr_carea' id='block_1_67' title="bbox 396 3474 1993 3547">
    <p class='ocr_par' dir='ltr' id='par_1_67' title="bbox 396 3474 1993 3547">
     <span class='ocr_line' id='line_1_67' title="bbox 396 3474 1993 3547; baseline 0.001 -16"><span class='ocrx_word' id='word_1_491' title='bbox 396 3482 498 3543; x_wconf 88' lang='lat' dir='ltr'>est,</span> <span class='ocrx_word' id='word_1_492' title='bbox 549 3476 771 3547; x_wconf 88' lang='lat' dir='ltr'>quando</span> <span class='ocrx_word' id='word_1_493' title='bbox 819 3474 898 3530; x_wconf 91' lang='lat' dir='ltr'>eis</span> <span class='ocrx_word' id='word_1_494' title='bbox 927 3491 1141 3545; x_wconf 67' lang='lat' dir='ltr'>poenam</span> <span class='ocrx_word' id='word_1_495' title='bbox 1173 3492 1337 3547; x_wconf 92' lang='lat' dir='ltr'>quam</span> <span class='ocrx_word' id='word_1_496' title='bbox 1370 3476 1741 3544; x_wconf 85' lang='lat' dir='ltr'>merebantur,</span> <span class='ocrx_word' id='word_1_497' title='bbox 1773 3477 1829 3531; x_wconf 91' lang='lat' dir='ltr'>in</span> <span class='ocrx_word' id='word_1_498' title='bbox 1862 3492 1993 3547; x_wconf 64' lang='lat' dir='ltr'>prato</span> 
     </span>
    </p>
   </div>
   <div class='ocr_carea' id='block_1_68' title="bbox 397 3563 1991 3637">
    <p class='ocr_par' dir='ltr' id='par_1_68' title="bbox 397 3563 1991 3637">
     <span class='ocr_line' id='line_1_68' title="bbox 397 3563 1991 3637; baseline 0.002 -18"><span class='ocrx_word' id='word_1_499' title='bbox 397 3563 539 3619; x_wconf 88' lang='lat' dir='ltr'>senti</span> <span class='ocrx_word' id='word_1_500' title='bbox 593 3563 796 3617; x_wconf 68' lang='lat' dir='ltr'>saiculo</span> <span class='ocrx_word' id='word_1_501' title='bbox 847 3563 1135 3635; x_wconf 88' lang='lat' dir='ltr'>irrogavit,</span> <span class='ocrx_word' id='word_1_502' title='bbox 1191 3567 1336 3620; x_wconf 88' lang='lat' dir='ltr'>sicut</span> <span class='ocrx_word' id='word_1_503' title='bbox 1379 3566 1559 3637; x_wconf 90' lang='lat' dir='ltr'>primo</span> <span class='ocrx_word' id='word_1_504' title='bbox 1593 3573 1738 3629; x_wconf 89' lang='lat'>530</span> <span class='ocrx_word' id='word_1_505' title='bbox 1767 3566 1991 3637; x_wconf 86' lang='lat' dir='ltr'>Herodi,</span> 
     </span>
    </p>
   </div>
   <div class='ocr_carea' id='block_1_69' title="bbox 397 3656 1991 3730">
    <p class='ocr_par' dir='ltr' id='par_1_69' title="bbox 397 3656 1991 3730">
     <span class='ocr_line' id='line_1_69' title="bbox 397 3656 1991 3730; baseline 0.003 -16"><span class='ocrx_word' id='word_1_506' title='bbox 397 3664 452 3714; x_wconf 91' lang='lat' dir='ltr'>et</span> <span class='ocrx_word' id='word_1_507' title='bbox 489 3656 689 3713; x_wconf 89' lang='lat' dir='ltr'>iterum</span> <span class='ocrx_word' id='word_1_508' title='bbox 728 3658 991 3729; x_wconf 90' lang='lat' dir='ltr'>secundo,</span> <span class='ocrx_word' id='word_1_509' title='bbox 1049 3669 1103 3717; x_wconf 94' lang='lat' dir='ltr'>et</span> <span class='ocrx_word' id='word_1_510' title='bbox 1153 3662 1339 3730; x_wconf 91' lang='lat' dir='ltr'>tertio,</span> <span class='ocrx_word' id='word_1_511' title='bbox 1388 3670 1443 3718; x_wconf 89' lang='lat' dir='ltr'>et</span> <span class='ocrx_word' id='word_1_512' title='bbox 1476 3662 1667 3718; x_wconf 89' lang='lat' dir='ltr'>multis</span> <span class='ocrx_word' id='word_1_513' title='bbox 1693 3663 1836 3719; x_wconf 88' lang='lat' dir='ltr'>aliis.</span> <span class='ocrx_word' id='word_1_514' title='bbox 1869 3664 1991 3719; x_wconf 91' lang='lat' dir='ltr'>Per-</span> 
     </span>
    </p>
   </div>
   <div class='ocr_carea' id='block_1_70' title="bbox 395 3743 1987 3819">
    <p class='ocr_par' dir='ltr' id='par_1_70' title="bbox 395 3743 1987 3819">
     <span class='ocr_line' id='line_1_70' title="bbox 395 3743 1987 3819; baseline 0.004 -19"><span class='ocrx_word' id='word_1_515' title='bbox 395 3743 569 3800; x_wconf 86' lang='lat' dir='ltr'>cussit</span> <span class='ocrx_word' id='word_1_516' title='bbox 595 3744 817 3818; x_wconf 83' lang='lat' dir='ltr'>quippe.</span> <span class='ocrx_word' id='word_1_517' title='bbox 859 3747 1078 3819; x_wconf 90' lang='lat' dir='ltr'>quando</span> <span class='ocrx_word' id='word_1_518' title='bbox 1108 3764 1200 3805; x_wconf 90' lang='lat' dir='ltr'>eos</span> <span class='ocrx_word' id='word_1_519' title='bbox 1222 3755 1425 3805; x_wconf 69' lang='lat' dir='ltr'>aeterna</span> <span class='ocrx_word' id='word_1_520' title='bbox 1464 3757 1640 3805; x_wconf 91' lang='lat' dir='ltr'>morte</span> <span class='ocrx_word' id='word_1_521' title='bbox 1668 3750 1951 3806; x_wconf 87' lang='lat' dir='ltr'>damnavit</span> <span class='ocrx_word' id='word_1_522' title='bbox 1975 3768 1987 3806; x_wconf 90' lang='lat'><strong>:</strong></span> 
     </span>
    </p>
   </div>
   <div class='ocr_carea' id='block_1_71' title="bbox 395 3832 1991 3912">
    <p class='ocr_par' dir='ltr' id='par_1_71' title="bbox 395 3832 1991 3912">
     <span class='ocr_line' id='line_1_71' title="bbox 395 3832 1991 3912; baseline 0.004 -24"><span class='ocrx_word' id='word_1_523' title='bbox 395 3832 621 3901; x_wconf 79' lang='lat' dir='ltr'>arietem</span> <span class='ocrx_word' id='word_1_524' title='bbox 650 3834 717 3891; x_wconf 92' lang='lat' dir='ltr'>de</span> <span class='ocrx_word' id='word_1_525' title='bbox 746 3852 840 3892; x_wconf 91' lang='lat' dir='ltr'>ore</span> <span class='ocrx_word' id='word_1_526' title='bbox 866 3852 1055 3893; x_wconf 90' lang='lat' dir='ltr'>eorum</span> <span class='ocrx_word' id='word_1_527' title='bbox 1085 3838 1250 3907; x_wconf 89' lang='lat' dir='ltr'>eruit,</span> <span class='ocrx_word' id='word_1_528' title='bbox 1284 3838 1414 3912; x_wconf 87' lang='lat' dir='ltr'>quia</span> <span class='ocrx_word' id='word_1_529' title='bbox 1445 3838 1707 3911; x_wconf 90' lang='lat' dir='ltr'>populum</span> <span class='ocrx_word' id='word_1_530' title='bbox 1736 3838 1991 3896; x_wconf 85' lang='lat' dir='ltr'>ﬁdelium</span> 
     </span>
    </p>
   </div>
   <div class='ocr_carea' id='block_1_72' title="bbox 396 3924 1994 3984">
    <p class='ocr_par' dir='ltr' id='par_1_72' title="bbox 396 3924 1994 3984">
     <span class='ocr_line' id='line_1_72' title="bbox 396 3924 1994 3984; baseline 0.002 -4"><span class='ocrx_word' id='word_1_531' title='bbox 396 3924 465 3981; x_wconf 91' lang='lat' dir='ltr'>ab</span> <span class='ocrx_word' id='word_1_532' title='bbox 495 3940 684 3981; x_wconf 92' lang='lat' dir='ltr'>eorum</span> <span class='ocrx_word' id='word_1_533' title='bbox 727 3925 1057 3984; x_wconf 91' lang='lat' dir='ltr'>laceratione</span> <span class='ocrx_word' id='word_1_534' title='bbox 1087 3927 1363 3983; x_wconf 86' lang='lat' dir='ltr'>liberavit.</span> <span class='ocrx_word' id='word_1_535' title='bbox 1399 3928 1469 3983; x_wconf 88' lang='lat' dir='ltr'>Et</span> <span class='ocrx_word' id='word_1_536' title='bbox 1507 3928 1705 3983; x_wconf 88' lang='lat' dir='ltr'>iterum</span> <span class='ocrx_word' id='word_1_537' title='bbox 1738 3926 1822 3982; x_wconf 91' lang='lat' dir='ltr'>illi</span> <span class='ocrx_word' id='word_1_538' title='bbox 1850 3944 1994 3983; x_wconf 92' lang='lat' dir='ltr'>con-</span> 
     </span>
    </p>
   </div>
   <div class='ocr_carea' id='block_1_73' title="bbox 394 4013 1993 4090">
    <p class='ocr_par' dir='ltr' id='par_1_73' title="bbox 394 4013 1993 4090">
     <span class='ocr_line' id='line_1_73' title="bbox 394 4013 1993 4090; baseline 0.004 -23"><span class='ocrx_word' id='word_1_539' title='bbox 394 4013 690 4084; x_wconf 87' lang='lat' dir='ltr'>surgebant</span> <span class='ocrx_word' id='word_1_540' title='bbox 718 4014 1009 4072; x_wconf 88' lang='lat' dir='ltr'>adversum</span> <span class='ocrx_word' id='word_1_541' title='bbox 1036 4016 1237 4086; x_wconf 83' lang='lat' dir='ltr'>David,</span> <span class='ocrx_word' id='word_1_542' title='bbox 1276 4017 1405 4090; x_wconf 90' lang='lat' dir='ltr'>quia</span> <span class='ocrx_word' id='word_1_543' title='bbox 1438 4017 1777 4089; x_wconf 89' lang='lat' dir='ltr'>temporibus</span> <span class='ocrx_word' id='word_1_544' title='bbox 1802 4034 1993 4089; x_wconf 90' lang='lat' dir='ltr'>perse-</span> 
     </span>
    </p>
   </div>
   <div class='ocr_carea' id='block_1_74' title="bbox 395 4105 1990 4177">
    <p class='ocr_par' dir='ltr' id='par_1_74' title="bbox 395 4105 1990 4177">
     <span class='ocr_line' id='line_1_74' title="bbox 395 4105 1990 4177; baseline 0.004 -21"><span class='ocrx_word' id='word_1_545' title='bbox 395 4109 653 4157; x_wconf 89' lang='lat' dir='ltr'>cutorum</span> <span class='ocrx_word' id='word_1_546' title='bbox 683 4120 809 4159; x_wconf 90' lang='lat' dir='ltr'>cum</span> <span class='ocrx_word' id='word_1_547' title='bbox 855 4105 948 4160; x_wconf 90' lang='lat' dir='ltr'>alii</span> <span class='ocrx_word' id='word_1_548' title='bbox 980 4107 1332 4177; x_wconf 89' lang='lat' dir='ltr'>punirentur,</span> <span class='ocrx_word' id='word_1_549' title='bbox 1365 4107 1458 4162; x_wconf 89' lang='lat' dir='ltr'>alii</span> <span class='ocrx_word' id='word_1_550' title='bbox 1490 4113 1681 4163; x_wconf 89' lang='lat' dir='ltr'>contra</span> <span class='ocrx_word' id='word_1_551' title='bbox 1710 4105 1990 4164; x_wconf 87' lang='lat' dir='ltr'>Christum</span> 
     </span>
    </p>
   </div>
   <div class='ocr_carea' id='block_1_75' title="bbox 397 4187 1991 4268">
    <p class='ocr_par' dir='ltr' id='par_1_75' title="bbox 397 4187 1991 4268">
     <span class='ocr_line' id='line_1_75' title="bbox 397 4187 1991 4268; baseline 0.007 -28"><span class='ocrx_word' id='word_1_552' title='bbox 397 4187 770 4259; x_wconf 84' lang='lat' dir='ltr'>insurgebant,</span> <span class='ocrx_word' id='word_1_553' title='bbox 804 4200 866 4247; x_wconf 86' lang='lat' dir='ltr'>ut</span> <span class='ocrx_word' id='word_1_554' title='bbox 915 4193 1035 4265; x_wconf 88' lang='lat' dir='ltr'>ejus</span> <span class='ocrx_word' id='word_1_555' title='bbox 1067 4212 1265 4251; x_wconf 90' lang='lat' dir='ltr'>nomen</span> <span class='ocrx_word' id='word_1_556' title='bbox 1293 4204 1457 4268; x_wconf 87' lang='lat' dir='ltr'>atque</span> <span class='ocrx_word' id='word_1_557' title='bbox 1509 4197 1781 4251; x_wconf 90' lang='lat' dir='ltr'>culturam</span> <span class='ocrx_word' id='word_1_558' title='bbox 1809 4195 1991 4251; x_wconf 87' lang='lat' dir='ltr'>fundi-</span> 
     </span>
    </p>
   </div>
   <div class='ocr_carea' id='block_1_76' title="bbox 393 4277 1991 4356">
    <p class='ocr_par' dir='ltr' id='par_1_76' title="bbox 393 4277 1991 4356">
     <span class='ocr_line' id='line_1_76' title="bbox 393 4277 1991 4356; baseline 0.005 -26"><span class='ocrx_word' id='word_1_559' title='bbox 393 4282 483 4330; x_wconf 89' lang='lat' dir='ltr'>tus</span> <span class='ocrx_word' id='word_1_560' title='bbox 510 4277 1055 4350; x_wconf 83' lang='lat' dir='ltr'>exstinguerent.Sed</span> <span class='ocrx_word' id='word_1_561' title='bbox 1082 4283 1261 4338; x_wconf 89' lang='lat' dir='ltr'>David</span> <span class='ocrx_word' id='word_1_562' title='bbox 1282 4284 1725 4356; x_wconf 89' lang='lat' dir='ltr'>apprehendebat</span> <span class='ocrx_word' id='word_1_563' title='bbox 1746 4291 1991 4339; x_wconf 91' lang='lat' dir='ltr'>mentum</span> 
     </span>
    </p>
   </div>
   <div class='ocr_carea' id='block_1_77' title="bbox 393 4367 1986 4445">
    <p class='ocr_par' dir='ltr' id='par_1_77' title="bbox 393 4367 1986 4445">
     <span class='ocr_line' id='line_1_77' title="bbox 393 4367 1986 4445; baseline 0.007 -27"><span class='ocrx_word' id='word_1_564' title='bbox 393 4379 609 4432; x_wconf 90' lang='lat' dir='ltr'>eorum,</span> <span class='ocrx_word' id='word_1_565' title='bbox 669 4375 723 4422; x_wconf 90' lang='lat' dir='ltr'>et</span> <span class='ocrx_word' id='word_1_566' title='bbox 768 4367 1089 4438; x_wconf 77' lang='lat' dir='ltr'>suffocabat,</span> <span class='ocrx_word' id='word_1_567' title='bbox 1141 4371 1611 4444; x_wconf 85' lang='lat' dir='ltr'>interﬁciehatque</span> <span class='ocrx_word' id='word_1_568' title='bbox 1655 4388 1746 4428; x_wconf 90' lang='lat' dir='ltr'>eos</span> <span class='ocrx_word' id='word_1_569' title='bbox 1787 4374 1841 4428; x_wconf 69' lang='grc' dir='ltr'>Ἰ</span> <span class='ocrx_word' id='word_1_570' title='bbox 1864 4375 1986 4445; x_wconf 55' lang='lat' dir='ltr'>Reg.</span> 
     </span>
    </p>
   </div>
   <div class='ocr_carea' id='block_1_78' title="bbox 392 4456 1987 4533">
    <p class='ocr_par' dir='ltr' id='par_1_78' title="bbox 392 4456 1987 4533">
     <span class='ocr_line' id='line_1_78' title="bbox 392 4456 1987 4533; baseline 0.006 -24"><span class='ocrx_word' id='word_1_571' title='bbox 392 4471 533 4523; x_wconf 84' lang='lat' dir='ltr'>xvn,</span> <span class='ocrx_word' id='word_1_572' title='bbox 583 4456 697 4525; x_wconf 78' lang='lat'>35).</span> <span class='ocrx_word' id='word_1_573' title='bbox 756 4456 857 4511; x_wconf 91' lang='lat' dir='ltr'>Per</span> <span class='ocrx_word' id='word_1_574' title='bbox 914 4465 1186 4526; x_wconf 90' lang='lat' dir='ltr'>mentum,</span> <span class='ocrx_word' id='word_1_575' title='bbox 1251 4461 1396 4532; x_wconf 91' lang='lat' dir='ltr'>quod</span> <span class='ocrx_word' id='word_1_576' title='bbox 1427 4462 1509 4516; x_wconf 94' lang='lat' dir='ltr'>ori</span> <span class='ocrx_word' id='word_1_577' title='bbox 1540 4470 1622 4517; x_wconf 89' lang='lat' dir='ltr'>est</span> <span class='ocrx_word' id='word_1_578' title='bbox 1650 4461 1987 4533; x_wconf 82' lang='lat' dir='ltr'>proximum,</span> 
     </span>
    </p>
   </div>
   <div class='ocr_carea' id='block_1_79' title="bbox 390 4542 1984 4622">
    <p class='ocr_par' dir='ltr' id='par_1_79' title="bbox 390 4542 1984 4622">
     <span class='ocr_line' id='line_1_79' title="bbox 390 4542 1984 4622; baseline 0.005 -24"><span class='ocrx_word' id='word_1_579' title='bbox 390 4542 744 4617; x_wconf 63' lang='lat' dir='ltr'>blasphemiae</span> <span class='ocrx_word' id='word_1_580' title='bbox 772 4546 1084 4603; x_wconf 63' lang='lat' dir='ltr'>Judmorum</span> <span class='ocrx_word' id='word_1_581' title='bbox 1116 4555 1286 4620; x_wconf 89' lang='lat' dir='ltr'>atque</span> <span class='ocrx_word' id='word_1_582' title='bbox 1335 4564 1668 4620; x_wconf 89' lang='lat' dir='ltr'>paganorum</span> <span class='ocrx_word' id='word_1_583' title='bbox 1698 4549 1984 4622; x_wconf 87' lang='lat' dir='ltr'>designan-</span> 
     </span>
    </p>
   </div>
   <div class='ocr_carea' id='block_1_80' title="bbox 389 4634 1982 4710">
    <p class='ocr_par' dir='ltr' id='par_1_80' title="bbox 389 4634 1982 4710">
     <span class='ocr_line' id='line_1_80' title="bbox 389 4634 1982 4710; baseline 0.003 -19"><span class='ocrx_word' id='word_1_584' title='bbox 389 4643 498 4691; x_wconf 87' lang='lat' dir='ltr'>tur.</span> <span class='ocrx_word' id='word_1_585' title='bbox 541 4634 794 4692; x_wconf 88' lang='lat' dir='ltr'>Christus</span> <span class='ocrx_word' id='word_1_586' title='bbox 853 4642 1099 4692; x_wconf 87' lang='lat' dir='ltr'>mentum</span> <span class='ocrx_word' id='word_1_587' title='bbox 1148 4646 1555 4710; x_wconf 88' lang='lat' dir='ltr'>persecutorum</span> <span class='ocrx_word' id='word_1_588' title='bbox 1601 4639 1982 4710; x_wconf 89' lang='lat' dir='ltr'>apprehendit,</span> 
     </span>
    </p>
   </div>
   <div class='ocr_carea' id='block_1_81' title="bbox 388 4725 1983 4801">
    <p class='ocr_par' dir='ltr' id='par_1_81' title="bbox 388 4725 1983 4801">
     <span class='ocr_line' id='line_1_81' title="bbox 388 4725 1983 4801; baseline 0.004 -21"><span class='ocrx_word' id='word_1_589' title='bbox 388 4732 443 4780; x_wconf 92' lang='lat' dir='ltr'>et</span> <span class='ocrx_word' id='word_1_590' title='bbox 487 4725 796 4794; x_wconf 80' lang='lat' dir='ltr'>suffocavit,</span> <span class='ocrx_word' id='word_1_591' title='bbox 846 4726 1231 4800; x_wconf 86' lang='lat' dir='ltr'>interfecitque</span> <span class='ocrx_word' id='word_1_592' title='bbox 1279 4743 1408 4795; x_wconf 90' lang='lat' dir='ltr'>eos;</span> <span class='ocrx_word' id='word_1_593' title='bbox 1445 4728 1664 4800; x_wconf 91' lang='lat' dir='ltr'>quando</span> <span class='ocrx_word' id='word_1_594' title='bbox 1693 4728 1983 4801; x_wconf 87' lang='lat' dir='ltr'>imperato-</span> 
     </span>
    </p>
   </div>
   <div class='ocr_carea' id='block_1_82' title="bbox 387 4813 1984 4893">
    <p class='ocr_par' dir='ltr' id='par_1_82' title="bbox 387 4813 1984 4893">
     <span class='ocr_line' id='line_1_82' title="bbox 387 4813 1984 4893; baseline 0.005 -25"><span class='ocrx_word' id='word_1_595' title='bbox 387 4813 542 4870; x_wconf 89' lang='lat' dir='ltr'>ribus</span> <span class='ocrx_word' id='word_1_596' title='bbox 569 4814 629 4871; x_wconf 90' lang='lat' dir='ltr'>in</span> <span class='ocrx_word' id='word_1_597' title='bbox 660 4816 939 4893; x_wconf 88' lang='lat' dir='ltr'>Christum</span> <span class='ocrx_word' id='word_1_598' title='bbox 973 4816 1344 4882; x_wconf 86' lang='lat' dir='ltr'>credentibus,</span> <span class='ocrx_word' id='word_1_599' title='bbox 1368 4816 1549 4873; x_wconf 91' lang='lat' dir='ltr'>omnis</span> <span class='ocrx_word' id='word_1_600' title='bbox 1574 4819 1793 4875; x_wconf 89' lang='lat' dir='ltr'>cultura</span> <span class='ocrx_word' id='word_1_601' title='bbox 1820 4827 1873 4875; x_wconf 91' lang='lat' dir='ltr'>et</span> <span class='ocrx_word' id='word_1_602' title='bbox 1902 4836 1984 4876; x_wconf 86' lang='lat' dir='ltr'>er-</span> 
     </span>
    </p>
   </div>
   <div class='ocr_carea' id='block_1_83' title="bbox 387 4904 1984 4980">
    <p class='ocr_par' dir='ltr' id='par_1_83' title="bbox 387 4904 1984 4980">
     <span class='ocr_line' id='line_1_83' title="bbox 387 4904 1984 4980; baseline 0.005 -23"><span class='ocrx_word' id='word_1_603' title='bbox 387 4918 480 4958; x_wconf 89' lang='lat' dir='ltr'>ror</span> <span class='ocrx_word' id='word_1_604' title='bbox 511 4904 800 4975; x_wconf 88' lang='lat' dir='ltr'>gentilium</span> <span class='ocrx_word' id='word_1_605' title='bbox 833 4904 910 4960; x_wconf 90' lang='lat' dir='ltr'>ita</span> <span class='ocrx_word' id='word_1_606' title='bbox 938 4904 1240 4961; x_wconf 79' lang='lat' dir='ltr'>suffocatus</span> <span class='ocrx_word' id='word_1_607' title='bbox 1266 4911 1366 4969; x_wconf 67' lang='lat' dir='ltr'>est,</span> <span class='ocrx_word' id='word_1_608' title='bbox 1409 4912 1472 4960; x_wconf 92' lang='lat' dir='ltr'>ut</span> <span class='ocrx_word' id='word_1_609' title='bbox 1501 4907 1691 4963; x_wconf 89' lang='lat' dir='ltr'>nullus</span> <span class='ocrx_word' id='word_1_610' title='bbox 1719 4923 1984 4980; x_wconf 88' lang='lat' dir='ltr'>persecu-</span> 
     </span>
    </p>
   </div>
   <div class='ocr_carea' id='block_1_84' title="bbox 382 4992 1981 5068">
    <p class='ocr_par' dir='ltr' id='par_1_84' title="bbox 382 4992 1981 5068">
     <span class='ocr_line' id='line_1_84' title="bbox 382 4992 1981 5068; baseline 0.004 -22"><span class='ocrx_word' id='word_1_611' title='bbox 382 4998 566 5047; x_wconf 90' lang='lat' dir='ltr'>torum</span> <span class='ocrx_word' id='word_1_612' title='bbox 597 4992 822 5049; x_wconf 90' lang='lat' dir='ltr'>auderet</span> <span class='ocrx_word' id='word_1_613' title='bbox 851 5009 912 5049; x_wconf 91' lang='lat' dir='ltr'>os</span> <span class='ocrx_word' id='word_1_614' title='bbox 938 4992 1008 5047; x_wconf 90' lang='lat' dir='ltr'>ad</span> <span class='ocrx_word' id='word_1_615' title='bbox 1036 4993 1531 5065; x_wconf 88' lang='lat' dir='ltr'>blasphemandum</span> <span class='ocrx_word' id='word_1_616' title='bbox 1553 4995 1835 5053; x_wconf 92' lang='lat' dir='ltr'>Christum</span> <span class='ocrx_word' id='word_1_617' title='bbox 1857 5013 1981 5068; x_wconf 88' lang='lat' dir='ltr'>ape-</span> 
     </span>
    </p>
   </div>
   <div class='ocr_carea' id='block_1_85' title="bbox 384 5083 1979 5157">
    <p class='ocr_par' dir='ltr' id='par_1_85' title="bbox 384 5083 1979 5157">
     <span class='ocr_line' id='line_1_85' title="bbox 384 5083 1979 5157; baseline 0.003 -19"><span class='ocrx_word' id='word_1_618' title='bbox 384 5083 512 5151; x_wconf 91' lang='lat' dir='ltr'>rire;</span> <span class='ocrx_word' id='word_1_619' title='bbox 560 5099 859 5157; x_wconf 89' lang='lat' dir='ltr'>omnesque</span> <span class='ocrx_word' id='word_1_620' title='bbox 884 5083 1145 5139; x_wconf 86' lang='lat' dir='ltr'>exstincti</span> <span class='ocrx_word' id='word_1_621' title='bbox 1169 5091 1317 5153; x_wconf 89' lang='lat' dir='ltr'>sunt,</span> <span class='ocrx_word' id='word_1_622' title='bbox 1348 5084 1700 5143; x_wconf 88' lang='lat' dir='ltr'>credentibus</span> <span class='ocrx_word' id='word_1_623' title='bbox 1732 5085 1792 5141; x_wconf 90' lang='lat' dir='ltr'>in</span> <span class='ocrx_word' id='word_1_624' title='bbox 1822 5085 1979 5144; x_wconf 87' lang='lat' dir='ltr'>Chri-</span> 
     </span>
    </p>
   </div>
   <div class='ocr_carea' id='block_1_86' title="bbox 382 5172 993 5244">
    <p class='ocr_par' dir='ltr' id='par_1_86' title="bbox 382 5172 993 5244">
     <span class='ocr_line' id='line_1_86' title="bbox 382 5172 993 5244; baseline 0 -17"><span class='ocrx_word' id='word_1_625' title='bbox 382 5178 526 5227; x_wconf 84' lang='lat' dir='ltr'>stum</span> <span class='ocrx_word' id='word_1_626' title='bbox 560 5172 815 5244; x_wconf 91' lang='lat' dir='ltr'>gentibus</span> <span class='ocrx_word' id='word_1_627' title='bbox 848 5172 993 5243; x_wconf 91' lang='lat'>(73).</span> 
     </span>
    </p>
   </div>
   <div class='ocr_carea' id='block_1_87' title="bbox 452 5258 1977 5319">
    <p class='ocr_par' dir='ltr' id='par_1_87' title="bbox 452 5258 1977 5319">
     <span class='ocr_line' id='line_1_87' title="bbox 452 5258 1977 5319; baseline 0 -3"><span class='ocrx_word' id='word_1_628' title='bbox 452 5260 603 5317; x_wconf 89' lang='lat' dir='ltr'>Idem</span> <span class='ocrx_word' id='word_1_629' title='bbox 659 5271 841 5318; x_wconf 89' lang='lat' dir='ltr'>autem</span> <span class='ocrx_word' id='word_1_630' title='bbox 872 5258 1052 5317; x_wconf 90' lang='lat' dir='ltr'>David</span> <span class='ocrx_word' id='word_1_631' title='bbox 1077 5276 1203 5316; x_wconf 90' lang='lat' dir='ltr'>cum</span> <span class='ocrx_word' id='word_1_632' title='bbox 1228 5260 1297 5316; x_wconf 90' lang='lat' dir='ltr'>ad</span> <span class='ocrx_word' id='word_1_633' title='bbox 1333 5260 1540 5318; x_wconf 89' lang='lat' dir='ltr'>bellum</span> <span class='ocrx_word' id='word_1_634' title='bbox 1567 5269 1761 5319; x_wconf 89' lang='lat' dir='ltr'>contra</span> <span class='ocrx_word' id='word_1_635' title='bbox 1805 5260 1977 5317; x_wconf 90' lang='lat' dir='ltr'>Phili-</span> 
     </span>
    </p>
   </div>
   <div class='ocr_carea' id='block_1_88' title="bbox 356 5343 1974 5423">
    <p class='ocr_par' dir='ltr' id='par_1_88' title="bbox 356 5343 1974 5423">
     <span class='ocr_line' id='line_1_88' title="bbox 356 5343 1974 5423; baseline 0.001 -19"><span class='ocrx_word' id='word_1_636' title='bbox 356 5343 574 5404; x_wconf 69' lang='lat' dir='ltr'>&#39;staeum</span> <span class='ocrx_word' id='word_1_637' title='bbox 604 5348 729 5417; x_wconf 91' lang='lat' dir='ltr'>iret,</span> <span class='ocrx_word' id='word_1_638' title='bbox 762 5349 1019 5405; x_wconf 87' lang='lat' dir='ltr'>baculum</span> <span class='ocrx_word' id='word_1_639' title='bbox 1051 5364 1214 5405; x_wconf 90' lang='lat' dir='ltr'>suum</span> <span class='ocrx_word' id='word_1_640' title='bbox 1244 5348 1376 5405; x_wconf 90' lang='lat' dir='ltr'>tulit</span> <span class='ocrx_word' id='word_1_641' title='bbox 1403 5366 1609 5420; x_wconf 88' lang='lat' dir='ltr'>secum,</span> <span class='ocrx_word' id='word_1_642' title='bbox 1647 5366 1808 5423; x_wconf 91' lang='lat' dir='ltr'>quem</span> <span class='ocrx_word' id='word_1_643' title='bbox 1836 5366 1974 5406; x_wconf 86' lang='lat' dir='ltr'>sem-</span> 
     </span>
    </p>
   </div>
   <div class='ocr_carea' id='block_1_89' title="bbox 451 5455 1973 5528">
    <p class='ocr_par' dir='ltr' id='par_1_89' title="bbox 451 5455 1973 5528">
     <span class='ocr_line' id='line_1_89' title="bbox 451 5455 1973 5528; baseline 0.002 -17"><span class='ocrx_word' id='word_1_644' title='bbox 451 5456 568 5528; x_wconf 90' lang='lat'>(73)</span> <span class='ocrx_word' id='word_1_645' title='bbox 604 5458 890 5528; x_wconf 77' lang='lat' dir='ltr'>Omnesque</span> <span class='ocrx_word' id='word_1_646' title='bbox 916 5455 1159 5512; x_wconf 73' lang='lat' dir='ltr'>exstincti</span> <span class='ocrx_word' id='word_1_647' title='bbox 1202 5461 1343 5528; x_wconf 74' lang='lat' dir='ltr'>sunt,</span> <span class='ocrx_word' id='word_1_648' title='bbox 1375 5457 1701 5513; x_wconf 84' lang='lat' dir='ltr'>credentibus</span> <span class='ocrx_word' id='word_1_649' title='bbox 1732 5458 1787 5513; x_wconf 78' lang='lat' dir='ltr'>in</span> <span class='ocrx_word' id='word_1_650' title='bbox 1820 5458 1973 5516; x_wconf 73' lang='lat' dir='ltr'>Chri-</span> 
     </span>
    </p>
   </div>
   <div class='ocr_carea' id='block_1_90' title="bbox 377 5526 1420 5676">
    <p class='ocr_par' dir='ltr' id='par_1_90' title="bbox 377 5526 1420 5676">
     <span class='ocr_line' id='line_1_90' title="bbox 377 5526 1420 5592; baseline 0.005 -13"><span class='ocrx_word' id='word_1_651' title='bbox 377 5526 515 5581; x_wconf 80' lang='lat' dir='ltr'>stum</span> <span class='ocrx_word' id='word_1_652' title='bbox 548 5526 815 5592; x_wconf 55' lang='lat' dir='ltr'>&#39;entibus,</span> <span class='ocrx_word' id='word_1_653' title='bbox 829 5544 899 5583; x_wconf 86' lang='lat' dir='ltr'>ex</span> <span class='ocrx_word' id='word_1_654' title='bbox 923 5544 1053 5584; x_wconf 89' lang='lat' dir='ltr'>mss.</span> <span class='ocrx_word' id='word_1_655' title='bbox 1087 5526 1420 5584; x_wconf 88' lang='lat' dir='ltr'>restituitur.</span> 
     </span>
     <span class='ocr_line' id='line_1_91' title="bbox 452 5545 1420 5676; baseline 0.005 -27"><span class='ocrx_word' id='word_1_656' title='bbox 452 5545 579 5676; x_wconf 45' lang='grc'>(743</span> <span class='ocrx_word' id='word_1_657' title='bbox 599 5597 803 5676; x_wconf 69' lang='lat' dir='ltr'>omnes</span> <span class='ocrx_word' id='word_1_658' title='bbox 829 5597 1003 5676; x_wconf 79' lang='lat' dir='ltr'>edit.,</span> <span class='ocrx_word' id='word_1_659' title='bbox 1050 5596 1368 5665; x_wconf 72' lang='lat' dir='ltr'>Philisthwi,</span> <span class='ocrx_word' id='word_1_660' title='bbox 1407 5617 1420 5654; x_wconf 82' lang='grc' dir='ltr'>ι</span> 
     </span>
    </p>
   </div>
   <div class='ocr_carea' id='block_1_91' title="bbox 452 5596 1974 5672">
    <p class='ocr_par' dir='ltr' id='par_1_91' title="bbox 452 5596 1974 5672">
     <span class='ocr_line' id='line_1_92' title="bbox 452 5596 1974 5672; baseline 0.006 -23"><span class='ocrx_word' id='word_1_661' title='bbox 452 5596 803 5672; x_wconf 60' lang='lat' dir='ltr'>(74)Oinnes</span> <span class='ocrx_word' id='word_1_662' title='bbox 844 5597 1003 5666; x_wconf 91' lang='lat' dir='ltr'>edit.,</span> <span class='ocrx_word' id='word_1_663' title='bbox 1050 5596 1368 5665; x_wconf 71' lang='lat' dir='ltr'>Philisthwi,</span> <span class='ocrx_word' id='word_1_664' title='bbox 1407 5603 1455 5654; x_wconf 91' lang='lat' dir='ltr'>et</span> <span class='ocrx_word' id='word_1_665' title='bbox 1481 5605 1640 5672; x_wconf 86' lang='lat' dir='ltr'>caput</span> <span class='ocrx_word' id='word_1_666' title='bbox 1666 5599 1817 5659; x_wconf 75' lang='lat' dir='ltr'>illius</span> <span class='ocrx_word' id='word_1_667' title='bbox 1846 5619 1974 5660; x_wconf 84' lang='lat' dir='ltr'>am-</span> 
     </span>
    </p>
   </div>
   <div class='ocr_carea' id='block_1_92' title="bbox 372 5667 1175 5734">
    <p class='ocr_par' dir='ltr' id='par_1_92' title="bbox 372 5667 1175 5734">
     <span class='ocr_line' id='line_1_93' title="bbox 372 5667 1175 5734; baseline 0.011 -18"><span class='ocrx_word' id='word_1_668' title='bbox 372 5667 600 5732; x_wconf 77' lang='lat' dir='ltr'>putavit.</span> <span class='ocrx_word' id='word_1_669' title='bbox 632 5667 737 5721; x_wconf 81' lang='lat' dir='ltr'>Iste</span> <span class='ocrx_word' id='word_1_670' title='bbox 765 5672 859 5734; x_wconf 83' lang='lat' dir='ltr'>est,</span> <span class='ocrx_word' id='word_1_671' title='bbox 891 5674 996 5723; x_wconf 85' lang='lat' dir='ltr'>etc.</span> <span class='ocrx_word' id='word_1_672' title='bbox 1171 5682 1175 5688; x_wconf 89' lang='lat'><em>&#39;</em></span> 
     </span>
    </p>
   </div>
   <div class='ocr_carea' id='block_1_93' title="bbox 2105 3201 3700 3279">
    <p class='ocr_par' dir='ltr' id='par_1_93' title="bbox 2105 3201 3700 3279">
     <span class='ocr_line' id='line_1_94' title="bbox 2105 3201 3700 3279; baseline 0.004 -23"><span class='ocrx_word' id='word_1_673' title='bbox 2105 3202 2238 3257; x_wconf 91' lang='lat' dir='ltr'>tulit</span> <span class='ocrx_word' id='word_1_674' title='bbox 2277 3201 2518 3274; x_wconf 88' lang='lat' dir='ltr'>gladium</span> <span class='ocrx_word' id='word_1_675' title='bbox 2576 3203 2881 3274; x_wconf 75' lang='lat' dir='ltr'>Philistzei,</span> <span class='ocrx_word' id='word_1_676' title='bbox 2926 3213 2980 3261; x_wconf 91' lang='lat' dir='ltr'>et</span> <span class='ocrx_word' id='word_1_677' title='bbox 3025 3207 3301 3264; x_wconf 82' lang='lat' dir='ltr'>interfecit</span> <span class='ocrx_word' id='word_1_678' title='bbox 3341 3223 3469 3263; x_wconf 90' lang='lat' dir='ltr'>eum</span> <span class='ocrx_word' id='word_1_679' title='bbox 3517 3206 3700 3279; x_wconf 86' lang='lat' dir='ltr'>gladio</span> 
     </span>
    </p>
   </div>
   <div class='ocr_carea' id='block_1_94' title="bbox 2074 3293 3696 3368">
    <p class='ocr_par' dir='ltr' id='par_1_94' title="bbox 2074 3293 3696 3368">
     <span class='ocr_line' id='line_1_95' title="bbox 2074 3293 3696 3368; baseline 0.001 -18"><span class='ocrx_word' id='word_1_680' title='bbox 2074 3310 2202 3365; x_wconf 45' lang='lat' dir='ltr'>.suo</span> <span class='ocrx_word' id='word_1_681' title='bbox 2251 3293 2391 3365; x_wconf 76' lang='grc'>(74),</span> <span class='ocrx_word' id='word_1_682' title='bbox 2424 3294 2783 3367; x_wconf 77' lang='lat' dir='ltr'>praeciditque</span> <span class='ocrx_word' id='word_1_683' title='bbox 2825 3303 2987 3368; x_wconf 88' lang='lat' dir='ltr'>caput</span> <span class='ocrx_word' id='word_1_684' title='bbox 3034 3296 3172 3368; x_wconf 88' lang='lat' dir='ltr'>ejus.</span> <span class='ocrx_word' id='word_1_685' title='bbox 3221 3296 3453 3353; x_wconf 90' lang='lat' dir='ltr'>Gladius</span> <span class='ocrx_word' id='word_1_686' title='bbox 3489 3296 3696 3352; x_wconf 84' lang='lat' dir='ltr'>diaboli</span> 
     </span>
    </p>
   </div>
   <div class='ocr_carea' id='block_1_95' title="bbox 2103 3385 3698 3444">
    <p class='ocr_par' dir='ltr' id='par_1_95' title="bbox 2103 3385 3698 3444">
     <span class='ocr_line' id='line_1_96' title="bbox 2103 3385 3698 3444; baseline 0.003 -5"><span class='ocrx_word' id='word_1_687' title='bbox 2103 3400 2250 3439; x_wconf 90' lang='lat' dir='ltr'>mors</span> <span class='ocrx_word' id='word_1_688' title='bbox 2295 3391 2377 3440; x_wconf 90' lang='lat' dir='ltr'>est</span> <span class='ocrx_word' id='word_1_689' title='bbox 2409 3401 2421 3440; x_wconf 91' lang='lat'><em>:</em></span> <span class='ocrx_word' id='word_1_690' title='bbox 2485 3410 2504 3434; x_wconf 73' lang='grc' dir='ltr'>ι</span> <span class='ocrx_word' id='word_1_691' title='bbox 2526 3385 2744 3441; x_wconf 89' lang='lat' dir='ltr'>Invidia</span> <span class='ocrx_word' id='word_1_692' title='bbox 2771 3386 2916 3440; x_wconf 92' lang='lat' dir='ltr'>enim</span> <span class='ocrx_word' id='word_1_693' title='bbox 2955 3386 3163 3443; x_wconf 90' lang='lat' dir='ltr'>diaboli</span> <span class='ocrx_word' id='word_1_694' title='bbox 3195 3404 3343 3443; x_wconf 92' lang='lat' dir='ltr'>mors</span> <span class='ocrx_word' id='word_1_695' title='bbox 3376 3387 3610 3444; x_wconf 88' lang='lat' dir='ltr'>intravit</span> <span class='ocrx_word' id='word_1_696' title='bbox 3641 3388 3698 3444; x_wconf 88' lang='lat' dir='ltr'>in</span> 
     </span>
    </p>
   </div>
   <div class='ocr_carea' id='block_1_96' title="bbox 2102 3477 3695 3554">
    <p class='ocr_par' dir='ltr' id='par_1_96' title="bbox 2102 3477 3695 3554">
     <span class='ocr_line' id='line_1_97' title="bbox 2102 3477 3695 3554; baseline 0.001 -19"><span class='ocrx_word' id='word_1_697' title='bbox 2102 3477 2288 3535; x_wconf 91' lang='lat' dir='ltr'>orbem</span> <span class='ocrx_word' id='word_1_698' title='bbox 2349 3486 2615 3535; x_wconf 90' lang='lat' dir='ltr'>terrarum</span> <span class='ocrx_word' id='word_1_699' title='bbox 2674 3478 2826 3549; x_wconf 85' lang='lat' dir='ltr'>(Sap.</span> <span class='ocrx_word' id='word_1_700' title='bbox 2868 3496 2930 3545; x_wconf 77' lang='grc' dir='ltr'>ιι,</span> <span class='ocrx_word' id='word_1_701' title='bbox 2978 3480 3089 3552; x_wconf 77' lang='grc'>24).</span> <span class='ocrx_word' id='word_1_702' title='bbox 3141 3507 3159 3530; x_wconf 76' lang='grc' dir='ltr'>ι</span> <span class='ocrx_word' id='word_1_703' title='bbox 3216 3483 3322 3537; x_wconf 90' lang='lat' dir='ltr'>Iste</span> <span class='ocrx_word' id='word_1_704' title='bbox 3350 3491 3435 3537; x_wconf 90' lang='lat' dir='ltr'>est</span> <span class='ocrx_word' id='word_1_705' title='bbox 3459 3481 3695 3554; x_wconf 86' lang='lat' dir='ltr'>gladius,</span> 
     </span>
    </p>
   </div>
   <div class='ocr_carea' id='block_1_97' title="bbox 2103 3559 3696 3641">
    <p class='ocr_par' dir='ltr' id='par_1_97' title="bbox 2103 3559 3696 3641">
     <span class='ocr_line' id='line_1_98' title="bbox 2103 3559 3696 3641; baseline 0.008 -27"><span class='ocrx_word' id='word_1_706' title='bbox 2103 3575 2211 3632; x_wconf 91' lang='lat' dir='ltr'>quo</span> <span class='ocrx_word' id='word_1_707' title='bbox 2241 3559 2481 3632; x_wconf 88' lang='lat' dir='ltr'>primum</span> <span class='ocrx_word' id='word_1_708' title='bbox 2512 3561 2818 3631; x_wconf 85' lang='lat' dir='ltr'>hominem,</span> <span class='ocrx_word' id='word_1_709' title='bbox 2851 3567 3050 3625; x_wconf 91' lang='lat' dir='ltr'>deinde</span> <span class='ocrx_word' id='word_1_710' title='bbox 3077 3587 3245 3641; x_wconf 85' lang='lat' dir='ltr'>genus</span> <span class='ocrx_word' id='word_1_711' title='bbox 3274 3570 3580 3626; x_wconf 88' lang='lat' dir='ltr'>humanum</span> <span class='ocrx_word' id='word_1_712' title='bbox 3610 3587 3696 3626; x_wconf 82' lang='lat' dir='ltr'>us-</span> 
     </span>
    </p>
   </div>
   <div class='ocr_carea' id='block_1_98' title="bbox 2102 3650 3697 3729">
    <p class='ocr_par' dir='ltr' id='par_1_98' title="bbox 2102 3650 3697 3729">
     <span class='ocr_line' id='line_1_99' title="bbox 2102 3650 3697 3729; baseline 0.008 -25"><span class='ocrx_word' id='word_1_713' title='bbox 2102 3666 2207 3723; x_wconf 89' lang='lat' dir='ltr'>que</span> <span class='ocrx_word' id='word_1_714' title='bbox 2254 3650 2387 3706; x_wconf 91' lang='lat' dir='ltr'>dum</span> <span class='ocrx_word' id='word_1_715' title='bbox 2434 3667 2466 3706; x_wconf 90' lang='lat' dir='ltr'>a</span> <span class='ocrx_word' id='word_1_716' title='bbox 2517 3652 2746 3712; x_wconf 86' lang='lat' dir='ltr'>Christo</span> <span class='ocrx_word' id='word_1_717' title='bbox 2778 3656 3161 3729; x_wconf 91' lang='lat' dir='ltr'>redimeretur,</span> <span class='ocrx_word' id='word_1_718' title='bbox 3194 3661 3495 3717; x_wconf 83' lang='lat' dir='ltr'>interfecit.</span> <span class='ocrx_word' id='word_1_719' title='bbox 3542 3661 3697 3716; x_wconf 85' lang='lat' dir='ltr'>Hunc</span> 
     </span>
    </p>
   </div>
   <div class='ocr_carea' id='block_1_99' title="bbox 2102 3739 3695 3821">
    <p class='ocr_par' dir='ltr' id='par_1_99' title="bbox 2102 3739 3695 3821">
     <span class='ocr_line' id='line_1_100' title="bbox 2102 3739 3695 3821; baseline 0.006 -26"><span class='ocrx_word' id='word_1_720' title='bbox 2102 3739 2343 3812; x_wconf 89' lang='lat' dir='ltr'>gladium</span> <span class='ocrx_word' id='word_1_721' title='bbox 2396 3740 2771 3814; x_wconf 89' lang='lat' dir='ltr'>incurrimus,</span> <span class='ocrx_word' id='word_1_722' title='bbox 2826 3764 2949 3803; x_wconf 91' lang='lat' dir='ltr'>cum</span> <span class='ocrx_word' id='word_1_723' title='bbox 3001 3765 3290 3821; x_wconf 89' lang='lat' dir='ltr'>peccamus</span> <span class='ocrx_word' id='word_1_724' title='bbox 3347 3766 3359 3803; x_wconf 90' lang='lat'><strong>:</strong></span> <span class='ocrx_word' id='word_1_725' title='bbox 3420 3749 3518 3805; x_wconf 89' lang='lat' dir='ltr'>sed</span> <span class='ocrx_word' id='word_1_726' title='bbox 3550 3748 3695 3805; x_wconf 89' lang='lat' dir='ltr'>hunc</span> 
     </span>
    </p>
   </div>
   <div class='ocr_carea' id='block_1_100' title="bbox 2103 3830 3692 3910">
    <p class='ocr_par' dir='ltr' id='par_1_100' title="bbox 2103 3830 3692 3910">
     <span class='ocr_line' id='line_1_101' title="bbox 2103 3830 3692 3910; baseline 0.008 -25"><span class='ocrx_word' id='word_1_727' title='bbox 2103 3830 2343 3904; x_wconf 91' lang='lat' dir='ltr'>gladium</span> <span class='ocrx_word' id='word_1_728' title='bbox 2377 3830 2635 3888; x_wconf 90' lang='lat' dir='ltr'>Christus</span> <span class='ocrx_word' id='word_1_729' title='bbox 2665 3846 2774 3885; x_wconf 91' lang='lat' dir='ltr'>non</span> <span class='ocrx_word' id='word_1_730' title='bbox 2809 3831 3074 3901; x_wconf 87' lang='lat' dir='ltr'>habebat;</span> <span class='ocrx_word' id='word_1_731' title='bbox 3109 3836 3237 3908; x_wconf 88' lang='lat' dir='ltr'>quia</span> <span class='ocrx_word' id='word_1_732' title='bbox 3266 3847 3554 3910; x_wconf 88' lang='lat' dir='ltr'>peccatum</span> <span class='ocrx_word' id='word_1_733' title='bbox 3586 3857 3692 3896; x_wconf 88' lang='lat' dir='ltr'>non</span> 
     </span>
    </p>
   </div>
   <div class='ocr_carea' id='block_1_101' title="bbox 2100 3921 3696 4001">
    <p class='ocr_par' dir='ltr' id='par_1_101' title="bbox 2100 3921 3696 4001">
     <span class='ocr_line' id='line_1_102' title="bbox 2100 3921 3696 4001; baseline 0.006 -25"><span class='ocrx_word' id='word_1_734' title='bbox 2100 3921 2322 3992; x_wconf 87' lang='lat' dir='ltr'>fecerat,</span> <span class='ocrx_word' id='word_1_735' title='bbox 2363 3939 2464 3980; x_wconf 90' lang='lat' dir='ltr'>nec</span> <span class='ocrx_word' id='word_1_736' title='bbox 2510 3923 2772 3981; x_wconf 86' lang='lat' dir='ltr'>inventus</span> <span class='ocrx_word' id='word_1_737' title='bbox 2818 3925 2997 3982; x_wconf 86' lang='lat' dir='ltr'>fuerat</span> <span class='ocrx_word' id='word_1_738' title='bbox 3034 3926 3195 3982; x_wconf 90' lang='lat' dir='ltr'>dolus</span> <span class='ocrx_word' id='word_1_739' title='bbox 3245 3929 3302 3983; x_wconf 87' lang='lat' dir='ltr'>in</span> <span class='ocrx_word' id='word_1_740' title='bbox 3351 3945 3446 3984; x_wconf 91' lang='lat' dir='ltr'>ore</span> <span class='ocrx_word' id='word_1_741' title='bbox 3476 3927 3595 4001; x_wconf 88' lang='lat' dir='ltr'>ejus</span> <span class='ocrx_word' id='word_1_742' title='bbox 3641 3930 3696 3999; x_wconf 87' lang='grc' dir='ltr'>(Ι</span> 
     </span>
    </p>
   </div>
   <div class='ocr_carea' id='block_1_102' title="bbox 2100 4014 3692 4091">
    <p class='ocr_par' dir='ltr' id='par_1_102' title="bbox 2100 4014 3692 4091">
     <span class='ocr_line' id='line_1_103' title="bbox 2100 4014 3692 4091; baseline 0.003 -22"><span class='ocrx_word' id='word_1_743' title='bbox 2100 4014 2244 4069; x_wconf 88' lang='lat' dir='ltr'>Petr.</span> <span class='ocrx_word' id='word_1_744' title='bbox 2269 4032 2330 4084; x_wconf 86' lang='grc' dir='ltr'>ιι,</span> <span class='ocrx_word' id='word_1_745' title='bbox 2354 4015 2469 4087; x_wconf 75' lang='grc'>22).</span> <span class='ocrx_word' id='word_1_746' title='bbox 2499 4015 2766 4089; x_wconf 81' lang='lat' dir='ltr'>Originali</span> <span class='ocrx_word' id='word_1_747' title='bbox 2794 4034 3012 4091; x_wconf 91' lang='lat' dir='ltr'>quoque</span> <span class='ocrx_word' id='word_1_748' title='bbox 3042 4027 3262 4090; x_wconf 84' lang='lat' dir='ltr'>peccato</span> <span class='ocrx_word' id='word_1_749' title='bbox 3286 4019 3570 4076; x_wconf 80' lang='lat' dir='ltr'>obnoxius</span> <span class='ocrx_word' id='word_1_750' title='bbox 3585 4036 3692 4074; x_wconf 89' lang='lat' dir='ltr'>non</span> 
     </span>
    </p>
   </div>
   <div class='ocr_carea' id='block_1_103' title="bbox 2100 4104 3692 4182">
    <p class='ocr_par' dir='ltr' id='par_1_103' title="bbox 2100 4104 3692 4182">
     <span class='ocr_line' id='line_1_104' title="bbox 2100 4104 3692 4182; baseline 0.006 -25"><span class='ocrx_word' id='word_1_751' title='bbox 2100 4111 2216 4159; x_wconf 90' lang='lat' dir='ltr'>erat</span> <span class='ocrx_word' id='word_1_752' title='bbox 2241 4120 2255 4171; x_wconf 90' lang='lat'>;</span> <span class='ocrx_word' id='word_1_753' title='bbox 2285 4104 2415 4177; x_wconf 89' lang='lat' dir='ltr'>quia</span> <span class='ocrx_word' id='word_1_754' title='bbox 2462 4120 2532 4160; x_wconf 86' lang='lat' dir='ltr'>ex</span> <span class='ocrx_word' id='word_1_755' title='bbox 2560 4106 2861 4163; x_wconf 90' lang='lat' dir='ltr'>concubitu</span> <span class='ocrx_word' id='word_1_756' title='bbox 2891 4107 3020 4177; x_wconf 90' lang='lat' dir='ltr'>viri,</span> <span class='ocrx_word' id='word_1_757' title='bbox 3052 4109 3147 4182; x_wconf 91' lang='lat' dir='ltr'>qui</span> <span class='ocrx_word' id='word_1_758' title='bbox 3176 4108 3295 4164; x_wconf 91' lang='lat' dir='ltr'>sine</span> <span class='ocrx_word' id='word_1_759' title='bbox 3328 4118 3553 4181; x_wconf 84' lang='lat' dir='ltr'>peccato</span> <span class='ocrx_word' id='word_1_760' title='bbox 3581 4125 3692 4165; x_wconf 84' lang='lat' dir='ltr'>esse</span> 
     </span>
    </p>
   </div>
   <div class='ocr_carea' id='block_1_104' title="bbox 2101 4196 3689 4271">
    <p class='ocr_par' dir='ltr' id='par_1_104' title="bbox 2101 4196 3689 4271">
     <span class='ocr_line' id='line_1_105' title="bbox 2101 4196 3689 4271; baseline 0.004 -26"><span class='ocrx_word' id='word_1_761' title='bbox 2101 4206 2213 4246; x_wconf 91' lang='lat' dir='ltr'>non</span> <span class='ocrx_word' id='word_1_762' title='bbox 2244 4199 2443 4265; x_wconf 89' lang='lat' dir='ltr'>potest,</span> <span class='ocrx_word' id='word_1_763' title='bbox 2477 4202 2631 4251; x_wconf 92' lang='lat' dir='ltr'>ortus</span> <span class='ocrx_word' id='word_1_764' title='bbox 2672 4212 2782 4252; x_wconf 92' lang='lat' dir='ltr'>non</span> <span class='ocrx_word' id='word_1_765' title='bbox 2829 4196 3027 4252; x_wconf 90' lang='lat' dir='ltr'>fuerat.</span> <span class='ocrx_word' id='word_1_766' title='bbox 3060 4196 3315 4255; x_wconf 89' lang='lat' dir='ltr'>Christus</span> <span class='ocrx_word' id='word_1_767' title='bbox 3358 4197 3550 4271; x_wconf 86' lang='lat' dir='ltr'>itaque</span> <span class='ocrx_word' id='word_1_768' title='bbox 3575 4198 3689 4269; x_wconf 78' lang='grc'>(75)</span> 
     </span>
    </p>
   </div>
   <div class='ocr_carea' id='block_1_105' title="bbox 2101 4281 3692 4360">
    <p class='ocr_par' dir='ltr' id='par_1_105' title="bbox 2101 4281 3692 4360">
     <span class='ocr_line' id='line_1_106' title="bbox 2101 4281 3692 4360; baseline 0.003 -24"><span class='ocrx_word' id='word_1_769' title='bbox 2101 4281 2196 4353; x_wconf 92' lang='lat' dir='ltr'>qui</span> <span class='ocrx_word' id='word_1_770' title='bbox 2226 4291 2459 4338; x_wconf 89' lang='lat' dir='ltr'>mortem</span> <span class='ocrx_word' id='word_1_771' title='bbox 2489 4302 2560 4341; x_wconf 76' lang='lat' dir='ltr'>ex</span> <span class='ocrx_word' id='word_1_772' title='bbox 2584 4284 2771 4343; x_wconf 89' lang='lat' dir='ltr'>debito</span> <span class='ocrx_word' id='word_1_773' title='bbox 2816 4302 2928 4342; x_wconf 91' lang='lat' dir='ltr'>non</span> <span class='ocrx_word' id='word_1_774' title='bbox 2958 4285 3212 4355; x_wconf 80' lang='lat' dir='ltr'>habebat,</span> <span class='ocrx_word' id='word_1_775' title='bbox 3260 4302 3292 4342; x_wconf 88' lang='lat' dir='ltr'>a</span> <span class='ocrx_word' id='word_1_776' title='bbox 3335 4286 3563 4344; x_wconf 89' lang='lat' dir='ltr'>diabolo</span> <span class='ocrx_word' id='word_1_777' title='bbox 3600 4287 3692 4360; x_wconf 90' lang='lat' dir='ltr'>qui</span> 
     </span>
    </p>
   </div>
   <div class='ocr_carea' id='block_1_106' title="bbox 2099 4372 3691 4447">
    <p class='ocr_par' dir='ltr' id='par_1_106' title="bbox 2099 4372 3691 4447">
     <span class='ocr_line' id='line_1_107' title="bbox 2099 4372 3691 4447; baseline 0.005 -23"><span class='ocrx_word' id='word_1_778' title='bbox 2099 4378 2292 4427; x_wconf 86' lang='lat' dir='ltr'>auctor</span> <span class='ocrx_word' id='word_1_779' title='bbox 2320 4372 2438 4445; x_wconf 88' lang='lat' dir='ltr'>ejus</span> <span class='ocrx_word' id='word_1_780' title='bbox 2468 4380 2605 4442; x_wconf 90' lang='lat' dir='ltr'>erat,</span> <span class='ocrx_word' id='word_1_781' title='bbox 2625 4383 2854 4430; x_wconf 90' lang='lat' dir='ltr'>mortem</span> <span class='ocrx_word' id='word_1_782' title='bbox 2879 4374 3176 4442; x_wconf 88' lang='lat' dir='ltr'>mutuavit,</span> <span class='ocrx_word' id='word_1_783' title='bbox 3196 4382 3251 4430; x_wconf 91' lang='lat' dir='ltr'>et</span> <span class='ocrx_word' id='word_1_784' title='bbox 3276 4391 3374 4447; x_wconf 90' lang='lat' dir='ltr'>per</span> <span class='ocrx_word' id='word_1_785' title='bbox 3393 4392 3516 4433; x_wconf 89' lang='lat' dir='ltr'>eam</span> <span class='ocrx_word' id='word_1_786' title='bbox 3546 4393 3691 4432; x_wconf 82' lang='lat' dir='ltr'>eum-</span> 
     </span>
    </p>
   </div>
   <div class='ocr_carea' id='block_1_107' title="bbox 2099 4456 3795 4536">
    <p class='ocr_par' dir='ltr' id='par_1_107' title="bbox 2099 4456 3795 4536">
     <span class='ocr_line' id='line_1_108' title="bbox 2099 4456 3795 4536; baseline 0.005 -24"><span class='ocrx_word' id='word_1_787' title='bbox 2099 4456 2223 4514; x_wconf 88' lang='lat' dir='ltr'>dem</span> <span class='ocrx_word' id='word_1_788' title='bbox 2270 4461 2575 4534; x_wconf 88' lang='lat' dir='ltr'>principem</span> <span class='ocrx_word' id='word_1_789' title='bbox 2624 4462 2817 4519; x_wconf 89' lang='lat' dir='ltr'>mortis</span> <span class='ocrx_word' id='word_1_790' title='bbox 2846 4462 3141 4520; x_wconf 86' lang='lat' dir='ltr'>interfecit.</span> <span class='ocrx_word' id='word_1_791' title='bbox 3175 4463 3277 4518; x_wconf 90' lang='lat' dir='ltr'>Per</span> <span class='ocrx_word' id='word_1_792' title='bbox 3303 4472 3473 4536; x_wconf 87' lang='lat' dir='ltr'>caput</span> <span class='ocrx_word' id='word_1_793' title='bbox 3510 4473 3689 4521; x_wconf 87' lang='lat' dir='ltr'>autem</span> <span class='ocrx_word' id='word_1_794' title='bbox 3790 4482 3795 4487; x_wconf 81' lang='lat'>&#39;</span> 
     </span>
    </p>
   </div>
   <div class='ocr_carea' id='block_1_108' title="bbox 2093 4548 3686 4626">
    <p class='ocr_par' dir='ltr' id='par_1_108' title="bbox 2093 4548 3686 4626">
     <span class='ocr_line' id='line_1_109' title="bbox 2093 4548 3686 4626; baseline 0.005 -24"><span class='ocrx_word' id='word_1_795' title='bbox 2093 4548 2361 4606; x_wconf 71' lang='lat' dir='ltr'>Philistaai</span> <span class='ocrx_word' id='word_1_796' title='bbox 2391 4567 2561 4623; x_wconf 90' lang='lat' dir='ltr'>genus</span> <span class='ocrx_word' id='word_1_797' title='bbox 2592 4551 2899 4609; x_wconf 86' lang='lat' dir='ltr'>humanum</span> <span class='ocrx_word' id='word_1_798' title='bbox 2946 4553 3007 4608; x_wconf 91' lang='lat' dir='ltr'>in</span> <span class='ocrx_word' id='word_1_799' title='bbox 3058 4552 3165 4609; x_wconf 90' lang='lat' dir='ltr'>hoc</span> <span class='ocrx_word' id='word_1_800' title='bbox 3194 4553 3316 4609; x_wconf 90' lang='lat' dir='ltr'>loco</span> <span class='ocrx_word' id='word_1_801' title='bbox 3346 4553 3686 4626; x_wconf 87' lang='lat' dir='ltr'>designatur.</span> 
     </span>
    </p>
   </div>
   <div class='ocr_carea' id='block_1_109' title="bbox 2092 4637 3692 4714">
    <p class='ocr_par' dir='ltr' id='par_1_109' title="bbox 2092 4637 3692 4714">
     <span class='ocr_line' id='line_1_110' title="bbox 2092 4637 3692 4714; baseline 0.004 -22"><span class='ocrx_word' id='word_1_802' title='bbox 2092 4637 2349 4695; x_wconf 72' lang='lat' dir='ltr'>Praecidit</span> <span class='ocrx_word' id='word_1_803' title='bbox 2402 4641 2583 4698; x_wconf 90' lang='lat' dir='ltr'>David</span> <span class='ocrx_word' id='word_1_804' title='bbox 2647 4650 2811 4714; x_wconf 90' lang='lat' dir='ltr'>caput</span> <span class='ocrx_word' id='word_1_805' title='bbox 2884 4641 3187 4710; x_wconf 65' lang='lat' dir='ltr'>Philistaei,</span> <span class='ocrx_word' id='word_1_806' title='bbox 3246 4642 3379 4714; x_wconf 86' lang='lat' dir='ltr'>quia</span> <span class='ocrx_word' id='word_1_807' title='bbox 3437 4644 3692 4702; x_wconf 87' lang='lat' dir='ltr'>Christus</span> 
     </span>
    </p>
   </div>
   <div class='ocr_carea' id='block_1_110' title="bbox 2092 4730 3688 4805">
    <p class='ocr_par' dir='ltr' id='par_1_110' title="bbox 2092 4730 3688 4805">
     <span class='ocr_line' id='line_1_111' title="bbox 2092 4730 3688 4805; baseline 0.006 -23"><span class='ocrx_word' id='word_1_808' title='bbox 2092 4743 2125 4782; x_wconf 90' lang='lat' dir='ltr'>a</span> <span class='ocrx_word' id='word_1_809' title='bbox 2146 4744 2372 4801; x_wconf 90' lang='lat' dir='ltr'>corpore</span> <span class='ocrx_word' id='word_1_810' title='bbox 2397 4730 2606 4788; x_wconf 89' lang='lat' dir='ltr'>diaboli</span> <span class='ocrx_word' id='word_1_811' title='bbox 2633 4734 2933 4789; x_wconf 90' lang='lat' dir='ltr'>electorum</span> <span class='ocrx_word' id='word_1_812' title='bbox 2951 4730 3366 4787; x_wconf 86' lang='lat' dir='ltr'>multitudinem</span> <span class='ocrx_word' id='word_1_813' title='bbox 3389 4735 3688 4805; x_wconf 82' lang='lat' dir='ltr'>separavit.</span> 
     </span>
    </p>
   </div>
   <div class='ocr_carea' id='block_1_111' title="bbox 2090 4817 3688 4892">
    <p class='ocr_par' dir='ltr' id='par_1_111' title="bbox 2090 4817 3688 4892">
     <span class='ocr_line' id='line_1_112' title="bbox 2090 4817 3688 4892; baseline 0.004 -20"><span class='ocrx_word' id='word_1_814' title='bbox 2090 4817 2304 4875; x_wconf 91' lang='lat' dir='ltr'>Detulit</span> <span class='ocrx_word' id='word_1_815' title='bbox 2333 4819 2472 4876; x_wconf 91' lang='lat' dir='ltr'>illud</span> <span class='ocrx_word' id='word_1_816' title='bbox 2504 4821 2563 4877; x_wconf 91' lang='lat' dir='ltr'>in</span> <span class='ocrx_word' id='word_1_817' title='bbox 2594 4821 2914 4889; x_wconf 89' lang='lat' dir='ltr'>Jerusalem,</span> <span class='ocrx_word' id='word_1_818' title='bbox 2947 4820 3078 4892; x_wconf 90' lang='lat' dir='ltr'>quia</span> <span class='ocrx_word' id='word_1_819' title='bbox 3107 4820 3532 4878; x_wconf 87' lang='lat' dir='ltr'>multitudinem</span> <span class='ocrx_word' id='word_1_820' title='bbox 3584 4824 3688 4879; x_wconf 82' lang='lat' dir='ltr'>ele-</span> 
     </span>
    </p>
   </div>
   <div class='ocr_carea' id='block_1_112' title="bbox 2088 4909 3687 4984">
    <p class='ocr_par' dir='ltr' id='par_1_112' title="bbox 2088 4909 3687 4984">
     <span class='ocr_line' id='line_1_113' title="bbox 2088 4909 3687 4984; baseline 0.004 -22"><span class='ocrx_word' id='word_1_821' title='bbox 2088 4915 2303 4964; x_wconf 89' lang='lat' dir='ltr'>ctorum</span> <span class='ocrx_word' id='word_1_822' title='bbox 2326 4909 2384 4965; x_wconf 93' lang='lat' dir='ltr'>in</span> <span class='ocrx_word' id='word_1_823' title='bbox 2414 4912 2622 4968; x_wconf 80' lang='lat' dir='ltr'>caelesti</span> <span class='ocrx_word' id='word_1_824' title='bbox 2647 4910 3012 4978; x_wconf 88' lang='lat' dir='ltr'>beatitudine,</span> <span class='ocrx_word' id='word_1_825' title='bbox 3044 4926 3164 4984; x_wconf 61' lang='lat' dir='ltr'>quas</span> <span class='ocrx_word' id='word_1_826' title='bbox 3191 4909 3499 4968; x_wconf 88' lang='lat' dir='ltr'>Jerusalem</span> <span class='ocrx_word' id='word_1_827' title='bbox 3532 4928 3687 4968; x_wconf 83' lang='lat' dir='ltr'>voca-</span> 
     </span>
    </p>
   </div>
   <div class='ocr_carea' id='block_1_113' title="bbox 2087 4999 2545 5064">
    <p class='ocr_par' dir='ltr' id='par_1_113' title="bbox 2087 4999 2545 5064">
     <span class='ocr_line' id='line_1_114' title="bbox 2087 4999 2545 5064; baseline 0.009 -13"><span class='ocrx_word' id='word_1_828' title='bbox 2087 5001 2198 5064; x_wconf 90' lang='lat' dir='ltr'>tur,</span> <span class='ocrx_word' id='word_1_829' title='bbox 2230 4999 2545 5055; x_wconf 89' lang='lat' dir='ltr'>collocavit.</span> 
     </span>
    </p>
   </div>
   <div class='ocr_carea' id='block_1_114' title="bbox 2158 5086 3685 5164">
    <p class='ocr_par' dir='ltr' id='par_1_114' title="bbox 2158 5086 3685 5164">
     <span class='ocr_line' id='line_1_115' title="bbox 2158 5086 3685 5164; baseline 0.003 -23"><span class='ocrx_word' id='word_1_830' title='bbox 2158 5086 2238 5141; x_wconf 89' lang='lat' dir='ltr'>De</span> <span class='ocrx_word' id='word_1_831' title='bbox 2266 5087 2391 5142; x_wconf 92' lang='lat' dir='ltr'>Elia</span> <span class='ocrx_word' id='word_1_832' title='bbox 2412 5105 2543 5145; x_wconf 91' lang='lat' dir='ltr'>vero</span> <span class='ocrx_word' id='word_1_833' title='bbox 2561 5089 2847 5159; x_wconf 71' lang='lat' dir='ltr'>etEliszeo,</span> <span class='ocrx_word' id='word_1_834' title='bbox 2871 5091 3126 5164; x_wconf 89' lang='lat' dir='ltr'>quamvis</span> <span class='ocrx_word' id='word_1_835' title='bbox 3144 5105 3336 5146; x_wconf 86' lang='lat' dir='ltr'>eorum</span> <span class='ocrx_word' id='word_1_836' title='bbox 3359 5090 3509 5147; x_wconf 85' lang='lat' dir='ltr'>facta</span> <span class='ocrx_word' id='word_1_837' title='bbox 3530 5091 3685 5163; x_wconf 81' lang='lat' dir='ltr'>plena</span> 
     </span>
    </p>
   </div>
   <div class='ocr_carea' id='block_1_115' title="bbox 2088 5172 3679 5252">
    <p class='ocr_par' dir='ltr' id='par_1_115' title="bbox 2088 5172 3679 5252">
     <span class='ocr_line' id='line_1_116' title="bbox 2088 5172 3679 5252; baseline 0.003 -22"><span class='ocrx_word' id='word_1_838' title='bbox 2088 5172 2201 5230; x_wconf 90' lang='lat' dir='ltr'>sint</span> <span class='ocrx_word' id='word_1_839' title='bbox 2229 5175 2579 5247; x_wconf 91' lang='lat' dir='ltr'>spiritalibus</span> <span class='ocrx_word' id='word_1_840' title='bbox 2635 5179 2908 5247; x_wconf 90' lang='lat' dir='ltr'>sensibus,</span> <span class='ocrx_word' id='word_1_841' title='bbox 2937 5194 3000 5234; x_wconf 87' lang='lat' dir='ltr'>ea</span> <span class='ocrx_word' id='word_1_842' title='bbox 3030 5178 3414 5235; x_wconf 88' lang='lat' dir='ltr'>tantummodo</span> <span class='ocrx_word' id='word_1_843' title='bbox 3446 5180 3679 5252; x_wconf 84' lang='lat' dir='ltr'>profera-</span> 
     </span>
    </p>
   </div>
   <div class='ocr_carea' id='block_1_116' title="bbox 2086 5267 3681 5341">
    <p class='ocr_par' dir='ltr' id='par_1_116' title="bbox 2086 5267 3681 5341">
     <span class='ocr_line' id='line_1_117' title="bbox 2086 5267 3681 5341; baseline 0.002 -21"><span class='ocrx_word' id='word_1_844' title='bbox 2086 5280 2231 5335; x_wconf 90' lang='lat' dir='ltr'>mus,</span> <span class='ocrx_word' id='word_1_845' title='bbox 2262 5281 2382 5339; x_wconf 82' lang='lat' dir='ltr'>quae</span> <span class='ocrx_word' id='word_1_846' title='bbox 2441 5283 2472 5321; x_wconf 91' lang='lat' dir='ltr'>a</span> <span class='ocrx_word' id='word_1_847' title='bbox 2521 5267 2761 5325; x_wconf 90' lang='lat' dir='ltr'>Domino</span> <span class='ocrx_word' id='word_1_848' title='bbox 2807 5267 2866 5323; x_wconf 90' lang='lat' dir='ltr'>in</span> <span class='ocrx_word' id='word_1_849' title='bbox 2911 5268 3215 5341; x_wconf 80' lang='lat' dir='ltr'>Evangelia</span> <span class='ocrx_word' id='word_1_850' title='bbox 3252 5275 3681 5325; x_wconf 80' lang='lat' dir='ltr'>commemorata</span> 
     </span>
    </p>
   </div>
   <div class='ocr_carea' id='block_1_117' title="bbox 2085 5356 3675 5428">
    <p class='ocr_par' dir='ltr' id='par_1_117' title="bbox 2085 5356 3675 5428">
     <span class='ocr_line' id='line_1_118' title="bbox 2085 5356 3675 5428; baseline 0.003 -17"><span class='ocrx_word' id='word_1_851' title='bbox 2085 5364 2233 5413; x_wconf 91' lang='lat' dir='ltr'>sunt.</span> <span class='ocrx_word' id='word_1_852' title='bbox 2267 5356 2402 5411; x_wconf 87' lang='lat' dir='ltr'>Nam</span> <span class='ocrx_word' id='word_1_853' title='bbox 2432 5373 2557 5413; x_wconf 90' lang='lat' dir='ltr'>cum</span> <span class='ocrx_word' id='word_1_854' title='bbox 2595 5359 2832 5415; x_wconf 89' lang='lat' dir='ltr'>venisset</span> <span class='ocrx_word' id='word_1_855' title='bbox 2860 5360 3133 5415; x_wconf 90' lang='lat' dir='ltr'>Dominus</span> <span class='ocrx_word' id='word_1_856' title='bbox 3160 5358 3219 5414; x_wconf 90' lang='lat' dir='ltr'>in</span> <span class='ocrx_word' id='word_1_857' title='bbox 3256 5359 3551 5428; x_wconf 86' lang='lat' dir='ltr'>Nazareth,</span> <span class='ocrx_word' id='word_1_858' title='bbox 3585 5359 3675 5416; x_wconf 88' lang='lat' dir='ltr'>di-</span> 
     </span>
    </p>
   </div>
   <div class='ocr_carea' id='block_1_118' title="bbox 2157 5462 3675 5535">
    <p class='ocr_par' dir='ltr' id='par_1_118' title="bbox 2157 5462 3675 5535">
     <span class='ocr_line' id='line_1_119' title="bbox 2157 5462 3675 5535; baseline 0.001 -18"><span class='ocrx_word' id='word_1_859' title='bbox 2157 5462 2272 5535; x_wconf 81' lang='lat'>(75)</span> <span class='ocrx_word' id='word_1_860' title='bbox 2313 5464 2394 5520; x_wconf 87' lang='lat' dir='ltr'>Ita</span> <span class='ocrx_word' id='word_1_861' title='bbox 2420 5480 2614 5521; x_wconf 90' lang='lat' dir='ltr'>omnes</span> <span class='ocrx_word' id='word_1_862' title='bbox 2643 5481 2797 5533; x_wconf 88' lang='lat' dir='ltr'>mss.;</span> <span class='ocrx_word' id='word_1_863' title='bbox 2845 5480 3037 5521; x_wconf 88' lang='lat' dir='ltr'>omnes</span> <span class='ocrx_word' id='word_1_864' title='bbox 3066 5480 3197 5520; x_wconf 77' lang='lat' dir='ltr'>vero</span> <span class='ocrx_word' id='word_1_865' title='bbox 3225 5465 3387 5534; x_wconf 88' lang='lat' dir='ltr'>edit.,</span> <span class='ocrx_word' id='word_1_866' title='bbox 3419 5465 3675 5521; x_wconf 71' lang='lat' dir='ltr'>obnoxius</span> 
     </span>
    </p>
   </div>
   <div class='ocr_carea' id='block_1_119' title="bbox 2067 5535 3673 5607">
    <p class='ocr_par' dir='ltr' id='par_1_119' title="bbox 2067 5535 3673 5607">
     <span class='ocr_line' id='line_1_120' title="bbox 2067 5535 3673 5607; baseline 0.002 -19"><span class='ocrx_word' id='word_1_867' title='bbox 2067 5539 2219 5602; x_wconf 79' lang='lat' dir='ltr'>‘erat,</span> <span class='ocrx_word' id='word_1_868' title='bbox 2250 5535 2379 5605; x_wconf 80' lang='lat' dir='ltr'>quia</span> <span class='ocrx_word' id='word_1_869' title='bbox 2404 5536 2463 5591; x_wconf 78' lang='lat' dir='ltr'>in</span> <span class='ocrx_word' id='word_1_870' title='bbox 2483 5543 2695 5607; x_wconf 84' lang='lat' dir='ltr'>peccato</span> <span class='ocrx_word' id='word_1_871' title='bbox 2724 5542 2874 5593; x_wconf 77' lang='lat' dir='ltr'>ortus</span> <span class='ocrx_word' id='word_1_872' title='bbox 2900 5552 3009 5591; x_wconf 79' lang='lat' dir='ltr'>non</span> <span class='ocrx_word' id='word_1_873' title='bbox 3049 5535 3248 5607; x_wconf 81' lang='lat' dir='ltr'>fuerat.</span> <span class='ocrx_word' id='word_1_874' title='bbox 3289 5537 3538 5594; x_wconf 71' lang='lat' dir='ltr'>Christus</span> <span class='ocrx_word' id='word_1_875' title='bbox 3565 5538 3673 5592; x_wconf 75' lang='lat' dir='ltr'>ita-</span> 
     </span>
    </p>
   </div>
   <div class='ocr_carea' id='block_1_120' title="bbox 2079 5612 2328 5676">
    <p class='ocr_par' dir='ltr' id='par_1_120' title="bbox 2079 5612 2328 5676">
     <span class='ocr_line' id='line_1_121' title="bbox 2079 5612 2328 5676; baseline 0.012 -17"><span class='ocrx_word' id='word_1_876' title='bbox 2079 5620 2200 5676; x_wconf 85' lang='lat' dir='ltr'>que,</span> <span class='ocrx_word' id='word_1_877' title='bbox 2224 5612 2328 5662; x_wconf 88' lang='lat' dir='ltr'>etc.</span> 
     </span>
    </p>
   </div>
  </div>
