3880 6198
123 269 268 326 917

1101 271 1560 329 BERENGAUDI
1599 269 1974 328 EXPOSITIO
2013 273 2085 328 IN
2119 271 2622 331 APOCALYPSIN.

3399 275 3509 332 918

128 403 400 450 xerunt
427 392 477 449 ei
516 395 771 452 concives
799 394 917 466 ejus
954 412 966 449 :
1017 417 1035 441 ι
1056 394 1269 463 Quanta
1309 394 1625 451 audivimus
1655 395 1798 451 facta
1825 399 1876 457 A
1904 394 1999 467 qui
2029 402 2083 450 et
2111 396 2363 466 angustia
2400 396 2555 467 panis
2597 403 2895 465 vocantur;
2928 398 3056 469 quia
3084 399 3270 453 nullus
3299 398 3509 470 praedi-

130 481 209 537 in
252 482 696 555 Capharnaum,
740 484 826 540 fac
870 493 924 541 et
970 483 1062 541 hic
1112 484 1169 539 in
1209 485 1385 557 patria
1413 493 1507 540 tua
1539 486 1690 557 (Luc.
1722 503 1802 554 ιν,

132 570 289 642 23).
339 595 362 618 ι
412 572 676 646 Dixitque
707 573 787 629 eis
819 591 830 628 :
879 598 897 620 ι
936 574 1112 630 Amen
1147 574 1273 631 dico
1304 574 1479 641 vobis,
1508 575 1636 646 quia
1663 574 1802 629 mul-

130 668 222 717 tae
275 662 490 719 viduae
545 672 703 720 erant
746 664 804 720 in
857 663 1054 721 diebus
1082 664 1220 720 Eliae
1250 666 1307 720 in
1338 665 1527 730 Israel,
1583 665 1801 737 quando

133 753 446 808 clausum
504 760 584 808 est
629 755 850 821 coelum,
904 761 958 821 et,
1000 752 1069 809 ad
1109 754 1317 808 nullam
1349 752 1570 808 illarum
1602 754 1802 809 missus

133 848 242 895 est
281 841 480 908 Elias,
521 841 628 897 nisi
682 841 737 896 in
796 841 1074 913 Sareptam
1119 842 1359 898 Sidoniae
1407 842 1475 897 ad
1511 842 1797 897 mulierem

136 928 442 1001 viduam.
491 931 563 985 Et
611 930 771 986 multi
827 931 1026 1002 leprosi
1072 938 1228 985 erant
1270 931 1328 986 in
1375 931 1571 986 diebus
1612 929 1798 985 Elisasi

135 1018 209 1073 in
249 1019 470 1085 Israel,
490 1026 544 1075 et
572 1034 733 1074 nemo
764 1035 954 1074 eorum
984 1021 1285 1076 mundatus
1310 1028 1411 1081 est.
1432 1021 1538 1076 nisi
1555 1021 1797 1076 Naaman

135 1108 354 1180 Syrus
394 1109 559 1179 (Ibid.
593 1108 802 1183 25-27).
851 1134 869 1158 ι
937 1110 998 1164 In
1051 1109 1258 1181 Regum
1321 1110 1604 1164 volumine
1652 1110 1800 1166 scri-

135 1204 331 1270 ptum
406 1206 491 1254 est
536 1198 684 1272 quia,
747 1215 873 1255 cum
930 1199 1184 1272 coepisset
1236 1199 1428 1256 Achab
1480 1216 1579 1255 rex
1634 1200 1800 1256 Israel

138 1288 363 1344 Eliam
421 1288 695 1362 persequi,
751 1288 1103 1361 praecipiente
1133 1288 1392 1357 Domino,
1438 1287 1575 1344 abiit
1608 1290 1662 1345 in
1694 1288 1801 1344 de-

135 1387 418 1445 sertum,
474 1387 528 1434 et
581 1378 724 1434 sedit
771 1377 929 1450 juxta
989 1387 1284 1434 torrentem
1342 1377 1590 1436 Charib:
1643 1380 1801 1436 corvi

137 1482 407 1540 quoque
471 1466 790 1522 deferebant
847 1465 898 1521 ei
953 1482 1119 1539 panes
1174 1475 1228 1524 et
1282 1483 1475 1523 carnes
1520 1482 1698 1534 mane,
1744 1475 1802 1526 et

138 1572 341 1630 panes
405 1563 464 1612 et
511 1572 702 1612 carnes
766 1573 1010 1628 vespere,
1072 1564 1126 1612 et
1176 1555 1396 1612 bibebat
1434 1556 1503 1612 de
1550 1564 1797 1614 torrente

140 1647 286 1719 (III
325 1649 468 1718 Reg.
503 1663 642 1715 xvn,
678 1647 816 1719 3-6).
853 1647 1005 1703 Elias
1036 1647 1316 1705 Christum
1363 1647 1666 1719 ﬁgurabat:
1701 1665 1798 1721 per

1910 494 2062 541 cator
2094 501 2334 558 unquam
2363 485 2431 541 ad
2465 501 2557 542 eos
2603 494 2920 555 accesserat,
2972 487 3066 560 qui
3098 487 3358 560 pabulum
3388 503 3506 543 ver-

1909 573 1965 628 bi
1996 573 2093 631 Dei
2125 574 2202 629 eis
2246 573 2571 647 impertiret.
2627 574 2873 648 Cumque
2911 578 3149 633 venisset
3195 576 3263 632 ad
3291 585 3505 649 portam

1909 663 2174 733 civitatis,
2220 665 2471 736 apparuit
2502 665 2552 720 ei
2584 665 2783 721 mulier
2812 665 3001 734 vidua,
3043 666 3307 738 colligens
3336 667 3504 737 ligna.

1907 752 2171 808 Eamdem
2228 752 2685 825 signiﬁcationem
2747 752 2909 809 habet
2976 753 3177 810 mulier
3235 770 3399 826 quam
3453 762 3509 812 et

1908 842 2142 909 civitas;
2176 843 2448 915 signiﬁcat
2476 842 2625 897 enim
2658 842 2958 899 Ecclesiam
2990 860 3059 898 ex
3089 843 3343 916 gentibus
3371 861 3505 901 con-

1908 938 2180 1003 gregatam
2210 949 2221 985 :
2248 931 2418 987 vidua
2442 947 2572 986 vero
2601 939 2739 1000 erat,
2762 932 2892 1004 quia
2910 934 3082 988 Deum
3104 932 3285 987 virum
3317 949 3503 1000 suum,

1907 1019 2145 1092 peccatis
2191 1020 2306 1075 suis
2353 1019 2720 1092 exigentibus,
2776 1020 3107 1092 perdiderat.
3163 1022 3236 1076 Et
3283 1022 3506 1085 vocavit

1910 1126 2050 1179 eam,
2092 1109 2347 1182 dixitque
2374 1109 2425 1165 ei
2460 1128 2471 1164 :
2534 1134 2552 1157 ι
2578 1110 2729 1166 Aﬁ‘er
2764 1110 2903 1166 mihi
2945 1111 3230 1183 paululum
3260 1127 3413 1184 aquae
3444 1110 3506 1167 in

1911 1215 2057 1267 vase,
2089 1205 2152 1253 ut
2179 1199 2363 1255 bibam
2397 1199 2517 1269 (III
2541 1200 2663 1269 Reg.
2697 1215 2837 1267 xvn,
2872 1199 2984 1272 10).
3017 1223 3035 1247 ι
3079 1200 3292 1257 Minora
3321 1199 3503 1272 petiit,

1908 1296 1970 1345 ut
2007 1288 2076 1344 ad
2126 1289 2335 1362 majora
2381 1288 2733 1360 perveniret;
2789 1306 3077 1361 possumus
3124 1305 3359 1363 namque
3407 1305 3505 1362 per

1909 1378 2193 1451 paululum
2242 1395 2415 1452 aquai,
2471 1377 2617 1450 quod
2648 1377 2894 1434 animum
2925 1378 3163 1435 sitientis
3192 1378 3497 1450 refrigerat,

1905 1473 2247 1529 voluntatem
2298 1472 2643 1529 audientium
2691 1472 3014 1546 intelligere,
3065 1472 3194 1546 quia
3240 1473 3384 1529 sicut
3430 1471 3500 1528 si-

1904 1562 2094 1618 tientis
2123 1562 2368 1633 linguam
2398 1578 2535 1636 aqua
2564 1561 2869 1634 refrigerat,
2900 1563 2977 1618 ita
3004 1571 3057 1619 et
3079 1561 3498 1636 praedicatorum

1904 1661 2112 1708 mentes
2144 1659 2430 1725 promptus
2463 1651 2681 1707 animus
2726 1651 3063 1708 auditorum.
3114 1652 3361 1725 Cumque
3402 1651 3500 1707 illa

136 1744 487 1826 torrentem
546 1745 727 1793 autem
802 1736 1010 1795 Charib
1074 1738 1246 1808 legem
1294 1736 1576 1826 debemus
1633 1738 1791 1795 intel-
1824 1766 1871 1826 B
1902 1751 2147 1813 pergeret
2195 1750 2259 1797 ut
2307 1742 2540 1809 afferret,
2596 1740 2857 1797 clamavit
2912 1748 3034 1812 post
3088 1748 3299 1812 tergum
3356 1738 3495 1811 ejus,

136 1826 357 1899 ligere.
401 1825 613 1883 Charib
635 1827 1028 1899 interpretatur
1055 1825 1426 1894 mendacium,
1480 1842 1590 1882 non
1637 1829 1784 1900 quod

139 1916 244 1972 lex
311 1915 680 1972 mendacium
751 1917 867 1984 sit;
946 1917 1125 1973 solent
1198 1932 1436 1989 namque
1492 1916 1786 1990 prudentes

140 2021 488 2077 proponere
537 2005 887 2062 auditoribus
933 2005 1048 2060 suis
1093 2004 1397 2078 parabolas,
1450 2014 1513 2061 ut
1543 2006 1786 2079 apertius

141 2095 568 2167 intelligantur
593 2110 674 2162 ea,
725 2110 845 2166 quae
872 2093 1055 2149 dicere
1083 2095 1303 2161 volunt,
1342 2102 1396 2150 et
1422 2094 1787 2152 introducunt

141 2185 377 2241 bestias
411 2191 470 2239 et
515 2198 645 2239 aves
684 2184 987 2255 loquentes.
1019 2183 1176 2249 Quod
1207 2182 1250 2237 si
1282 2185 1398 2239 sola
1422 2184 1591 2239 verba
1617 2200 1787 2255 para-

144 2274 439 2332 bolarum
499 2274 782 2342 attendas,
858 2271 1205 2328 mendacium
1263 2288 1378 2329 esse
1437 2273 1778 2345 prospicies:

144 2365 237 2421 sin
291 2379 448 2419 vero
497 2379 744 2430 sensum,
786 2363 1074 2418 veritatem
1109 2361 1383 2434 probabis.
1432 2362 1702 2418 Similiter
1728 2370 1782 2419 et

147 2455 425 2528 quaedam
464 2460 733 2526 praecepta
782 2453 997 2524 legalia,
1046 2453 1091 2507 si
1128 2452 1367 2509 litteram
1396 2452 1781 2509 tantummodo

146 2544 447 2610 attendas,
504 2541 725 2597 inutilia
779 2541 884 2597 tibi
936 2541 1316 2597 videbuntur:
1377 2541 1423 2599 si
1475 2542 1778 2614 spiritalem

151 2632 833 2706 intelligentiam,veritas
862 2631 964 2688 tibi
996 2649 1190 2705 magna
1218 2632 1276 2688 in
1310 2633 1492 2689 littera
1522 2634 1776 2706 refulget.

149 2724 432 2794 Quaedam
468 2721 640 2795 igitur
677 2730 947 2795 praecepta
974 2723 1168 2795 legalia
1200 2724 1404 2780 Iudaeis
1429 2723 1777 2781 mendacium

150 2822 310 2883 sunt,
364 2813 507 2887 quia
545 2828 608 2868 ea
644 2812 938 2868 carnaliter
983 2811 1344 2884 intelligunt;
1403 2812 1564 2869 nobis
1592 2822 1777 2869 autem

153 2904 390 2971 veritas,
457 2902 589 2974 quia
635 2917 696 2957 ea
763 2901 1088 2972 spiritaliter
1136 2902 1441 2975 intelligere
1497 2918 1775 2959 curamus.

152 2992 257 3048 Per
287 3008 504 3049 corvos
538 3007 669 3047 vero
697 2989 1003 3047 sacerdotes
1049 2990 1365 3048 Judaaorum
1396 2991 1774 3063 designantur,

154 3081 447 3138 velamine
500 3079 748 3137 cordium
797 3097 1023 3137 suorum
1079 3083 1393 3139 tenebrosi:
1441 3098 1538 3154 per
1587 3095 1777 3137 carnes

150 3169 282 3244 juge
314 3170 662 3228 sacriﬁcium
695 3170 842 3244 quod
872 3188 1029 3228 mane
1069 3182 1122 3229 et
1171 3187 1394 3244 vespere
1423 3170 1771 3227 offerebatur.

156 3265 334 3321 Panes
362 3273 559 3321 autem
590 3281 756 3337 panes
784 3264 1177 3338 propositionis
1218 3264 1620 3331 demonstrant,
1678 3260 1775 3336 qui

156 3352 385 3408 assidue
435 3352 500 3407 in
548 3361 842 3424 conspectu
873 3352 1094 3409 Domini
1130 3352 1475 3425 ponebantur
1508 3369 1520 3407 :
1551 3349 1775 3407 bibebat

160 3458 291 3497 vero
339 3442 411 3498 de
443 3450 709 3509 torrente,
754 3442 883 3515 quia
910 3442 969 3499 in
1001 3440 1478 3497 observationibus
1511 3440 1775 3512 legalibus

159 3530 420 3589 Christus
446 3530 845 3588 delectabatur.
889 3532 1016 3588 Post
1045 3530 1162 3588 dies
1199 3538 1381 3587 autem
1413 3530 1616 3586 multos
1654 3528 1774 3586 sic-

160 3629 317 3678 catus
350 3630 435 3679 est
466 3630 723 3690 torrens;
773 3621 903 3695 quia
949 3622 1206 3678 veniente
1249 3620 1470 3679 Christo
1498 3621 1555 3675 in
1586 3636 1769 3689 carne,

163 3722 217 3770 et
249 3714 625 3787 Evangelium
658 3713 1010 3786 praedicante,
1041 3711 1351 3769 observatio
1376 3711 1566 3784 legalis
1585 3727 1773 3768 cessa—

169 3804 249 3859 vit
277 3823 291 3873 ;
333 3813 503 3878 atque
533 3804 601 3861 ab
631 3805 729 3860 illo
757 3811 999 3876 tempore
1029 3803 1171 3859 nihil
1202 3801 1431 3875 profuit,
1463 3801 1607 3858 sicut
1636 3800 1774 3858 dicit

166 3893 442 3950 Dominus
476 3912 488 3949 :
532 3918 551 3941 ι
582 3895 697 3950 Lex
724 3902 779 3949 et
808 3893 1085 3965 prophetae
1138 3909 1311 3965 usque
1365 3891 1434 3947 ad
1484 3891 1773 3959 Joannem,

170 3993 271 4042 etc.
306 3988 527 4059 (Matth.
565 4004 647 4055 χι,
682 3985 795 4056 13).
827 4010 844 4034 ι
887 3986 958 4040 Et
986 3985 1187 4042 iterum
1225 3974 1365 4042 dicit
1393 3984 1460 4040 ad
1487 3984 1650 4040 Israel
1680 3998 1778 4055 per

174 4074 497 4146 prophetam
533 4093 545 4131 :
587 4100 605 4123 ι
636 4076 713 4132 Ne
741 4074 981 4131 offeratis
1008 4076 1156 4130 ultra
1184 4074 1514 4131 sacriﬁcium
1546 4072 1769 4128 frustra.

171 4163 461 4220 Incensum
493 4164 833 4221 abominatio
879 4171 962 4221 est
1007 4164 1145 4220 mihi
1181 4182 1192 4219 :
1240 4162 1554 4219 neomenias
1573 4169 1627 4217 et
1656 4161 1774 4217 sab-

173 4251 295 4308 bata
337 4263 525 4311 vestra
571 4271 681 4310 non
727 4255 920 4322 feram,
979 4253 1158 4326 iniqui
1205 4259 1334 4308 sunt
1381 4259 1555 4308 costus
1601 4250 1773 4306 vestri

177 4342 307 4415 (Isa.
342 4364 380 4414 ι,
417 4346 532 4414 13).
566 4369 586 4392 ι

261 4476 278 4500 ι
316 4454 388 4509 Et
415 4454 562 4511 dixit
593 4452 860 4511 Dominus
879 4452 948 4509 ad
973 4450 1187 4509 Eliam:
1222 4448 1373 4507 Vade
1405 4450 1463 4504 in
1494 4448 1772 4521 Sareptam

177 4537 555 4611 Sidoniorum,
586 4551 639 4599 et
668 4540 918 4597 manebis
958 4540 1066 4607 ibi;
1116 4537 1350 4612 praecepi
1381 4537 1528 4594 enim
1555 4537 1633 4593 ibi
1656 4554 1772 4593 mu-

179 4627 300 4683 lieri
334 4630 517 4688 viduas
572 4642 634 4689 ut
682 4639 866 4704 pascat
921 4638 975 4686 te
1025 4630 1139 4701 (III
1164 4632 1286 4699 Reg.
1319 4646 1461 4695 xvu,
1486 4628 1569 4698 9).
1601 4651 1619 4675 ι
1663 4627 1769 4694 Qui

178 4732 532 4792 consurgens,
582 4722 720 4779 abiit
773 4721 832 4777 in
873 4721 1176 4791 Sareptam.
1222 4719 1374 4774 Elias
1402 4719 1460 4773 in
1489 4718 1768 4788 Sareptam

180 4804 347 4874 abiit;
392 4810 522 4882 quia
551 4811 768 4869 Iudaeos
789 4808 1026 4883 perﬁdos
1059 4807 1313 4866 Christus
1358 4806 1768 4878 derelinquens,

181 4908 272 4962 Per
319 4901 595 4969 apostolos
653 4917 779 4957 suos
826 4898 1084 4955 transivit
1129 4897 1196 4953 ad
1246 4904 1432 4970 gentes
1478 4914 1490 4951 :
1550 4896 1771 4967 Sarepta

182 4996 304 5039 vera
357 5004 621 5046 succensa
679 4990 1091 5063 interpretatur,
1151 4987 1236 5042 vel
1290 4985 1543 5057 angustia
1564 4983 1765 5056 panis;

178 5073 399 5140 gentiles
451 5080 678 5151 quippe,
711 5078 986 5152 531fqui
1040 5084 1194 5133 erant
1237 5074 1433 5132 civitas
1458 5072 1684 5140 diaboli,
1716 5079 1771 5128 et

182 5167 269 5236 qui
299 5185 391 5240 Per
430 5174 711 5247 Sareptam
753 5176 1129 5248 designantur,
1190 5173 1314 5244 igne
1354 5170 1617 5225 vitiorum
1651 5186 1770 5225 suc-

185 5256 325 5311 censi
354 5271 530 5318 erant.
573 5266 649 5320 De
692 5265 795 5321 hoc
828 5266 949 5336 igne
978 5263 1260 5334 Scriptura
1289 5258 1426 5315 dicit
1459 5276 1470 5313 :
1521 5282 1539 5305 ι
1570 5256 1772 5313 Omnes

190 5357 282 5426 vos
310 5351 663 5410 accendentes
697 5354 899 5426 ignem,
952 5350 1185 5410 accincti
1234 5347 1470 5404 ﬂammis
1497 5345 1773 5402 ambulate

192 5425 246 5485 in
274 5434 479 5493 lumine
519 5441 658 5513 ignis
703 5425 897 5510 vestri,
947 5451 1003 5499 et
1031 5441 1090 5497 in
1125 5438 1360 5495 flammis
1388 5453 1525 5510 quas
1547 5451 1772 5492 succen-

193 5516 344 5577 distis
380 5526 537 5583 vobis
568 5532 701 5601 (Isa.
734 5548 787 5598 L,
824 5531 927 5600 II).
977 5555 995 5578 ι
1038 5529 1127 5586 Illi
1159 5542 1393 5598 namque
1423 5524 1661 5581 ﬂammis
1687 5540 1772 5580 ac~

193 5604 352 5665 cincti
396 5623 544 5685 sunt,
586 5619 679 5691 qui
724 5618 848 5693 igne
873 5618 1140 5677 vitiorum
1168 5615 1414 5690 undique
1439 5619 1771 5680 exuruntur,

1898 1830 2088 1887 dicens
2123 1848 2133 1885 :
2183 1854 2201 1878 ι
2231 1830 2382 1886 Aﬂ'er
2419 1830 2559 1885 mihi
2589 1838 2643 1886 et
2688 1830 2992 1887 buccellam
3024 1829 3182 1902 panis
3224 1829 3283 1884 in
3325 1844 3496 1884 manu

1896 1928 1990 1976 tua
2021 1919 2182 1991 (Ibid.
2216 1919 2328 1991 11).
2362 1942 2381 1965 ι
2425 1918 2591 1985 Quasi
2620 1925 2743 1990 post
2768 1925 2979 1991 tergum
3010 1918 3169 1976 nobis
3195 1925 3299 1988 est,
3345 1916 3495 1989 quod

1894 2014 2211 2087 ignoramus
2238 2030 2250 2069 :
2285 2014 2436 2070 Elias
2463 2029 2590 2084 ergo
2619 2021 2742 2086 post
2769 2019 2979 2085 tergum
3014 2010 3267 2067 mulieris
3295 2011 3494 2067 clama-

1894 2105 1997 2173 vit,
2028 2105 2155 2178 quia
2186 2104 2570 2177 praedicatores
2598 2102 2773 2160 sancti
2805 2101 3060 2175 gentibus
3087 2103 3283 2170 Deum,
3324 2116 3487 2174 quem

1893 2194 2239 2268 ignorabant,
2272 2194 2747 2266 praedicaverunt;
2798 2192 2945 2247 unde
2974 2199 3030 2248 et
3061 2206 3156 2264 per
3181 2191 3487 2249 buccellam

1893 2285 2052 2357 panis
2081 2284 2241 2341 initia
2270 2284 2399 2340 ﬁdei
2428 2300 2716 2356 possumus
2747 2283 3073 2356 intelligere.

1960 2429 2033 2483 Et
2061 2429 2191 2501 quia
2224 2428 2306 2483 illi
2353 2434 2724 2500 competenter
2764 2428 2833 2484 ad
2877 2427 3042 2484 ﬁdem
3087 2426 3341 2495 veniunt,
3390 2428 3486 2500 qui

1890 2516 2112 2573 student
2142 2518 2297 2589 prius
2326 2526 2545 2589 peccata
2574 2532 2670 2572 sua
2695 2515 2967 2584 conﬁteri,
3009 2523 3153 2573 recte
3180 2515 3478 2571 subditur:

1888 2605 2152 2679 Dixitque
2200 2606 2251 2662 ei
2295 2606 2493 2662 mulier
2526 2624 2538 2662 :
2603 2629 2622 2654 ι
2651 2605 2809 2661 Vivit
2845 2604 3115 2661 Dominus
3156 2605 3302 2659 Deus
3331 2611 3479 2673 tuus,

1887 2695 2018 2769 quia
2046 2712 2157 2751 non
2183 2695 2357 2752 habeo
2386 2710 2605 2767 panem,
2648 2694 2757 2749 nisi
2787 2700 3053 2767 quantum
3083 2699 3262 2764 potest
3289 2692 3482 2765 pugil-

1888 2785 1974 2840 lus
2006 2801 2196 2857 capere
2244 2784 2435 2840 farinae
2481 2785 2540 2839 in
2580 2783 2801 2856 hydria,
2849 2792 2904 2840 et
2938 2783 3220 2855 paululum
3264 2782 3373 2838 olei
3421 2783 3480 2838 in

1887 2875 2110 2947 lecytho
2134 2874 2419 2946 (Ibid.i2).
2443 2898 2460 2920 ›
2498 2872 2774 2946 Lecythus
2793 2888 2890 2928 vas
2917 2878 3054 2940 erat,
3071 2870 3129 2926 in
3159 2886 3267 2943 quo
3296 2871 3479 2926 oleum

1886 2964 2225 3020 servabatur.
2277 2963 2573 3019 Possumus
2621 2977 2752 3017 vero
2786 2976 2881 3033 per
2911 2959 3144 3015 farinam
3186 2959 3477 3028 rationem,

1886 3073 1982 3129 per
2028 3056 2210 3112 oleum
2250 3064 2431 3111 autem
2487 3070 2650 3127 opera
2704 3052 3094 3110 misericordiae
3145 3049 3471 3124 intelligere.

1885 3144 2120 3202 Gentilis
2151 3161 2278 3217 ergo
2309 3145 2545 3216 populus
2572 3157 2906 3215 cognoscens
2934 3158 2990 3198 se
3019 3140 3258 3213 graviter
3299 3155 3479 3196 erras-

1881 3249 1959 3302 se,
1994 3233 2358 3290 conﬁtebatur
2388 3232 2531 3288 nihil
2565 3232 2623 3287 in
2653 3247 2710 3287 se
2735 3230 2867 3287 boni
2899 3246 3046 3297 esse;
3095 3227 3204 3285 nisi
3233 3235 3477 3284 tantum-

1882 3321 2048 3378 modo
2091 3321 2239 3394 quod
2281 3337 2473 3393 parum
2518 3320 2771 3388 rationis,
2818 3326 2873 3374 et
2899 3334 3091 3391 parum
3122 3334 3192 3373 ex
3221 3315 3481 3389 operibus

1884 3409 2274 3467 misericordiae
2329 3410 2611 3466 videretur
2661 3407 2881 3465 habere.
2945 3406 3190 3464 Gentiles
3242 3420 3480 3479 namque

1880 3517 2076 3575 parum
2116 3499 2348 3557 rationis
2377 3498 2684 3567 habebant;
2719 3498 2849 3572 quia
2875 3513 2945 3554 ex
2975 3502 3126 3569 parte
3166 3493 3480 3551 rationabi-

1881 3594 1981 3662 les,
2024 3609 2095 3649 ex
2133 3592 2379 3648 maxima
2423 3597 2606 3646 autem
2659 3596 2810 3663 parte
2849 3585 3254 3643 irrationabiles
3299 3591 3474 3641 erant.

1879 3681 2025 3750 Quid
2064 3683 2211 3738 enim
2252 3678 2707 3747 irrationabilius,
2756 3693 2919 3751 quam
2963 3675 3144 3733 dicere
3188 3673 3340 3746 ligno
3383 3680 3479 3729 aut

1881 3771 2053 3842 lapidi
2090 3789 2101 3826 :
2142 3772 2289 3826 Deus
2319 3785 2475 3825 meus
2503 3784 2561 3823 es
2591 3768 2689 3823 tu?
2726 3765 3012 3822 Habebam
3041 3771 3097 3819 et
3131 3778 3326 3835 parum
3361 3760 3478 3816 mi-

1880 3860 2226 3927 sericordiae;
2275 3860 2406 3932 quia
2448 3858 2566 3931 ipsa
2607 3864 2803 3912 natura
2842 3869 2983 3926 saepe
3011 3868 3104 3908 eos
3143 3850 3211 3906 ad
3242 3850 3349 3905 hoc
3375 3848 3476 3905 im-

1882 3949 2142 4022 pellebat,
2183 3956 2246 4004 ut
2282 3947 2498 4003 miseris
2539 3942 2916 4001 subvenirent.
2965 3941 3067 3995 Per
3094 3953 3224 3994 vasa
3257 3952 3388 3992 vero
3417 3935 3476 3992 in

1882 4039 2084 4113 quibus
2126 4036 2304 4093 farina
2344 4044 2399 4091 et
2426 4035 2611 4090 oleum
2640 4030 3044 4096 continebatur,
3092 4042 3281 4082 eorum
3311 4025 3478 4082 corda

1881 4129 2257 4200 designantur.
2299 4151 2316 4174 ‹
2346 4127 2431 4181 En
2451 4123 2652 4197 colligo
2679 4121 2790 4178 duo
2821 4120 2987 4193 ligna,
3017 4125 3080 4174 ut
3109 4116 3406 4190 ingrediar,
3423 4125 3478 4174 et

1881 4218 2079 4274 faciam
2129 4217 2269 4273 illud
2300 4215 2439 4271 mihi
2485 4221 2540 4271 et
2584 4212 2702 4268 ﬁlio
2754 4227 2897 4280 meo,
2945 4216 3007 4265 ut
3045 4206 3394 4265 comedamus
3422 4214 3477 4263 et

1882 4308 2187 4363 moriamur
2218 4305 2431 4378 (Ibid).
2464 4329 2482 4353 ι
2526 4304 2697 4377 Ligna
2725 4318 2845 4376 qua}
2876 4301 2934 4358 in
2961 4299 3186 4357 civitate
3206 4299 3473 4371 colligun-

1880 4406 1993 4467 tur,
2024 4397 2165 4454 nihil
2196 4396 2455 4454 utilitatis
2498 4395 2721 4461 habent,
2772 4391 2969 4450 nisiut
2997 4389 3111 4464 igni
3150 4390 3474 4447 comburan-

1802 4487 1852 4547 D
1881 4494 1993 4543 tur.
2049 4488 2152 4543 Per
2196 4487 2344 4559 ligna
2390 4485 2561 4559 igitur
2604 4499 2814 4541 errores
2861 4482 3152 4555 gentilium
3202 4479 3477 4536 diabolica

1880 4578 2070 4634 fraude
2100 4577 2312 4635 inventi
2347 4576 2724 4649 designantur.
2770 4573 2969 4628 Mulier
3005 4571 3154 4642 ligna
3179 4568 3291 4625 duo
3319 4566 3474 4624 colli-

1879 4668 2056 4740 gebat,
2081 4668 2208 4741 quia
2238 4666 2459 4740 gentilis
2482 4664 2719 4737 populus
2747 4677 2817 4717 ex
2846 4659 3098 4717 doctrina
3125 4656 3474 4730 philosopho-

1878 4773 2001 4812 rum
2053 4764 2216 4828 atque
2263 4762 2544 4827 poetarum
2596 4752 2844 4808 diversos
2899 4763 3109 4804 errores
3160 4744 3471 4817 colligebat,

1879 4863 1980 4918 pro
2010 4846 2210 4918 quibus
2240 4852 2503 4915 perpetuo
2534 4839 2792 4898 incendio
2830 4837 3154 4894 traderetur.
3201 4836 3306 4893 Sed
3339 4834 3474 4908 quid

1880 4945 1980 5003 est,
2012 4934 2160 5008 quod
2189 4934 2327 4990 dicit
2354 4951 2365 4988 :
2426 4956 2445 4980 ι
2481 4934 2551 4989 Ut
2578 4930 2930 4988 comedamus
2974 4935 3027 4985 et
3066 4927 3410 4983 moriamur?
3439 4949 3459 4975 ι

1880 5027 1989 5083 Nos
2018 5023 2165 5080 enim
2200 5023 2325 5078 ideo
2354 5020 2714 5088 comedimus,
2737 5027 2799 5075 ut
2821 5019 2991 5074 vitam
3023 5018 3082 5073 in
3112 5031 3337 5088 corpore
3365 5031 3472 5071 ser-

1880 5130 2076 5170 vemus
2108 5131 2119 5168 :
2148 5111 2266 5167 haec
2296 5117 2475 5165 autem
2507 5108 2630 5165 ideo
2659 5125 2715 5164 se
2739 5107 2875 5164 dicit
2903 5105 3207 5173 comedere,
3252 5113 3314 5162 ut
3344 5120 3475 5160 mo-

1880 5205 2091 5269 riatur;
2153 5200 2283 5273 quia
2343 5198 2625 5256 doctrina
2661 5197 2951 5270 gentilium
3013 5202 3246 5251 mortem
3301 5193 3477 5267 magis

1880 5292 2048 5348 infert
2079 5305 2238 5363 quam
2268 5288 2461 5344 vitam.

1950 5433 2038 5490 Ad
2079 5449 2243 5507 quam
2289 5431 2441 5488 Elias
2482 5448 2494 5486 :
2555 5453 2575 5479 α
2618 5428 2789 5498 Vade,
2841 5436 2895 5484 et
2940 5427 3027 5484 fac
3067 5426 3211 5483 sicut
3257 5422 3475 5492 dixisti,

1881 5530 2259 5579 verumtamen
2305 5518 2443 5575 mihi
2490 5519 2577 5575 fac
2605 5534 2674 5574 ex
2720 5517 2839 5590 ipsa
2892 5516 3130 5572 farinula
3171 5511 3474 5570 subcineri-
3544 5560 3547 5563 .

1880 5612 2029 5670 cium
2058 5625 2253 5686 panem
2282 5608 2598 5683 parvulum,
2640 5613 2695 5662 et
2719 5605 2854 5663 affer
2880 5604 2950 5662 ad
2988 5617 3108 5671 me;
3154 5599 3259 5658 tibi
3288 5604 3473 5655 autem
