3880 6198
499 257 605 317 919

499 384 699 479 etﬁlio
744 396 841 447 tuo
888 394 1055 453 facies
1110 408 1295 471 postea
1344 404 1508 475 (Ibid.
1544 407 1656 479 13).

1503 283 1600 339 ΑΙ)
1639 283 1874 345 OPERA
1911 288 1965 345 S.
2002 291 2333 352 AMBROSII
2370 295 2748 359 APPENDIX.
2780 338 2793 343 -

3743 316 3837 371 920

1695 435 1713 457 ι
1766 411 1867 467 Per
1904 429 2096 485 panem
2130 420 2182 478 Α
2213 422 2577 479 mercenarios
2616 433 2777 483 vocat
2828 428 3008 501 (Joan.
3067 450 3126 503 x,
3178 435 3295 508 i2).
3364 438 3621 495 Elisaaus
3669 441 3832 513 igitur

1352 470 1359 475 ‘
1613 470 1623 479 ν
1904 470 1921 485 ⁵
2088 470 2095 471 κ
2130 470 2182 478 _-
2214 470 2576 479 ----—vv—-—--v~
2630 470 2777 483 vvv-v
2828 470 3008 501 \vauvo
3067 470 3126 503 Δ,
3179 470 3295 508 16’.
3364 470 3621 495 υιιδωιιδ
3669 470 3827 513 εειιιιι

497 470 652 543 ﬁdes:
699 494 795 550 Ρθι·
840 483 1081 541 (Sinerem
1114 470 1252 546 vero
1282 509 1423 565 saepe
1466 497 1789 567 poenitentia
1838 501 2100 574 designa—
2207 508 2493 565 sanitatem
2544 515 2807 585 contulit,
2846 525 2900 574 et
2938 518 3086 577 Giezi
3115 525 3357 596 pretium
3390 529 3621 600 accepit
3655 549 3670 596 ;
3707 533 3827 603 quia

497 574 589 603 ful-
659 573 800 603 οἶοι-4
832 577 960 603 Α;-;ι
994 580 1177 603 ι.--ι..κ
1223 586 1241 603 1
1282 586 1296 603 ιι
1392 588 1407 603 1
1448 591 1488 603 ἢ
1595 592 1605 602 ο
1889 596 1944 603 --
1987 598 1998 603 -
2237 595 2251 603 .
2359 597 2370 603 -
2652 602 2665 603 η

496 574 610 638 tur,
658 573 802 631 sicut
830 577 967 635 dicit
994 580 1185 639 beatus
1214 586 1316 641 Job
1345 588 1412 643 ad
1447 591 1744 648 Dominum
1781 613 1793 650 :

1839 619 1857 642 ι
1887 596 2098 655 Idcirco
2203 595 2272 651 ab
2323 597 2403 654 eis
2443 615 2581 672 quos
2635 602 2828 661 divina
2883 595 3263 668 misericordia
3313 616 3523 684 salvat,
3585 624 3822 689 perversi

2458 655 2477 672 ι
2532 655 2573 657 η
2641 655 2826 661 --ηπ
2883 655 3263 668 ...----.-.,......
3313 655 3523 684 σωκ-υ,
3585 655 3818 689 penus.

494 655 610 728 ipse
640 677 725 716 me
754 667 1121 738 reprehendo,
1171 680 1224 727 et
1252 690 1352 745 ago
1397 680 1776 748 paenitentiam
1807 683 1863 740 in
1904 686 2096 745 favilla
2202 682 2452 743 doctores
2480 690 2718 760 pretium
2748 694 3000 753 sanitatis
3023 699 3281 772 exigunt.
3335 705 3411 760 Et
3457 704 3595 762 ideo
3645 707 3818 765 here-

492 756 547 803 et
593 750 776 806 cinere
818 755 940 825 (Job
975 774 1112 826 XLII,
1146 761 1224 832 6).
1268 786 1286 809 ι
1352 764 1515 823 Panis
1562 770 1732 840 igitur
1778 774 1960 830 cinere
2005 794 2091 833 co-

491 838 762 908 operitur,
813 860 939 899 cum
972 847 1207 917 quilibet
1252 851 1494 910 inﬁdelis
1533 838 1604 913 ad
1645 861 1807 917 ﬁdem
1840 865 2087 935 veniens,

488 926 730 994 primum
786 932 969 989 studet
996 934 1195 993 deﬂere
1237 943 1379 998 mala
1411 961 1531 1017 quae
1561 946 1726 1017 fecit;
1775 962 1836 1008 ut
1876 926 2090 1011 conve;

485 1012 733 1071 nientius
775 1018 844 1074 ad
892 1020 1056 1079 ﬁdem
1107 1025 1313 1085 Christi
1356 1012 1799 1109 percipiendam,
1848 1060 1968 1117 quae
2020 1047 2078 1102 in

483 1099 817 1173 baptismate
869 1107 1052 1180 datur,
1100 1099 1546 1179 accedat—Elias
1594 1099 1798 1200 itaque,
1823 1099 2079 1208 praecepit

483 1192 704 1249 mulieri
741 1202 802 1251 ut
841 1214 910 1253 ex
940 1198 1121 1257 farina
1149 1220 1344 1276 panem
1376 1210 1596 1282 faceret,
1645 1216 1861 1291 sibique
1889 1192 2079 1279 defer—

482 1290 602 1349 ret;
635 1283 764 1355 quia
809 1287 1193 1356 pradicatores
1242 1299 1416 1354 sancti
1465 1311 1657 1372 gentes
1690 1283 2076 1384 hortabantur,

480 1376 542 1424 ut
569 1386 637 1425 ex
669 1372 900 1431 rationis
928 1376 1073 1434 bono
1104 1381 1251 1452 quod
1279 1400 1310 1439 a
1348 1388 1462 1444 Deo
1488 1406 1858 1467 perceperant,
1890 1400 2075 1459 cibum

479 1458 611 1515 ﬁdei
663 1462 780 1518 Deo
834 1480 1221 1541 praepararent,
1276 1458 1506 1551 sibique
1544 1458 1857 1557 deferrent;
1907 1458 2071 1550 ﬁdem

477 1565 716 1624 namque
751 1558 1129 1633 unusquisque
1158 1563 1226 1620 ad
1257 1565 1593 1639 baptismum
1639 1578 1887 1649 veniens,
1920 1601 2070 1656 prae-

476 1638 711 1698 dicatori
744 1642 942 1715 defert,
983 1666 1109 1707 cum
1154 1653 1221 1709 ad
1256 1638 1740 1733 interrogationem
1775 1638 2071 1731 sacerdotis

2200 772 2295 829 des
2350 776 2510 848 leprae
2569 796 2760 838 eorum
2816 785 3150 856 eﬁiciuntur,
3204 791 3337 864 quia
3378 793 3445 848 in
3504 796 3679 851 malis
3706 813 3813 870 qua?

2196 860 2288 918 isti
2329 880 2424 937 per
2471 870 2701 940 gratiam
2743 873 2843 929 Dei
2899 886 3379 953 contempserunt,
3428 898 3811 956 permanentes

2194 951 2602 1015 damnationem
2629 961 2733 1016 sibi
2767 974 3086 1037 perpetuam
3107 951 3447 1042 acquirunt:
3476 976 3561 1029 De
3582 980 3807 1048 apertio

2194 1042 2358 1101 nibus
2411 1057 2646 1120 quatuor
2701 1052 3014 1124 sigillorum
3045 1074 3166 1130 qua:
3197 1061 3262 1116 ad
3296 1072 3467 1120 vetus
3499 1042 3807 1123 Testamen-

2190 1136 2307 1185 tum
2329 1133 2601 1203 pertinere
2630 1147 2839 1196 certum
2874 1151 2976 1212 est,
3009 1162 3181 1217 pauca
3210 1146 3278 1205 de
3300 1153 3504 1210 multis
3524 1154 3802 1217 diximus;

2188 1228 2251 1277 ut
2284 1223 2785 1288 demonstraremus
2813 1234 2954 1291 nihil
2993 1238 3145 1294 aliud
3167 1256 3285 1297 esse
3311 1243 3645 1316 sigillorum
3664 1267 3801 1322 aper-

2187 1311 2415 1383 tionem,
2457 1317 2564 1374 nisi
2611 1318 3141 1383 demonstrationem
3172 1330 3518 1401 spiritalium
3545 1354 3799 1396 sensuum

2186 1400 2245 1457 in
2271 1405 2443 1462 veteri
2472 1408 2846 1482 Testamento,
2880 1430 3001 1487 quae
3032 1400 3324 1494 nobisiper
3345 1421 3642 1483 Christum
3668 1429 3799 1486 facta

2181 1499 2284 1549 est.

2254 1584 2438 1657 (Vers.
2496 1588 2579 1660 8.)
2636 1589 2945 1665 Sequitur:
2996 1598 3069 1654 Et
3097 1615 3204 1655 ecce
3236 1618 3404 1673 equus
3426 1608 3705 1677 pallidus,
3757 1620 3797 1666 et

2177 1672 2271 1743 qui
2321 1674 2526 1733 sedebat
2576 1694 2737 1751 super
2790 1698 2928 1752 eum,
2982 1703 3168 1743 nomen
3231 1672 3380 1753 5732
3426 1672 3523 1749 illi
3558 1672 3705 1752 mars
3755 1708 3796 1755 et

1474 1730 1491 1733 ν
2036 1730 2065 1731 ,7
2184 1730 2203 1743 ⁵
2420 1730 2521 1733 ﬂ"-
2582 1730 2717 1751 μτι.--
2792 1730 2928 1752 νν-..Ἶ
2985 1730 3168 1743 "vn-un
3231 1730 3380 1753 uug
3433 1730 3521 1749 seu
3558 1730 3704 1752 ιηυιο
3755 1730 3791 1755 ﬂ

475 1730 712 1801 qualiter
738 1734 945 1806 credat,
978 1740 1306 1814 conﬁtetur;
1344 1748 1495 1806 Elias
1524 1770 1717 1825 panem
1757 1774 1919 1830 quem
1950 1780 2067 1821 mu-
2094 1778 2142 1840 Β
2176 1771 2422 1843 infernus
2487 1779 2798 1849 sequebatur
2862 1800 2998 1842 eum.
3048 1788 3326 1848 Videntur
3384 1794 3509 1852 haec
3560 1814 3687 1869 qua:
3731 1798 3791 1854 de

476 1818 597 1869 lieri
628 1821 803 1869 facere
832 1829 1087 1869 nrmmzmit
1160 1836 1399 1869 ρηηηοτιςι
1456 1840 1578 1869 ηκξι.
1621 1846 1889 1869 ...μμ-μη
1930 1852 2004 1869 ιη·
2289 1861 2298 1869 ·
2630 1867 2667 1869 -ν

476 1818 598 1875 lieri
626 1821 803 1880 facere
832 1829 1108 1902 praecepit,
1160 1836 1423 1905 comedit,
1455 1818 1585 1913 quia
1620 1818 1897 1916 profectus
1927 1818 2065 1908 ﬁlio-

472 1923 595 1964 rum
645 1928 853 1969 merces
905 1924 987 1973 est
1035 1921 1477 1991 prredicatorum.
1528 1930 1869 2007 Quapropter
1914 1941 2065 2000 Elias

472 1999 693 2057 mulieri
722 2006 979 2079 praecepit
1009 2018 1070 2066 ut
1092 2012 1198 2068 sibi
1225 2015 1488 2089 primum,
1519 1999 1704 2094 postea
1731 1999 1836 2084 sibi
1866 2038 1919 2088 et
1946 2033 2064 2090 ﬁlio

464 2446 697 2505 obtinet.
748 2450 905 2518 Quod
950 2464 1132 2514 autem
1172 2462 1251 2518 ait
1286 2465 1483 2526 Elias:
1548 2496 1567 2519 ι
1610 2446 1821 2548 Hydria
1865 2446 2055 2540 rana;

464 2550 576 2591 non
612 2536 850 2609 deﬁciet,
886 2559 988 2601 nec
1034 2546 1287 2621 lecythus
1324 2556 1432 2612 olei
1476 2536 1758 2620 minuetur
1796 2536 2054 2643 usque—iri

461 2623 631 2694 diem,
672 2626 733 2682 in
763 2645 869 2701 qua
896 2632 1125 2694 daturus
1172 2647 1254 2697 est
1291 2644 1561 2706 Dominus
1607 2654 1853 2723 pluviam
1877 2623 2055 2733 lsuper

461 2722 663 2821 terram
683 2715 813 2821 ‘(III
842 2722 966 2793 Reg.
1000 2741 1140 2795 xvrr,
1174 2728 1304 2821 14))
1334 2756 1352 2781 ι
1395 2735 1537 2794 illud
1578 2715 1871 2815 signiﬁcat,

457 2801 597 2860 ﬁdes
650 2805 718 2862 ab
758 2809 1057 2868 electorum
1110 2819 1370 2878 cordibus
1423 2801 1674 2901 bonaquve
1728 2801 1890 2906 opera
1914 2801 2049 2896 1113:}

456 2892 736 2965 deﬁcient,
788 2915 960 2972 usque
1003 2902 1135 2961 dum
1181 2908 1450 2969 Dominus
1487 2915 1557 2973 ad
1583 2892 1870 2990 .judicium
1922 2892 2048 2985 cum

456 2982 717 3040 omnibus
748 2990 950 3047 sanctis
979 2993 1094 3050 suis
1121 2997 1324 3055 veniat.

527 3077 797 3139 Similiter
824 3094 877 3142 et
906 3088 1138 3148 Elisaeus
1167 3093 1448 3157 Christum
1482 3101 1770 3178 ﬁgurabat,
1800 3110 2043 3173 Naaman
2078 3132 2122 3194 α

456 3181 590 3223 vero
610 3173 875 3244 populum
906 3181 1172 3249 gentium.
1191 3184 1350 3249 Multi
1384 3173 1582 3262 leprosi
1601 3173 1832 3256 erantin
1857 3203 2044 3279 Israel,

451 3260 506 3313 et
536 3273 698 3317 nemo
723 3278 912 3321 eorum
943 3270 1243 3330 mundatus
1269 3284 1370 3347 est,
1414 3260 1523 3338 nisi
1554 3283 1796 3344 Naaman
1822 3290 1995 3364 Syrus

450 3345 581 3453 quia
611 3351 866 3410 veniente
895 3354 1116 3415 Christo
1162 3361 1220 3418 iu
1250 3345 1432 3439 carne,
1480 3378 1534 3427 et
1560 3373 1734 3433 Judaei
1765 3345 2043 3453 et'gentes’

1418 3431 1429 3439 ,
1696 3431 1733 3433 η
1771 3431 1816 3435 _-
1858 3431 2041 3453 0-..”-

451 3431 605 3506 lepra
646 3447 996 3508 peccatorum
1049 3464 1273 3508 suorum
1322 3458 1646 3520 circumdati
1697 3476 1895 3526 erant:
1946 3474 2041 3531 sed

446 3520 649 3628 fudzeis
698 3524 756 3579 in
807 3528 1099 3600 Iniquitate
1142 3553 1241 3594 sua
1286 3520 2041 3628 permanentibus,—gentesa

444 3604 596 3675 lepra
628 3618 975 3679 peccatorum
1004 3635 1229 3679 suorum
1262 3604 1535 3690 mundatus
1574 3604 1750 3697 sunt.’
1771 3604 2037 3720 ﬁrmcepit

444 3706 571 3720 Λευ-Λ
619 3694 847 3720 Dl:-____
899 3704 945 3720 ιν
1221 3712 1260 3720 -.

443 3706 573 3763 ergo
617 3694 852 3755 Elismus
896 3704 1161 3779 Naaman,
1205 3712 1441 3775 dicens:
1506 3747 1525 3769 ι
1563 3724 1713 3783 Vade
1756 3740 1810 3788 et
1852 3694 2034 3796 lavare

442 3782 647 3855 septies
676 3786 737 3843 in
778 3790 1036 3866 Iordane,
1082 3807 1138 3856 et
1165 3804 1393 3877 recipiet
1434 3811 1726 3873 sanitatem
1755 3836 1883 3879 caro
1918 3833 2028 3897 tua,

442 3878 600 3897 -.-υ
635 3877 801 3897 μμ,
841 3881 855 3897 ι
944 3883 954 3894 .
1027 3887 1129 3897 ,---
1169 3892 1200 3897 _

438 3878 602 3978 atqpe
632 3877 987 3978 mundaberis
1017 3887 1129 3960 (IV
1156 3892 1281 3965 Reg.
1314 3913 1372 3965 ν,
1400 3898 1511 3972 10).
1545 3927 1563 3950 ι
1605 3905 1779 3978 Abiit,
1812 3877 1871 3969 et

436 3960 496 4017 in
527 3963 764 4026 Iordane
809 3974 1026 4047 septies,
1077 3986 1131 4035 et
1161 3984 1414 4043 restituta
1441 3960 1522 4045 est
1561 4008 1687 4052 caro
1733 3960 1849 4072 eius
1887 4003 2030 4063 sicut

434 4066 562 4168 car:
615 4060 771 4128 pueri
805 4066 1042 4137 parvuli,
1074 4076 1128 4126 et
1156 4074 1453 4135 mundatus
1481 4090 1562 4139 est
1590 4101 1621 4141 a
1659 4060 1826 4162 lepra.
1869 4095 2027 4168 Aqua

431 4136 687 4248 .{l‘qrdanis
742 4136 1077 4220 baptismum
1134 4158 1479 4237 ﬁgurabant,
1520 4136 1620 4228 leo“
1656 4136 2027 4248 iii";

431 4224 687 4335 CLh'ristus
741 4234 1049 4307 baptizatus
1096 4224 1203 4303 sit:
1249 4224 1486 4313 Naaman
1546 4224 1709 4335 aquis
1769 4224 2025 4331 Eordan‘i;

428 4312 650 4373 ablutus
677 4328 780 4390 est,
827 4332 880 4380 et
908 4328 1058 4401 lepra
1093 4339 1427 4413 mundatus;
1477 4312 1617 4421 quia1
1633 4312 2020 4433 populusugenj

428 4400 571 4433 9:...“
631 4423 762 4433 -....-
823 4417 959 4433 --ην
1014 4419 1030 4433 1
1130 4424 1164 4433 ᾼ.
1318 4430 1327 4433 -

428 4400 573 4458 tium
628 4423 769 4481 aqua
820 4417 961 4471 sacri
1012 4419 1360 4493 baptismatis
1402 4449 1434 4489 a
1477 4400 2013 4514 lleprarpgccatoium

423 4508 652 4551 suorum
700 4506 782 4556 est
810 4516 1163 4580 expurgatus.
1211 4514 1441 4589 Septena
1487 4506 1620 4585 vero
1657 4506 1774 4603 ejus
1812 4537 2014 4599 lavatio

420 4584 801 4682 septiformem
874 4593 1141 4669 Spiritum
1215 4584 1465 4668 sanetum
1538 4584 2013 4701 rigabat};

1579 4672 1832 4695 amcam,
1954 4672 2002 4686 ν.

417 4672 578 4789 cujus
605 4681 981 4751 operationem
1002 4692 1253 4751 remissio
1281 4712 1627 4771 peccatorum
1658 4711 1717 4768 in
1737 4672 2008 4789 baptismo

415 4760 610 4865 datur;
662 4770 794 4843 quia
829 4775 975 4835 sicut
1019 4797 1219 4856 corpus
1265 4760 1563 4852 visibilimr
1599 4801 1757 4874 aquis
1801 4760 2003 4881 Ξέριὲ

413 4855 613 4927 matis,
674 4861 752 4921 ita
805 4868 991 4927 anima
1044 4872 1410 4938 invisibiliter
1480 4903 1576 4959 per
1626 4855 1999 4965 (iperatiobem

413 4944 501 4965 οη.
540 4950 574 4965 .,
873 4961 883 4965 -

409 4944 649 5051 Spiritus
710 4961 887 5018 sancti
949 4981 982 5021 a
1032 4973 1268 5040 peccatis
1331 4944 1591 5039 omnibus
1645 4944 1995 5051 ermundatur.

406 5033 557 5153 Giezi
583 5052 763 5101 autem
794 5051 889 5122 qui
914 5056 1150 5125 pretium
1190 5066 1442 5124 sanitatis
1467 5086 1498 5126 a
1525 5073 1768 5133 Naaman
1798 5096 1996 5153 perce-

406 5122 484 5153 ηζι
564 5144 681 5153 -——-
695 5150 737 5153 —-
758 5151 767 5153 4
919 5140 929 5151 ‘
1030 5144 1045 5153 ‘
1192 5149 1230 5153 ’“

403 5122 855 5245 Είῑ,⁴1ςθρι·δωᾳιιθ
883 5122 1399 5245 eius‘hazreditavit,
1454 5174 1547 5216 eos
1577 5122 1844 5238 designati,
1895 5174 1994 5245 qui

400 5211 708 5278 doctrinam
738 5242 850 5284 sua)
878 5211 1288 5303 praedicationis
1333 5243 1654 5310 hominibus
1696 5211 1947 5317 :endunit
1975 5280 1988 5320 :

397 5317 536 5375 quos
588 5311 859 5374 Dominus
909 5319 969 5377 in
1028 5324 1330 5401 Evangelia
1388 5351 1501 5392 non
1569 5311 1991 5415 pastoresirsed

2174 1861 2357 1933 equite
2389 1874 2586 1937 quarto
2614 1867 2901 1942 dicuntur,
2923 1874 2989 1931 ad
3016 1876 3431 1939 Antichristum
3461 1861 3745 1957 pertinere
3769 1907 3780 1945 :

2173 1949 2269 2006 sed
2297 1952 2425 2024 quia
2453 1957 2764 2028 superiores
2817 1970 2927 2020 tres
2953 1967 3165 2039 equites
3214 1971 3275 2026 in
3331 1973 3535 2031 bonam
3578 1986 3784 2049 partem

2172 2038 2516 2112 interpretati
2565 2063 2777 2119 sumus,
2828 2061 2889 2108 ut
2934 2038 3437 2118 convenirentcum
3470 2067 3785 2137 apertioni-

2169 2126 2273 2185 bus
2301 2131 2472 2188 trium
2502 2135 2813 2208 sigillorum
2838 2159 2851 2209 ;
2903 2144 3121 2203 ordinis
3151 2151 3427 2209 rectitude
3457 2126 3714 2227 cogit,ut
3732 2167 3782 2214 et

2169 2220 2335 2276 istum
2386 2222 2444 2279 in
2517 2225 2717 2285 bonam
2768 2241 2979 2304 partem
3034 2236 3431 2311 intelligamus,
3499 2254 3782 2317 quatenus

2167 2311 2461 2369 concordet
2489 2332 2615 2373 cum
2661 2321 2943 2391 apertione
2999 2326 3181 2399 quarti
3240 2330 3431 2403 sigilli,
3477 2311 3654 2407 quam
3709 2338 3778 2394 ad

2166 2398 2459 2470 prophetas
2508 2406 2783 2476 pertinere
2808 2398 3334 2476 demonStravimus.
3377 2398 3573 2495 Equus
3604 2426 3779 2498 igitur

2164 2488 2404 2559 pallidus
2432 2494 2724 2565 prophetas
2752 2500 3029 2571 signiﬁcat
3084 2522 3096 2560 :
3158 2508 3335 2579 pallor
3365 2488 3495 2567 vero
3530 2488 3777 2573 dii-‘ersis

2163 2580 2342 2637 modis
2395 2584 2597 2641 accidit
2644 2586 3014 2660 hominibus;
3065 2594 3365 2669 aliquando
3411 2618 3653 2677 namque
3682 2624 3777 2679 pa-

2165 2682 2315 2735 vore,
2344 2671 2642 2745 aliquando
2674 2676 2955 2750 languore,
2994 2683 3308 2758 aliquando
3363 2699 3537 2747 morte
3559 2671 3778 2752 uotum

2161 2772 2359 2830 corpus
2386 2772 2711 2835 occupante,
2755 2771 3059 2845 multisque
3089 2777 3271 2834 modis
3299 2779 3423 2835 aliis
3462 2782 3778 2853 pallescunt

2160 2844 2431 2907 homines.
2493 2852 2785 2925 Prophetas
2842 2844 3047 2933 itaque,
3117 2865 3213 2937 qui
3268 2844 3479 2939 populo
3518 2877 3771 2943 peccanti

2158 2938 2527 3010 praedicebant
2566 2945 2714 3016 quod
2761 2947 2819 3002 in
2854 2951 3099 3021 rapinam
3126 2962 3181 3008 et
3207 2938 3447 3027 gladium
3480 2938 3537 3016 et
3569 2963 3772 3033 perdi-

2156 3028 2363 3085 tionem
2440 3031 2705 3090 darentur
2738 3080 2753 3105 ,
2825 3054 2937 3094 non
3018 3040 3472 3104 inconvenienter
3521 3052 3769 3109 colorem

2155 3117 2422 3187 pallidum
2454 3120 2716 3180 habuisse
2767 3124 3033 3185 dicuntur
3080 3149 3091 3186 :
3151 3149 3326 3191 sessor
3372 3145 3550 3194 autem
3593 3140 3767 3212 hujus

2155 3207 2282 3279 equi
2310 3209 2580 3268 Dominus
2605 3220 2705 3282 est,
2730 3216 2825 3287 qui
2856 3218 2915 3272 in
2941 3220 3222 3293 prophetis
3252 3225 3369 3283 suis
3398 3207 3760 3290 inhabitavit.

2153 3293 2259 3349 Sed
2306 3296 2463 3365 valde
2522 3299 2724 3357 durum
2785 3304 3024 3377 videtur,
3106 3312 3252 3384 quod
3315 3332 3515 3373 nomen
3558 3322 3760 3378 mortis

2152 3382 2407 3442 habuisse
2436 3388 2680 3458 dicitur;
2717 3392 2832 3464 ipse
2858 3398 3008 3454 enim
3035 3382 3153 3457 vita
3174 3410 3257 3458 est
3276 3405 3528 3462 omnium
3554 3409 3755 3467 electo-

2150 3488 2272 3527 rum
2320 3491 2569 3545 suorum,
2622 3480 2768 3537 sicut
2834 3482 2949 3555 ipse
3006 3486 3178 3545 dicit:
3245 3514 3263 3538 ι
3306 3493 3423 3564 Ego
3476 3512 3598 3551 sum
3640 3499 3756 3555 vita

2145 3562 2333 3626 (Joan.
2366 3581 2484 3635 χεν,
2507 3566 2540 3623 6
2544 3568 2589 3638 ).
2615 3593 2633 3617 ι
2667 3570 2773 3627 Sed
2800 3572 2847 3629 si
2881 3573 3178 3648 diligenter
3196 3562 3510 3654 Scripturas
3527 3586 3749 3646 divinas

2146 3650 2569 3723 inspexerimus,
2593 3656 2940 3718 inveniemus
2956 3665 3257 3723 Dominum
3277 3681 3530 3729 nostrum
3560 3675 3744 3735 Iesum

2143 3738 2424 3797 Christum
2454 3743 2617 3801 etiam
2650 3755 2881 3817 mortem
2926 3756 3132 3811 vocari.
3175 3757 3309 3813 Nam
3339 3763 3485 3819 sicut
3516 3764 3634 3822 vita
3666 3777 3743 3824 est

2140 3830 2390 3887 omnium
2419 3833 2740 3906 electorum,
2765 3840 2966 3912 quibus
2995 3844 3244 3916 quotidie
3274 3849 3449 3906 vitam
3479 3861 3737 3913 aeternam

2137 3917 2367 3991 largitur
2393 3939 2407 3989 ;
2454 3922 2533 3978 ita
2568 3932 2622 3981 et
2660 3944 2809 3985 mors
2836 3929 2948 3987 dici
2978 3940 3157 4003 potest
3185 3939 3573 4010 reproborum,
3601 3960 3739 4017 quos

2134 4024 2234 4080 pro
2284 4010 2582 4070 sceleribus
2636 4015 2754 4073 suis
2809 4020 3058 4091 quotidie
3118 4027 3284 4082 morti
3324 4029 3495 4087 tradit
3535 4010 3735 4106 perpe—

2133 4104 2242 4155 tuae
2273 4118 2289 4169 ;
2344 4102 2461 4175 ipse
2512 4104 2661 4161 enim
2700 4106 2864 4166 habet
2904 4119 3226 4183 potestatem
3258 4118 3506 4176 animam
3533 4102 3587 4178 et
3614 4102 3730 4181 cor-

2131 4203 2234 4259 pus
2271 4190 2495 4281 perdere
2536 4194 2591 4249 in
2645 4196 2949 4267 gehennam
2983 4202 3199 4274 (Matth.
3250 4223 3309 4275 κ,
3350 4208 3469 4281 28).
3518 4212 3726 4271 Nomen

2128 4291 2256 4349 ergo
2284 4280 2475 4337 mortis
2501 4281 2758 4361 habuisse
2785 4287 3013 4360 dicitur,
3048 4294 3179 4365 quia
3199 4280 3506 4356 Israelitico
3526 4304 3725 4376 populo

2126 4368 2372 4436 peccanti
2402 4379 2632 4428 mortem
2656 4375 2867 4446 intulit,
2897 4378 3044 4437 sicut
3063 4382 3120 4437 in
3150 4387 3371 4443 cantico
3404 4389 3723 4448 Deuteroni-

2126 4455 2224 4511 mii
2298 4456 2415 4531 ipse
2487 4463 2778 4523 manifeste
2848 4469 3233 4544 demonstrat,
3310 4496 3441 4537 cum
3516 4482 3655 4541 dicit
3707 4504 3719 4542 :

2137 4567 2157 4593 ς
2185 4545 2333 4617 Ignis
2364 4565 2658 4609 succensus
2676 4564 2759 4612 est
2785 4558 2842 4614 in
2866 4559 3048 4618 furore
3068 4580 3210 4634 meo,
3232 4575 3287 4624 et
3313 4569 3533 4630 ardebit
3554 4590 3721 4649 usque

2119 4633 2187 4690 ad
2228 4634 2434 4694 inferni
2481 4642 2782 4703 novissima
2832 4649 2996 4721 (76):
3057 4653 3458 4733 devorabitque
3518 4633 3718 4722 terram

2116 4739 2240 4779 cum
2275 4729 2519 4797 germine
2550 4748 2673 4804 suo,
2704 4744 2758 4792 et
2787 4740 3061 4797 montium
3092 4743 3456 4825 fundamenta
3494 4754 3718 4811 combu-

2113 4820 2216 4870 ret.
2249 4814 2600 4892 Congregabo
2647 4840 2811 4896 super
2857 4844 2950 4886 eos
3005 4833 3169 4899 mala,
3214 4842 3270 4891 et
3296 4814 3529 4910 sagittas
3575 4860 3717 4901 meas

2110 4905 2398 4977 complebo
2428 4909 2485 4964 in
2514 4910 2626 4969 eis:
2661 4927 3055 4976 consumantur
3075 4921 3249 4992 fame;
3283 4934 3338 4981 et
3363 4905 3716 4988 devorabunt

2108 5010 2200 5052 eos
2228 5014 2355 5056 aves
2384 5017 2570 5059 morsu
2599 5007 2966 5066 amarissimo.
3019 5014 3223 5070 Dentes
3262 5016 3571 5079 bestiarum
3615 5025 3714 5080 im-

2106 5087 2321 5145 mittam
2366 5091 2424 5148 in
2453 5108 2545 5150 eos
2568 5111 2695 5152 cum
2727 5098 2911 5157 furore
2943 5102 3283 5163 trahentium
3305 5127 3476 5183 super
3508 5122 3707 5170 terram

2103 5184 2264 5250 atque
2292 5183 2647 5253 serpentium.
2684 5188 2840 5246 Foris
2873 5185 3110 5251 vastabit
3137 5213 3229 5253 eos
3259 5199 3502 5272 gladius,
3525 5212 3583 5261 et
3613 5205 3704 5260 in—

2101 5273 2191 5323 tus
2219 5285 2409 5341 pavor,
2443 5280 2499 5330 et
2520 5275 2729 5350 reliqua
2764 5279 2939 5352 (Deut.
2973 5300 3156 5353 xxxn,
3188 5287 3404 5363 22-25).
3440 5317 3461 5339 ι

2171 5356 2331 5416 Hunc
2367 5361 2606 5435 equitem
2656 5366 2907 5427 infernus
2944 5374 3297 5448 sequebatur,
3350 5381 3485 5454 quia
3512 5400 3699 5441 omnes
