3880 6198
151 291 161 298 ’
185 312 287 372 921

1066 307 1527 366 BERENGAUDI
1566 306 1942 364 EXPOSITIO
1983 307 2053 364 ΙΝ
2094 306 2596 366 APOCALYPSIN.
2626 322 2648 342 ·

3374 314 3483 373 922

180 434 276 509 qui
315 432 771 489 comminationes
801 433 1191 505 prophetarum
1233 449 1367 506 quas
1398 449 1465 489 ex
1513 450 1605 489 ore
1653 434 1772 488 Do—
1798 430 1857 493 A
1884 440 1937 487 et
1986 432 2288 488 mercedem
2328 434 2544 504 plenam
2594 433 2842 490 laborum
2894 451 3116 492 suorum
3168 453 3199 492 a
3244 440 3486 498 Domino

181 524 318 585 mini
347 523 413 578 ad
445 524 704 596 populum
730 527 1090 596 protulerant,
1114 533 1585 596 contempserunt,
1608 525 1772 580 infer-

180 634 284 676 nus
320 615 622 672 absorbuit.
655 616 809 673 Unde
838 623 892 672 et
919 617 1167 689 sequitur
1202 634 1213 671 :
1247 617 1323 672 Et
1346 616 1473 671 data
1502 622 1575 670 est
1603 615 1649 669 ei
1664 632 1774 686 po-

182 714 332 764 testas
361 704 417 760 in
446 712 677 776 quatuor
701 713 899 777 partes
934 712 1086 760 terrce
1126 706 1355 760 occidere
1398 705 1455 760 in
1498 705 1697 775 gladio,
1727 709 1775 758 et

177 797 337 867 fame,
368 801 415 850 et
452 801 634 862 morte,
668 801 716 849 et
744 796 917 850 bestiis
948 802 1119 850 terrm.
1168 796 1269 851 Per
1316 802 1552 868 quatuor
1593 801 1771 865 partes

178 895 333 943 terra)
344 885 525 940 omnis
547 894 688 942 terra
703 887 866 942 Israel
889 884 1210 957 designatur
1231 886 1372 956 (77).
1395 884 1643 952 Qualiter
1662 902 1770 939 au-

176 988 284 1035 tem
331 976 389 1032 in
437 978 638 1049 gladio,
678 986 733 1033 et
770 977 932 1046 fame,
966 986 1017 1033 et
1052 986 1250 1046 morte,
1281 985 1336 1034 et
1380 976 1572 1039 bestiis
1610 983 1766 1031 terra:

175 1067 485 1137 consumpti
517 1066 741 1134 fuerint,
775 1066 902 1121 libri
934 1066 1331 1140 Prophetarum
1370 1076 1530 1139 atque
1561 1067 1764 1137 Regum

173 1167 355 1231 aperte
402 1156 798 1213 demonstrant.
862 1157 1226 1224 Quaerendum
1270 1171 1401 1211 vero
1466 1154 1626 1211 nobis
1686 1164 1768 1212 est

173 1263 270 1304 cur
297 1247 507 1319 apertio
539 1256 774 1320 quatuor
811 1247 1121 1320 sigillorum
1152 1246 1220 1302 ad
1263 1255 1420 1301 vetus
1448 1245 1774 1301 Testamen—

174 1343 312 1404 tum,
364 1336 533 1391 trium
580 1352 713 1391 vero
776 1336 843 1392 ad
911 1353 1119 1392 novum
1184 1336 1469 1408 pertineat.
1527 1336 1774 1402 Quatuor

176 1441 410 1497 namque
459 1433 591 1481 sunt
636 1426 927 1494 elementa,
974 1426 1176 1499 quibus
1224 1426 1525 1483 secundum
1572 1441 1773 1496 corpus

170 1512 558 1581 subsistimus;
594 1522 750 1570 vetus
796 1515 966 1587 igitur
1012 1516 1420 1572 Testamentum
1454 1515 1507 1570 in
1541 1522 1770 1587 quater-

173 1601 324 1657 nario
354 1618 588 1658 numero
610 1620 720 1658 non
748 1602 1204 1673 inconvenienter
1229 1604 1452 1676 ponitur
1477 1622 1489 1671 ;
1522 1603 1651 1676 quia
1681 1603 1769 1658 lex

172 1692 343 1764 Moysi
361 1692 505 1747 nihil
525 1693 677 1749 aliud
692 1694 896 1767 populo
920 1696 1205 1763 Hebraico,
1222 1694 1328 1749 nisi
1343 1711 1403 1749 ea
1420 1710 1539 1765 quae
1556 1693 1621 1748 ad
1638 1709 1767 1766 qua-

1883 521 2204 593 percipient.
2238 522 2371 577 Nam
2405 523 2551 579 hunc
2582 523 2726 580 diem
2759 524 3028 580 Dominus
3055 524 3482 585 desiderandum

1880 627 1995 690 esse
2042 610 2330 683 discipulis
2375 613 2490 668 suis
2543 614 2936 683 manifestavit,
2990 634 3115 672 cum
3172 618 3327 690 signa
3374 620 3485 676 diei

1875 689 2076 762 judicii
2098 703 2434 775 praediceret,
2454 703 2670 761 dicens:
2703 731 2720 752 ι
2735 705 2871 762 Cum
2891 714 3070 763 autem
3094 689 3349 765 videritis
3370 710 3485 767 hinc

1880 789 2019 859 ﬁeri,
2061 792 2313 863 respicite
2344 801 2397 848 et
2428 794 2601 850 levate
2630 795 2810 867 capita
2839 805 3048 864 vestra;
3081 798 3340 870 quoniam
3374 816 3484 872 ap-

1879 881 2274 953 propinquavit
2309 884 2615 955 redemptio
2660 894 2839 941 vestra
2879 887 3030 957 (Luc.
3062 904 3179 952 xxr,
3207 888 3322 956 28).
3356 913 3374 936 ι
3414 889 3485 944 Et

1878 970 1938 1026 in
1966 972 2212 1027 oratione
2240 971 2529 1028 Dominica
2554 974 2768 1029 assidue
2799 976 3053 1047 petimus,
3081 996 3107 1027 «
3137 985 3197 1031 ut
3227 977 3484 1036 adveniat

1878 1074 2103 1131 regnum
2155 1068 2311 1116 tuum
2362 1062 2572 1129 (Matth.
2616 1080 2694 1131 γι,
2730 1064 2843 1129 10).
2879 1090 2896 1111 ι
2940 1065 3144 1120 Verum
3191 1066 3319 1138 quia
3349 1083 3485 1122 san-

1883 1154 2098 1203 ctorum
2131 1150 2456 1206 resurrectio
2486 1159 2645 1223 atque
2678 1152 3002 1224 glorificatio
3048 1154 3106 1209 in
3153 1155 3243 1211 die
3287 1154 3483 1227 iudicii

1881 1235 1996 1305 ﬁet,
2029 1246 2081 1293 et
2113 1236 2229 1293 dies
2264 1237 2461 1309 judicii
2493 1240 2773 1297 damnatio
2821 1243 2925 1298 erit
2957 1243 3277 1315 impiorum,
3309 1244 3483 1301 sancti

1881 1326 2150 1383 ultionem
2181 1330 2247 1384 de
2280 1329 2523 1387 inimicis
2558 1333 2671 1387 suis
2711 1335 3009 1405 postulant,
3040 1336 3259 1409 quando
3290 1344 3484 1409 petunt

1881 1423 1943 1470 ut
1993 1416 2109 1472 dies
2156 1419 2373 1475 Domini
2427 1421 2645 1487 veniat;
2702 1424 2831 1495 quia
2877 1440 2940 1479 eo
2988 1425 3077 1480 die
3129 1425 3483 1482 damnatione

1879 1513 2140 1577 perpetua
2168 1507 2594 1566 damnabuntur.
2625 1511 2727 1567 Sed
2769 1511 2859 1567 hic
2888 1514 3117 1585 quaestio
3152 1514 3349 1583 oritur,
3382 1532 3482 1572 cur

1878 1596 2054 1651 sancti
2123 1596 2265 1652 diem
2344 1600 2563 1654 Domini
2641 1602 2971 1673 desiderent,
3030 1621 3156 1660 cum
3215 1605 3483 1676 propheta

1877 1681 2023 1739 dicat
2059 1703 2070 1739 :
2119 1711 2137 1734 ι
2164 1687 2257 1742 Vas
2298 1686 2737 1745 desiderantibus
2766 1691 2911 1746 diem
2950 1692 3168 1747 Domini
3203 1694 3389 1760 (Amos
3422 1712 3478 1763 v,

172 1790 295 1838 tuor
342 1784 615 1840 elementa
665 1784 966 1857 pertinent,
1000 1784 1354 1856 repromittit.
1388 1784 1601 1839 Novum
1634 1801 1765 1839 vero
1796 1774 2022 1856 313)?
2065 1800 2080 1821 ’
2142 1776 2355 1832 SGimUS
2408 1795 2642 1851 namque
2690 1780 2833 1835 diem
2887 1782 3109 1836 Domini
3162 1782 3482 1838 damnatio-

171 1873 574 1930 Testamentum
624 1875 679 1929 in
728 1875 971 1931 ternario
1021 1889 1249 1929 numero
1298 1874 1523 1945 ponitur
1572 1891 1584 1940 ;
1637 1873 1767 1946 quia

171 1963 301 2018 ﬁdes
330 1972 530 2020 sanctae
561 1964 871 2032 Trinitatis,
906 1962 1021 2020 sine
1052 1980 1159 2037 qua
1186 1964 1325 2018 salvi
1355 1978 1470 2018 esse
1502 1979 1613 2017 non
1644 1980 1765 2036 pos-

171 2068 377 2121 sumus,
410 2053 468 2108 in
497 2070 562 2109 eo
593 2054 901 2126 specialiter
928 2052 1363 2109 commendatur.

241 2142 422 2211 (Vers.
473 2143 555 2214 9.)
604 2145 678 2201 Et
719 2159 834 2196 eum
873 2141 1164 2213 aperuisset
1210 2141 1441 2211 sigillum
1499 2142 1762 2213 quintum.

168 2229 357 2296 Quinti
409 2231 578 2303 sigilli
623 2230 851 2302 apertio,
893 2229 1034 2286 sexti
1079 2236 1132 2284 et
1178 2230 1415 2300 septimi,
1467 2230 1611 2286 sicut
1651 2229 1764 2301 jam

168 2318 436 2387 diximus,
460 2318 527 2374 ad
548 2320 887 2392 apertionem
910 2318 1041 2374 novi
1062 2318 1395 2373 Testamenti
1418 2319 1655 2390 pertinet
1681 2337 1691 2374 :
1713 2328 1768 2375 et

170 2410 425 2481 quamvis
473 2426 681 2465 novum
738 2410 1144 2465 Testamentum
1195 2408 1404 2479 apertio
1451 2410 1523 2465 sit
1566 2409 1767 2465 veteris

171 2497 502 2555 Testamenti
532 2517 545 2567 ;
587 2506 771 2555 tamen
804 2499 979 2554 multa
1008 2498 1064 2553 in
1093 2514 1157 2554 eo
1186 2497 1414 2554 obscure
1460 2505 1762 2570 ponuntur,

172 2604 286 2661 quae
332 2604 553 2644 necesse
608 2595 690 2643 est
754 2595 817 2642 ut
878 2594 1243 2659 exponantur.
1302 2587 1476 2657 Igitur
1525 2585 1767 2658 sigillum

179 2677 453 2750 quintum,
500 2684 717 2733 sextum
767 2683 821 2733 et
880 2676 1173 2748 septimum
1233 2675 1484 2731 Salvator
1532 2674 1767 2748 aperuit,

180 2767 389 2839 quando
419 2783 484 2822 ea
524 2782 645 2839 quae
692 2782 788 2839 per
832 2764 1118 2837 parabolas
1160 2764 1275 2837 ipse
1320 2764 1537 2820 locutus
1579 2772 1681 2829 est,
1716 2769 1771 2817 et

178 2857 473 2929 ﬁguraliter
529 2858 714 2931 gessit,
798 2857 1119 2913 doctoribus
1177 2855 1436 2912 Ecclesia:
1492 2854 1766 2927 patefecit.

178 2946 275 3002 Sed
316 2947 382 3003 de
411 2947 761 3020 expositione
804 2946 938 3002 novi
967 2944 1302 3001 Testamenti
1332 2960 1442 2999 non
1482 2951 1563 2999 est
1609 2942 1772 2998 nobis

178 3051 383 3093 necesse
431 3036 737 3109 quidquam
769 3034 972 3103 dicere,
1015 3050 1079 3089 eo
1112 3033 1259 3106 quod
1291 3049 1323 3088 a
1351 3032 1555 3090 sanctis
1584 3029 1771 3087 Patri-

179 3121 274 3179 bus
335 3124 669 3180 mirabiliter
732 3131 785 3179 et
844 3121 1229 3196 multipliciter
1293 3121 1366 3176 sit
1429 3120 1763 3192 expositum.

178 3210 355 3277 Quinti
387 3212 565 3286 igitur
609 3211 780 3284 sigilli
822 3212 1032 3284 apertio
1076 3211 1144 3267 ad
1187 3219 1455 3283 martyres
1482 3208 1717 3281 pertinet
1750 3226 1764 3275 ;

173 3302 415 3375 quintum
442 3321 581 3360 vero
602 3303 845 3377 sigillum
864 3311 996 3359 tunc
1016 3301 1267 3359 Christus
1287 3300 1520 3373 aperuit,
1546 3298 1766 3373 quando

175 3407 231 3445 ea
257 3408 373 3465 qua:
418 3410 522 3467 per
562 3393 846 3465 parabolas
891 3401 943 3448 et
987 3391 1248 3465 quasdam
1294 3390 1495 3463 ﬁguras
1523 3389 1589 3445 de
1634 3406 1767 3461 per-

178 3482 443 3540 secutione
480 3490 814 3554 martyrum,
846 3488 901 3536 et
945 3479 1343 3553 glorificatione
1372 3496 1560 3535 eorum
1592 3478 1758 3548 dixit,

177 3566 483 3628 doctoribus
530 3571 790 3627 Ecclesiae
854 3569 1248 3626 manifestavit.
1302 3569 1535 3641 Aperuit
1597 3568 1761 3625 etiam

177 3656 419 3729 quintum
463 3660 734 3734 sigillum,
798 3658 1020 3732 quando
1065 3659 1144 3715 eis
1204 3659 1479 3714 caelestem
1531 3657 1761 3730 gloriam

178 3759 327 3816 quam
364 3749 712 3820 promiserat,
757 3747 1016 3815 contulit,
1049 3763 1249 3821 eosque
1290 3747 1347 3802 in
1381 3747 1585 3803 mund»
1620 3764 1642 3799 a
1652 3745 1762 3818 pud

177 3829 413 3894 homines
456 3838 804 3897 clariﬁcavit.
854 3838 973 3897 Vidi
1022 3839 1115 3893 sub
1177 3840 1351 3893 altare
1410 3839 1509 3894 Dei
1549 3839 1759 3892 animas

176 3919 554 3994 interfectorum
600 3933 818 3999 propter
870 3928 1082 3982 verbum
1146 3928 1262 3996 Dei,
1302 3934 1349 3981 et
1408 3926 1758 3981 testimonium

176 4007 308 4080 Iesu,
365 4017 504 4085 quod
560 4015 833 4070 habebant.
902 4017 1089 4072 Altare
1145 4016 1244 4073 Dei
1300 4016 1552 4074 Christus
1606 4021 1689 4071 est
1739 4031 1751 4070 :

177 4098 361 4157 animae
392 4102 563 4177 igitur
591 4114 905 4161 sanctorum
949 4105 1050 4161 sub
1090 4106 1257 4162 altare
1286 4106 1595 4180 quiescunt,
1627 4104 1757 4179 quia

175 4186 308 4246 sicut
351 4196 515 4267 capiti
558 4195 839 4268 supposita
882 4203 1012 4252 sunt
1050 4196 1311 4264 membra,
1372 4197 1530 4269 eique
1563 4195 1755 4253 cohae-

175 4287 306 4347 rent,
359 4281 435 4340 ita
479 4292 535 4341 et
581 4285 780 4340 animae
829 4294 1142 4341 sanctorum
1193 4286 1251 4340 in
1312 4285 1518 4341 caelesti
1577 4284 1753 4356 gloria

174 4369 492 4442 constitutze,
538 4374 760 4432 Christo
807 4375 1066 4431 salvatori
1110 4372 1367 4445 subjectae
1410 4381 1558 4442 sunt,
1590 4373 1749 4446 eique

176 4469 263 4525 Per
289 4461 730 4534 conjunctionem
764 4468 1137 4524 membrorum
1171 4474 1486 4524 nectuntur.

242 4549 414 4619 (Vers.
463 4555 546 4624 10,
594 4557 707 4627 11.)
765 4558 841 4613 Et
897 4558 1197 4613 clamabant
1236 4575 1354 4612 voce
1392 4574 1604 4628 magna,
1660 4556 1755 4611 di-

173 4645 324 4694 centes
373 4661 384 4698 :
442 4646 733 4717 Usquequo,
785 4647 1008 4703 Domine
1048 4653 1259 4702 sanctus
1303 4655 1350 4702 et
1410 4664 1582 4714 verus,
1646 4663 1753 4700 non

166 4722 367 4791 iudicas
391 4740 437 4788 et
464 4752 569 4790 non
590 4737 828 4791 vindicas
856 4735 1162 4807 sanguinem
1180 4743 1421 4791 nostrum
1452 4737 1514 4791 de
1544 4735 1627 4802 iis,
1661 4736 1754 4805 qui

173 4812 399 4876 habitant
428 4823 485 4877 in
516 4830 659 4881 terra
689 4828 716 4882 ?
751 4825 886 4883 Cum
928 4824 1207 4897 Scriptura
1237 4826 1515 4899 praecipiat
1547 4825 1749 4880 malum

173 4915 264 4972 pro
290 4911 431 4967 malo
468 4929 579 4969 non
608 4913 834 4970 reddere
880 4914 1055 4986 (Rom.
1102 4933 1207 4983 xu,
1256 4917 1366 4984 17),
1402 4924 1454 4971 et
1485 4913 1753 4972 Dominus

1784 4518 1832 4576 D

1873 1880 1996 1919 nem
2049 1881 2164 1921 esse
2211 1866 2530 1939 impiorum,
2568 1869 2721 1925 sicut
2762 1868 2874 1940 jam
2928 1869 3194 1925 diximus.
3230 1871 3300 1925 Et
3348 1871 3481 1943 quid

1874 1968 2091 2008 necesse
2140 1953 2246 2010 fuit
2288 1956 2565 2026 prophetae
2612 1956 2794 2012 dicere
2845 1976 2856 2013 :
2915 1981 2933 2004 ε
2973 1957 3069 2014 Vae
3109 1957 3481 2013 desideranti-

1874 2040 1979 2098 bus
2024 2042 2173 2099 diem
2218 2045 2478 2101 Domini!
2527 2070 2543 2092 ι
2601 2063 2727 2101 cum
2768 2048 2955 2102 nullus
2986 2046 3189 2119 impius
3236 2049 3484 2121 reperia-

1874 2135 1985 2198 tur,
2016 2130 2110 2203 qui
2142 2139 2235 2187 aut
2266 2141 2496 2189 mortem
2537 2151 2713 2204 suam,
2746 2142 2839 2190 aut
2881 2134 3023 2191 diem
3074 2138 3296 2193 Domini
3328 2137 3482 2193 desi-

1874 2216 2063 2285 deret;
2115 2237 2179 2275 eo
2226 2221 2371 2294 quod
2422 2224 2475 2277 in
2528 2239 2592 2278 eo
2637 2223 2888 2279 damnari
2938 2224 3182 2281 metuit?
3234 2227 3305 2281 Et
3353 2226 3481 2299 quia

1874 2322 2067 2362 verum
2129 2318 2210 2365 est
2267 2311 2411 2383 quod
2474 2311 2741 2384 propheta
2799 2312 2964 2381 dixit,
3036 2314 3479 2387 investigandum

1874 2397 2037 2455 nobis
2078 2408 2158 2456 est
2207 2403 2340 2475 quid
2383 2403 2674 2475 signiticet.
2708 2406 2998 2460 Damnatio
3038 2405 3239 2478 quippe
3271 2405 3482 2479 impio-

1881 2503 2002 2541 rum
2057 2498 2185 2544 sunt
2234 2499 2450 2562 peccata
2502 2509 2513 2546 :
2566 2492 2880 2565 quicunque
2934 2509 3061 2565 ergo
3115 2511 3241 2550 cum
3297 2504 3480 2553 scorto

1881 2576 2029 2631 coire
2089 2578 2381 2647 desiderat,
2440 2580 2849 2636 damnationem
2917 2600 3069 2639 suam
3131 2584 3403 2640 desiderat
3461 2603 3473 2639 :

1882 2664 2197 2740 quicunque
2240 2668 2500 2724 inebriari
2554 2670 2672 2741 (78)
2724 2670 3016 2739 desiderat,
3067 2670 3475 2727 damnationem

1881 2769 2035 2809 suam
2067 2754 2339 2811 desiderat
2374 2775 2385 2812 :
2426 2758 2520 2830 qui
2550 2774 2751 2829 equum
2790 2766 2884 2813 aut
2913 2758 3110 2813 bovem
3146 2765 3238 2813 aut
3267 2759 3478 2831 aliquid

1883 2842 2015 2899 huic
2042 2844 2117 2899 rei
2147 2844 2328 2901 simile
2360 2846 2530 2901 furari
2560 2845 2854 2915 desiderat,
2883 2846 3291 2903 damnationem
3321 2864 3477 2903 suam

1880 2930 2151 2989 desiderat
2195 2951 2206 2989 :
2251 2935 2343 3007 qui
2385 2935 2645 2991 damnum
2700 2936 2923 3007 aliquod
2973 2936 3226 3007 proximo
3274 2936 3477 2992 inferre

1882 3020 2173 3090 desiderat,
2206 3022 2614 3080 damnationem
2646 3040 2799 3079 suam
2830 3024 3120 3080 desiderat.
3148 3024 3321 3097 Igitur
3348 3025 3478 3099 quia

1879 3109 2159 3167 damnatio
2191 3111 2485 3185 impiorum
2517 3112 2623 3169 erit
2652 3113 2770 3170 dies
2794 3112 3013 3184 judicii,
3058 3114 3373 3186 quicunque
3415 3130 3478 3170 ea

1876 3200 2080 3256 scelera
2131 3201 2473 3258 committere
2526 3202 2800 3259 desiderat
2856 3219 2953 3275 pro
3011 3202 3213 3275 quibus
3270 3202 3328 3257 in
3385 3201 3476 3259 die

1867 3286 2070 3360 judicii
2100 3289 2472 3359 damnabitur,
2506 3290 2653 3347 diem
2700 3289 2947 3360 Domini,
2988 3290 3045 3346 id
3084 3298 3188 3361 est,
3236 3291 3477 3347 damna-

1874 3381 2081 3438 tionem
2115 3399 2269 3437 suam
2301 3382 2595 3439 desiderat.

1945 3473 2019 3527 Et
2046 3472 2185 3527 data
2212 3479 2334 3527 sunt
2374 3474 2486 3528 illis
2527 3474 2748 3545 singulae
2776 3474 2923 3528 stolas
2949 3472 3101 3528 albae.
3146 3472 3309 3528 Stolaa
3337 3471 3476 3529 albas

1874 3559 2048 3631 gloria
2102 3567 2183 3616 est
2248 3569 2559 3618 sanctarum
2617 3562 2948 3625 animarum,
3006 3560 3252 3633 singulas
3306 3561 3475 3617 stolas

1873 3649 2027 3705 albas
2073 3650 2249 3706 sancti
2298 3650 2395 3706 Dei
2441 3667 2589 3708 nunc
2636 3651 2953 3724 possident;
2993 3650 3123 3724 quia
3151 3650 3474 3722 corporibus

1870 3744 2015 3802 533
2046 3748 2105 3804 in
2146 3756 2291 3804 terra
2338 3751 2767 3824 quiescentibus,
2807 3752 2977 3807 solius
3005 3751 3201 3807 animas
3231 3751 3472 3808 beatitu-

1868 3841 1998 3897 dine
2018 3850 2221 3898 aaterna
2242 3841 2602 3914 perfruuntur
2624 3844 2743 3915 (79)
2771 3862 2782 3899 :
2808 3842 2967 3899 binas
2995 3844 3163 3899 stolas
3195 3850 3325 3900 tunc
3353 3858 3471 3914 pcr-

1866 3930 2094 4003 cipient,
2153 3947 2278 3986 cum
2346 3938 2465 4002 post
2530 3930 2986 3987 resurrectionem
3054 3931 3275 3999 animm,
3342 3947 3466 3987 cum

1864 4019 2188 4091 corporibus
2218 4018 2445 4091 gloriam
2480 4020 2716 4075 caelestis
2747 4019 2934 4091 patrias
2974 4019 3094 4074 sine
3138 4018 3247 4074 ﬁne
3295 4018 3470 4091 possi-

1864 4106 2093 4162 debunt.
2144 4107 2218 4161 Et
2261 4106 2455 4160 dictum
2501 4113 2576 4160 est
2618 4106 2729 4162 illis
2776 4112 2836 4160 ut
2878 4105 3256 4176 requiescerent
3292 4106 3463 4161 adhuc

1865 4202 2063 4267 tempus
2090 4195 2371 4261 modicum,
2403 4196 2561 4251 donec
2583 4196 2903 4267 impleantur
2929 4197 3166 4250 conservi
3188 4213 3391 4262 eorum,
3413 4202 3463 4251 et

1860 4284 2061 4356 fratres
2080 4301 2262 4339 eorum
2282 4285 2375 4355 qui
2402 4284 2752 4358 interﬁciendi
2770 4293 2912 4354 sunt,
2933 4285 3066 4341 sicut
3086 4292 3132 4340 et
3155 4285 3259 4341 illi.
3292 4284 3465 4341 Tem-

1862 4394 1965 4451 pus
1990 4376 2270 4432 modicum
2292 4383 2510 4449 tempus
2529 4386 2610 4433 est
2629 4394 2801 4451 usque
2815 4378 2883 4433 ad
2901 4377 3047 4433 diem
3058 4377 3259 4450 judicii
3282 4395 3293 4433 :
3318 4375 3466 4451 quod

1863 4465 2143 4522 modicum
2169 4464 2376 4521 idcirco
2397 4466 2624 4534 dicitur,
2638 4466 2768 4539 quia
2786 4466 2843 4521 in
2860 4466 3267 4538 comparatione
3288 4465 3463 4520 futuri

1862 4556 2128 4628 temporis
2174 4554 2334 4611 valde
2380 4555 2659 4612 modicum
2692 4564 2792 4613 est.
2826 4555 3009 4612 Sancti
3047 4571 3175 4625 ergo
3220 4554 3316 4627 qui
3358 4552 3466 4609 hoc

1862 4646 2197 4715 desiderant,
2262 4654 2324 4702 ut
2368 4647 2487 4702 dies
2537 4646 2733 4719 judicii
2789 4645 2905 4714 fiat,
2959 4647 3015 4701 in
3067 4661 3173 4717 qua
3223 4651 3278 4700 et
3333 4660 3466 4700 cor-

1862 4754 1994 4810 pora
2032 4747 2086 4796 et
2128 4737 2434 4793 mercedem
2483 4738 2700 4809 plenam
2748 4736 3000 4791 laborum
3040 4751 3264 4789 suorum
3312 4732 3465 4789 reci-

1863 4827 2038 4899 piant,
2072 4835 2288 4898 tempus
2318 4825 2595 4882 modicum
2629 4831 2943 4895 exspectare
2967 4823 3256 4895 jubentur,
3288 4822 3465 4878 donec

1862 4916 2158 4989 impleatur
2217 4930 2480 4969 numerus
2552 4912 2785 4967 fratrum
2851 4928 3079 4979 eorum;
3156 4910 3286 4984 quia
3345 4910 3464 4967 dies

171 4989 309 5080 dicat
338 4998 394 5054 in
424 5002 768 5077 Evangelio:
831 5029 849 5052 ι
898 5004 1125 5078 Diligite
1154 5005 1410 5061 inimicos
1438 5012 1668 5072 vestros,
1700 5012 1754 5059 et
1856 5006 2058 5080 judicii
2106 5021 2216 5061 non
2266 5004 2470 5071 veniet,
2522 5019 2695 5077 usque
2739 5002 2871 5059 dum
2930 5003 3226 5076 impleatur
3280 5002 3462 5059 omnis

171 5077 457 5144 benefacite
505 5091 572 5147 iis
614 5093 708 5166 qui
757 5091 994 5150 oderunt
1028 5077 1145 5150 vos
1190 5094 1403 5165 (Matth.
1449 5112 1506 5159 v,
1552 5094 1645 5165 44)
1676 5113 1688 5163 ;
1720 5118 1738 5141 ι

171 5172 293 5241 quid
320 5186 398 5234 est
425 5183 570 5253 quod
618 5185 790 5240 sancti
823 5185 881 5241 in
910 5184 1225 5241 coelestibus
1265 5185 1550 5240 constituti
1584 5186 1747 5240 ultio-

172 5274 282 5317 nem
312 5265 377 5322 de
404 5268 644 5329 inimicis
673 5274 787 5329 suis
812 5282 1081 5346 expetunt
1109 5274 1137 5330 ?
1162 5273 1265 5330 Sed
1298 5274 1502 5329 scimus
1532 5283 1749 5331 sanctos

171 5346 261 5404 Dei
294 5352 436 5410 diem
484 5358 743 5415 ultimum
789 5360 1120 5429 desiderare,
1169 5362 1225 5417 in
1264 5378 1373 5435 quo
1420 5369 1473 5416 et
1521 5379 1750 5435 corpora

236 5447 349 5518 (77)
381 5451 581 5529 Omnes
609 5456 769 5526 edit.,
790 5458 961 5512 omnis
1005 5466 1150 5515 terra
1176 5458 1481 5529 designatur
1508 5476 1521 5524 ;
1558 5476 1750 5516 omnes

170 5530 290 5571 vero
321 5536 446 5578 mss.
475 5524 687 5604 addunt
730 5524 790 5589 ea
836 5531 1029 5598 Israel,
1063 5531 1209 5604 quod
1259 5524 1623 5586 necessarium
1659 5531 1748 5587 hic

170 5603 595 5681 essggsmiidunt
621 5608 924 5681 sequentia.

233 5669 345 5743 (78)
394 5669 715 5753 Quicumqué
758 5678 1018 5738 inebriari
1063 5697 1235 5759 usque
1280 5681 1349 5739 ad
1407 5681 1501 5756 qui
1555 5698 1752 5757 equum

1863 5111 2125 5151 numerus
2182 5093 2501 5149 electorum.
2562 5093 2666 5148 Sed
2719 5092 3074 5166 quaerendum
3140 5092 3301 5149 nobis
3358 5100 3458 5162 est,

1859 5203 1958 5243 cur
1996 5187 2124 5241 solae
2153 5184 2350 5241 animas
2389 5200 2487 5257 pro
2526 5182 2730 5241 Christi
2781 5183 3005 5241 nomine
3044 5184 3459 5240 interfectorum

1860 5278 1963 5334 sub
2001 5280 2169 5335 altare
2207 5278 2305 5335 Dei
2347 5277 2642 5351 quievisse,
2692 5284 2745 5332 et
2794 5276 2961 5332 stolas
3012 5276 3255 5350 singulas
3294 5294 3459 5333 acce-

1860 5368 2004 5441 pisse
2034 5368 2285 5440 legantur
2317 5385 2328 5423 :
2374 5384 2500 5423 cum
2535 5382 2728 5423 omnes
2771 5366 3072 5423 electorum
3112 5366 3311 5422 animas
3354 5365 3458 5421 sub

1860 5482 1890 5522 e
1920 5483 2048 5523 mss.
2084 5466 2413 5522 restituitur.

1934 5540 2051 5609 (79)
2094 5540 2173 5593 Ila
2206 5555 2332 5593 mss.
2360 5556 2385 5611 ;A
2405 5537 2538 5594 edit.
2585 5546 2790 5611 autem,
2821 5537 2969 5593 stolis
3007 5535 3203 5591 animos
3238 5533 3454 5595 beatitu-

1859 5609 2001 5666 dinis
2027 5616 2234 5671 (eterna:
2255 5609 2639 5686 perfruuntur.
