3880 6198
418 352 525 408 923

420 479 525 534 hoc
558 477 728 533 altare
761 474 1069 547 quiescant,
1100 470 1424 543 easdemque
1452 470 1619 525 stolas
1652 474 1705 521 et
1732 464 1862 536 ipsa:
1900 479 2022 535 pos-
2054 463 2104 521 A

418 568 633 626 sideant
654 567 682 622 ἢ
709 565 812 621 Per
839 562 1052 618 animas
1077 561 1248 633 igitur
1268 559 1682 615 interfectorum
1706 571 1816 610 non
1843 555 2021 609 solum

420 665 709 729 martyres,
741 653 833 709 sed
872 660 926 707 et
967 668 1159 707 omnes
1198 650 1409 704 animas
1445 647 1719 718 justorum
1761 643 2025 699 debemus

416 747 705 820 accipere;
758 761 823 800 eo
868 740 1016 814 quod
1045 750 1098 795 et
1130 738 1231 811 ipsi
1284 736 1490 793 mundo
1535 736 1646 790 sint
1692 732 1918 800 mortui,
1962 739 2025 787 ut

416 819 834 899 Deorviverent,
865 831 1009 886 sicut
1036 827 1174 885 dicit
1211 826 1506 899 Apostolus
1540 842 1550 880 :
1597 849 1614 870 ι
1643 821 1844 878 Mortui
1876 819 2021 877 enim

417 926 569 992 estis,
603 932 655 979 et
689 923 804 977 vita
843 928 1026 976 vestra
1055 916 1376 973 abscondita
1423 923 1503 970 est
1548 930 1674 969 cum
1717 911 1938 969 Christo
1968 910 2025 965 in

417 1018 532 1072 Deo
585 1014 812 1083 (Coloss.
871 1027 955 1077 ιιι,
1016 1009 1097 1077 3).
1144 1030 1162 1053 ι
1230 1007 1301 1060 Et
1359 1004 1425 1059 de
1478 1003 1770 1072 semetipso
1820 998 1958 1055 dicit
2010 1017 2021 1054 :

434 1130 452 1152 ι
513 1103 652 1159 Mihi
708 1100 952 1157 mundus
1006 1095 1309 1154 cruciﬁxus
1368 1100 1469 1162 est,
1530 1099 1583 1147 et
1650 1108 1748 1163 ego
1821 1087 2027 1145 mundo

424 1194 631 1265 (Galat.
684 1208 762 1257 v1,
815 1189 951 1260 ili);
1001 1211 1019 1233 ι
1078 1194 1129 1241 et
1178 1203 1191 1240 :
1249 1209 1267 1231 ι
1305 1183 1509 1240 Omnes
1553 1179 1648 1253 qui
1698 1180 1895 1234 volunt
1943 1176 2030 1249 pie

420 1283 609 1337 vivere
646 1281 719 1343 in
778 1279 999 1339 Christo
1053 1276 1201 1343 Jesu,
1255 1272 1689 1347 persecutionem
1743 1270 2031 1341 patiuntur

425 1372 514 1443 (ΙΙ
530 1372 663 1428 Tim.
682 1387 763 1437 ιιι,
784 1368 871 1438 12)
891 1386 903 1435 ;
921 1393 938 1414 ι
966 1374 1052 1423 et:
1090 1390 1106 1412 ι
1128 1366 1230 1420 Per
1250 1363 1450 1418 multas
1471 1360 1854 1417 tribulationes
1872 1373 2029 1429 opor-

423 1467 501 1517 tet
521 1477 622 1516 nos
648 1459 852 1515 intrare
874 1459 930 1513 in
952 1471 1183 1528 regnum
1213 1453 1311 1510 Dei
1345 1452 1485 1523 (Act.
1513 1469 1634 1519 xiv,
1656 1449 1773 1521 21).
1798 1474 1816 1495 ι
1849 1447 1954 1503 Sed
1975 1455 2031 1503 et

422 1550 659 1606 Joannes
688 1556 881 1605 auctor
918 1545 1086 1618 hujus
1127 1543 1255 1599 libri
1302 1541 1529 1598 calicem
1566 1537 1785 1596 Domini
1827 1536 2031 1592 bibisse

423 1638 776 1707 describitur,
809 1654 935 1694 cum
966 1634 1085 1691 sine
1121 1632 1289 1705 gladii
1331 1629 1707 1705 peremptione
1735 1625 2026 1700 quieverit.

496 1731 682 1804 (Vers.
732 1727 845 1797 12.)
899 1727 973 1782 Et
1016 1741 1135 1779 cum
1179 1722 1470 1795 aperuisset
1513 1719 1751 1791 sigillum
1801 1722 2025 1771 sextum.

1461 343 1557 399 AD
1595 302 1830 409 oPEnA
1867 337 1923 395 s.
1964 334 2297 393 AMBROSII
2332 331 2712 389 APPENDIX.

3664 329 3774 385 924

2210 460 2392 531 (Vers.
2429 457 2539 529 14.)
2571 460 2644 514 Et
2675 457 2859 513 cwlum
2906 455 3136 521 recessit,
3169 454 3311 509 sicut
3363 452 3505 508 liber
3540 453 3779 509 incolu-

2133 566 2237 617 jus.
2258 549 2361 603 Per
2381 548 2581 604 ccelum
2607 554 2764 601 vetus
2785 545 3197 600 Testamentum
3221 540 3564 612 designatur
3592 560 3604 596 :
3632 541 3775 597 liber

2134 653 2267 691 vero
2298 636 2516 710 quando
2549 635 2873 700 involvitur,
2910 631 3031 703 ejus
3065 631 3345 702 scriptura
3370 630 3444 684 ab
3471 630 3667 685 oculis
3698 630 3774 684 in-

2133 725 2405 780 tuentium
2440 723 2813 779 absconditur.
2848 720 3012 793 Lib‘er
3042 736 3171 791 ergo
3200 718 3412 774 Iudaeis
3473 718 3773 773 involutus

2134 821 2235 881 est,
2273 813 2401 885 quia
2430 812 2730 883 spiritalem
2774 809 3217 879 intelligentiam
3263 806 3319 861 in
3366 806 3555 861 veteri
3590 807 3772 861 Testa-

2138 910 2343 971 mento,
2377 918 2498 975 quae
2529 901 2808 957 Christum
2843 896 3280 962 demonstrabat,
3316 895 3652 967 intelligere
3681 912 3773 950 no-

2141 996 2388 1049 luerunt.
2421 992 2633 1049 Caelum
2658 990 2842 1062 itaque
2858 988 3002 1044 sicut
3028 987 3170 1042 liber
3190 986 3495 1041 involutus
3515 986 3770 1053 recessit,

2138 1083 2267 1156 quia
2313 1089 2471 1137 vetus
2520 1081 2931 1135 Testamentum
2976 1076 3202 1132 Iudaeos
3248 1075 3589 1147 dereliquit,
3623 1084 3679 1130 et
3708 1075 3775 1129 ad

2139 1180 2324 1246 gentes
2354 1170 2630 1227 transivit.
2678 1171 2751 1224 Et
2802 1166 2971 1222 omnis
3001 1183 3149 1220 mons
3196 1171 3245 1220 et
3289 1165 3497 1220 insula:
3543 1166 3614 1220 de
3648 1166 3775 1219 locis

2138 1264 2248 1318 suis
2276 1268 2430 1317 mota:
2458 1267 2599 1315 sunt.
2627 1260 2698 1314 Et
2713 1259 2840 1331 quia
2871 1256 3187 1313 Judaaorum
3218 1264 3370 1311 terra
3402 1263 3774 1310 monstruosa

2140 1361 2242 1419 est,
2291 1366 2585 1423 possumus
2618 1364 2713 1420 per
2743 1354 2958 1402 montes
3001 1361 3093 1401 eos
3136 1346 3233 1417 qui
3278 1344 3339 1399 in
3397 1344 3772 1409 civitatibus,

2137 1457 2233 1513 per
2253 1439 2461 1495 insulas
2480 1445 2659 1493 autem
2680 1452 2771 1492 eos
2788 1435 2881 1507 qui
2906 1434 2963 1489 in
2976 1433 3381 1505 campestribus
3397 1432 3766 1500 habitabant,

2139 1528 2464 1599 intelligere.
2495 1520 2598 1596 Qui
2631 1526 2698 1582 de
2723 1525 2859 1581 locis
2891 1523 3004 1579 suis
3034 1522 3170 1578 moti
3200 1531 3357 1587 sunt,
3391 1522 3535 1595 quia
3572 1538 3770 1578 omnes

2140 1627 2234 1675 aut
2262 1616 2636 1684 exterminati,
2677 1622 2773 1671 aut
2801 1613 2858 1669 in
2889 1610 3267 1685 captivitatem
3295 1612 3461 1669 ducti
3494 1620 3658 1668 sunt.

2200 1736 2397 1808 .(Vers.
2434 1734 2521 1802 15,
2567 1732 2653 1800 16,
2686 1731 2800 1801 17.)
2832 1733 2907 1787 Et
2932 1746 3074 1801 reges
3107 1735 3281 1797 terra,
3304 1734 3354 1783 et
3377 1728 3690 1801 principes,
3721 1737 3767 1783 et

428 1820 608 1893 Sigilli
630 1817 773 1875 sexti
803 1816 1011 1888 apertio
1040 1815 1109 1871 ad
1140 1813 1453 1870 Iudaeorum
1478 1809 1863 1881 dejectionem,
1884 1806 2019 1863 sicul

2138 1806 2356 1893 tribuni,
2379 1830 2427 1878 et
2454 1824 2656 1891 divites,
2688 1829 2734 1876 et
2758 1820 2945 1891 fortes,
2994 1825 3042 1874 et
3085 1818 3256 1873 omnis
3303 1834 3496 1871 seruus
3534 1824 3589 1872 et
3634 1818 3765 1872 liber

425 1907 693 1976 diximus,
747 1913 801 1962 et
846 1904 913 1961 ad
965 1896 1209 1976 gentium
1258 1901 1602 1958 vocationem
1645 1898 1903 1972 pertinet.
1954 1898 2026 1953 Et

424 1998 553 2071 quia
578 1997 830 2055 Christus
850 1994 917 2050 de
936 1993 1255 2050 Iudaeorum
1279 1990 1587 2064 perditione
1607 1998 1660 2044 et
1680 1988 1747 2043 de
1778 1985 2022 2059 gentium

423 2087 689 2144 electione
720 2087 895 2141 multa
925 2100 1020 2157 per
1048 2082 1332 2155 parabolas
1373 2087 1455 2136 est
1499 2080 1736 2146 locutus,
1770 2076 2019 2150 quaedam

426 2200 433 2225 ι
461 2178 589 2230 tiam
622 2174 805 2246 gessit,
838 2189 959 2245 quae
992 2172 1097 2228 hoc
1122 2170 1582 2241 designaverunt;
1617 2175 1834 2223 sextum
1874 2165 2022 2237 sigil-

424 2273 539 2327 lum
588 2271 823 2344 aperuit,
864 2269 1086 2343 quando
1129 2266 1449 2325 doctoribus
1493 2265 1753 2322 Ecclesiae
1799 2280 1861 2319 ea
1903 2279 2023 2336 quae

424 2377 520 2434 per
574 2360 774 2432 ﬁguras
823 2360 969 2417 dixit
1029 2368 1083 2416 et
1129 2359 1279 2426 fecit,
1340 2374 1436 2430 per
1480 2354 1860 2426 inspirationis
1911 2369 2022 2408 suae

426 2452 654 2525 gratiam
695 2451 971 2524 patefecit.
1014 2452 1246 2523 Aperuit
1290 2449 1455 2505 etiam
1496 2454 1712 2503 sextum
1756 2444 2022 2518 sigillum,

425 2540 644 2615 quando
689 2557 751 2597 ea
801 2558 922 2614 quas
970 2539 1251 2612 praedixit,
1301 2552 1463 2609 opere
1513 2535 1789 2607 implevit.
1849 2537 2026 2592 Terra:

424 2639 596 2688 motus
639 2630 813 2702 factus
861 2636 935 2687 est
980 2646 1223 2701 magnus.
1274 2628 1377 2683 Per
1420 2634 1618 2683 terram
1663 2625 1721 2681 in
1761 2624 1866 2681 hoc
1903 2626 2025 2681 loco

425 2720 598 2777 Judaei
629 2720 987 2793 designantur
1020 2737 1031 2774 :
1065 2725 1222 2774 terrae
1255 2724 1436 2772 motus
1466 2715 1640 2771 factus
1664 2723 1745 2771 est
1774 2730 2023 2786 magnus,

426 2809 645 2882 quando
691 2827 723 2865 a
780 2806 1041 2866 Romanis
1097 2806 1217 2863 haec
1267 2822 1397 2877 gens
1447 2811 1531 2861 est
1592 2804 1892 2860 devastata.
1954 2804 2028 2858 Et

426 2901 506 2955 sol
560 2898 735 2968 factus
790 2904 865 2952 est
923 2896 1093 2966 niger,
1158 2896 1292 2949 sicut
1354 2910 1534 2948 saccus
1598 2892 1859 2949 ciliciuus.
1925 2893 2026 2948 Per

422 2988 592 3041 solem
648 2985 793 3040 idem
848 2984 1165 3040 Judasorum
1226 2984 1463 3055 populus
1508 2982 1827 3054 designatur
1878 3002 1889 3039 :
1943 2988 2023 3043 sol

422 3074 592 3146 igitur
636 3072 814 3129 factus
860 3080 942 3129 est
980 3070 1156 3144 niger,
1206 3079 1465 3145 tanquam
1505 3087 1695 3129 saccus
1735 3072 2020 3141 cilicinus;

2132 1914 2514 1970 absconderant
2540 1930 2593 1967 se
2623 1913 2678 1966 in
2702 1910 2984 1983 speluncis,
3025 1915 3072 1964 et
3096 1909 3154 1963 in
3186 1908 3358 1980 petris
3388 1908 3689 1972 montium,
3718 1914 3764 1961 et

2132 2007 2317 2061 dicunt
2336 2003 2595 2058 montibus
2627 2018 2643 2056 :
2675 2001 2860 2058 Cadite
2878 2016 3036 2071 super
3054 2015 3171 2065 nos,
3189 2003 3239 2051 et
3256 1996 3570 2051 abscondite
3604 2014 3701 2051 nos
3726 2017 3759 2051 a

2133 2094 2271 2166 facie
2300 2091 2520 2147 sedentis
2549 2107 2708 2162 super
2738 2090 3003 2155 thronum,
3034 2092 3083 2140 et
3109 2087 3175 2141 ab
3198 2086 3285 2140 ira
3304 2086 3477 2157 Agni,
3496 2087 3759 2156 quoniam

2132 2185 2271 2241 venit
2296 2184 2405 2240 dies
2437 2197 2658 2252 magnus
2686 2180 2784 2234 ira:
2810 2179 3071 2249 ipsorum,
3104 2182 3153 2229 et
3180 2174 3297 2245 quis
3323 2176 3531 2246 poterit
3557 2183 3708 2230 stare
3727 2178 3756 2230 ?

2132 2275 2233 2330 Per
2261 2289 2412 2345 reges
2439 2279 2621 2338 terrae,
2647 2268 2924 2341 principes
2953 2273 3007 2321 et
3034 2265 3307 2332 tribunos,
3342 2280 3439 2319 eos
3468 2265 3569 2337 qui
3606 2265 3749 2321 hanc

2133 2370 2349 2437 gentem
2393 2376 2576 2433 regere
2622 2356 2975 2423 videbantur,
3022 2370 3314 2427 possumus
3352 2353 3676 2426 intelligere
3733 2375 3746 2410 :

2134 2472 2229 2528 per
2283 2452 2485 2508 divites
2524 2457 2577 2506 et
2624 2448 2815 2517 fortes,
2859 2462 3046 2502 servos
3092 2453 3144 2501 et
3198 2444 3424 2513 liberos,
3487 2453 3749 2502 ceteram

2133 2540 2569 2600 multitudinem.
2603 2536 2851 2605 Qualiter
2883 2545 3063 2591 autem
3097 2551 3153 2590 se
3176 2533 3233 2589 in
3260 2535 3545 2606 speluncis
3573 2542 3632 2589 et
3661 2552 3749 2607 pe-

2130 2634 2233 2690 tris
2290 2631 2565 2687 montium
2623 2626 3053 2693 absconderunt,
3119 2623 3393 2695 Iosephus
3450 2624 3751 2680 manifeste

2132 2729 2334 2787 narrat,
2364 2719 2460 2793 qui
2490 2716 2832 2773 eversionem
2863 2714 3164 2771 Jerusalem
3197 2711 3462 2768 describit
3489 2713 3744 2785 (Ioseph.

2132 2813 2237 2869 lib.
2272 2829 2329 2867 v1
2360 2811 2437 2867 De
2471 2809 2602 2863 bello
2632 2806 2878 2871 Iudaico,
2913 2820 2960 2859 ο.
3002 2804 3061 2858 11
3096 2809 3147 2857 et
3187 2803 3345 2873 seq.).
3379 2802 3556 2858 Tanta
3585 2803 3743 2857 enim

2132 2901 2238 2957 fuit
2268 2896 2515 2962 afﬂictio,
2551 2902 2613 2950 ut
2661 2909 2787 2950 cum
2824 2892 2966 2946 fame
2996 2890 3217 2946 diutina
3254 2897 3745 2957 consumerentur,

2132 2988 2281 3047 etab
2324 2985 2577 3043 hostibus
2610 2982 2872 3048 exterius,
2913 2990 2968 3037 et
3013 2981 3191 3035 multo
3234 2980 3479 3036 deterius
3521 2996 3554 3034 a
3603 2997 3744 3052 prae-

2131 3077 2369 3135 donibus
2416 3076 2751 3131 intrinsecus
2792 3069 3163 3140 aﬁligerentur
3199 3087 3211 3124 :
3243 3068 3641 3124 absconderint
3686 3085 3747 3123 se

422 3162 551 3238 quia
587 3164 822 3237 populus
865 3162 1183 3219 Judaaorum
1234 3160 1328 3235 qui
1377 3170 1601 3234 propter
1647 3162 2020 3235 cognitionem
2052 3189 2094 3249 ρ
2133 3167 2191 3222 in
2215 3165 2395 3238 puteis
2425 3173 2479 3220 et
2515 3162 2734 3228 cloacis,
2783 3168 2838 3215 et
2883 3160 2942 3214 in
2974 3157 3304 3232 quibusdam
3336 3165 3496 3213 terrai
3526 3156 3748 3212 abditis

421 3252 589 3310 unius
617 3252 736 3323 Dei,
773 3261 828 3310 et
856 3260 1076 3326 propter
1104 3252 1408 3310 custodiam
1448 3251 1602 3323 legis,
1634 3252 1788 3307 velut
1833 3252 1914 3306 sol
1963 3250 2021 3306 in

421 3344 650 3409 mundo,
683 3343 987 3415 refulgebat
1023 3343 1169 3399 inter
1200 3350 1423 3397 caeteras
1467 3347 1672 3413 gentes,
1725 3340 1899 3396 factus
1941 3347 2021 3395 est

420 3431 679 3487 omnibus
700 3431 1021 3486 hominibus
1044 3430 1270 3486 odiosus
1293 3436 1512 3502 propter
1530 3428 1846 3500 iniquitates
1865 3444 2017 3494 suas;

420 3536 576 3578 sacco
630 3535 866 3589 namque
916 3517 1242 3589 pmnitentes
1296 3518 1628 3581 vestiuntur,
1680 3524 1741 3572 ut
1777 3516 2021 3572 indicent

421 3622 477 3662 se
529 3621 645 3661 esse
700 3611 1033 3675 peccatores.
1107 3605 1199 3660 Sol
1268 3620 1395 3675 ergo
1464 3605 1806 3676 nigredinem
1877 3604 2021 3660 sacci

421 3693 639 3759 habuit,
670 3693 800 3767 quia
827 3693 1088 3749 omnibus
1132 3694 1386 3765 gentibus
1433 3693 1678 3749 facinora
1704 3694 2017 3750 Iudaeorum

421 3790 736 3857 patuerunt.
770 3785 843 3841 Et
872 3785 997 3840 luna
1032 3782 1177 3853 facta
1204 3790 1277 3838 est
1305 3784 1441 3839 sicut
1476 3784 1712 3854 sanguis.
1754 3783 2017 3840 Eamdem

421 3873 882 3947 signiﬁcationem
939 3872 1105 3931 habet
1163 3875 1293 3930 luna
1349 3889 1511 3946 quam
1566 3873 1687 3942 sol;
1745 3872 2020 3946 signiﬁcat

420 3981 659 4039 namque
689 3965 1053 4039 Synagogam.
1101 3966 1255 4022 Luna
1295 3981 1423 4037 ergo
1457 3964 1692 4037 speciem
1738 3965 2023 4037 sanguinis

421 4054 678 4112 habuisse
727 4056 847 4112 visa
892 4065 995 4126 est,
1050 4056 1180 4130 quia
1235 4054 1494 4112 omnibus
1547 4054 1749 4111 claruit
1804 4055 2022 4111 Judaeos

421 4152 643 4217 propter
670 4147 991 4203 effusionem
1023 4146 1310 4220 sanguinis
1348 4145 1557 4205 Christi
1599 4153 2021 4219 sanctorumque

421 4230 539 4303 ejus
567 4249 682 4288 esse
710 4234 937 4291 deletos.

496 4331 677 4403 (Vers.
736 4332 848 4405 13.)
901 4335 977 4389 Et
1024 4336 1187 4390 stellis
1241 4334 1537 4391 ceciderunt
1593 4351 1753 4406 super
1800 4342 2017 4398 terram,

421 4418 554 4474 sicut
591 4420 721 4491 ﬁcus
759 4420 919 4474 mittit
951 4437 1159 4491 grossos
1196 4438 1338 4489 suos,
1386 4439 1504 4477 cum
1556 4441 1591 4478 a
1637 4429 1785 4478 vento
1830 4441 2018 4495 magno

422 4514 692 4613 movetur...
706 4510 809 4564 Per
836 4509 1021 4613 ste‘llas
1050 4509 1326 4581 principes
1355 4510 1698 4567 sacerdotum
1732 4510 2017 4583 designan-
2045 4554 2092 4613 D

419 4605 532 4667 tur,
555 4597 760 4656 Scriba:
785 4606 839 4654 et
867 4597 1155 4666 Pharisaei;
1188 4615 1283 4670 per
1307 4598 1473 4655 ﬁcum
1495 4607 1675 4655 autem
1699 4608 1900 4656 terram
1927 4602 2018 4657 Ju-

408 4686 667 4745 ‘daeorum
708 4705 998 4761 possumus
1028 4688 1336 4761 intelligere
1367 4708 1379 4745 :
1413 4688 1585 4761 grossi
1613 4706 1745 4745 vero
1773 4688 2015 4761 ejusdem

420 4778 634 4834 arboris
662 4777 877 4835 fructus
906 4779 1134 4836 inutiles
1162 4786 1451 4848 vocantur,
1474 4779 1568 4855 qui
1598 4779 1709 4835 cito
1735 4778 2014 4849 labuntur,

418 4885 544 4925 cum
593 4868 755 4925 arbor
796 4868 985 4925 eadem
1029 4877 1194 4925 vento
1250 4870 1584 4927 concutitur.
1644 4870 1807 4926 Ficus
1851 4870 2020 4943 igitur

421 4964 590 5013 vento
618 4967 894 5015 commota
926 4966 1026 5026 est,
1060 4966 1114 5014 et
1143 4958 1368 5015 inutiles
1408 4959 1619 5016 fruetus
1647 4977 1678 5017 a
1707 4976 1763 5015 se
1796 4960 2016 5028 emisit;

421 5047 550 5122 quia
598 5056 742 5104 terra
803 5048 1116 5104 Judasorum
1169 5065 1201 5104 a
1254 5050 1515 5106 Romanis
1569 5049 1759 5105 invasa
1808 5058 1910 5118 est,
1968 5058 2021 5106 et

420 5145 638 5210 gentem
677 5137 931 5193 inutilem
977 5145 1032 5193 et
1076 5140 1190 5194 Deo
1231 5138 1495 5197 odibilem
1540 5155 1573 5194 a
1608 5155 1666 5195 se
1694 5140 1929 5211 expulit,
1960 5148 2018 5194 ut

420 5224 692 5281 habitatio
739 5226 894 5282 ﬁeret
930 5225 1199 5281 ﬁdelium.
1250 5226 1432 5283 Stellae
1484 5228 1665 5301 itaque
1708 5244 2019 5299 grossorum

424 5331 578 5372 more
602 5315 659 5370 in
685 5322 885 5371 terram
916 5314 1271 5384 ceciderunt;
1303 5317 1430 5388 quia
1456 5333 1547 5372 eos
1569 5316 1664 5390 qui
1697 5333 1792 5388 per
1819 5318 2018 5374 doctri-

418 5423 546 5463 nam
579 5406 714 5480 legis
742 5408 895 5464 velut
922 5407 1093 5465 stellae
1123 5409 1181 5464 in
1207 5410 1410 5481 populo
1440 5408 1803 5480 refulgebant,
1830 5409 2019 5464 eadem

422 5511 583 5567 poma
609 5497 906 5566 conclusit,
939 5514 1059 5572 quas
1092 5507 1147 5556 et
1180 5506 1430 5556 cauterem
1471 5496 1909 5554 multitudinem.

494 5627 612 5698 (80)
636 5626 841 5684 Omnes
859 5628 1310 5697 edit.,secundum
1340 5629 1716 5686 humanitatem
1734 5628 1929 5695 viride,
1962 5629 2057 5683 hoc
2105 5627 2386 5683 secundum
2431 5623 2757 5682 divinitatem

422 5703 556 5753 extu

2130 3255 2284 3321 locis,
2317 3253 2600 3325 cupientes
2630 3250 2793 3317 mori,
2824 3256 2886 3304 ut
2912 3247 3185 3320 prolixam
3219 3246 3497 3302 miseriam
3530 3248 3743 3301 mortis

2128 3344 2457 3417 compendio
2486 3340 2863 3399 terminarent.
2920 3337 3229 3406 Qui‘etiam
3273 3337 3508 3393 scientes
3543 3351 3607 3390 se
3638 3353 3746 3408 pro

2129 3432 2428 3491 sceleribus
2456 3431 2569 3488 suis
2600 3429 2703 3487 ista
2744 3428 2876 3501 pati,
2919 3436 2972 3483 et
3022 3434 3145 3499 post
3176 3432 3406 3482 mortem
3439 3440 3497 3479 se
3526 3424 3743 3481 inferni

2129 3538 2316 3597 pmnas
2363 3534 2489 3575 esse
2535 3533 2809 3591 passuros,
2847 3515 3146 3588 cupiebant
3184 3521 3245 3569 ut
3284 3511 3592 3579 montibus,
3636 3513 3744 3568 sub

2128 3610 2329 3685 quibus
2373 3605 2793 3673 delitescebant,
2836 3604 3281 3677 opprimerentur
3331 3609 3385 3657 et
3429 3600 3740 3657 absconde-

2128 3708 2319 3758 rentur
2347 3716 2379 3755 a
2409 3697 2548 3755 facie
2577 3696 2677 3753 Dei
2706 3702 2760 3751 et
2789 3711 2820 3750 a
2848 3693 2984 3748 facie
3013 3691 3220 3749 Christi
3243 3691 3379 3764 ejus,
3403 3707 3567 3764 quem
3604 3707 3742 3762 gra-

2127 3789 2272 3845 viter
2299 3792 2571 3844 noverant
2599 3801 2655 3841 se
2686 3782 2998 3840 oﬁ‘endisse.
3029 3781 3164 3837 Nam
3192 3788 3245 3836 et
3298 3780 3571 3836 Dominus
3602 3797 3733 3836 cum

2127 3878 2194 3934 ad
2226 3876 2530 3949 passionem
2562 3873 2873 3940 duceretur,
2902 3870 3008 3926 hoc
3030 3886 3124 3926 eos
3160 3885 3276 3925 esse
3318 3885 3576 3941 passuros
3611 3886 3729 3924 mu-

2129 3965 2355 4023 lieribus
2394 3980 2451 4021 se
2488 3959 2916 4019 lamentantibus
2953 3957 3234 4031 praedixit,
3260 3957 3487 4014 dicens:
3528 3957 3736 4012 «Filia

2125 4056 2446 4121 Jerusalem,
2492 4051 2665 4108 nolite
2729 4049 2859 4106 ﬂere
2916 4063 3085 4120 super
3133 4063 3243 4114 me,
3293 4045 3386 4102 sed
3421 4063 3587 4118 super
3637 4064 3735 4103 vos

2126 4144 2272 4217 ipsas
2300 4144 2444 4212 ﬂete,
2472 4150 2527 4199 et
2555 4156 2719 4213 super
2749 4138 2893 4196 ﬁlios
2922 4145 3163 4206 vestros,
3195 4135 3325 4209 quia
3348 4150 3477 4191 ecce
3506 4134 3733 4190 venient

2127 4233 2243 4289 dies
2292 4231 2514 4305 quando
2564 4229 2751 4286 dicent
2785 4246 2796 4285 :
2830 4228 3012 4283 Beata
3049 4225 3285 4292 steriles,
3324 4240 3445 4296 quas.
3483 4239 3599 4278 non
3650 4238 3729 4293 ge-

2128 4329 2389 4390 nuerunt,
2437 4328 2492 4377 et
2537 4319 2707 4375 ubera
2764 4334 2882 4391 quae
2938 4332 3051 4372 non
3108 4316 3455 4372 lactaverunt
3511 4312 3524 4368 ι
3578 4311 3732 4366 Tunc

2128 4411 2398 4483 incipient
2444 4409 2627 4466 dicere
2667 4406 2950 4463 montibus
2997 4423 3009 4461 :
3063 4402 3252 4461 Cadite
3296 4418 3460 4474 super
3490 4417 3593 4457 nos
3626 4417 3642 4464 ;
3680 4409 3732 4457 et

2128 4502 2364 4558 collibus
2409 4518 2421 4557 :
2469 4499 2757 4570 Cooperite
2797 4512 2916 4553 nos.
2964 4494 3105 4562 Quia
3149 4494 3197 4549 si
3242 4492 3301 4547 in
3361 4489 3537 4545 viridi
3582 4489 3732 4563 ligno

2128 4590 2246 4647 haec
2264 4590 2496 4657 faciunt,
2520 4588 2579 4644 in
2599 4587 2755 4644 arido
2777 4586 2911 4660 quid
2933 4585 3030 4641 ﬁet
3051 4585 3204 4656 (Luc.
3228 4599 3399 4649 χχιιι,
3419 4580 3611 4650 28-31)
3643 4579 3674 4634 Ῡ
3700 4603 3717 4624 ι

2127 4680 2196 4736 Se
2220 4679 2398 4735 viride
2446 4680 2674 4751 lignum,
2713 4677 2839 4732 illos
2868 4692 2999 4731 vero
3032 4674 3240 4747 lignum
3274 4672 3498 4727 aridum
3531 4677 3724 4724 vocat:

2127 4790 2190 4829 ac
2214 4772 2258 4828 si
2292 4771 2524 4828 dixisset
2559 4789 2571 4827 :
2604 4769 2660 4825 Si
2692 4768 2750 4824 in
2782 4783 2867 4823 me
2904 4766 2999 4840 qui
3027 4766 3239 4837 lignum
3272 4779 3395 4818 sum
3427 4760 3729 4818 secundum

2130 4862 2550 4928 humanitatem,
2625 4857 2807 4914 viride
2887 4863 3069 4911 autem
3139 4851 3446 4911 secundum
3531 4849 3732 4905 divini-

2127 4959 2293 5007 tatem
2328 4950 2468 5021 (80),
2525 4948 2581 5004 id
2631 4954 2731 5015 est,
2764 4947 2862 5020 qui
2912 4947 3059 5002 Deus
3112 4959 3236 4999 sum
3290 4949 3345 4998 et
3378 4940 3571 5009 homo,
3618 4939 3736 4997 haec

2130 5042 2341 5099 faciunt
2375 5058 2389 5107 ;
2426 5039 2482 5094 in
2517 5036 2631 5093 illis
2657 5037 2751 5110 qui
2795 5036 3009 5108 lignum
3058 5041 3188 5090 sunt
3223 5032 3467 5098 aridum,
3499 5035 3651 5093 534
3678 5028 3734 5086 id

2128 5147 2230 5207 est,
2274 5137 2369 5211 qui
2411 5131 2923 5209 viriditatemﬁdei
2966 5147 3077 5187 non
3121 5128 3347 5196 habent,
3397 5127 3538 5201 quid
3583 5126 3678 5182 ﬁet
3704 5127 3733 5183 ἲ

2130 5227 2489 5291 Subauditur,
2553 5223 2787 5297 pessime
2835 5221 3117 5295 peribunt.
3174 5219 3278 5276 Sed
3323 5226 3378 5273 et
3428 5218 3597 5275 arbor
3642 5216 3729 5273 ﬁci

2129 5334 2290 5390 quam
2321 5314 2591 5372 Dominus
2619 5322 2746 5370 ante
2765 5312 3073 5386 passionem
3107 5307 3493 5365 maledicendo
3524 5307 3727 5363 aridam

2130 5406 2280 5474 fecit,
2311 5422 2375 5461 eo
2403 5402 2551 5480 quod
2582 5402 2639 5457 in
2676 5418 2740 5457 ea
2766 5402 3009 5458 fructum
3039 5415 3153 5455 non
3183 5398 3480 5471 reperisset
3507 5395 3725 5468 (Matth.

2130 5512 2251 5564 xxx,
2285 5494 2374 5565 19)
2403 5511 2416 5561 ;
2450 5491 2664 5548 eosdem
2700 5489 2919 5546 Judaeos
2946 5487 3286 5561 designavit,
3319 5503 3462 5560 quos
3501 5482 3725 5541 maledi-

2806 5639 2827 5688 ;
2879 5618 3083 5681 rectius
3159 5635 3290 5676 mss.
3350 5625 3415 5676 ut
3473 5619 3531 5675 in
3591 5633 3715 5675 cou-
