3880 6198
101 358 207 415 925

102 568 228 625 ﬁdei
260 567 475 623 nullum
507 569 811 641 reperisset.

172 660 399 718 CAPUT
429 661 549 717 VII.
588 691 660 703 —
691 662 872 733 (Vers.
907 661 984 733 1.)
1016 663 1145 719 Post
1175 663 1281 717 haec
1310 660 1419 715 vidi
1464 666 1696 731 quatuor

101 751 313 822 angelos
349 756 543 806 stantes
588 768 748 823 super
802 759 1033 823 quatuor
1085 754 1307 823 angulos
1361 757 1531 806 terrae.
1588 750 1695 805 Ju-

101 841 343 897 dzeorum
373 839 680 912 dejectione
695 842 991 913 praemissa,
1023 858 1173 898 nunc
1192 842 1429 915 qualiter
1448 839 1694 896 Ecclesia

102 947 168 986 ex
196 930 452 1003 gentibus
478 939 802 1002 congregata
841 931 1027 1000 fuerit,
1063 946 1284 986 narrare
1318 930 1560 987 inchoat.
1591 930 1694 985 Per

101 1028 336 1093 quatuor
364 1020 565 1093 quippe
594 1022 816 1093 angelos
845 1028 1080 1094 quatuor
1118 1037 1282 1093 regna
1309 1020 1690 1092 designantur,

102 1110 456 1183 Assyriorum
504 1110 734 1178 scilicet,
790 1111 1094 1178 Persarum,
1126 1110 1484 1166 Macedonum
1529 1118 1693 1183 atque

100 1201 493 1256 Romanorum.
544 1200 645 1256 Sed
695 1200 825 1274 quia
858 1209 1096 1273 potestas
1125 1208 1361 1274 quatuor
1397 1216 1691 1272 regnorum

99 1288 166 1345 ad
209 1291 358 1345 solos
404 1291 679 1347 Romanos
728 1292 1036 1360 transierat,
1077 1308 1173 1363 per
1210 1298 1446 1365 quatuor
1478 1290 1698 1362 angelos

101 1380 201 1435 soli
231 1380 467 1437 Romani
497 1380 903 1453 intelliguntur,
932 1382 1026 1456 qui
1058 1390 1375 1455 potestatem
1408 1380 1513 1437 sibi
1552 1396 1697 1453 qua—

99 1479 222 1526 tuor
252 1486 546 1542 regnorum
576 1471 1022 1528 vindicaverant:
1058 1489 1153 1545 per
1179 1479 1415 1545 quatuor
1443 1488 1574 1528 vero
1603 1488 1695 1527 an-

101 1562 251 1634 gulos
303 1561 578 1617 universae
620 1569 824 1634 gentes,
877 1579 998 1635 quae
1048 1563 1191 1617 intra
1238 1568 1473 1634 quatuor
1502 1560 1694 1617 mundi

100 1651 281 1721 plagas
308 1647 689 1715 continentur,
738 1650 1118 1723 designantur,
1148 1667 1282 1723 quas
1313 1650 1418 1707 sibi
1461 1648 1693 1707 Romani

102 1739 464 1811 subjecerant.
519 1741 763 1796 Tenentes
804 1746 1035 1812 quatuor
1082 1748 1255 1795 ventos
1287 1746 1457 1808 terra,
1490 1756 1554 1793 ne
1580 1740 1695 1809 ﬂa-

998 352 1455 411 BERENGAUDI
1492 351 1868 410 EXPOSITIO
1901 352 1975 408 IN
2010 351 2517 411 APOCALYPSIN.

102 481 284 538 ctione
315 486 575 552 perpetua
602 478 907 549 damnavit,
946 496 1011 536 eo
1040 479 1186 554 quod
1218 480 1275 537 in
1304 479 1419 536 illis
1447 479 1689 537 fructum
1720 483 1769 543 A

3300 358 3407 417 926

1872 479 2055 550 (Vers.
2085 477 2167 550 4.)
2199 480 2272 536 Et
2307 478 2493 533 audivi
2520 494 2799 535 numerum
2829 486 3178 552 signatorum,
3199 490 3407 538 centum

1803 567 2163 638 quadraginta
2212 574 2443 637 quatuor
2490 570 2665 625 millia
2711 570 2908 642 signati
2952 589 3018 626 es:
3070 572 3213 627 omni
3260 573 3404 627 tribu

1802 656 2040 727 ﬁliorum
2087 657 2280 713 Israel.
2342 658 2444 713 Per
2488 668 2710 715 centum
2761 660 3118 734 quadraginta
3166 670 3403 734 quatuor

1803 746 1981 802 millia
2009 748 2295 819 praesentis
2324 749 2583 806 Ecclesiae
2619 751 2780 806 electi
2815 751 3206 824 designantur;
3253 752 3404 808 duo-

1801 836 1985 892 decies
2029 852 2266 909 namque
2308 837 2548 894 duodeni
2584 839 2726 895 ﬁunt
2776 848 2998 896 centum
3042 840 3406 913 quadraginta

1802 934 2058 997 quatuor.
2114 927 2319 983 Omnes
2370 927 2540 1001 igitur
2570 930 2664 1001 qui
2712 929 2872 985 ﬁdem
2914 930 3209 987 duodecim
3259 947 3402 1003 apo-

1802 1017 2070 1072 stolorum
2118 1016 2465 1086 custodiunt,
2515 1028 2779 1091 actusque
2828 1019 3140 1087 imitantur,
3192 1020 3249 1075 in
3298 1020 3403 1078 hoc

1802 1120 2034 1161 numero
2062 1106 2391 1163 consistunt.
2446 1107 2549 1163 Sed
2589 1109 2943 1181 quaerendum
2983 1110 3143 1166 nobis
3171 1119 3273 1179 est,
3305 1127 3405 1168 cur

1805 1211 1876 1251 ex
1904 1197 2057 1252 omni
2096 1197 2246 1253 tribu
2293 1197 2535 1255 ﬁliorum
2581 1200 2743 1256 Israel
2787 1202 3100 1274 congregati
3145 1219 3260 1258 esse
3307 1201 3406 1257 di-

1805 1294 2019 1355 cantur,
2069 1303 2194 1343 cum
2249 1288 2426 1345 multo
2474 1289 2657 1360 plures
2701 1306 2770 1345 ex
2818 1292 3072 1363 gentibus
3121 1309 3285 1365 quam
3334 1310 3404 1350 ex

1804 1373 2009 1430 Iudaeis
2027 1375 2382 1433 crediderint.
2410 1378 2616 1434 Verum
2638 1379 2684 1434 si
2717 1379 3198 1453 interpretationes
3228 1382 3403 1438 nomi-

1805 1479 1938 1518 num
1976 1463 2335 1535 attendimus,
2371 1465 2429 1521 in
2475 1468 2796 1525 nominibus
2825 1470 3115 1527 duodecim
3152 1470 3400 1527 tribuum

1805 1570 1995 1609 omnes
2014 1555 2217 1612 electos
2248 1557 2583 1628 reperiemus
2606 1558 2724 1629 (81)
2749 1578 2762 1626 ;
2795 1560 3022 1616 nomina
3047 1560 3248 1633 quippe
3270 1561 3405 1617 duo-

1804 1641 1981 1699 decim
2017 1646 2274 1701 tribuunt
2300 1646 2366 1702 ad
2393 1664 2583 1705 omnes
2612 1650 2814 1706 electos
2844 1650 3141 1721 pertinent.

1876 1743 2060 1813 (Vers.
2100 1744 2258 1813 5—8.)
2310 1746 2401 1800 Ea:
2445 1747 2589 1801 tribu
2623 1748 2765 1801 Juda
2800 1748 3069 1803 duodecim
3104 1747 3281 1803 millia
3318 1748 3404 1803 si—

105 1835 213 1883 rent
248 1846 410 1900 super
439 1836 656 1898 terram,
686 1848 849 1900 neque
872 1847 1030 1901 super
1057 1847 1221 1897 mare,
1254 1846 1417 1899 neque
1443 1830 1501 1884 in
1526 1830 1695 1884 ullam
1725 1854 1773 1915 Β
1803 1832 1950 1901 gnati
1977 1848 1994 1886 :
2042 1850 2109 1886 es:
2158 1833 2303 1888 tribu
2334 1834 2517 1891 Ruben
2545 1835 2817 1890 duodecim
2861 1836 3035 1890 millia
3064 1835 3258 1906 signati
3289 1852 3306 1889 :
3340 1853 3405 1890 ea:

102 1919 360 1974 arborem.
393 1920 496 1975 Per
526 1928 718 1976 ventos
758 1920 852 1994 qui
899 1920 1073 1977 nubes
1110 1920 1375 1988 excitant,
1405 1928 1467 1975 ut
1493 1926 1695 1974 terram

105 2008 389 2080 irrigantes
441 2004 633 2066 faciem
683 2008 800 2081 ejus
845 2009 1074 2065 hilarem
1108 2009 1360 2077 reddant,
1391 2025 1454 2064 ac
1492 2008 1698 2065 fructi-

106 2098 266 2153 feram
312 2098 543 2167 faciant,
575 2116 682 2171 pax
720 2099 935 2156 cunctis
976 2098 1301 2155 mortalibus
1327 2106 1513 2171 optata
1541 2096 1697 2154 desi-

107 2198 315 2259 gnatur,
345 2206 468 2261 quas
516 2195 572 2244 et
627 2198 838 2245 mentes
893 2188 1181 2244 hominum
1232 2187 1495 2257 laetiﬁcat,
1545 2195 1598 2243 et
1636 2196 1698 2243 ut

109 2280 338 2352 propriis
373 2278 714 2335 utilitatibus
751 2279 1082 2347 deserviant,
1115 2280 1427 2336 facultatem
1459 2280 1692 2336 tribuit:

109 2385 195 2440 per
234 2378 439 2425 terram
480 2377 535 2426 et
582 2385 730 2425 mare
774 2385 964 2426 omnes
1011 2376 1195 2441 gentes
1239 2369 1572 2441 ﬁgurantur;
1604 2386 1700 2442 per

108 2455 317 2511 arbores
363 2464 572 2524 autem,
617 2455 655 2510 ii
687 2456 781 2529 qui
825 2456 967 2512 inter
1008 2472 1101 2511 eos
1144 2455 1510 2528 principatum
1550 2464 1696 2513 tene-

112 2543 253 2599 bant.
284 2544 535 2611 Quatuor
563 2560 691 2616 ergo
719 2545 899 2617 angeli
926 2552 1162 2617 quatuor
1193 2554 1387 2601 ventos
1418 2545 1696 2614 tenebant,

116 2648 176 2687 ne
220 2631 416 2689 ﬂarent
460 2649 624 2705 super
675 2640 916 2697 terram;
972 2633 1102 2707 quia
1147 2634 1401 2703 Romani,
1456 2634 1551 2707 qui
1605 2650 1702 2707 per

117 2728 339 2790 quatuor
367 2721 594 2792 angelos
620 2719 999 2792 designantur,
1038 2736 1258 2777 omnem
1288 2729 1487 2777 terram
1532 2722 1700 2779 caedi-

117 2807 230 2877 bus,
274 2818 329 2866 et
374 2810 606 2883 rapinis,
655 2817 710 2865 et
748 2810 1019 2867 mortibus
1070 2811 1359 2868 hominum
1407 2812 1698 2884 replentes,

118 2913 217 2953 non
260 2898 517 2955 sinebant
568 2914 738 2972 genus
785 2898 1088 2955 humanum
1146 2910 1395 2973 pacatum
1453 2916 1571 2958 esse
1638 2916 1703 2956 ac

76 3006 79 3011 ·
117 2986 345 3058 quietum
357 3029 372 3045 .

181 3076 354 3147 (Vers.
387 3077 475 3150 2.)
507 3078 581 3134 Et
616 3077 727 3134 vidi
769 3080 997 3134 alterum
1041 3080 1285 3152 angelum
1320 3080 1702 3136 descendentem

116 3166 174 3221 ab
200 3174 315 3223 ortu
355 3168 514 3234 solis,
544 3170 808 3225 habentem
839 3171 1042 3243 signum
1095 3171 1191 3227 Dei
1232 3171 1359 3226 vivi.
1404 3170 1560 3226 Alter
1592 3185 1702 3225 an-

116 3255 253 3327 gelus
298 3256 560 3313 Christus
588 3266 688 3327 est,
728 3258 796 3315 de
829 3275 939 3332 quo
975 3259 1243 3333 scriptum
1273 3266 1386 3315 est:
1435 3283 1454 3307 ι
1481 3258 1555 3313 Et
1591 3275 1704 3314 vo-

118 3344 316 3402 cabitur
359 3364 569 3404 nomen
613 3347 730 3421 ejus
771 3350 953 3423 magni
1004 3351 1222 3407 consilii
1279 3350 1523 3424 Angelus
1564 3350 1699 3423 (Isa.

123 3448 193 3500 lx,
213 3434 289 3506 6).
319 3460 337 3483 ι
374 3438 499 3510 Ipse
537 3445 619 3493 est
642 3440 747 3507 sol,
779 3439 846 3495 de
874 3456 983 3513 quo
1011 3440 1277 3513 scriptum
1309 3449 1426 3496 est:
1473 3464 1491 3487 ι
1529 3439 1705 3496 Vobis

124 3529 286 3578 autem
316 3525 644 3582 timentibus
670 3543 871 3584 nomen
900 3545 1083 3584 meum
1116 3529 1324 3584 orietur
1343 3528 1422 3584 sol
1446 3526 1700 3599 justitias,

123 3617 171 3666 et
193 3614 388 3670 sanitas
418 3618 475 3672 in
519 3617 713 3688 pennis
737 3617 855 3690 ejus
885 3619 1138 3691 (Malach.
1175 3637 1250 3687 ιν,
1284 3619 1364 3691 2).
1402 3644 1421 3666 ι
1462 3618 1548 3674 Ab
1576 3626 1702 3675 ortu

125 3702 247 3757 solis
271 3703 524 3762 Christus
546 3707 848 3777 descendit,
897 3708 952 3764 id
996 3716 1099 3778 est,
1131 3726 1161 3765 a
1190 3709 1519 3781 semetipso:
1554 3723 1702 3781 quo—

125 3790 260 3847 niam
285 3809 392 3850 non
428 3812 502 3851 ex
534 3796 835 3853 concubitu
861 3798 969 3853 viri
999 3814 1218 3855 carnem
1248 3798 1562 3871 assumpsit,
1605 3797 1700 3854 sed

126 3883 470 3955 asemetipso,
505 3888 599 3957 qui
632 3886 822 3958 utique
875 3886 981 3943 sibi
1020 3903 1236 3944 carnem
1290 3888 1698 3945 immaculatam

126 3982 188 4023 ex
205 3986 357 4029 carne
379 3974 632 4047 Virginis
650 3976 876 4032 creavit.
896 3976 1122 4050 Signum
1146 3984 1327 4034 autem
1356 3978 1456 4034 Dei
1486 3977 1603 4032 vivi
1621 3984 1702 4033 est

126 4055 404 4118 divinitas:
439 4079 570 4120 nam
603 4063 662 4119 in
707 4081 871 4122 carne
912 4067 1142 4139 positus,
1175 4067 1391 4141 signum
1442 4066 1542 4123 Dei
1581 4065 1700 4122 vivi

128 4143 338 4219 habuit;
383 4153 517 4225 quia
563 4169 626 4210 ea
672 4170 835 4226 opera
865 4154 1029 4228 gessit
1074 4171 1195 4227 qua
1251 4155 1701 4214 demonstrabant

127 4250 238 4291 eum
290 4241 512 4298 unicum
569 4258 686 4299 esse
739 4245 944 4300 Filium
990 4244 1110 4312 Dei,
1172 4244 1316 4301 sicut
1360 4245 1475 4318 ipse
1513 4246 1696 4303 dicit:

141 4349 157 4371 ι
191 4328 354 4400 Opera
380 4349 501 4405 quae.
533 4349 632 4407 ego
658 4333 821 4402 facio,
853 4334 970 4407 ipsa
997 4334 1375 4391 testimonium
1405 4335 1701 4407 perhibent

128 4411 188 4469 de
214 4431 294 4472 me
318 4420 502 4487 (Joan.
536 4437 595 4489 χ,
626 4423 743 4495 25).
777 4447 795 4470 ι

194 4509 363 4581 (Vers.
394 4515 472 4588 3.)
516 4519 592 4573 Et
628 4518 878 4574 clamavit
930 4536 1046 4575 voce
1085 4537 1276 4593 magna
1330 4528 1563 4591 quatuor
1592 4539 1703 4577 an-

1809 1921 1950 1975 tribu
1981 1921 2098 1977 Gad
2132 1923 2404 1977 duodecim
2460 1924 2635 1979 millia
2682 1925 2921 1996 signati:
2972 1942 3037 1979 ex
3080 1925 3221 1979 tribu
3269 1925 3407 1980 Aser

1805 2008 2075 2065 duodecim
2122 2011 2295 2066 millia
2344 2012 2576 2082 signati:
2628 2030 2694 2067 ea:
2727 2013 2869 2068 tribu
2910 2014 3248 2085 Nephthalim
3277 2014 3403 2068 duo-

1806 2097 1967 2152 decim
2013 2098 2192 2155 millia
2246 2100 2485 2172 signati:
2552 2118 2617 2155 ex
2663 2102 2807 2157 tribu
2847 2103 3094 2159 Manasse
3137 2102 3407 2158 duodecim

1807 2187 1982 2242 millia
2027 2187 2265 2259 signati:
2328 2207 2394 2245 ex
2452 2190 2595 2245 tribu
2648 2191 2856 2248 Simeon
2912 2190 3180 2246 duodecim
3229 2191 3407 2247 millia

1806 2276 2001 2346 signati
2030 2294 2041 2331 :
2083 2295 2148 2333 ea:
2178 2277 2321 2334 tribu
2351 2279 2476 2334 Levi
2521 2280 2795 2335 duodecim
2841 2280 3018 2336 millia
3051 2280 3247 2351 signati
3278 2298 3295 2335 :
3340 2298 3406 2335 ea:

1810 2364 1952 2419 tribu
2007 2368 2256 2422 Issachar
2301 2368 2570 2423 duodecim
2615 2369 2793 2425 millia
2839 2370 3076 2441 signati:
3145 2386 3210 2424 ea:
3264 2369 3407 2425 tribu

1807 2455 2054 2511 Zabulon
2100 2456 2367 2512 duodecim
2408 2458 2583 2514 millia
2627 2459 2866 2529 signati:
2918 2476 2984 2513 ea:
3032 2458 3175 2513 tribu
3215 2458 3407 2530 Ioseph

1808 2544 2076 2601 duodecim
2122 2546 2299 2601 millia
2347 2546 2586 2617 signati:
2641 2565 2709 2602 ex
2756 2548 2900 2602 tribu
2934 2546 3217 2615 Benjamin
3263 2548 3407 2602 duo-

1807 2634 1967 2689 decim
2026 2634 2200 2690 millia
2258 2632 2471 2705 signati.
2530 2635 2670 2691 Juda
2726 2637 2877 2707 prior
2933 2635 3193 2707 ponitur,
3251 2635 3405 2690 Ben-

1802 2725 1980 2798 jamin
2010 2743 2141 2783 vero
2172 2727 2442 2783 ultimus:
2493 2726 2642 2801 quod
2680 2726 2727 2783 si
2772 2726 3252 2799 interpretationes
3290 2741 3403 2780 no-

1810 2816 2022 2871 minum
2078 2816 2347 2889 inspicere
2397 2816 2759 2886 voluerimus,
2815 2816 3011 2872 Judam
3059 2815 3435 2885 inferiorem,l

1809 2905 2098 2979 Benjamin
2122 2923 2251 2963 vero
2278 2907 2613 2980 superiorem
2645 2908 2949 2980 reperimus
2971 2906 3122 2979 (82);
3156 2922 3282 2961 nam
3305 2904 3402 2978 qui

1808 2997 1876 3052 ad
1906 2998 2080 3052 Deum
2110 2996 2477 3053 conscendere
2502 2996 2809 3065 desiderat,
2854 3013 2885 3053 a
2918 2995 3226 3052 minoribus
3256 2994 3401 3051 inci-

1810 3085 1913 3157 pit,
1965 3093 2029 3141 ut
2074 3084 2338 3158 gradatim
2389 3086 2685 3143 crescendo
2733 3086 2803 3141 ad
2838 3084 3045 3158 majora
3095 3084 3399 3163 perveniat,

1810 3172 1953 3229 sicut
1983 3173 2121 3231 dicit
2164 3173 2452 3243 Psalmista
2487 3192 2499 3229 :
2555 3200 2573 3221 ι
2611 3174 2776 3231 Ibunt
2804 3174 2979 3230 sancti
3010 3173 3077 3228 de
3104 3172 3311 3227 virtute
3342 3172 3401 3226 in

1810 3264 2073 3319 virtutem
2124 3263 2299 3334 (Psal.
2352 3281 2591 3333 Lxxxm,
2637 3264 2719 3336 8).
2774 3288 2792 3310 ι
2852 3265 2926 3319 Et
2958 3263 3088 3337 quia
3128 3261 3302 3319 sancti
3332 3260 3402 3318 ad

1809 3354 1983 3410 Deum
2012 3369 2110 3425 per
2152 3352 2257 3408 iter
2304 3353 2576 3409 virtutum
2621 3352 3018 3422 conscendunt,
3068 3351 3396 3425 subjungit:

1822 3465 1842 3489 ι
1871 3441 2168 3498 Videbitur
2207 3444 2355 3499 Deus
2400 3441 2629 3498 deorum
2670 3442 2729 3497 in
2783 3442 2914 3498 Sion
2952 3442 3165 3514 (Ibid).
3200 3467 3218 3489 ι
3262 3440 3402 3497 Juda

1807 3531 2083 3589 confessio
2129 3532 2545 3605 interpretatur.
2593 3531 2734 3588 Juda
2778 3548 2907 3605 ergo
2953 3532 3105 3604 prior
3131 3532 3397 3604 ponitur:

1808 3620 1938 3694 quia
1967 3620 2283 3694 quicunque
2314 3630 2435 3694 post
2463 3628 2683 3694 peccata
2714 3621 2782 3676 ad
2820 3623 2995 3678 Deum
3024 3621 3274 3677 converti
3303 3620 3402 3677 de-

1807 3709 2032 3780 siderat,
2057 3727 2272 3768 necesse
2297 3720 2380 3768 est
2403 3719 2465 3767 ut
2496 3711 2649 3783 prius
2678 3710 3007 3769 conﬁteatur
3034 3718 3249 3783 peccata
3280 3726 3399 3780 sua,

1806 3798 1951 3856 sicut
1979 3798 2116 3856 dicit
2158 3799 2392 3856 Iacobus
2424 3801 2742 3872 apostolus:
2793 3825 2811 3847 ι
2850 3798 3204 3857 Conﬁteminl
3234 3799 3400 3854 alter-

1807 3895 1994 3943 utrum
2027 3897 2247 3960 peccata
2277 3896 2477 3955 vestra,
2509 3897 2564 3945 et
2596 3897 2746 3944 orate
2776 3904 2875 3961 pro
2906 3888 3165 3954 invicem,
3200 3894 3262 3942 ut
3290 3888 3399 3943 sal-

1808 3976 2017 4031 vemini
2049 3977 2186 4047 (Jac.
2214 3993 2273 4043 v,
2303 3976 2416 4047 16),
2448 4000 2467 4025 ι
2506 3976 2766 4033 videlicet
2795 3985 2855 4032 ut
2886 3993 2980 4048 per
2999 3975 3399 4032 confessionem

1809 4071 2155 4136 peccatorum
2186 4071 2241 4119 et
2274 4064 2653 4136 paenitentiam
2703 4067 2878 4121 Deum
2922 4064 3029 4121 sibi
3075 4063 3397 4137 placabilem

1809 4151 1993 4219 faciat,
2017 4167 2179 4224 quem
2209 4152 2530 4208 offenderat.
2572 4154 2644 4208 Et
2671 4152 2800 4226 quia
2828 4152 2922 4225 qui
2953 4152 3246 4209 salubriter
3274 4168 3400 4225 pm-

1809 4241 1968 4310 nitet,
1999 4249 2054 4297 et
2097 4242 2261 4299 deﬁet
2308 4244 2452 4299 mala
2494 4260 2615 4316 quae
2662 4243 2813 4313 fecit,
2864 4244 3124 4317 gaudium
3170 4242 3225 4299 in
3256 4242 3399 4300 cmlo

1809 4330 1961 4401 facit,
2014 4333 2205 4389 oculos
2252 4332 2642 4391 misericordias
2685 4334 2755 4391 ad
2803 4351 2860 4390 se
2906 4334 3205 4403 convertit,
3256 4334 3400 4391 sicut

1809 4422 1947 4480 dicit
1987 4423 2297 4480 Dominus:
2346 4447 2365 4472 ι
2394 4424 2797 4482 Convertimini
2838 4426 2907 4482 ad
2942 4442 3049 4495 me,
3082 4435 3136 4483 et
3177 4442 3276 4498 ego
3322 4441 3401 4482 re-

1810 4520 1994 4568 vertar
2019 4512 2089 4569 ad
2132 4530 2230 4570 vos
2279 4514 2468 4587 (Zaeh.
2496 4532 2535 4583 r,
2567 4515 2647 4586 3).
2682 4541 2701 4564 ι
2748 4515 2940 4574 Ruben
2986 4515 3259 4572 secundus
3305 4530 3398 4586 po-

129 4597 245 4665 gelis
277 4603 459 4671 quibus
486 4606 671 4661 datum
694 4614 768 4662 est
805 4625 990 4662 nocere
1020 4615 1175 4664 terra:
1200 4616 1249 4665 et
1289 4612 1448 4676 mari,
1485 4612 1695 4667 dicens:
1728 4597 1776 4656 D
1809 4603 1981 4672 nitur,
2004 4603 2098 4677 qui
2118 4603 2353 4661 visionis
2375 4604 2524 4661 ﬁlius
2556 4605 2979 4677 interpretatur;
3014 4604 3142 4677 quia
3171 4619 3268 4675 per
3286 4619 3397 4674 poe-

131 4684 287 4743 Nolite
328 4708 507 4749 nocere
550 4702 705 4751 terra:
745 4702 795 4751 et
824 4698 964 4752 mari
1010 4714 1171 4767 neque
1213 4700 1514 4769 arboribus,
1558 4719 1700 4773 quo-

131 4773 346 4848 adusque
406 4783 664 4856 signemus
717 4802 893 4842 servos
946 4788 1045 4843 Dei
1096 4790 1266 4844 nostri
1332 4790 1389 4844 in
1432 4791 1701 4859 frontibus

132 4876 314 4922 eorum.
365 4870 636 4931 Clamasse
676 4874 777 4932 Dei
824 4876 1016 4933 fecisse
1057 4885 1160 4947 est,
1208 4880 1411 4936 etenim
1452 4880 1701 4938 adventu

131 4963 221 5006 suo
245 4953 369 5013 fecit
394 4969 456 5017 ut
482 4962 715 5019 Romani
745 4964 814 5020 ab
852 4964 1203 5023 infestatione
1228 4968 1441 5040 generis
1470 4969 1698 5026 humani

130 5053 404 5136 cessarent,
476 5050 737 5127 ﬁeretque
789 5071 897 5127 pax
948 5071 1044 5127 per
1098 5056 1419 5115 universum
1484 5060 1696 5129 orbem,

131 5135 261 5220 sicut
311 5135 444 5195 dicit
496 5140 814 5199 Psalmista:
886 5169 904 5192 ι
959 5145 1181 5202 Orietur
1229 5146 1286 5202 in
1338 5146 1535 5205 diebus
1580 5147 1699 5219 ejus

128 5220 328 5309 Justitia
388 5236 442 5283 et
497 5229 839 5288 abundantia
888 5234 1039 5307 pacis
1096 5236 1271 5305 (Psal.
1328 5252 1483 5305 uxr,
1540 5237 1618 5309 7),
1667 5262 1687 5286 ι

131 5303 291 5368 donec
345 5319 551 5376 semina
608 5322 739 5379 ﬁdei
783 5303 907 5395 per_
951 5303 1237 5383 universas
1291 5303 1476 5400 gentes
1538 5303 1703 5399 spar-

132 5407 387 5475 gerentur,
448 5425 513 5465 ac
567 5412 851 5486 signaculo
909 5413 1037 5470 ﬁdei
1096 5415 1135 5470 ii
1193 5415 1289 5489 qui
1346 5416 1702 5489 praeordinati

131 5496 270 5544 erant
294 5492 360 5549 ad
384 5495 553 5554 vitam
588 5510 871 5571 aeternam,
903 5503 1271 5578 signarentur.

195 5627 540 5716 (_8.l).Edit_.,_
582 5643 867 5716 duodecim,
901 5646 1154 5716 tribuum,
1197 5665 1372 5703 omnes
1421 5649 1493 5704 ad
1520 5649 1703 5706 electos

131 5704 339 5764 Ρονιὶηεε
354 5723 376 5773 ;
402 5704 705 5773 sed'locum
742 5713 902 5777 nobis
930 5734 1063 5778 mss.
1104 5704 1484 5781 restituerunt.

1811 4693 2098 4748 nitentiam
2130 4693 2361 4749 visionis
2406 4693 2585 4749 factus
2623 4701 2705 4749 est
2748 4692 2920 4760 ﬁlius,
2965 4693 3061 4765 qui
3093 4697 3210 4747 erat
3238 4696 3398 4746 antea

1810 4778 1958 4836 ﬁlius
2002 4782 2347 4853 perditionis.
2396 4784 2525 4838 Post
2570 4783 2765 4839 Ruben
2810 4780 2927 4838 Gad
2976 4779 3247 4851 sequitur,
3301 4779 3397 4853 qui

1806 4871 2086 4927 accinctus
2130 4872 2558 4943 interpretatur;
2610 4871 2739 4944 quia
2784 4887 3003 4927 necesse
3043 4880 3143 4940 est,
3192 4879 3255 4927 ut
3301 4872 3397 4947 qui

1807 4960 2036 5031 paenitet
2084 4975 2141 5015 se
2198 4960 2340 5014 mala
2384 4959 2629 5031 gessisse,
2679 4966 2733 5015 et
2781 4959 2920 5032 petit
2975 4977 3043 5017 ne
3098 4964 3154 5017 in
3205 4960 3397 5018 eadem

1807 5048 2101 5115 relabatur,
2130 5056 2322 5104 contra
2340 5048 2527 5104 omnia
2551 5048 2690 5105 vitia
2708 5056 2956 5106 armetur
2977 5051 3401 5125 voluptatesque

1805 5136 2050 5192 carnales
2090 5153 2122 5193 a
2167 5153 2224 5193 se
2262 5136 2522 5209 praecidat
2551 5155 2563 5193 :
2602 5138 2730 5212 quia
2760 5155 2870 5196 non
2902 5148 3081 5212 potest
3110 5140 3229 5196 ﬁeri
3261 5147 3324 5197 ut
3366 5157 3398 5197 a

1806 5224 2045 5296 peccatis
2084 5224 2375 5291 abstineat,
2422 5226 2518 5300 qui
2564 5227 2623 5283 in
2654 5229 3034 5302 voluptatibus
3076 5229 3395 5287 carnalibus

1809 5315 2129 5388 requiescit.

1879 5419 1951 5473 Et
1992 5419 2122 5493 quia
2166 5421 2260 5494 qui
2308 5429 2501 5479 contra
2541 5422 2679 5480 vitia
2725 5432 2930 5497 pugnat
2974 5423 3236 5492 viriliter,
3281 5421 3398 5495 jam

1807 5505 1999 5564 beatus
2042 5526 2157 5566 esse
2201 5511 2432 5585 incipit;
2479 5515 2617 5570 Aser
2663 5514 2723 5570 in
2767 5514 2960 5572 ordine
3006 5514 3256 5586 ponitur,
3303 5514 3398 5587 qui

1882 5652 2000 5726 (82)
2021 5655 2102 5711 Ita
2125 5671 2277 5726 mss.;
2296 5653 2570 5711 edit.vero
2588 5673 2600 5710 :
2619 5655 2818 5711 ludam
2837 5654 3145 5726 inferiorem
3160 5656 3219 5707 in
3236 5653 3397 5726 praui-

1811 5722 2000 5784 len'tia':
2023 5725 2304 5801 Benjamin
2320 5743 2440 5784 vero
2458 5727 2787 5799 superiorem
2804 5722 3092 5802 reperimus
3114 5723 3170 5781 in
3192 5722 3395 5795 patria.
