  <div class='ocr_page' id='page_1' title='image "/cluster/home/n/w/nwhite01/storage/ocr_20150623/17/uva.x000826553/471.png"; bbox 0 0 3880 6198; ppageno 0'>
   <div class='ocr_carea' id='block_1_1' title="bbox 503 328 610 387">
    <p class='ocr_par' dir='ltr' id='par_1_1' title="bbox 503 328 610 387">
     <span class='ocr_line' id='line_1_1' title="bbox 503 328 610 387; baseline 0 -1"><span class='ocrx_word' id='word_1_1' title='bbox 503 328 610 387; x_wconf 75' lang='grc'>927</span> 
     </span>
    </p>
   </div>
   <div class='ocr_carea' id='block_1_2' title="bbox 1543 324 2797 385">
    <p class='ocr_par' dir='ltr' id='par_1_2' title="bbox 1543 324 2797 385">
     <span class='ocr_line' id='line_1_2' title="bbox 1543 324 2797 385; baseline -0.002 -1"><span class='ocrx_word' id='word_1_2' title='bbox 1543 329 1640 384; x_wconf 88' lang='lat' dir='ltr'>AD</span> <span class='ocrx_word' id='word_1_3' title='bbox 1679 327 1916 384; x_wconf 83' lang='grc' dir='ltr'><strong>ΟΡΕΒΑ</strong></span> <span class='ocrx_word' id='word_1_4' title='bbox 1952 326 2008 383; x_wconf 82' lang='grc'>8.</span> <span class='ocrx_word' id='word_1_5' title='bbox 2048 326 2382 385; x_wconf 81' lang='lat' dir='ltr'>AMBROSII</span> <span class='ocrx_word' id='word_1_6' title='bbox 2418 324 2797 382; x_wconf 83' lang='lat' dir='ltr'>APPENDIX.</span> 
     </span>
    </p>
   </div>
   <div class='ocr_carea' id='block_1_3' title="bbox 3726 321 3823 378">
    <p class='ocr_par' dir='ltr' id='par_1_3' title="bbox 3726 321 3823 378">
     <span class='ocr_line' id='line_1_3' title="bbox 3726 321 3823 378; baseline 0 0"><span class='ocrx_word' id='word_1_7' title='bbox 3726 321 3823 378; x_wconf 53' lang='lat'>9%</span> 
     </span>
    </p>
   </div>
   <div class='ocr_carea' id='block_1_4' title="bbox 501 458 3818 532">
    <p class='ocr_par' dir='ltr' id='par_1_4' title="bbox 501 458 3818 532">
     <span class='ocr_line' id='line_1_4' title="bbox 501 458 3818 532; baseline -0.001 -16"><span class='ocrx_word' id='word_1_8' title='bbox 501 461 694 519; x_wconf 88' lang='lat' dir='ltr'>beatus</span> <span class='ocrx_word' id='word_1_9' title='bbox 754 461 1169 532; x_wconf 79' lang='lat' dir='ltr'>interpretatur.</span> <span class='ocrx_word' id='word_1_10' title='bbox 1227 461 1357 517; x_wconf 85' lang='lat' dir='ltr'>Post</span> <span class='ocrx_word' id='word_1_11' title='bbox 1402 461 1539 517; x_wconf 86' lang='lat' dir='ltr'>Aser</span> <span class='ocrx_word' id='word_1_12' title='bbox 1584 459 1940 531; x_wconf 85' lang='lat' dir='ltr'>Nephthalim</span> <span class='ocrx_word' id='word_1_13' title='bbox 1994 475 2101 531; x_wconf 92' lang='lat' dir='ltr'>po-</span> <span class='ocrx_word' id='word_1_14' title='bbox 2130 460 2183 520; x_wconf 85' lang='lat' dir='ltr'>A</span> <span class='ocrx_word' id='word_1_15' title='bbox 2212 458 2312 515; x_wconf 89' lang='lat' dir='ltr'>Dei</span> <span class='ocrx_word' id='word_1_16' title='bbox 2360 468 2634 531; x_wconf 85' lang='lat' dir='ltr'>ponentur</span> <span class='ocrx_word' id='word_1_17' title='bbox 2683 460 2894 529; x_wconf 81' lang='lat' dir='ltr'>(Matth.</span> <span class='ocrx_word' id='word_1_18' title='bbox 2944 475 3079 527; x_wconf 83' lang='lat' dir='ltr'>xxv,</span> <span class='ocrx_word' id='word_1_19' title='bbox 3109 458 3228 530; x_wconf 89' lang='lat'>33).</span> <span class='ocrx_word' id='word_1_20' title='bbox 3264 458 3467 515; x_wconf 87' lang='lat' dir='ltr'>Electi</span> <span class='ocrx_word' id='word_1_21' title='bbox 3511 458 3818 530; x_wconf 82' lang='lat' dir='ltr'>itaquefilii</span> 
     </span>
    </p>
   </div>
   <div class='ocr_carea' id='block_1_5' title="bbox 503 549 2102 624">
    <p class='ocr_par' dir='ltr' id='par_1_5' title="bbox 503 549 2102 624">
     <span class='ocr_line' id='line_1_5' title="bbox 503 549 2102 624; baseline -0.002 -17"><span class='ocrx_word' id='word_1_22' title='bbox 503 551 677 620; x_wconf 90' lang='lat' dir='ltr'>nitur,</span> <span class='ocrx_word' id='word_1_23' title='bbox 721 551 817 624; x_wconf 87' lang='lat' dir='ltr'>qui</span> <span class='ocrx_word' id='word_1_24' title='bbox 850 550 1103 607; x_wconf 88' lang='lat' dir='ltr'>dilatatio</span> <span class='ocrx_word' id='word_1_25' title='bbox 1135 551 1252 622; x_wconf 90' lang='lat'>(83)</span> <span class='ocrx_word' id='word_1_26' title='bbox 1298 567 1418 605; x_wconf 90' lang='lat' dir='ltr'>mea</span> <span class='ocrx_word' id='word_1_27' title='bbox 1455 550 1864 622; x_wconf 80' lang='lat' dir='ltr'>interpretatur.</span> <span class='ocrx_word' id='word_1_28' title='bbox 1908 549 2102 605; x_wconf 87' lang='lat' dir='ltr'>Omnis</span> 
     </span>
    </p>
   </div>
   <div class='ocr_carea' id='block_1_6' title="bbox 502 636 2099 712">
    <p class='ocr_par' dir='ltr' id='par_1_6' title="bbox 502 636 2099 712">
     <span class='ocr_line' id='line_1_6' title="bbox 502 636 2099 712; baseline -0.002 -17"><span class='ocrx_word' id='word_1_29' title='bbox 502 641 651 695; x_wconf 89' lang='lat' dir='ltr'>enim</span> <span class='ocrx_word' id='word_1_30' title='bbox 686 640 783 712; x_wconf 88' lang='lat' dir='ltr'>qui</span> <span class='ocrx_word' id='word_1_31' title='bbox 815 640 923 695; x_wconf 90' lang='lat' dir='ltr'>scit</span> <span class='ocrx_word' id='word_1_32' title='bbox 961 655 1017 694; x_wconf 90' lang='lat' dir='ltr'>se</span> <span class='ocrx_word' id='word_1_33' title='bbox 1046 641 1219 695; x_wconf 89' lang='lat' dir='ltr'>Deum</span> <span class='ocrx_word' id='word_1_34' title='bbox 1247 638 1560 703; x_wconf 77' lang='lat' dir='ltr'>offendisse,</span> <span class='ocrx_word' id='word_1_35' title='bbox 1592 647 1646 693; x_wconf 90' lang='lat' dir='ltr'>et</span> <span class='ocrx_word' id='word_1_36' title='bbox 1674 638 1795 693; x_wconf 87' lang='lat' dir='ltr'>vult</span> <span class='ocrx_word' id='word_1_37' title='bbox 1826 645 1886 692; x_wconf 93' lang='lat' dir='ltr'>ut</span> <span class='ocrx_word' id='word_1_38' title='bbox 1915 637 1964 693; x_wconf 91' lang='lat' dir='ltr'>ei</span> <span class='ocrx_word' id='word_1_39' title='bbox 2000 636 2099 692; x_wconf 89' lang='lat' dir='ltr'>mi-</span> 
     </span>
    </p>
   </div>
   <div class='ocr_carea' id='block_1_7' title="bbox 501 727 2099 801">
    <p class='ocr_par' dir='ltr' id='par_1_7' title="bbox 501 727 2099 801">
     <span class='ocr_line' id='line_1_7' title="bbox 501 727 2099 801; baseline 0 -16"><span class='ocrx_word' id='word_1_40' title='bbox 501 730 804 786; x_wconf 89' lang='lat' dir='ltr'>sericordia</span> <span class='ocrx_word' id='word_1_41' title='bbox 841 729 1035 784; x_wconf 91' lang='lat' dir='ltr'>divina</span> <span class='ocrx_word' id='word_1_42' title='bbox 1078 737 1380 795; x_wconf 85' lang='lat' dir='ltr'>succurrat,</span> <span class='ocrx_word' id='word_1_43' title='bbox 1412 727 1573 783; x_wconf 83' lang='lat' dir='ltr'>debet</span> <span class='ocrx_word' id='word_1_44' title='bbox 1608 736 1663 784; x_wconf 92' lang='lat' dir='ltr'>et</span> <span class='ocrx_word' id='word_1_45' title='bbox 1708 729 1822 801; x_wconf 89' lang='lat' dir='ltr'>ipse</span> <span class='ocrx_word' id='word_1_46' title='bbox 1853 728 2099 785; x_wconf 86' lang='lat' dir='ltr'>misereri</span> 
     </span>
    </p>
   </div>
   <div class='ocr_carea' id='block_1_8' title="bbox 502 817 2101 892">
    <p class='ocr_par' dir='ltr' id='par_1_8' title="bbox 502 817 2101 892">
     <span class='ocr_line' id='line_1_8' title="bbox 502 817 2101 892; baseline -0.002 -16"><span class='ocrx_word' id='word_1_47' title='bbox 502 821 922 892; x_wconf 88' lang='lat' dir='ltr'>quibuscunque</span> <span class='ocrx_word' id='word_1_48' title='bbox 952 825 1148 887; x_wconf 86' lang='lat' dir='ltr'>potest,</span> <span class='ocrx_word' id='word_1_49' title='bbox 1172 824 1225 872; x_wconf 90' lang='lat' dir='ltr'>et</span> <span class='ocrx_word' id='word_1_50' title='bbox 1253 817 1530 889; x_wconf 90' lang='lat' dir='ltr'>quomodo</span> <span class='ocrx_word' id='word_1_51' title='bbox 1561 825 1758 891; x_wconf 88' lang='lat' dir='ltr'>potest,</span> <span class='ocrx_word' id='word_1_52' title='bbox 1794 819 1941 875; x_wconf 85' lang='lat' dir='ltr'>sicut</span> <span class='ocrx_word' id='word_1_53' title='bbox 1964 818 2101 874; x_wconf 89' lang='lat' dir='ltr'>dicit</span> 
     </span>
    </p>
   </div>
   <div class='ocr_carea' id='block_1_9' title="bbox 500 906 2099 981">
    <p class='ocr_par' dir='ltr' id='par_1_9' title="bbox 500 906 2099 981">
     <span class='ocr_line' id='line_1_9' title="bbox 500 906 2099 981; baseline -0.001 -17"><span class='ocrx_word' id='word_1_54' title='bbox 500 910 771 965; x_wconf 90' lang='lat' dir='ltr'>Dominus</span> <span class='ocrx_word' id='word_1_55' title='bbox 823 926 834 962; x_wconf 92' lang='lat'>:</span> <span class='ocrx_word' id='word_1_56' title='bbox 908 929 926 953; x_wconf 70' lang='grc' dir='ltr'><strong><em>ι</em></strong></span> <span class='ocrx_word' id='word_1_57' title='bbox 985 906 1139 960; x_wconf 84' lang='lat' dir='ltr'>Beati</span> <span class='ocrx_word' id='word_1_58' title='bbox 1198 906 1614 975; x_wconf 86' lang='lat' dir='ltr'>misericordes,</span> <span class='ocrx_word' id='word_1_59' title='bbox 1675 908 1934 981; x_wconf 91' lang='lat' dir='ltr'>quoniam</span> <span class='ocrx_word' id='word_1_60' title='bbox 1995 907 2099 979; x_wconf 88' lang='lat' dir='ltr'>ipsi</span> 
     </span>
    </p>
   </div>
   <div class='ocr_carea' id='block_1_10' title="bbox 501 996 2101 1070">
    <p class='ocr_par' dir='ltr' id='par_1_10' title="bbox 501 996 2101 1070">
     <span class='ocr_line' id='line_1_10' title="bbox 501 996 2101 1070; baseline 0 -18"><span class='ocrx_word' id='word_1_61' title='bbox 501 996 941 1053; x_wconf 86' lang='lat' dir='ltr'>misericordiam</span> <span class='ocrx_word' id='word_1_62' title='bbox 977 1005 1387 1069; x_wconf 86' lang='lat' dir='ltr'>consequentur</span> <span class='ocrx_word' id='word_1_63' title='bbox 1427 998 1639 1067; x_wconf 82' lang='lat' dir='ltr'>(Matth.</span> <span class='ocrx_word' id='word_1_64' title='bbox 1666 1015 1719 1066; x_wconf 91' lang='lat' dir='ltr'>v,</span> <span class='ocrx_word' id='word_1_65' title='bbox 1756 1000 1833 1070; x_wconf 93' lang='lat'>7).</span> <span class='ocrx_word' id='word_1_66' title='bbox 1867 1023 1885 1045; x_wconf 76' lang='grc' dir='ltr'><strong><em>ι</em></strong></span> <span class='ocrx_word' id='word_1_67' title='bbox 1946 998 2101 1053; x_wconf 89' lang='lat' dir='ltr'>Illius</span> 
     </span>
    </p>
   </div>
   <div class='ocr_carea' id='block_1_11' title="bbox 501 1085 2099 1160">
    <p class='ocr_par' dir='ltr' id='par_1_11' title="bbox 501 1085 2099 1160">
     <span class='ocr_line' id='line_1_11' title="bbox 501 1085 2099 1160; baseline 0.002 -20"><span class='ocrx_word' id='word_1_68' title='bbox 501 1087 707 1158; x_wconf 88' lang='lat' dir='ltr'>quippe</span> <span class='ocrx_word' id='word_1_69' title='bbox 738 1102 895 1141; x_wconf 92' lang='lat' dir='ltr'>mens</span> <span class='ocrx_word' id='word_1_70' title='bbox 920 1085 1349 1158; x_wconf 83' lang='lat' dir='ltr'>circumquaque</span> <span class='ocrx_word' id='word_1_71' title='bbox 1370 1085 1653 1155; x_wconf 88' lang='lat' dir='ltr'>dilatatur,</span> <span class='ocrx_word' id='word_1_72' title='bbox 1687 1088 1783 1160; x_wconf 92' lang='lat' dir='ltr'>qui</span> <span class='ocrx_word' id='word_1_73' title='bbox 1814 1103 1908 1159; x_wconf 90' lang='lat' dir='ltr'>per</span> <span class='ocrx_word' id='word_1_74' title='bbox 1935 1087 2099 1143; x_wconf 87' lang='lat' dir='ltr'>dilec-</span> 
     </span>
    </p>
   </div>
   <div class='ocr_carea' id='block_1_12' title="bbox 500 1175 2100 1248">
    <p class='ocr_par' dir='ltr' id='par_1_12' title="bbox 500 1175 2100 1248">
     <span class='ocr_line' id='line_1_12' title="bbox 500 1175 2100 1248; baseline -0.001 -16"><span class='ocrx_word' id='word_1_75' title='bbox 500 1177 711 1232; x_wconf 86' lang='lat' dir='ltr'>tionem</span> <span class='ocrx_word' id='word_1_76' title='bbox 761 1192 925 1248; x_wconf 90' lang='lat' dir='ltr'>quam</span> <span class='ocrx_word' id='word_1_77' title='bbox 977 1176 1249 1248; x_wconf 82' lang='lat' dir='ltr'>proximis</span> <span class='ocrx_word' id='word_1_78' title='bbox 1293 1176 1556 1233; x_wconf 89' lang='lat' dir='ltr'>exhibere</span> <span class='ocrx_word' id='word_1_79' title='bbox 1610 1177 1790 1245; x_wconf 89' lang='lat' dir='ltr'>debet,</span> <span class='ocrx_word' id='word_1_80' title='bbox 1841 1175 2100 1232; x_wconf 91' lang='lat' dir='ltr'>omnibus</span> 
     </span>
    </p>
   </div>
   <div class='ocr_carea' id='block_1_13' title="bbox 500 1266 2097 1341">
    <p class='ocr_par' dir='ltr' id='par_1_13' title="bbox 500 1266 2097 1341">
     <span class='ocr_line' id='line_1_13' title="bbox 500 1266 2097 1341; baseline -0.002 -18"><span class='ocrx_word' id='word_1_81' title='bbox 500 1267 927 1341; x_wconf 90' lang='lat' dir='ltr'>quibuscunque</span> <span class='ocrx_word' id='word_1_82' title='bbox 981 1274 1181 1338; x_wconf 86' lang='lat' dir='ltr'>potest,</span> <span class='ocrx_word' id='word_1_83' title='bbox 1236 1267 1544 1323; x_wconf 85' lang='lat' dir='ltr'>miseretur.</span> <span class='ocrx_word' id='word_1_84' title='bbox 1587 1268 1715 1323; x_wconf 86' lang='lat' dir='ltr'>Post</span> <span class='ocrx_word' id='word_1_85' title='bbox 1745 1266 2097 1340; x_wconf 86' lang='lat' dir='ltr'>Nephthalim</span> 
     </span>
    </p>
   </div>
   <div class='ocr_carea' id='block_1_14' title="bbox 500 1355 2101 1429">
    <p class='ocr_par' dir='ltr' id='par_1_14' title="bbox 500 1355 2101 1429">
     <span class='ocr_line' id='line_1_14' title="bbox 500 1355 2101 1429; baseline -0.002 -15"><span class='ocrx_word' id='word_1_86' title='bbox 500 1358 775 1415; x_wconf 84' lang='lat' dir='ltr'>Manasses</span> <span class='ocrx_word' id='word_1_87' title='bbox 801 1357 1074 1428; x_wconf 89' lang='lat' dir='ltr'>sequitur,</span> <span class='ocrx_word' id='word_1_88' title='bbox 1107 1357 1203 1429; x_wconf 91' lang='lat' dir='ltr'>qui</span> <span class='ocrx_word' id='word_1_89' title='bbox 1243 1355 1448 1412; x_wconf 88' lang='lat' dir='ltr'>oblitus</span> <span class='ocrx_word' id='word_1_90' title='bbox 1495 1357 1921 1428; x_wconf 83' lang='lat' dir='ltr'>interpretatur;</span> <span class='ocrx_word' id='word_1_91' title='bbox 1971 1355 2101 1428; x_wconf 86' lang='lat' dir='ltr'>quia</span> 
     </span>
    </p>
   </div>
   <div class='ocr_carea' id='block_1_15' title="bbox 499 1446 2100 1519">
    <p class='ocr_par' dir='ltr' id='par_1_15' title="bbox 499 1446 2100 1519">
     <span class='ocr_line' id='line_1_15' title="bbox 499 1446 2100 1519; baseline -0.002 -15"><span class='ocrx_word' id='word_1_92' title='bbox 499 1447 725 1519; x_wconf 86' lang='lat' dir='ltr'>expedit</span> <span class='ocrx_word' id='word_1_93' title='bbox 754 1455 816 1502; x_wconf 92' lang='lat' dir='ltr'>ut</span> <span class='ocrx_word' id='word_1_94' title='bbox 844 1446 939 1519; x_wconf 90' lang='lat' dir='ltr'>qui</span> <span class='ocrx_word' id='word_1_95' title='bbox 969 1456 1190 1517; x_wconf 89' lang='lat' dir='ltr'>peccata</span> <span class='ocrx_word' id='word_1_96' title='bbox 1218 1463 1317 1502; x_wconf 92' lang='lat' dir='ltr'>sua</span> <span class='ocrx_word' id='word_1_97' title='bbox 1362 1446 1547 1515; x_wconf 89' lang='lat' dir='ltr'>deflet,</span> <span class='ocrx_word' id='word_1_98' title='bbox 1592 1446 1685 1518; x_wconf 92' lang='lat' dir='ltr'>qui</span> <span class='ocrx_word' id='word_1_99' title='bbox 1726 1448 2100 1519; x_wconf 82' lang='lat' dir='ltr'>eleemosynas</span> 
     </span>
    </p>
   </div>
   <div class='ocr_carea' id='block_1_16' title="bbox 500 1541 2099 1619">
    <p class='ocr_par' dir='ltr' id='par_1_16' title="bbox 500 1541 2099 1619">
     <span class='ocr_line' id='line_1_16' title="bbox 500 1541 2099 1619; baseline 0 -20"><span class='ocrx_word' id='word_1_100' title='bbox 500 1542 838 1617; x_wconf 88' lang='lat' dir='ltr'>pauperibus</span> <span class='ocrx_word' id='word_1_101' title='bbox 869 1544 1115 1615; x_wconf 82' lang='lat' dir='ltr'>largitur,</span> <span class='ocrx_word' id='word_1_102' title='bbox 1153 1541 1299 1599; x_wconf 86' lang='lat'>535</span> <span class='ocrx_word' id='word_1_103' title='bbox 1329 1554 1389 1602; x_wconf 89' lang='lat' dir='ltr'>ut</span> <span class='ocrx_word' id='word_1_104' title='bbox 1421 1554 1639 1619; x_wconf 88' lang='lat' dir='ltr'>peccata</span> <span class='ocrx_word' id='word_1_105' title='bbox 1668 1545 1786 1617; x_wconf 91' lang='lat' dir='ltr'>ejus</span> <span class='ocrx_word' id='word_1_106' title='bbox 1816 1544 2099 1601; x_wconf 89' lang='lat' dir='ltr'>dimittan-</span> 
     </span>
    </p>
   </div>
   <div class='ocr_carea' id='block_1_17' title="bbox 501 1634 2101 1710">
    <p class='ocr_par' dir='ltr' id='par_1_17' title="bbox 501 1634 2101 1710">
     <span class='ocr_line' id='line_1_17' title="bbox 501 1634 2101 1710; baseline 0.001 -20"><span class='ocrx_word' id='word_1_107' title='bbox 501 1642 609 1702; x_wconf 88' lang='lat' dir='ltr'>tur,</span> <span class='ocrx_word' id='word_1_108' title='bbox 644 1634 835 1689; x_wconf 89' lang='lat' dir='ltr'>eadem</span> <span class='ocrx_word' id='word_1_109' title='bbox 867 1641 1088 1705; x_wconf 89' lang='lat' dir='ltr'>peccata</span> <span class='ocrx_word' id='word_1_110' title='bbox 1118 1634 1196 1690; x_wconf 92' lang='lat' dir='ltr'>ita</span> <span class='ocrx_word' id='word_1_111' title='bbox 1224 1634 1459 1706; x_wconf 87' lang='lat' dir='ltr'>deserat,</span> <span class='ocrx_word' id='word_1_112' title='bbox 1491 1644 1762 1710; x_wconf 88' lang='lat' dir='ltr'>quatenus</span> <span class='ocrx_word' id='word_1_113' title='bbox 1787 1653 1849 1692; x_wconf 91' lang='lat' dir='ltr'>ea</span> <span class='ocrx_word' id='word_1_114' title='bbox 1880 1635 2101 1709; x_wconf 89' lang='lat' dir='ltr'>penitus</span> 
     </span>
    </p>
   </div>
   <div class='ocr_carea' id='block_1_18' title="bbox 498 1722 1158 1780">
    <p class='ocr_par' dir='ltr' id='par_1_18' title="bbox 498 1722 1158 1780">
     <span class='ocr_line' id='line_1_18' title="bbox 498 1722 1158 1780; baseline 0 -1"><span class='ocrx_word' id='word_1_115' title='bbox 498 1723 707 1780; x_wconf 89' lang='lat' dir='ltr'>oblitus</span> <span class='ocrx_word' id='word_1_116' title='bbox 734 1738 849 1778; x_wconf 88' lang='lat' dir='ltr'>esse</span> <span class='ocrx_word' id='word_1_117' title='bbox 888 1722 1158 1780; x_wconf 90' lang='lat' dir='ltr'>videatur.</span> 
     </span>
    </p>
   </div>
   <div class='ocr_carea' id='block_1_19' title="bbox 2209 546 3816 616">
    <p class='ocr_par' dir='ltr' id='par_1_19' title="bbox 2209 546 3816 616">
     <span class='ocr_line' id='line_1_19' title="bbox 2209 546 3816 616; baseline 0 -13"><span class='ocrx_word' id='word_1_118' title='bbox 2209 548 2449 603; x_wconf 69' lang='lat' dir='ltr'>dexterae</span> <span class='ocrx_word' id='word_1_119' title='bbox 2477 547 2813 616; x_wconf 79' lang='lat' dir='ltr'>efﬁciuntur,</span> <span class='ocrx_word' id='word_1_120' title='bbox 2851 564 2977 604; x_wconf 91' lang='lat' dir='ltr'>cum</span> <span class='ocrx_word' id='word_1_121' title='bbox 3007 548 3075 604; x_wconf 91' lang='lat' dir='ltr'>ab</span> <span class='ocrx_word' id='word_1_122' title='bbox 3104 547 3208 605; x_wconf 89' lang='lat' dir='ltr'>hac</span> <span class='ocrx_word' id='word_1_123' title='bbox 3260 548 3386 604; x_wconf 89' lang='lat' dir='ltr'>vita</span> <span class='ocrx_word' id='word_1_124' title='bbox 3435 546 3732 613; x_wconf 84' lang='lat' dir='ltr'>subtracti,</span> <span class='ocrx_word' id='word_1_125' title='bbox 3766 550 3816 603; x_wconf 84' lang='lat' dir='ltr'>in</span> 
     </span>
    </p>
   </div>
   <div class='ocr_carea' id='block_1_20' title="bbox 2209 635 3815 703">
    <p class='ocr_par' dir='ltr' id='par_1_20' title="bbox 2209 635 3815 703">
     <span class='ocr_line' id='line_1_20' title="bbox 2209 635 3815 703; baseline 0.001 -11"><span class='ocrx_word' id='word_1_126' title='bbox 2209 635 2523 692; x_wconf 67' lang='lat' dir='ltr'>ccelestibus</span> <span class='ocrx_word' id='word_1_127' title='bbox 2538 636 2761 693; x_wconf 87' lang='lat' dir='ltr'>sedibus</span> <span class='ocrx_word' id='word_1_128' title='bbox 2775 638 3115 693; x_wconf 85' lang='lat' dir='ltr'>collocantur</span> <span class='ocrx_word' id='word_1_129' title='bbox 3128 637 3225 694; x_wconf 90' lang='lat' dir='ltr'>ubi</span> <span class='ocrx_word' id='word_1_130' title='bbox 3239 636 3396 694; x_wconf 88' lang='lat' dir='ltr'>nihil</span> <span class='ocrx_word' id='word_1_131' title='bbox 3417 645 3510 693; x_wconf 90' lang='lat' dir='ltr'>est</span> <span class='ocrx_word' id='word_1_132' title='bbox 3521 638 3815 703; x_wconf 84' lang='lat' dir='ltr'>sinistrum,</span> 
     </span>
    </p>
   </div>
   <div class='ocr_carea' id='block_1_21' title="bbox 2209 725 3819 801">
    <p class='ocr_par' dir='ltr' id='par_1_21' title="bbox 2209 725 3819 801">
     <span class='ocr_line' id='line_1_21' title="bbox 2209 725 3819 801; baseline 0.001 -19"><span class='ocrx_word' id='word_1_133' title='bbox 2209 725 2302 782; x_wconf 91' lang='lat' dir='ltr'>sed</span> <span class='ocrx_word' id='word_1_134' title='bbox 2331 734 2508 782; x_wconf 90' lang='lat' dir='ltr'>totum</span> <span class='ocrx_word' id='word_1_135' title='bbox 2543 726 2787 783; x_wconf 87' lang='lat' dir='ltr'>dextera.</span> <span class='ocrx_word' id='word_1_136' title='bbox 2817 727 2990 799; x_wconf 85' lang='lat' dir='ltr'>Igitur</span> <span class='ocrx_word' id='word_1_137' title='bbox 3019 728 3147 801; x_wconf 89' lang='lat' dir='ltr'>quia</span> <span class='ocrx_word' id='word_1_138' title='bbox 3187 727 3699 800; x_wconf 85' lang='lat' dir='ltr'>interpretationes</span> <span class='ocrx_word' id='word_1_139' title='bbox 3722 746 3819 783; x_wconf 78' lang='lat' dir='ltr'>no-</span> 
     </span>
    </p>
   </div>
   <div class='ocr_carea' id='block_1_22' title="bbox 2210 815 3819 890">
    <p class='ocr_par' dir='ltr' id='par_1_22' title="bbox 2210 815 3819 890">
     <span class='ocr_line' id='line_1_22' title="bbox 2210 815 3819 890; baseline 0.003 -21"><span class='ocrx_word' id='word_1_140' title='bbox 2210 815 2423 870; x_wconf 85' lang='lat' dir='ltr'>minum</span> <span class='ocrx_word' id='word_1_141' title='bbox 2453 816 2741 872; x_wconf 88' lang='lat' dir='ltr'>duodecim</span> <span class='ocrx_word' id='word_1_142' title='bbox 2764 816 3005 872; x_wconf 89' lang='lat' dir='ltr'>tribuum</span> <span class='ocrx_word' id='word_1_143' title='bbox 3037 833 3211 890; x_wconf 90' lang='lat' dir='ltr'>usque</span> <span class='ocrx_word' id='word_1_144' title='bbox 3240 817 3315 873; x_wconf 88' lang='lat' dir='ltr'>ad</span> <span class='ocrx_word' id='word_1_145' title='bbox 3343 833 3481 872; x_wconf 87' lang='lat' dir='ltr'>eum</span> <span class='ocrx_word' id='word_1_146' title='bbox 3519 817 3689 874; x_wconf 87' lang='lat' dir='ltr'>finem</span> <span class='ocrx_word' id='word_1_147' title='bbox 3717 835 3819 889; x_wconf 66' lang='lat' dir='ltr'>per</span> 
     </span>
    </p>
   </div>
   <div class='ocr_carea' id='block_1_23' title="bbox 2210 904 3820 978">
    <p class='ocr_par' dir='ltr' id='par_1_23' title="bbox 2210 904 3820 978">
     <span class='ocr_line' id='line_1_23' title="bbox 2210 904 3820 978; baseline 0.001 -19"><span class='ocrx_word' id='word_1_148' title='bbox 2210 904 2492 973; x_wconf 88' lang='lat' dir='ltr'>duximus,</span> <span class='ocrx_word' id='word_1_149' title='bbox 2518 922 2626 978; x_wconf 91' lang='lat' dir='ltr'>quo</span> <span class='ocrx_word' id='word_1_150' title='bbox 2647 906 2704 960; x_wconf 91' lang='lat' dir='ltr'>in</span> <span class='ocrx_word' id='word_1_151' title='bbox 2720 906 3033 962; x_wconf 59' lang='lat' dir='ltr'>caelestibus</span> <span class='ocrx_word' id='word_1_152' title='bbox 3052 906 3280 963; x_wconf 89' lang='lat' dir='ltr'>sedibus</span> <span class='ocrx_word' id='word_1_153' title='bbox 3300 907 3690 975; x_wconf 85' lang='lat' dir='ltr'>collocantur,</span> <span class='ocrx_word' id='word_1_154' title='bbox 3710 924 3820 961; x_wconf 76' lang='lat' dir='ltr'>cau-</span> 
     </span>
    </p>
   </div>
   <div class='ocr_carea' id='block_1_24' title="bbox 2218 995 3819 1069">
    <p class='ocr_par' dir='ltr' id='par_1_24' title="bbox 2218 995 3819 1069">
     <span class='ocr_line' id='line_1_24' title="bbox 2218 995 3819 1069; baseline 0.003 -22"><span class='ocrx_word' id='word_1_155' title='bbox 2218 1009 2412 1064; x_wconf 90' lang='lat' dir='ltr'>gruum</span> <span class='ocrx_word' id='word_1_156' title='bbox 2442 1002 2524 1050; x_wconf 88' lang='lat' dir='ltr'>est</span> <span class='ocrx_word' id='word_1_157' title='bbox 2552 1001 2613 1049; x_wconf 92' lang='lat' dir='ltr'>ut</span> <span class='ocrx_word' id='word_1_158' title='bbox 2644 1010 2705 1049; x_wconf 90' lang='lat' dir='ltr'>ea</span> <span class='ocrx_word' id='word_1_159' title='bbox 2730 1011 2850 1068; x_wconf 73' lang='lat' dir='ltr'>quae</span> <span class='ocrx_word' id='word_1_160' title='bbox 2897 1004 3225 1069; x_wconf 89' lang='lat' dir='ltr'>sequuntur,</span> <span class='ocrx_word' id='word_1_161' title='bbox 3255 995 3328 1051; x_wconf 90' lang='lat' dir='ltr'>ad</span> <span class='ocrx_word' id='word_1_162' title='bbox 3359 995 3819 1068; x_wconf 80' lang='lat' dir='ltr'>gloriﬁcationem</span> 
     </span>
    </p>
   </div>
   <div class='ocr_carea' id='block_1_25' title="bbox 2207 1084 3310 1142">
    <p class='ocr_par' dir='ltr' id='par_1_25' title="bbox 2207 1084 3310 1142">
     <span class='ocr_line' id='line_1_25' title="bbox 2207 1084 3310 1142; baseline 0.001 -2"><span class='ocrx_word' id='word_1_163' title='bbox 2207 1084 2519 1140; x_wconf 89' lang='lat' dir='ltr'>animarum</span> <span class='ocrx_word' id='word_1_164' title='bbox 2548 1093 2862 1142; x_wconf 83' lang='lat' dir='ltr'>sanctarum</span> <span class='ocrx_word' id='word_1_165' title='bbox 2892 1087 3310 1142; x_wconf 87' lang='lat' dir='ltr'>transferamus.</span> 
     </span>
    </p>
   </div>
   <div class='ocr_carea' id='block_1_26' title="bbox 2282 1174 3821 1248">
    <p class='ocr_par' dir='ltr' id='par_1_26' title="bbox 2282 1174 3821 1248">
     <span class='ocr_line' id='line_1_26' title="bbox 2282 1174 3821 1248; baseline 0 -19"><span class='ocrx_word' id='word_1_166' title='bbox 2282 1174 2466 1244; x_wconf 82' lang='lat' dir='ltr'>(Vers.</span> <span class='ocrx_word' id='word_1_167' title='bbox 2497 1175 2687 1246; x_wconf 76' lang='lat'>9,10.)</span> <span class='ocrx_word' id='word_1_168' title='bbox 2718 1176 2847 1232; x_wconf 86' lang='lat' dir='ltr'>Post</span> <span class='ocrx_word' id='word_1_169' title='bbox 2867 1177 2973 1231; x_wconf 62' lang='lat' dir='ltr'>ha&#39;c</span> <span class='ocrx_word' id='word_1_170' title='bbox 3002 1176 3115 1231; x_wconf 82' lang='lat' dir='ltr'>vidi</span> <span class='ocrx_word' id='word_1_171' title='bbox 3135 1176 3349 1231; x_wconf 81' lang='lat' dir='ltr'>turbam</span> <span class='ocrx_word' id='word_1_172' title='bbox 3379 1193 3651 1248; x_wconf 69' lang='lat' dir='ltr'>magnam</span> <span class='ocrx_word' id='word_1_173' title='bbox 3676 1194 3821 1247; x_wconf 64' lang='lat' dir='ltr'>quam</span> 
     </span>
    </p>
   </div>
   <div class='ocr_carea' id='block_1_27' title="bbox 2209 1264 3824 1337">
    <p class='ocr_par' dir='ltr' id='par_1_27' title="bbox 2209 1264 3824 1337">
     <span class='ocr_line' id='line_1_27' title="bbox 2209 1264 3824 1337; baseline 0.001 -19"><span class='ocrx_word' id='word_1_174' title='bbox 2209 1264 2547 1319; x_wconf 77' lang='lat' dir='ltr'>dinumerare</span> <span class='ocrx_word' id='word_1_175' title='bbox 2593 1282 2740 1319; x_wconf 88' lang='lat' dir='ltr'>nemo</span> <span class='ocrx_word' id='word_1_176' title='bbox 2778 1270 3009 1335; x_wconf 79' lang='lat' dir='ltr'>poterat,</span> <span class='ocrx_word' id='word_1_177' title='bbox 3068 1282 3134 1320; x_wconf 75' lang='lat' dir='ltr'>ea:</span> <span class='ocrx_word' id='word_1_178' title='bbox 3171 1265 3423 1320; x_wconf 79' lang='lat' dir='ltr'>omnibus</span> <span class='ocrx_word' id='word_1_179' title='bbox 3464 1266 3736 1337; x_wconf 77' lang='lat' dir='ltr'>gentibus,</span> <span class='ocrx_word' id='word_1_180' title='bbox 3784 1275 3824 1320; x_wconf 71' lang='lat' dir='ltr'>et</span> 
     </span>
    </p>
   </div>
   <div class='ocr_carea' id='block_1_28' title="bbox 2207 1353 3821 1427">
    <p class='ocr_par' dir='ltr' id='par_1_28' title="bbox 2207 1353 3821 1427">
     <span class='ocr_line' id='line_1_28' title="bbox 2207 1353 3821 1427; baseline 0.002 -20"><span class='ocrx_word' id='word_1_181' title='bbox 2207 1353 2475 1422; x_wconf 80' lang='lat' dir='ltr'>eribubus,</span> <span class='ocrx_word' id='word_1_182' title='bbox 2507 1360 2555 1409; x_wconf 91' lang='lat' dir='ltr'>et</span> <span class='ocrx_word' id='word_1_183' title='bbox 2581 1355 2820 1425; x_wconf 76' lang='lat' dir='ltr'>populis,</span> <span class='ocrx_word' id='word_1_184' title='bbox 2851 1361 2898 1410; x_wconf 88' lang='lat' dir='ltr'>et</span> <span class='ocrx_word' id='word_1_185' title='bbox 2930 1355 3144 1427; x_wconf 79' lang='lat' dir='ltr'>linguis,</span> <span class='ocrx_word' id='word_1_186' title='bbox 3173 1361 3374 1410; x_wconf 76' lang='lat' dir='ltr'>stantes</span> <span class='ocrx_word' id='word_1_187' title='bbox 3398 1362 3532 1411; x_wconf 80' lang='lat' dir='ltr'>ante</span> <span class='ocrx_word' id='word_1_188' title='bbox 3564 1357 3821 1424; x_wconf 65' lang='lat' dir='ltr'>thronum,</span> 
     </span>
    </p>
   </div>
   <div class='ocr_carea' id='block_1_29' title="bbox 2208 1446 3825 1519">
    <p class='ocr_par' dir='ltr' id='par_1_29' title="bbox 2208 1446 3825 1519">
     <span class='ocr_line' id='line_1_29' title="bbox 2208 1446 3825 1519; baseline 0.001 -19"><span class='ocrx_word' id='word_1_189' title='bbox 2208 1452 2255 1500; x_wconf 88' lang='lat' dir='ltr'>et</span> <span class='ocrx_word' id='word_1_190' title='bbox 2290 1446 2348 1500; x_wconf 86' lang='lat' dir='ltr'>in</span> <span class='ocrx_word' id='word_1_191' title='bbox 2389 1454 2659 1518; x_wconf 83' lang='lat' dir='ltr'>conspectu</span> <span class='ocrx_word' id='word_1_192' title='bbox 2702 1447 2844 1517; x_wconf 80' lang='grc' dir='ltr'>Αθηὶ</span> <span class='ocrx_word' id='word_1_193' title='bbox 2884 1446 3070 1519; x_wconf 76' lang='grc'>(84)...</span> <span class='ocrx_word' id='word_1_194' title='bbox 3107 1448 3183 1502; x_wconf 89' lang='lat' dir='ltr'>Et</span> <span class='ocrx_word' id='word_1_195' title='bbox 3210 1448 3530 1503; x_wconf 85' lang='lat' dir='ltr'>clamabant</span> <span class='ocrx_word' id='word_1_196' title='bbox 3560 1464 3686 1502; x_wconf 74' lang='lat' dir='ltr'>voce</span> <span class='ocrx_word' id='word_1_197' title='bbox 3714 1466 3825 1501; x_wconf 70' lang='lat' dir='ltr'>Ina-</span> 
     </span>
    </p>
   </div>
   <div class='ocr_carea' id='block_1_30' title="bbox 2206 1535 3825 1608">
    <p class='ocr_par' dir='ltr' id='par_1_30' title="bbox 2206 1535 3825 1608">
     <span class='ocr_line' id='line_1_30' title="bbox 2206 1535 3825 1608; baseline -0.001 -18"><span class='ocrx_word' id='word_1_198' title='bbox 2206 1552 2331 1605; x_wconf 86' lang='lat' dir='ltr'>gna,</span> <span class='ocrx_word' id='word_1_199' title='bbox 2391 1535 2647 1591; x_wconf 76' lang='lat' dir='ltr'>dicentes:</span> <span class='ocrx_word' id='word_1_200' title='bbox 2706 1537 2866 1592; x_wconf 85' lang='lat' dir='ltr'>Salus</span> <span class='ocrx_word' id='word_1_201' title='bbox 2921 1537 3029 1592; x_wconf 88' lang='lat' dir='ltr'>Deo</span> <span class='ocrx_word' id='word_1_202' title='bbox 3070 1542 3275 1605; x_wconf 87' lang='lat' dir='ltr'>nostra,</span> <span class='ocrx_word' id='word_1_203' title='bbox 3333 1537 3434 1607; x_wconf 77' lang='lat' dir='ltr'>qui</span> <span class='ocrx_word' id='word_1_204' title='bbox 3481 1537 3636 1592; x_wconf 79' lang='lat' dir='ltr'>sedet</span> <span class='ocrx_word' id='word_1_205' title='bbox 3679 1555 3825 1608; x_wconf 75' lang='lat' dir='ltr'>super</span> 
     </span>
    </p>
   </div>
   <div class='ocr_carea' id='block_1_31' title="bbox 2210 1623 3822 1700">
    <p class='ocr_par' dir='ltr' id='par_1_31' title="bbox 2210 1623 3822 1700">
     <span class='ocr_line' id='line_1_31' title="bbox 2210 1623 3822 1700; baseline 0.002 -23"><span class='ocrx_word' id='word_1_206' title='bbox 2210 1624 2476 1692; x_wconf 86' lang='lat' dir='ltr'>thronum,</span> <span class='ocrx_word' id='word_1_207' title='bbox 2533 1630 2581 1680; x_wconf 89' lang='lat' dir='ltr'>et</span> <span class='ocrx_word' id='word_1_208' title='bbox 2638 1623 2809 1695; x_wconf 87' lang='lat' dir='ltr'>Agna.</span> <span class='ocrx_word' id='word_1_209' title='bbox 2862 1625 2964 1681; x_wconf 90' lang='lat' dir='ltr'>Per</span> <span class='ocrx_word' id='word_1_210' title='bbox 3006 1625 3228 1681; x_wconf 87' lang='lat' dir='ltr'>turbam</span> <span class='ocrx_word' id='word_1_211' title='bbox 3275 1625 3662 1698; x_wconf 86' lang='lat' dir='ltr'>superiorem,</span> <span class='ocrx_word' id='word_1_212' title='bbox 3714 1644 3822 1700; x_wconf 68' lang='lat' dir='ltr'>quae</span> 
     </span>
    </p>
   </div>
   <div class='ocr_carea' id='block_1_32' title="bbox 2207 1713 3819 1787">
    <p class='ocr_par' dir='ltr' id='par_1_32' title="bbox 2207 1713 3819 1787">
     <span class='ocr_line' id='line_1_32' title="bbox 2207 1713 3819 1787; baseline 0.004 -21"><span class='ocrx_word' id='word_1_213' title='bbox 2207 1728 2439 1768; x_wconf 91' lang='lat' dir='ltr'>numero</span> <span class='ocrx_word' id='word_1_214' title='bbox 2469 1713 2978 1786; x_wconf 87' lang='lat' dir='ltr'>comprehenditur,</span> <span class='ocrx_word' id='word_1_215' title='bbox 3009 1714 3171 1771; x_wconf 87' lang='lat' dir='ltr'>electi</span> <span class='ocrx_word' id='word_1_216' title='bbox 3201 1714 3301 1787; x_wconf 91' lang='lat' dir='ltr'>qui</span> <span class='ocrx_word' id='word_1_217' title='bbox 3339 1714 3401 1770; x_wconf 92' lang='lat' dir='ltr'>in</span> <span class='ocrx_word' id='word_1_218' title='bbox 3444 1716 3709 1772; x_wconf 85' lang='lat' dir='ltr'>Ecclesia</span> <span class='ocrx_word' id='word_1_219' title='bbox 3733 1718 3819 1772; x_wconf 78' lang='lat' dir='ltr'>Dei</span> 
     </span>
    </p>
   </div>
   <div class='ocr_carea' id='block_1_33' title="bbox 571 1800 2090 1887">
    <p class='ocr_par' dir='ltr' id='par_1_33' title="bbox 571 1811 2090 1887">
     <span class='ocr_line' id='line_1_33' title="bbox 571 1811 2090 1887; baseline 0.002 -20"><span class='ocrx_word' id='word_1_220' title='bbox 571 1813 646 1868; x_wconf 90' lang='lat' dir='ltr'>Et</span> <span class='ocrx_word' id='word_1_221' title='bbox 683 1811 809 1868; x_wconf 90' lang='lat' dir='ltr'>ideo</span> <span class='ocrx_word' id='word_1_222' title='bbox 837 1812 1059 1868; x_wconf 90' lang='lat' dir='ltr'>Simeon</span> <span class='ocrx_word' id='word_1_223' title='bbox 1089 1812 1357 1886; x_wconf 90' lang='lat' dir='ltr'>sequitur,</span> <span class='ocrx_word' id='word_1_224' title='bbox 1388 1816 1483 1887; x_wconf 92' lang='lat' dir='ltr'>qui</span> <span class='ocrx_word' id='word_1_225' title='bbox 1515 1814 1804 1871; x_wconf 87' lang='lat' dir='ltr'>exauditio</span> <span class='ocrx_word' id='word_1_226' title='bbox 1832 1813 2090 1886; x_wconf 86' lang='lat' dir='ltr'>interpre-</span> 
     </span>
    </p>
   </div>
   <div class='ocr_carea' id='block_1_34' title="bbox 2203 1800 3819 1887">
    <p class='ocr_par' dir='ltr' id='par_1_34' title="bbox 2207 1800 3819 1876">
     <span class='ocr_line' id='line_1_34' title="bbox 2207 1800 3819 1876; baseline 0.003 -21"><span class='ocrx_word' id='word_1_227' title='bbox 2207 1800 2440 1873; x_wconf 89' lang='lat' dir='ltr'>singulis</span> <span class='ocrx_word' id='word_1_228' title='bbox 2481 1801 2823 1874; x_wconf 89' lang='lat' dir='ltr'>temporibus</span> <span class='ocrx_word' id='word_1_229' title='bbox 2889 1802 3159 1872; x_wconf 86' lang='lat' dir='ltr'>laborant,</span> <span class='ocrx_word' id='word_1_230' title='bbox 3227 1803 3632 1876; x_wconf 79' lang='lat' dir='ltr'>designantur,</span> <span class='ocrx_word' id='word_1_231' title='bbox 3690 1807 3819 1862; x_wconf 80' lang='lat' dir='ltr'>sicut</span> 
     </span>
    </p>
   </div>
   <div class='ocr_carea' id='block_1_35' title="bbox 505 1902 2099 1975">
    <p class='ocr_par' dir='ltr' id='par_1_35' title="bbox 505 1902 2099 1975">
     <span class='ocr_line' id='line_1_35' title="bbox 505 1902 2099 1975; baseline 0 -17"><span class='ocrx_word' id='word_1_232' title='bbox 505 1909 669 1968; x_wconf 87' lang='lat' dir='ltr'>tatur;</span> <span class='ocrx_word' id='word_1_233' title='bbox 700 1902 795 1958; x_wconf 89' lang='lat' dir='ltr'>ille</span> <span class='ocrx_word' id='word_1_234' title='bbox 818 1902 964 1958; x_wconf 91' lang='lat' dir='ltr'>enim</span> <span class='ocrx_word' id='word_1_235' title='bbox 984 1919 1093 1974; x_wconf 76' lang='lat' dir='ltr'>,pro</span> <span class='ocrx_word' id='word_1_236' title='bbox 1119 1903 1280 1959; x_wconf 89' lang='lat' dir='ltr'>malis</span> <span class='ocrx_word' id='word_1_237' title='bbox 1312 1920 1431 1975; x_wconf 77' lang='lat' dir='ltr'>quae</span> <span class='ocrx_word' id='word_1_238' title='bbox 1461 1903 1612 1971; x_wconf 88' lang='lat' dir='ltr'>fecit,</span> <span class='ocrx_word' id='word_1_239' title='bbox 1645 1903 1941 1975; x_wconf 91' lang='lat' dir='ltr'>deprecans</span> <span class='ocrx_word' id='word_1_240' title='bbox 1970 1913 2031 1960; x_wconf 92' lang='lat' dir='ltr'>ut</span> <span class='ocrx_word' id='word_1_241' title='bbox 2050 1903 2099 1959; x_wconf 93' lang='lat' dir='ltr'>ei</span> 
     </span>
    </p>
   </div>
   <div class='ocr_carea' id='block_1_36' title="bbox 498 1990 2098 2066">
    <p class='ocr_par' dir='ltr' id='par_1_36' title="bbox 498 1990 2098 2066">
     <span class='ocr_line' id='line_1_36' title="bbox 498 1990 2098 2066; baseline 0.003 -20"><span class='ocrx_word' id='word_1_242' title='bbox 498 1990 876 2059; x_wconf 88' lang='lat' dir='ltr'>dimittantur,</span> <span class='ocrx_word' id='word_1_243' title='bbox 925 2008 957 2047; x_wconf 90' lang='lat' dir='ltr'>a</span> <span class='ocrx_word' id='word_1_244' title='bbox 987 1994 1099 2048; x_wconf 90' lang='lat' dir='ltr'>Deo</span> <span class='ocrx_word' id='word_1_245' title='bbox 1145 1992 1464 2061; x_wconf 78' lang='lat' dir='ltr'>exauditur,</span> <span class='ocrx_word' id='word_1_246' title='bbox 1514 1994 1610 2066; x_wconf 92' lang='lat' dir='ltr'>qui</span> <span class='ocrx_word' id='word_1_247' title='bbox 1644 1994 1834 2049; x_wconf 88' lang='lat' dir='ltr'>omnia</span> <span class='ocrx_word' id='word_1_248' title='bbox 1862 1993 1999 2050; x_wconf 89' lang='lat' dir='ltr'>vitia</span> <span class='ocrx_word' id='word_1_249' title='bbox 2029 2009 2098 2050; x_wconf 90' lang='lat' dir='ltr'>ex</span> 
     </span>
    </p>
   </div>
   <div class='ocr_carea' id='block_1_37' title="bbox 498 2079 2100 2156">
    <p class='ocr_par' dir='ltr' id='par_1_37' title="bbox 498 2079 2100 2156">
     <span class='ocr_line' id='line_1_37' title="bbox 498 2079 2100 2156; baseline 0.002 -21"><span class='ocrx_word' id='word_1_250' title='bbox 498 2089 616 2136; x_wconf 88' lang='lat' dir='ltr'>toto</span> <span class='ocrx_word' id='word_1_251' title='bbox 643 2079 867 2136; x_wconf 86' lang='lat' dir='ltr'>dese&#39;rit.</span> <span class='ocrx_word' id='word_1_252' title='bbox 897 2081 1109 2137; x_wconf 90' lang='lat' dir='ltr'>Deinde</span> <span class='ocrx_word' id='word_1_253' title='bbox 1140 2082 1275 2138; x_wconf 92' lang='lat' dir='ltr'>Levi</span> <span class='ocrx_word' id='word_1_254' title='bbox 1305 2082 1577 2155; x_wconf 89' lang='lat' dir='ltr'>sequitur,</span> <span class='ocrx_word' id='word_1_255' title='bbox 1608 2083 1703 2156; x_wconf 91' lang='lat' dir='ltr'>qui</span> <span class='ocrx_word' id='word_1_256' title='bbox 1731 2083 1954 2140; x_wconf 89' lang='lat' dir='ltr'>additus</span> <span class='ocrx_word' id='word_1_257' title='bbox 1981 2084 2100 2139; x_wconf 89' lang='lat' dir='ltr'>sive</span> 
     </span>
    </p>
   </div>
   <div class='ocr_carea' id='block_1_38' title="bbox 497 2169 2099 2245">
    <p class='ocr_par' dir='ltr' id='par_1_38' title="bbox 497 2169 2099 2245">
     <span class='ocr_line' id='line_1_38' title="bbox 497 2169 2099 2245; baseline 0.004 -22"><span class='ocrx_word' id='word_1_258' title='bbox 497 2176 813 2242; x_wconf 71' lang='lat' dir='ltr'>assumptus</span> <span class='ocrx_word' id='word_1_259' title='bbox 841 2169 1239 2242; x_wconf 87' lang='lat' dir='ltr'>interpretatur</span> <span class='ocrx_word' id='word_1_260' title='bbox 1267 2188 1278 2226; x_wconf 93' lang='lat'>:</span> <span class='ocrx_word' id='word_1_261' title='bbox 1330 2172 1460 2245; x_wconf 91' lang='lat' dir='ltr'>quia</span> <span class='ocrx_word' id='word_1_262' title='bbox 1491 2172 1586 2243; x_wconf 92' lang='lat' dir='ltr'>qui</span> <span class='ocrx_word' id='word_1_263' title='bbox 1617 2172 1685 2228; x_wconf 91' lang='lat' dir='ltr'>de</span> <span class='ocrx_word' id='word_1_264' title='bbox 1713 2172 1951 2244; x_wconf 88' lang='lat' dir='ltr'>peccatis</span> <span class='ocrx_word' id='word_1_265' title='bbox 1978 2188 2099 2245; x_wconf 62' lang='lat' dir='ltr'>quas</span> 
     </span>
    </p>
   </div>
   <div class='ocr_carea' id='block_1_39' title="bbox 497 2256 2100 2333">
    <p class='ocr_par' dir='ltr' id='par_1_39' title="bbox 497 2256 2100 2333">
     <span class='ocr_line' id='line_1_39' title="bbox 497 2256 2100 2333; baseline 0.003 -21"><span class='ocrx_word' id='word_1_266' title='bbox 497 2256 649 2325; x_wconf 86' lang='lat' dir='ltr'>fecit,</span> <span class='ocrx_word' id='word_1_267' title='bbox 695 2256 810 2330; x_wconf 91' lang='lat' dir='ltr'>jam</span> <span class='ocrx_word' id='word_1_268' title='bbox 859 2258 1237 2330; x_wconf 77' lang='lat' dir='ltr'>pcenitentiam</span> <span class='ocrx_word' id='word_1_269' title='bbox 1282 2261 1557 2329; x_wconf 88' lang='lat' dir='ltr'>exercuit,</span> <span class='ocrx_word' id='word_1_270' title='bbox 1597 2261 1692 2333; x_wconf 92' lang='lat' dir='ltr'>qui</span> <span class='ocrx_word' id='word_1_271' title='bbox 1740 2270 1935 2317; x_wconf 91' lang='lat' dir='ltr'>contra</span> <span class='ocrx_word' id='word_1_272' title='bbox 1963 2262 2100 2318; x_wconf 91' lang='lat' dir='ltr'>vitia</span> 
     </span>
    </p>
   </div>
   <div class='ocr_carea' id='block_1_40' title="bbox 500 2348 2098 2426">
    <p class='ocr_par' dir='ltr' id='par_1_40' title="bbox 500 2348 2098 2426">
     <span class='ocr_line' id='line_1_40' title="bbox 500 2348 2098 2426; baseline 0.004 -24"><span class='ocrx_word' id='word_1_273' title='bbox 500 2348 787 2420; x_wconf 76' lang='lat' dir='ltr'>pugnavit,</span> <span class='ocrx_word' id='word_1_274' title='bbox 815 2365 985 2422; x_wconf 90' lang='lat' dir='ltr'>eaque</span> <span class='ocrx_word' id='word_1_275' title='bbox 1012 2348 1242 2419; x_wconf 89' lang='lat' dir='ltr'>devicit,</span> <span class='ocrx_word' id='word_1_276' title='bbox 1280 2351 1375 2423; x_wconf 92' lang='lat' dir='ltr'>qui</span> <span class='ocrx_word' id='word_1_277' title='bbox 1414 2368 1541 2424; x_wconf 88' lang='lat' dir='ltr'>erga</span> <span class='ocrx_word' id='word_1_278' title='bbox 1583 2351 1892 2426; x_wconf 85' lang='lat' dir='ltr'>indigentes</span> <span class='ocrx_word' id='word_1_279' title='bbox 1938 2352 2098 2409; x_wconf 88' lang='lat' dir='ltr'>mise-</span> 
     </span>
    </p>
   </div>
   <div class='ocr_carea' id='block_1_41' title="bbox 499 2435 2098 2514">
    <p class='ocr_par' dir='ltr' id='par_1_41' title="bbox 499 2435 2098 2514">
     <span class='ocr_line' id='line_1_41' title="bbox 499 2435 2098 2514; baseline 0.004 -22"><span class='ocrx_word' id='word_1_280' title='bbox 499 2435 673 2493; x_wconf 90' lang='lat' dir='ltr'>ricors</span> <span class='ocrx_word' id='word_1_281' title='bbox 694 2437 930 2506; x_wconf 78' lang='lat' dir='ltr'>exstitit,</span> <span class='ocrx_word' id='word_1_282' title='bbox 961 2446 1123 2512; x_wconf 90' lang='lat' dir='ltr'>atque</span> <span class='ocrx_word' id='word_1_283' title='bbox 1153 2439 1241 2496; x_wconf 89' lang='lat' dir='ltr'>his</span> <span class='ocrx_word' id='word_1_284' title='bbox 1261 2440 1519 2512; x_wconf 90' lang='lat' dir='ltr'>operibus</span> <span class='ocrx_word' id='word_1_285' title='bbox 1550 2440 1657 2497; x_wconf 90' lang='lat' dir='ltr'>hoc</span> <span class='ocrx_word' id='word_1_286' title='bbox 1688 2442 2013 2514; x_wconf 87' lang='lat' dir='ltr'>promeruit,</span> <span class='ocrx_word' id='word_1_287' title='bbox 2036 2451 2098 2499; x_wconf 91' lang='lat' dir='ltr'>ut</span> 
     </span>
    </p>
   </div>
   <div class='ocr_carea' id='block_1_42' title="bbox 497 2526 2091 2605">
    <p class='ocr_par' dir='ltr' id='par_1_42' title="bbox 497 2526 2091 2605">
     <span class='ocr_line' id='line_1_42' title="bbox 497 2526 2091 2605; baseline 0.004 -22"><span class='ocrx_word' id='word_1_288' title='bbox 497 2526 616 2600; x_wconf 87' lang='lat' dir='ltr'>ejus</span> <span class='ocrx_word' id='word_1_289' title='bbox 649 2536 869 2600; x_wconf 91' lang='lat' dir='ltr'>peccata</span> <span class='ocrx_word' id='word_1_290' title='bbox 898 2529 1333 2598; x_wconf 87' lang='lat' dir='ltr'>dimitterentur,</span> <span class='ocrx_word' id='word_1_291' title='bbox 1382 2532 1450 2589; x_wconf 92' lang='lat' dir='ltr'>de</span> <span class='ocrx_word' id='word_1_292' title='bbox 1482 2532 1645 2590; x_wconf 89' lang='lat' dir='ltr'>venia</span> <span class='ocrx_word' id='word_1_293' title='bbox 1684 2532 1800 2605; x_wconf 91' lang='lat' dir='ltr'>jam</span> <span class='ocrx_word' id='word_1_294' title='bbox 1847 2550 2091 2603; x_wconf 89' lang='lat' dir='ltr'>securus,</span> 
     </span>
    </p>
   </div>
   <div class='ocr_carea' id='block_1_43' title="bbox 497 2618 2093 2696">
    <p class='ocr_par' dir='ltr' id='par_1_43' title="bbox 497 2618 2093 2696">
     <span class='ocr_line' id='line_1_43' title="bbox 497 2618 2093 2696; baseline 0.004 -22"><span class='ocrx_word' id='word_1_295' title='bbox 497 2618 753 2675; x_wconf 89' lang='lat' dir='ltr'>timorem</span> <span class='ocrx_word' id='word_1_296' title='bbox 785 2618 933 2691; x_wconf 89' lang='lat' dir='ltr'>ignis</span> <span class='ocrx_word' id='word_1_297' title='bbox 954 2621 1143 2677; x_wconf 57' lang='lat' dir='ltr'>aeterni</span> <span class='ocrx_word' id='word_1_298' title='bbox 1173 2638 1205 2677; x_wconf 93' lang='lat' dir='ltr'>a</span> <span class='ocrx_word' id='word_1_299' title='bbox 1232 2630 1416 2678; x_wconf 89' lang='lat' dir='ltr'>mente</span> <span class='ocrx_word' id='word_1_300' title='bbox 1444 2622 1654 2695; x_wconf 90' lang='lat' dir='ltr'>abjicit,</span> <span class='ocrx_word' id='word_1_301' title='bbox 1678 2633 1840 2696; x_wconf 89' lang='lat' dir='ltr'>atque</span> <span class='ocrx_word' id='word_1_302' title='bbox 1868 2623 1927 2680; x_wconf 90' lang='lat' dir='ltr'>in</span> <span class='ocrx_word' id='word_1_303' title='bbox 1947 2641 2093 2681; x_wconf 83' lang='lat' dir='ltr'>amo-</span> 
     </span>
    </p>
   </div>
   <div class='ocr_carea' id='block_1_44' title="bbox 500 2708 2094 2785">
    <p class='ocr_par' dir='ltr' id='par_1_44' title="bbox 500 2708 2094 2785">
     <span class='ocr_line' id='line_1_44' title="bbox 500 2708 2094 2785; baseline 0.003 -20"><span class='ocrx_word' id='word_1_304' title='bbox 500 2725 614 2765; x_wconf 90' lang='lat' dir='ltr'>rem</span> <span class='ocrx_word' id='word_1_305' title='bbox 643 2708 741 2766; x_wconf 89' lang='lat' dir='ltr'>Dei</span> <span class='ocrx_word' id='word_1_306' title='bbox 781 2726 845 2766; x_wconf 92' lang='lat' dir='ltr'>ac</span> <span class='ocrx_word' id='word_1_307' title='bbox 870 2710 1109 2768; x_wconf 74' lang='lat' dir='ltr'>cmlestis</span> <span class='ocrx_word' id='word_1_308' title='bbox 1158 2713 1349 2784; x_wconf 70' lang='lat' dir='ltr'>patriai</span> <span class='ocrx_word' id='word_1_309' title='bbox 1378 2720 1526 2769; x_wconf 86' lang='lat' dir='ltr'>totus</span> <span class='ocrx_word' id='word_1_310' title='bbox 1559 2712 1877 2781; x_wconf 88' lang='lat' dir='ltr'>assumitur,</span> <span class='ocrx_word' id='word_1_311' title='bbox 1918 2713 2094 2785; x_wconf 90' lang='lat' dir='ltr'>iisque</span> 
     </span>
    </p>
   </div>
   <div class='ocr_carea' id='block_1_45' title="bbox 496 2799 2095 2877">
    <p class='ocr_par' dir='ltr' id='par_1_45' title="bbox 496 2799 2095 2877">
     <span class='ocr_line' id='line_1_45' title="bbox 496 2799 2095 2877; baseline 0.003 -22"><span class='ocrx_word' id='word_1_312' title='bbox 496 2799 721 2855; x_wconf 89' lang='lat' dir='ltr'>additur</span> <span class='ocrx_word' id='word_1_313' title='bbox 745 2800 838 2872; x_wconf 91' lang='lat' dir='ltr'>qui</span> <span class='ocrx_word' id='word_1_314' title='bbox 870 2800 974 2856; x_wconf 85' lang='lat' dir='ltr'>ﬁlii</span> <span class='ocrx_word' id='word_1_315' title='bbox 1003 2801 1103 2858; x_wconf 90' lang='lat' dir='ltr'>Dei</span> <span class='ocrx_word' id='word_1_316' title='bbox 1137 2811 1531 2875; x_wconf 90' lang='lat' dir='ltr'>nuncupantur</span> <span class='ocrx_word' id='word_1_317' title='bbox 1559 2811 1614 2859; x_wconf 89' lang='lat' dir='ltr'>et</span> <span class='ocrx_word' id='word_1_318' title='bbox 1644 2811 1794 2860; x_wconf 92' lang='lat' dir='ltr'>sunt.</span> <span class='ocrx_word' id='word_1_319' title='bbox 1835 2804 2095 2877; x_wconf 89' lang='lat' dir='ltr'>Sequitur</span> 
     </span>
    </p>
   </div>
   <div class='ocr_carea' id='block_1_46' title="bbox 496 2887 2093 2963">
    <p class='ocr_par' dir='ltr' id='par_1_46' title="bbox 496 2887 2093 2963">
     <span class='ocr_line' id='line_1_46' title="bbox 496 2887 2093 2963; baseline 0.004 -20"><span class='ocrx_word' id='word_1_320' title='bbox 496 2887 778 2956; x_wconf 84' lang='lat' dir='ltr'>Issacbar,</span> <span class='ocrx_word' id='word_1_321' title='bbox 833 2888 929 2960; x_wconf 89' lang='lat' dir='ltr'>qui</span> <span class='ocrx_word' id='word_1_322' title='bbox 995 2906 1202 2946; x_wconf 90' lang='lat' dir='ltr'>merces</span> <span class='ocrx_word' id='word_1_323' title='bbox 1269 2891 1711 2963; x_wconf 88' lang='lat' dir='ltr'>interpretatur;</span> <span class='ocrx_word' id='word_1_324' title='bbox 1773 2892 1867 2949; x_wconf 91' lang='lat' dir='ltr'>sed</span> <span class='ocrx_word' id='word_1_325' title='bbox 1928 2894 2093 2950; x_wconf 84' lang='lat' dir='ltr'>inter-</span> 
     </span>
    </p>
   </div>
   <div class='ocr_carea' id='block_1_47' title="bbox 498 2978 2095 3053">
    <p class='ocr_par' dir='ltr' id='par_1_47' title="bbox 498 2978 2095 3053">
     <span class='ocr_line' id='line_1_47' title="bbox 498 2978 2095 3053; baseline 0.008 -22"><span class='ocrx_word' id='word_1_326' title='bbox 498 2978 862 3049; x_wconf 86' lang='lat' dir='ltr'>pretationem</span> <span class='ocrx_word' id='word_1_327' title='bbox 893 2978 1059 3049; x_wconf 89' lang='lat' dir='ltr'>hujus</span> <span class='ocrx_word' id='word_1_328' title='bbox 1087 2982 1331 3037; x_wconf 90' lang='lat' dir='ltr'>nominis</span> <span class='ocrx_word' id='word_1_329' title='bbox 1358 2983 1563 3040; x_wconf 88' lang='lat' dir='ltr'>clarius</span> <span class='ocrx_word' id='word_1_330' title='bbox 1586 2985 1926 3053; x_wconf 87' lang='lat' dir='ltr'>videbimus,</span> <span class='ocrx_word' id='word_1_331' title='bbox 1955 2987 2001 3043; x_wconf 91' lang='lat' dir='ltr'>si</span> <span class='ocrx_word' id='word_1_332' title='bbox 2033 3003 2095 3043; x_wconf 90' lang='lat' dir='ltr'>ea</span> 
     </span>
    </p>
   </div>
   <div class='ocr_carea' id='block_1_48' title="bbox 498 3067 2096 3146">
    <p class='ocr_par' dir='ltr' id='par_1_48' title="bbox 498 3067 2096 3146">
     <span class='ocr_line' id='line_1_48' title="bbox 498 3067 2096 3146; baseline 0.006 -25"><span class='ocrx_word' id='word_1_333' title='bbox 498 3082 618 3137; x_wconf 68' lang='lat' dir='ltr'>quae</span> <span class='ocrx_word' id='word_1_334' title='bbox 661 3076 833 3123; x_wconf 91' lang='lat' dir='ltr'>mater</span> <span class='ocrx_word' id='word_1_335' title='bbox 863 3067 983 3136; x_wconf 90' lang='lat' dir='ltr'>Lia,</span> <span class='ocrx_word' id='word_1_336' title='bbox 1029 3085 1094 3124; x_wconf 93' lang='lat' dir='ltr'>eo</span> <span class='ocrx_word' id='word_1_337' title='bbox 1140 3078 1396 3129; x_wconf 88' lang='lat' dir='ltr'>nascente</span> <span class='ocrx_word' id='word_1_338' title='bbox 1440 3072 1617 3139; x_wconf 85' lang='lat' dir='ltr'>dixit,</span> <span class='ocrx_word' id='word_1_339' title='bbox 1663 3091 1968 3146; x_wconf 87' lang='lat' dir='ltr'>ponamus;</span> <span class='ocrx_word' id='word_1_340' title='bbox 2017 3076 2096 3131; x_wconf 87' lang='lat' dir='ltr'>ait</span> 
     </span>
    </p>
   </div>
   <div class='ocr_carea' id='block_1_49' title="bbox 495 3155 2169 3240">
    <p class='ocr_par' dir='ltr' id='par_1_49' title="bbox 495 3155 2169 3240">
     <span class='ocr_line' id='line_1_49' title="bbox 495 3155 2169 3240; baseline 0.007 -30"><span class='ocrx_word' id='word_1_341' title='bbox 495 3155 644 3211; x_wconf 91' lang='lat' dir='ltr'>enim</span> <span class='ocrx_word' id='word_1_342' title='bbox 677 3173 690 3212; x_wconf 88' lang='lat'>:</span> <span class='ocrx_word' id='word_1_343' title='bbox 738 3180 756 3204; x_wconf 78' lang='grc' dir='ltr'>ι</span> <span class='ocrx_word' id='word_1_344' title='bbox 790 3156 1048 3215; x_wconf 84' lang='lat' dir='ltr'>Reddidit</span> <span class='ocrx_word' id='word_1_345' title='bbox 1075 3159 1221 3215; x_wconf 91' lang='lat' dir='ltr'>Deus</span> <span class='ocrx_word' id='word_1_346' title='bbox 1250 3160 1555 3218; x_wconf 88' lang='lat' dir='ltr'>mercedem</span> <span class='ocrx_word' id='word_1_347' title='bbox 1588 3162 1749 3231; x_wconf 91' lang='lat' dir='ltr'>mihi,</span> <span class='ocrx_word' id='word_1_348' title='bbox 1798 3163 1927 3236; x_wconf 90' lang='lat' dir='ltr'>quia</span> <span class='ocrx_word' id='word_1_349' title='bbox 1962 3164 2087 3220; x_wconf 91' lang='lat' dir='ltr'>dedi</span> <span class='ocrx_word' id='word_1_350' title='bbox 2125 3177 2169 3240; x_wconf 77' lang='grc' dir='ltr'>ο</span> 
     </span>
    </p>
   </div>
   <div class='ocr_carea' id='block_1_50' title="bbox 494 3244 2090 3323">
    <p class='ocr_par' dir='ltr' id='par_1_50' title="bbox 494 3244 2090 3323">
     <span class='ocr_line' id='line_1_50' title="bbox 494 3244 2090 3323; baseline 0.006 -23"><span class='ocrx_word' id='word_1_351' title='bbox 494 3244 752 3303; x_wconf 90' lang='lat' dir='ltr'>ancillam</span> <span class='ocrx_word' id='word_1_352' title='bbox 788 3263 961 3304; x_wconf 87' lang='lat' dir='ltr'>meam</span> <span class='ocrx_word' id='word_1_353' title='bbox 997 3247 1116 3304; x_wconf 90' lang='lat' dir='ltr'>viro</span> <span class='ocrx_word' id='word_1_354' title='bbox 1155 3266 1275 3306; x_wconf 91' lang='lat' dir='ltr'>meo</span> <span class='ocrx_word' id='word_1_355' title='bbox 1307 3250 1464 3321; x_wconf 84' lang='lat' dir='ltr'>(Gen.</span> <span class='ocrx_word' id='word_1_356' title='bbox 1499 3268 1642 3320; x_wconf 86' lang='lat' dir='ltr'>xxx,</span> <span class='ocrx_word' id='word_1_357' title='bbox 1677 3252 1787 3323; x_wconf 90' lang='grc'>18).</span> <span class='ocrx_word' id='word_1_358' title='bbox 1820 3276 1839 3299; x_wconf 75' lang='grc' dir='ltr'><strong><em>ι</em></strong></span> <span class='ocrx_word' id='word_1_359' title='bbox 1889 3254 1960 3310; x_wconf 89' lang='lat' dir='ltr'>Et</span> <span class='ocrx_word' id='word_1_360' title='bbox 2011 3253 2090 3309; x_wconf 92' lang='lat' dir='ltr'>id-</span> 
     </span>
    </p>
   </div>
   <div class='ocr_carea' id='block_1_51' title="bbox 491 3335 2088 3411">
    <p class='ocr_par' dir='ltr' id='par_1_51' title="bbox 491 3335 2088 3411">
     <span class='ocr_line' id='line_1_51' title="bbox 491 3335 2088 3411; baseline 0.006 -20"><span class='ocrx_word' id='word_1_361' title='bbox 491 3335 642 3393; x_wconf 90' lang='lat' dir='ltr'>circo</span> <span class='ocrx_word' id='word_1_362' title='bbox 668 3337 968 3409; x_wconf 85' lang='lat' dir='ltr'>appellavit</span> <span class='ocrx_word' id='word_1_363' title='bbox 994 3355 1194 3395; x_wconf 91' lang='lat' dir='ltr'>nomen</span> <span class='ocrx_word' id='word_1_364' title='bbox 1214 3338 1335 3411; x_wconf 90' lang='lat' dir='ltr'>ejus</span> <span class='ocrx_word' id='word_1_365' title='bbox 1364 3340 1632 3409; x_wconf 88' lang='lat' dir='ltr'>Issacbar,</span> <span class='ocrx_word' id='word_1_366' title='bbox 1655 3341 1712 3397; x_wconf 90' lang='lat' dir='ltr'>id</span> <span class='ocrx_word' id='word_1_367' title='bbox 1737 3349 1837 3410; x_wconf 90' lang='lat' dir='ltr'>est,</span> <span class='ocrx_word' id='word_1_368' title='bbox 1860 3358 2088 3400; x_wconf 90' lang='lat' dir='ltr'>merces.</span> 
     </span>
    </p>
   </div>
   <div class='ocr_carea' id='block_1_52' title="bbox 492 3422 2091 3488">
    <p class='ocr_par' dir='ltr' id='par_1_52' title="bbox 492 3422 2091 3488">
     <span class='ocr_line' id='line_1_52' title="bbox 492 3422 2091 3488; baseline 0.005 -9"><span class='ocrx_word' id='word_1_369' title='bbox 492 3422 631 3480; x_wconf 89' lang='lat' dir='ltr'>Caro</span> <span class='ocrx_word' id='word_1_370' title='bbox 665 3434 851 3481; x_wconf 87' lang='lat' dir='ltr'>nostra</span> <span class='ocrx_word' id='word_1_371' title='bbox 883 3427 1085 3483; x_wconf 86' lang='lat' dir='ltr'>ancilla</span> <span class='ocrx_word' id='word_1_372' title='bbox 1131 3436 1319 3484; x_wconf 90' lang='lat' dir='ltr'>nostra</span> <span class='ocrx_word' id='word_1_373' title='bbox 1354 3428 1515 3486; x_wconf 89' lang='lat' dir='ltr'>debet</span> <span class='ocrx_word' id='word_1_374' title='bbox 1566 3446 1681 3486; x_wconf 87' lang='lat' dir='ltr'>esse</span> <span class='ocrx_word' id='word_1_375' title='bbox 1715 3448 1727 3486; x_wconf 88' lang='lat'>:</span> <span class='ocrx_word' id='word_1_376' title='bbox 1779 3431 1868 3486; x_wconf 91' lang='lat' dir='ltr'>vir</span> <span class='ocrx_word' id='word_1_377' title='bbox 1907 3440 2091 3488; x_wconf 87' lang='lat' dir='ltr'>noster</span> 
     </span>
    </p>
   </div>
   <div class='ocr_carea' id='block_1_53' title="bbox 491 3513 2089 3577">
    <p class='ocr_par' dir='ltr' id='par_1_53' title="bbox 491 3513 2089 3577">
     <span class='ocr_line' id='line_1_53' title="bbox 491 3513 2089 3577; baseline 0.007 -11"><span class='ocrx_word' id='word_1_378' title='bbox 491 3513 637 3567; x_wconf 91' lang='lat' dir='ltr'>Deus</span> <span class='ocrx_word' id='word_1_379' title='bbox 692 3521 878 3568; x_wconf 87' lang='lat' dir='ltr'>noster</span> <span class='ocrx_word' id='word_1_380' title='bbox 914 3522 1013 3569; x_wconf 90' lang='lat' dir='ltr'>est.</span> <span class='ocrx_word' id='word_1_381' title='bbox 1067 3515 1340 3572; x_wconf 89' lang='lat' dir='ltr'>Ancillam</span> <span class='ocrx_word' id='word_1_382' title='bbox 1384 3533 1514 3573; x_wconf 79' lang='lat' dir='ltr'>vero</span> <span class='ocrx_word' id='word_1_383' title='bbox 1562 3527 1804 3575; x_wconf 89' lang='lat' dir='ltr'>nostram</span> <span class='ocrx_word' id='word_1_384' title='bbox 1837 3519 1956 3575; x_wconf 91' lang='lat' dir='ltr'>viro</span> <span class='ocrx_word' id='word_1_385' title='bbox 1993 3537 2089 3577; x_wconf 89' lang='lat' dir='ltr'>no-</span> 
     </span>
    </p>
   </div>
   <div class='ocr_carea' id='block_1_54' title="bbox 491 3598 2088 3667">
    <p class='ocr_par' dir='ltr' id='par_1_54' title="bbox 491 3598 2088 3667">
     <span class='ocr_line' id='line_1_54' title="bbox 491 3598 2088 3667; baseline 0.008 -14"><span class='ocrx_word' id='word_1_386' title='bbox 491 3606 605 3653; x_wconf 91' lang='lat' dir='ltr'>stro</span> <span class='ocrx_word' id='word_1_387' title='bbox 634 3598 848 3667; x_wconf 88' lang='lat' dir='ltr'>damus,</span> <span class='ocrx_word' id='word_1_388' title='bbox 894 3600 941 3655; x_wconf 90' lang='lat' dir='ltr'>si</span> <span class='ocrx_word' id='word_1_389' title='bbox 986 3617 1207 3657; x_wconf 87' lang='lat' dir='ltr'>carnem</span> <span class='ocrx_word' id='word_1_390' title='bbox 1251 3610 1496 3659; x_wconf 89' lang='lat' dir='ltr'>nostram</span> <span class='ocrx_word' id='word_1_391' title='bbox 1534 3606 1632 3661; x_wconf 89' lang='lat' dir='ltr'>Dei</span> <span class='ocrx_word' id='word_1_392' title='bbox 1677 3606 1910 3663; x_wconf 89' lang='lat' dir='ltr'>servitio</span> <span class='ocrx_word' id='word_1_393' title='bbox 1939 3625 2088 3665; x_wconf 88' lang='lat' dir='ltr'>man-</span> 
     </span>
    </p>
   </div>
   <div class='ocr_carea' id='block_1_55' title="bbox 494 3684 2089 3763">
    <p class='ocr_par' dir='ltr' id='par_1_55' title="bbox 494 3684 2089 3763">
     <span class='ocr_line' id='line_1_55' title="bbox 494 3684 2089 3763; baseline 0.009 -22"><span class='ocrx_word' id='word_1_394' title='bbox 494 3684 764 3757; x_wconf 88' lang='lat' dir='ltr'>cipamus,</span> <span class='ocrx_word' id='word_1_395' title='bbox 813 3687 859 3743; x_wconf 90' lang='lat' dir='ltr'>si</span> <span class='ocrx_word' id='word_1_396' title='bbox 906 3704 1026 3745; x_wconf 88' lang='lat' dir='ltr'>eam</span> <span class='ocrx_word' id='word_1_397' title='bbox 1073 3690 1338 3761; x_wconf 90' lang='lat' dir='ltr'>vigilare,</span> <span class='ocrx_word' id='word_1_398' title='bbox 1382 3691 1670 3763; x_wconf 90' lang='lat' dir='ltr'>jejunare,</span> <span class='ocrx_word' id='word_1_399' title='bbox 1720 3703 1774 3751; x_wconf 91' lang='lat' dir='ltr'>et</span> <span class='ocrx_word' id='word_1_400' title='bbox 1818 3696 2089 3756; x_wconf 88' lang='lat' dir='ltr'>abstinere</span> 
     </span>
    </p>
   </div>
   <div class='ocr_carea' id='block_1_56' title="bbox 489 3776 2085 3855">
    <p class='ocr_par' dir='ltr' id='par_1_56' title="bbox 489 3776 2085 3855">
     <span class='ocr_line' id='line_1_56' title="bbox 489 3776 2085 3855; baseline 0.008 -23"><span class='ocrx_word' id='word_1_401' title='bbox 489 3776 915 3847; x_wconf 89' lang='lat' dir='ltr'>compellimus,</span> <span class='ocrx_word' id='word_1_402' title='bbox 981 3787 1145 3854; x_wconf 90' lang='lat' dir='ltr'>atque</span> <span class='ocrx_word' id='word_1_403' title='bbox 1202 3782 1514 3854; x_wconf 89' lang='lat' dir='ltr'>voluptates</span> <span class='ocrx_word' id='word_1_404' title='bbox 1564 3782 1683 3855; x_wconf 91' lang='lat' dir='ltr'>ejus</span> <span class='ocrx_word' id='word_1_405' title='bbox 1747 3785 2085 3845; x_wconf 90' lang='lat' dir='ltr'>edomamus.</span> 
     </span>
    </p>
   </div>
   <div class='ocr_carea' id='block_1_57' title="bbox 490 3865 2090 3940">
    <p class='ocr_par' dir='ltr' id='par_1_57' title="bbox 490 3865 2090 3940">
     <span class='ocr_line' id='line_1_57' title="bbox 490 3865 2090 3940; baseline 0.009 -19"><span class='ocrx_word' id='word_1_406' title='bbox 490 3865 738 3922; x_wconf 87' lang='lat' dir='ltr'>Issacbar</span> <span class='ocrx_word' id='word_1_407' title='bbox 792 3866 963 3940; x_wconf 84' lang='lat' dir='ltr'>igitur</span> <span class='ocrx_word' id='word_1_408' title='bbox 1015 3868 1127 3926; x_wconf 78' lang='lat' dir='ltr'>Liae</span> <span class='ocrx_word' id='word_1_409' title='bbox 1195 3870 1254 3926; x_wconf 90' lang='lat' dir='ltr'>in</span> <span class='ocrx_word' id='word_1_410' title='bbox 1318 3872 1629 3929; x_wconf 88' lang='lat' dir='ltr'>mercedem</span> <span class='ocrx_word' id='word_1_411' title='bbox 1691 3874 1852 3933; x_wconf 90' lang='lat' dir='ltr'>datus</span> <span class='ocrx_word' id='word_1_412' title='bbox 1913 3885 1996 3934; x_wconf 91' lang='lat' dir='ltr'>est</span> <span class='ocrx_word' id='word_1_413' title='bbox 2058 3895 2090 3935; x_wconf 91' lang='lat' dir='ltr'>a</span> 
     </span>
    </p>
   </div>
   <div class='ocr_carea' id='block_1_58' title="bbox 492 3954 2088 4036">
    <p class='ocr_par' dir='ltr' id='par_1_58' title="bbox 492 3954 2088 4036">
     <span class='ocr_line' id='line_1_58' title="bbox 492 3954 2088 4036; baseline 0.008 -26"><span class='ocrx_word' id='word_1_414' title='bbox 492 3954 643 4023; x_wconf 91' lang='lat' dir='ltr'>Deo;</span> <span class='ocrx_word' id='word_1_415' title='bbox 690 3957 820 4030; x_wconf 92' lang='lat' dir='ltr'>quia</span> <span class='ocrx_word' id='word_1_416' title='bbox 865 3957 935 4015; x_wconf 90' lang='lat' dir='ltr'>iis</span> <span class='ocrx_word' id='word_1_417' title='bbox 963 3958 1057 4033; x_wconf 92' lang='lat' dir='ltr'>qui</span> <span class='ocrx_word' id='word_1_418' title='bbox 1103 3976 1323 4016; x_wconf 89' lang='lat' dir='ltr'>carnem</span> <span class='ocrx_word' id='word_1_419' title='bbox 1366 3959 1615 4032; x_wconf 89' lang='lat' dir='ltr'>domant,</span> <span class='ocrx_word' id='word_1_420' title='bbox 1660 3964 1757 4036; x_wconf 91' lang='lat' dir='ltr'>qui</span> <span class='ocrx_word' id='word_1_421' title='bbox 1805 3965 1951 4022; x_wconf 89' lang='lat' dir='ltr'>vitia</span> <span class='ocrx_word' id='word_1_422' title='bbox 1977 3982 2088 4022; x_wconf 86' lang='lat' dir='ltr'>ex-</span> 
     </span>
    </p>
   </div>
   <div class='ocr_carea' id='block_1_59' title="bbox 488 4044 2088 4120">
    <p class='ocr_par' dir='ltr' id='par_1_59' title="bbox 488 4044 2088 4120">
     <span class='ocr_line' id='line_1_59' title="bbox 488 4044 2088 4120; baseline 0.01 -22"><span class='ocrx_word' id='word_1_423' title='bbox 488 4044 801 4117; x_wconf 89' lang='lat' dir='ltr'>stinguunt,</span> <span class='ocrx_word' id='word_1_424' title='bbox 849 4064 911 4105; x_wconf 90' lang='lat' dir='ltr'>ea</span> <span class='ocrx_word' id='word_1_425' title='bbox 962 4064 1169 4107; x_wconf 90' lang='lat' dir='ltr'>merces</span> <span class='ocrx_word' id='word_1_426' title='bbox 1214 4049 1379 4108; x_wconf 89' lang='lat' dir='ltr'>datur</span> <span class='ocrx_word' id='word_1_427' title='bbox 1410 4067 1443 4106; x_wconf 92' lang='lat' dir='ltr'>a</span> <span class='ocrx_word' id='word_1_428' title='bbox 1492 4052 1630 4120; x_wconf 90' lang='lat' dir='ltr'>Deo,</span> <span class='ocrx_word' id='word_1_429' title='bbox 1678 4060 1741 4110; x_wconf 90' lang='lat' dir='ltr'>ut</span> <span class='ocrx_word' id='word_1_430' title='bbox 1783 4054 2088 4114; x_wconf 87' lang='lat' dir='ltr'>virtutibus</span> 
     </span>
    </p>
   </div>
   <div class='ocr_carea' id='block_1_60' title="bbox 487 4132 753 4193">
    <p class='ocr_par' dir='ltr' id='par_1_60' title="bbox 487 4132 753 4193">
     <span class='ocr_line' id='line_1_60' title="bbox 487 4132 753 4193; baseline 0.023 -6"><span class='ocrx_word' id='word_1_431' title='bbox 487 4132 753 4193; x_wconf 87' lang='lat' dir='ltr'>ditentur.</span> 
     </span>
    </p>
   </div>
   <div class='ocr_carea' id='block_1_61' title="bbox 557 4231 2085 4317">
    <p class='ocr_par' dir='ltr' id='par_1_61' title="bbox 557 4231 2085 4317">
     <span class='ocr_line' id='line_1_61' title="bbox 557 4231 2085 4317; baseline 0.011 -33"><span class='ocrx_word' id='word_1_432' title='bbox 557 4231 629 4285; x_wconf 89' lang='lat' dir='ltr'>Et</span> <span class='ocrx_word' id='word_1_433' title='bbox 672 4231 796 4288; x_wconf 89' lang='lat' dir='ltr'>ideo</span> <span class='ocrx_word' id='word_1_434' title='bbox 824 4244 945 4304; x_wconf 89' lang='lat' dir='ltr'>post</span> <span class='ocrx_word' id='word_1_435' title='bbox 982 4236 1228 4294; x_wconf 89' lang='lat' dir='ltr'>Issacbar</span> <span class='ocrx_word' id='word_1_436' title='bbox 1268 4238 1516 4297; x_wconf 90' lang='lat' dir='ltr'>Zabulon</span> <span class='ocrx_word' id='word_1_437' title='bbox 1561 4242 1808 4314; x_wconf 90' lang='lat' dir='ltr'>ponitur,</span> <span class='ocrx_word' id='word_1_438' title='bbox 1851 4244 1945 4317; x_wconf 90' lang='lat' dir='ltr'>qui</span> <span class='ocrx_word' id='word_1_439' title='bbox 1992 4245 2085 4301; x_wconf 89' lang='lat' dir='ltr'>ha-</span> 
     </span>
    </p>
   </div>
   <div class='ocr_carea' id='block_1_62' title="bbox 489 4317 2081 4400">
    <p class='ocr_par' dir='ltr' id='par_1_62' title="bbox 489 4317 2081 4400">
     <span class='ocr_line' id='line_1_62' title="bbox 489 4317 2081 4400; baseline 0.011 -26"><span class='ocrx_word' id='word_1_440' title='bbox 489 4317 794 4376; x_wconf 87' lang='lat' dir='ltr'>bitaculum</span> <span class='ocrx_word' id='word_1_441' title='bbox 820 4322 1166 4381; x_wconf 87' lang='lat' dir='ltr'>fortitudinis</span> <span class='ocrx_word' id='word_1_442' title='bbox 1197 4327 1607 4400; x_wconf 90' lang='lat' dir='ltr'>interpretatur.</span> <span class='ocrx_word' id='word_1_443' title='bbox 1633 4331 1767 4398; x_wconf 86' lang='lat' dir='ltr'>Quis</span> <span class='ocrx_word' id='word_1_444' title='bbox 1792 4342 1875 4390; x_wconf 90' lang='lat' dir='ltr'>est</span> <span class='ocrx_word' id='word_1_445' title='bbox 1900 4341 2081 4390; x_wconf 90' lang='lat' dir='ltr'>autem</span> 
     </span>
    </p>
   </div>
   <div class='ocr_carea' id='block_1_63' title="bbox 489 4407 2083 4484">
    <p class='ocr_par' dir='ltr' id='par_1_63' title="bbox 489 4407 2083 4484">
     <span class='ocr_line' id='line_1_63' title="bbox 489 4407 2083 4484; baseline 0.011 -21"><span class='ocrx_word' id='word_1_446' title='bbox 489 4407 672 4476; x_wconf 89' lang='lat' dir='ltr'>fortis,</span> <span class='ocrx_word' id='word_1_447' title='bbox 696 4408 802 4465; x_wconf 90' lang='lat' dir='ltr'>nisi</span> <span class='ocrx_word' id='word_1_448' title='bbox 826 4412 1013 4468; x_wconf 78' lang='lat' dir='ltr'>Deus?</span> <span class='ocrx_word' id='word_1_449' title='bbox 1035 4413 1103 4467; x_wconf 89' lang='lat' dir='ltr'>de</span> <span class='ocrx_word' id='word_1_450' title='bbox 1119 4430 1229 4484; x_wconf 91' lang='lat' dir='ltr'>quo</span> <span class='ocrx_word' id='word_1_451' title='bbox 1252 4416 1542 4475; x_wconf 89' lang='lat' dir='ltr'>Psalmista</span> <span class='ocrx_word' id='word_1_452' title='bbox 1565 4418 1701 4476; x_wconf 91' lang='lat' dir='ltr'>dicit</span> <span class='ocrx_word' id='word_1_453' title='bbox 1725 4439 1737 4476; x_wconf 90' lang='lat'><strong>:</strong></span> <span class='ocrx_word' id='word_1_454' title='bbox 1774 4448 1791 4469; x_wconf 74' lang='grc' dir='ltr'>ι</span> <span class='ocrx_word' id='word_1_455' title='bbox 1811 4423 2083 4480; x_wconf 89' lang='lat' dir='ltr'>Dominus</span> 
     </span>
    </p>
   </div>
   <div class='ocr_carea' id='block_1_64' title="bbox 490 4496 2076 4581">
    <p class='ocr_par' dir='ltr' id='par_1_64' title="bbox 490 4496 2076 4581">
     <span class='ocr_line' id='line_1_64' title="bbox 490 4496 2076 4581; baseline 0.011 -29"><span class='ocrx_word' id='word_1_456' title='bbox 490 4496 654 4555; x_wconf 86' lang='lat' dir='ltr'>fortis</span> <span class='ocrx_word' id='word_1_457' title='bbox 691 4508 745 4555; x_wconf 90' lang='lat' dir='ltr'>et</span> <span class='ocrx_word' id='word_1_458' title='bbox 785 4507 998 4572; x_wconf 88' lang='lat' dir='ltr'>potens,</span> <span class='ocrx_word' id='word_1_459' title='bbox 1048 4503 1319 4559; x_wconf 90' lang='lat' dir='ltr'>Dominus</span> <span class='ocrx_word' id='word_1_460' title='bbox 1355 4513 1547 4576; x_wconf 91' lang='lat' dir='ltr'>potens</span> <span class='ocrx_word' id='word_1_461' title='bbox 1593 4508 1649 4563; x_wconf 89' lang='lat' dir='ltr'>in</span> <span class='ocrx_word' id='word_1_462' title='bbox 1682 4510 1870 4580; x_wconf 67' lang='lat' dir='ltr'>praelia</span> <span class='ocrx_word' id='word_1_463' title='bbox 1902 4512 2076 4581; x_wconf 79' lang='lat' dir='ltr'>(Psat.</span> 
     </span>
    </p>
   </div>
   <div class='ocr_carea' id='block_1_65' title="bbox 485 4588 2078 4667">
    <p class='ocr_par' dir='ltr' id='par_1_65' title="bbox 485 4588 2078 4667">
     <span class='ocr_line' id='line_1_65' title="bbox 485 4588 2078 4667; baseline 0.009 -24"><span class='ocrx_word' id='word_1_464' title='bbox 485 4604 667 4657; x_wconf 84' lang='lat' dir='ltr'>xxm,</span> <span class='ocrx_word' id='word_1_465' title='bbox 698 4588 780 4661; x_wconf 93' lang='lat'>8).</span> <span class='ocrx_word' id='word_1_466' title='bbox 814 4615 834 4640; x_wconf 85' lang='grc'><strong>›</strong></span> <span class='ocrx_word' id='word_1_467' title='bbox 880 4592 950 4647; x_wconf 82' lang='grc' dir='ltr'>Εῐ</span> <span class='ocrx_word' id='word_1_468' title='bbox 979 4591 1127 4664; x_wconf 90' lang='lat' dir='ltr'>quod</span> <span class='ocrx_word' id='word_1_469' title='bbox 1157 4591 1530 4650; x_wconf 85' lang='lat' dir='ltr'>habitaculum</span> <span class='ocrx_word' id='word_1_470' title='bbox 1564 4597 1928 4667; x_wconf 87' lang='lat' dir='ltr'>fortitudinis,</span> <span class='ocrx_word' id='word_1_471' title='bbox 1969 4602 2078 4658; x_wconf 90' lang='lat' dir='ltr'>nisi</span> 
     </span>
    </p>
   </div>
   <div class='ocr_carea' id='block_1_66' title="bbox 489 4677 2080 4761">
    <p class='ocr_par' dir='ltr' id='par_1_66' title="bbox 489 4677 2080 4761">
     <span class='ocr_line' id='line_1_66' title="bbox 489 4677 2080 4761; baseline 0.009 -28"><span class='ocrx_word' id='word_1_472' title='bbox 489 4677 765 4735; x_wconf 87' lang='lat' dir='ltr'>habitatio</span> <span class='ocrx_word' id='word_1_473' title='bbox 786 4680 884 4736; x_wconf 93' lang='lat' dir='ltr'>Dei</span> <span class='ocrx_word' id='word_1_474' title='bbox 901 4680 929 4736; x_wconf 69' lang='lat' dir='ltr'>‘I</span> <span class='ocrx_word' id='word_1_475' title='bbox 952 4682 1012 4736; x_wconf 91' lang='lat' dir='ltr'>In</span> <span class='ocrx_word' id='word_1_476' title='bbox 1032 4682 1131 4737; x_wconf 92' lang='lat' dir='ltr'>illo</span> <span class='ocrx_word' id='word_1_477' title='bbox 1147 4682 1293 4737; x_wconf 91' lang='lat' dir='ltr'>enim</span> <span class='ocrx_word' id='word_1_478' title='bbox 1316 4681 1529 4740; x_wconf 89' lang='lat' dir='ltr'>habitat</span> <span class='ocrx_word' id='word_1_479' title='bbox 1541 4686 1707 4754; x_wconf 89' lang='lat' dir='ltr'>Deus,</span> <span class='ocrx_word' id='word_1_480' title='bbox 1724 4686 1782 4742; x_wconf 91' lang='lat' dir='ltr'>in</span> <span class='ocrx_word' id='word_1_481' title='bbox 1800 4704 1909 4761; x_wconf 92' lang='lat' dir='ltr'>quo</span> <span class='ocrx_word' id='word_1_482' title='bbox 1925 4689 2080 4760; x_wconf 86' lang='lat' dir='ltr'>ﬁdes,</span> 
     </span>
    </p>
   </div>
   <div class='ocr_carea' id='block_1_67' title="bbox 490 4769 2084 4853">
    <p class='ocr_par' dir='ltr' id='par_1_67' title="bbox 490 4769 2084 4853">
     <span class='ocr_line' id='line_1_67' title="bbox 490 4769 2084 4853; baseline 0.008 -29"><span class='ocrx_word' id='word_1_483' title='bbox 490 4769 784 4840; x_wconf 88' lang='lat' dir='ltr'>patientia,</span> <span class='ocrx_word' id='word_1_484' title='bbox 834 4770 1076 4839; x_wconf 89' lang='lat' dir='ltr'>castitas,</span> <span class='ocrx_word' id='word_1_485' title='bbox 1127 4770 1435 4843; x_wconf 87' lang='lat' dir='ltr'>humilitas,</span> <span class='ocrx_word' id='word_1_486' title='bbox 1483 4774 1722 4832; x_wconf 89' lang='lat' dir='ltr'>charitas</span> <span class='ocrx_word' id='word_1_487' title='bbox 1769 4785 2084 4853; x_wconf 66' lang='lat' dir='ltr'>caeteraeque</span> 
     </span>
    </p>
   </div>
   <div class='ocr_carea' id='block_1_68' title="bbox 490 4858 2081 4938">
    <p class='ocr_par' dir='ltr' id='par_1_68' title="bbox 490 4858 2081 4938">
     <span class='ocr_line' id='line_1_68' title="bbox 490 4858 2081 4938; baseline 0.008 -26"><span class='ocrx_word' id='word_1_488' title='bbox 490 4858 725 4915; x_wconf 72' lang='lat' dir='ltr'>virtutes</span> <span class='ocrx_word' id='word_1_489' title='bbox 753 4869 1185 4918; x_wconf 90' lang='lat' dir='ltr'>commorantur.</span> <span class='ocrx_word' id='word_1_490' title='bbox 1208 4862 1281 4918; x_wconf 93' lang='lat' dir='ltr'>Et</span> <span class='ocrx_word' id='word_1_491' title='bbox 1307 4863 1436 4938; x_wconf 91' lang='lat' dir='ltr'>quia</span> <span class='ocrx_word' id='word_1_492' title='bbox 1466 4881 1560 4938; x_wconf 88' lang='lat' dir='ltr'>per</span> <span class='ocrx_word' id='word_1_493' title='bbox 1579 4866 1951 4938; x_wconf 89' lang='lat' dir='ltr'>operationem</span> <span class='ocrx_word' id='word_1_494' title='bbox 1974 4870 2081 4925; x_wconf 87' lang='lat' dir='ltr'>vir-</span> 
     </span>
    </p>
   </div>
   <div class='ocr_carea' id='block_1_69' title="bbox 483 4952 2080 5030">
    <p class='ocr_par' dir='ltr' id='par_1_69' title="bbox 483 4952 2080 5030">
     <span class='ocr_line' id='line_1_69' title="bbox 483 4952 2080 5030; baseline 0.008 -27"><span class='ocrx_word' id='word_1_495' title='bbox 483 4955 667 5004; x_wconf 92' lang='lat' dir='ltr'>tutum</span> <span class='ocrx_word' id='word_1_496' title='bbox 706 4958 979 5022; x_wconf 88' lang='lat' dir='ltr'>augentur</span> <span class='ocrx_word' id='word_1_497' title='bbox 1012 4952 1238 5024; x_wconf 72' lang='lat' dir='ltr'>praemia</span> <span class='ocrx_word' id='word_1_498' title='bbox 1283 4954 1625 5025; x_wconf 87' lang='lat' dir='ltr'>meritorum,</span> <span class='ocrx_word' id='word_1_499' title='bbox 1670 4956 1866 5030; x_wconf 74' lang='lat' dir='ltr'>Ioseph</span> <span class='ocrx_word' id='word_1_500' title='bbox 1895 4958 2080 5016; x_wconf 85' lang='lat' dir='ltr'>subse-</span> 
     </span>
    </p>
   </div>
   <div class='ocr_carea' id='block_1_70' title="bbox 484 5038 2079 5119">
    <p class='ocr_par' dir='ltr' id='par_1_70' title="bbox 484 5038 2079 5119">
     <span class='ocr_line' id='line_1_70' title="bbox 484 5038 2079 5119; baseline 0.007 -25"><span class='ocrx_word' id='word_1_501' title='bbox 484 5038 696 5110; x_wconf 89' lang='lat' dir='ltr'>quitur,</span> <span class='ocrx_word' id='word_1_502' title='bbox 721 5041 816 5113; x_wconf 92' lang='lat' dir='ltr'>qui</span> <span class='ocrx_word' id='word_1_503' title='bbox 850 5049 1205 5114; x_wconf 89' lang='lat' dir='ltr'>augmentum</span> <span class='ocrx_word' id='word_1_504' title='bbox 1236 5043 1647 5117; x_wconf 86' lang='lat' dir='ltr'>interpretatur.</span> <span class='ocrx_word' id='word_1_505' title='bbox 1680 5047 1968 5119; x_wconf 90' lang='lat' dir='ltr'>Benjamiu</span> <span class='ocrx_word' id='word_1_506' title='bbox 1998 5050 2079 5105; x_wconf 90' lang='lat' dir='ltr'>ul-</span> 
     </span>
    </p>
   </div>
   <div class='ocr_carea' id='block_1_71' title="bbox 486 5127 2078 5209">
    <p class='ocr_par' dir='ltr' id='par_1_71' title="bbox 486 5127 2078 5209">
     <span class='ocr_line' id='line_1_71' title="bbox 486 5127 2078 5209; baseline 0.008 -26"><span class='ocrx_word' id='word_1_507' title='bbox 486 5127 676 5196; x_wconf 88' lang='lat' dir='ltr'>timus,</span> <span class='ocrx_word' id='word_1_508' title='bbox 712 5129 825 5185; x_wconf 90' lang='lat' dir='ltr'>imo</span> <span class='ocrx_word' id='word_1_509' title='bbox 867 5139 921 5187; x_wconf 91' lang='lat' dir='ltr'>et</span> <span class='ocrx_word' id='word_1_510' title='bbox 965 5132 1215 5204; x_wconf 87' lang='lat' dir='ltr'>superior</span> <span class='ocrx_word' id='word_1_511' title='bbox 1242 5136 1486 5207; x_wconf 89' lang='lat' dir='ltr'>ponitur,</span> <span class='ocrx_word' id='word_1_512' title='bbox 1536 5136 1630 5209; x_wconf 93' lang='lat' dir='ltr'>qui</span> <span class='ocrx_word' id='word_1_513' title='bbox 1663 5136 1812 5193; x_wconf 88' lang='lat' dir='ltr'>filius</span> <span class='ocrx_word' id='word_1_514' title='bbox 1839 5138 2078 5196; x_wconf 84' lang='lat' dir='ltr'>dexterae</span> 
     </span>
    </p>
   </div>
   <div class='ocr_carea' id='block_1_72' title="bbox 482 5216 2073 5298">
    <p class='ocr_par' dir='ltr' id='par_1_72' title="bbox 482 5216 2073 5298">
     <span class='ocr_line' id='line_1_72' title="bbox 482 5216 2073 5298; baseline 0.008 -26"><span class='ocrx_word' id='word_1_515' title='bbox 482 5216 897 5290; x_wconf 87' lang='lat' dir='ltr'>interpretatur.</span> <span class='ocrx_word' id='word_1_516' title='bbox 923 5222 1159 5279; x_wconf 87' lang='lat' dir='ltr'>Dextera</span> <span class='ocrx_word' id='word_1_517' title='bbox 1180 5239 1414 5298; x_wconf 91' lang='lat' dir='ltr'>namque</span> <span class='ocrx_word' id='word_1_518' title='bbox 1442 5226 1617 5281; x_wconf 88' lang='lat' dir='ltr'>Patris</span> <span class='ocrx_word' id='word_1_519' title='bbox 1637 5227 1812 5283; x_wconf 91' lang='lat' dir='ltr'>Filius</span> <span class='ocrx_word' id='word_1_520' title='bbox 1826 5228 2038 5285; x_wconf 89' lang='lat' dir='ltr'>dicitur</span> <span class='ocrx_word' id='word_1_521' title='bbox 2061 5247 2073 5286; x_wconf 91' lang='lat'>:</span> 
     </span>
    </p>
   </div>
   <div class='ocr_carea' id='block_1_73' title="bbox 482 5309 2076 5387">
    <p class='ocr_par' dir='ltr' id='par_1_73' title="bbox 482 5309 2076 5387">
     <span class='ocr_line' id='line_1_73' title="bbox 482 5309 2076 5387; baseline 0.007 -24"><span class='ocrx_word' id='word_1_522' title='bbox 482 5315 537 5364; x_wconf 92' lang='lat' dir='ltr'>et</span> <span class='ocrx_word' id='word_1_523' title='bbox 556 5309 928 5381; x_wconf 90' lang='lat' dir='ltr'>Evangelium</span> <span class='ocrx_word' id='word_1_524' title='bbox 948 5310 1214 5385; x_wconf 89' lang='lat' dir='ltr'>loquitur,</span> <span class='ocrx_word' id='word_1_525' title='bbox 1231 5314 1361 5387; x_wconf 89' lang='lat' dir='ltr'>quia</span> <span class='ocrx_word' id='word_1_526' title='bbox 1386 5316 1560 5372; x_wconf 90' lang='lat' dir='ltr'>sancti</span> <span class='ocrx_word' id='word_1_527' title='bbox 1587 5316 1686 5374; x_wconf 91' lang='lat' dir='ltr'>Dei</span> <span class='ocrx_word' id='word_1_528' title='bbox 1706 5316 1774 5373; x_wconf 89' lang='lat' dir='ltr'>ad</span> <span class='ocrx_word' id='word_1_529' title='bbox 1793 5317 2076 5375; x_wconf 83' lang='lat' dir='ltr'>dexteram</span> 
     </span>
    </p>
   </div>
   <div class='ocr_carea' id='block_1_74' title="bbox 556 5456 2076 5535">
    <p class='ocr_par' dir='ltr' id='par_1_74' title="bbox 556 5456 2076 5535">
     <span class='ocr_line' id='line_1_74' title="bbox 556 5456 2076 5535; baseline 0.005 -23"><span class='ocrx_word' id='word_1_530' title='bbox 556 5456 675 5535; x_wconf 86' lang='lat'>(8_3)_</span> <span class='ocrx_word' id='word_1_531' title='bbox 706 5456 884 5535; x_wconf 70' lang='lat' dir='ltr'>Edit.,</span> <span class='ocrx_word' id='word_1_532' title='bbox 915 5458 1031 5535; x_wconf 77' lang='lat' dir='ltr'>_qu_i_</span> <span class='ocrx_word' id='word_1_533' title='bbox 1068 5459 1330 5535; x_wconf 81' lang='lat' dir='ltr'>beatitudo</span> <span class='ocrx_word' id='word_1_534' title='bbox 1370 5460 1769 5534; x_wconf 76' lang='lat' dir='ltr'>interpretatur.</span> <span class='ocrx_word' id='word_1_535' title='bbox 1827 5464 2076 5535; x_wconf 80' lang='lat' dir='ltr'>Sequitur</span> 
     </span>
    </p>
   </div>
   <div class='ocr_carea' id='block_1_75' title="bbox 484 5526 2074 5651">
    <p class='ocr_par' dir='ltr' id='par_1_75' title="bbox 484 5526 2074 5651">
     <span class='ocr_line' id='line_1_75' title="bbox 484 5526 2074 5651; baseline 0.006 -70"><span class='ocrx_word' id='word_1_536' title='bbox 484 5526 790 5651; x_wconf 45' lang='lat' dir='ltr'>geqhthati,</span> <span class='ocrx_word' id='word_1_537' title='bbox 831 5529 925 5600; x_wconf 86' lang='lat' dir='ltr'>qui</span> <span class='ocrx_word' id='word_1_538' title='bbox 943 5526 1221 5599; x_wconf 66' lang='lat' dir='ltr'>ditatatio,</span> <span class='ocrx_word' id='word_1_539' title='bbox 1256 5539 1396 5599; x_wconf 86' lang='lat' dir='ltr'>etc.;</span> <span class='ocrx_word' id='word_1_540' title='bbox 1447 5526 1577 5589; x_wconf 76' lang='lat' dir='ltr'>mss.</span> <span class='ocrx_word' id='word_1_541' title='bbox 1612 5549 1762 5602; x_wconf 90' lang='lat' dir='ltr'>vero,</span> <span class='ocrx_word' id='word_1_542' title='bbox 1796 5542 1859 5590; x_wconf 91' lang='lat' dir='ltr'>ut</span> <span class='ocrx_word' id='word_1_543' title='bbox 1885 5526 1985 5591; x_wconf 78' lang='lat' dir='ltr'>nos</span> <span class='ocrx_word' id='word_1_544' title='bbox 2014 5534 2074 5591; x_wconf 91' lang='lat' dir='ltr'>in</span> 
     </span>
     <span class='ocr_line' id='line_1_76' title="bbox 544 5614 663 5651; baseline 0.017 -2"><span class='ocrx_word' id='word_1_545' title='bbox 544 5614 575 5649; x_wconf 87' lang='lat' dir='ltr'>x</span> <span class='ocrx_word' id='word_1_546' title='bbox 608 5615 663 5651; x_wconf 93' lang='lat' dir='ltr'>u.</span> 
     </span>
    </p>
   </div>
   <div class='ocr_carea' id='block_1_76' title="bbox 544 5614 663 5652">
    <p class='ocr_par' dir='ltr' id='par_1_76' title="bbox 544 5614 663 5652">
     <span class='ocr_line' id='line_1_77' title="bbox 544 5614 663 5652; baseline 0.025 -3"><span class='ocrx_word' id='word_1_547' title='bbox 544 5614 663 5652; x_wconf 75' lang='grc' dir='ltr'>χιιι.</span> 
     </span>
    </p>
   </div>
   <div class='ocr_carea' id='block_1_77' title="bbox 560 5666 2075 5739">
    <p class='ocr_par' dir='ltr' id='par_1_77' title="bbox 560 5666 2075 5739">
     <span class='ocr_line' id='line_1_78' title="bbox 560 5666 2075 5739; baseline 0.008 -16"><span class='ocrx_word' id='word_1_548' title='bbox 560 5666 678 5738; x_wconf 71' lang='grc'>(84)</span> <span class='ocrx_word' id='word_1_549' title='bbox 736 5669 818 5722; x_wconf 88' lang='lat' dir='ltr'>Ita</span> <span class='ocrx_word' id='word_1_550' title='bbox 848 5684 978 5725; x_wconf 88' lang='lat' dir='ltr'>mss.</span> <span class='ocrx_word' id='word_1_551' title='bbox 1010 5685 1072 5726; x_wconf 91' lang='lat' dir='ltr'>ac</span> <span class='ocrx_word' id='word_1_552' title='bbox 1100 5669 1234 5727; x_wconf 89' lang='lat' dir='ltr'>Gill.</span> <span class='ocrx_word' id='word_1_553' title='bbox 1267 5670 1425 5739; x_wconf 90' lang='lat' dir='ltr'>edit.;</span> <span class='ocrx_word' id='word_1_554' title='bbox 1471 5681 1527 5730; x_wconf 90' lang='lat' dir='ltr'>at</span> <span class='ocrx_word' id='word_1_555' title='bbox 1554 5675 1712 5732; x_wconf 84' lang='lat' dir='ltr'>Rom.</span> <span class='ocrx_word' id='word_1_556' title='bbox 1743 5692 1772 5733; x_wconf 91' lang='lat' dir='ltr'>e</span> <span class='ocrx_word' id='word_1_557' title='bbox 1798 5677 2075 5735; x_wconf 88' lang='lat' dir='ltr'>contrario</span> 
     </span>
    </p>
   </div>
   <div class='ocr_carea' id='block_1_78' title="bbox 2202 1887 3820 1966">
    <p class='ocr_par' dir='ltr' id='par_1_78' title="bbox 2202 1887 3820 1966">
     <span class='ocr_line' id='line_1_79' title="bbox 2202 1887 3820 1966; baseline 0.003 -22"><span class='ocrx_word' id='word_1_558' title='bbox 2202 1887 2317 1961; x_wconf 86' lang='lat' dir='ltr'>jam</span> <span class='ocrx_word' id='word_1_559' title='bbox 2339 1890 2608 1947; x_wconf 89' lang='lat' dir='ltr'>diximus.</span> <span class='ocrx_word' id='word_1_560' title='bbox 2635 1893 2709 1948; x_wconf 90' lang='lat' dir='ltr'>Et</span> <span class='ocrx_word' id='word_1_561' title='bbox 2738 1892 2867 1964; x_wconf 89' lang='lat' dir='ltr'>quia</span> <span class='ocrx_word' id='word_1_562' title='bbox 2897 1891 3060 1947; x_wconf 89' lang='lat' dir='ltr'>multi</span> <span class='ocrx_word' id='word_1_563' title='bbox 3088 1900 3221 1949; x_wconf 91' lang='lat' dir='ltr'>sunt</span> <span class='ocrx_word' id='word_1_564' title='bbox 3248 1893 3462 1961; x_wconf 83' lang='lat' dir='ltr'>vocati,</span> <span class='ocrx_word' id='word_1_565' title='bbox 3497 1894 3672 1966; x_wconf 86' lang='lat' dir='ltr'>pauci</span> <span class='ocrx_word' id='word_1_566' title='bbox 3700 1912 3820 1950; x_wconf 71' lang='lat' dir='ltr'>vero</span> 
     </span>
    </p>
   </div>
   <div class='ocr_carea' id='block_1_79' title="bbox 2207 1979 3819 2057">
    <p class='ocr_par' dir='ltr' id='par_1_79' title="bbox 2207 1979 3819 2057">
     <span class='ocr_line' id='line_1_80' title="bbox 2207 1979 3819 2057; baseline 0.004 -24"><span class='ocrx_word' id='word_1_567' title='bbox 2207 1979 2366 2035; x_wconf 89' lang='lat' dir='ltr'>electi</span> <span class='ocrx_word' id='word_1_568' title='bbox 2399 1980 2611 2050; x_wconf 81' lang='lat' dir='ltr'>(Matth.</span> <span class='ocrx_word' id='word_1_569' title='bbox 2645 1998 2743 2050; x_wconf 82' lang='lat' dir='ltr'>xx,</span> <span class='ocrx_word' id='word_1_570' title='bbox 2779 1982 2894 2053; x_wconf 85' lang='grc'>16),</span> <span class='ocrx_word' id='word_1_571' title='bbox 2925 1990 2979 2038; x_wconf 90' lang='lat' dir='ltr'>et</span> <span class='ocrx_word' id='word_1_572' title='bbox 3008 1982 3065 2037; x_wconf 90' lang='lat' dir='ltr'>in</span> <span class='ocrx_word' id='word_1_573' title='bbox 3113 1983 3543 2054; x_wconf 88' lang='lat' dir='ltr'>comparatione</span> <span class='ocrx_word' id='word_1_574' title='bbox 3573 1984 3819 2057; x_wconf 88' lang='lat' dir='ltr'>reprobo-</span> 
     </span>
    </p>
   </div>
   <div class='ocr_carea' id='block_1_80' title="bbox 2208 2070 3820 2141">
    <p class='ocr_par' dir='ltr' id='par_1_80' title="bbox 2208 2070 3820 2141">
     <span class='ocr_line' id='line_1_81' title="bbox 2208 2070 3820 2141; baseline 0.004 -18"><span class='ocrx_word' id='word_1_575' title='bbox 2208 2084 2331 2123; x_wconf 88' lang='lat' dir='ltr'>rum</span> <span class='ocrx_word' id='word_1_576' title='bbox 2379 2070 2579 2141; x_wconf 88' lang='lat' dir='ltr'>exigua</span> <span class='ocrx_word' id='word_1_577' title='bbox 2623 2078 2705 2126; x_wconf 92' lang='lat' dir='ltr'>est</span> <span class='ocrx_word' id='word_1_578' title='bbox 2771 2071 2932 2127; x_wconf 90' lang='lat' dir='ltr'>turba</span> <span class='ocrx_word' id='word_1_579' title='bbox 2988 2072 3317 2141; x_wconf 87' lang='lat' dir='ltr'>electorum,</span> <span class='ocrx_word' id='word_1_580' title='bbox 3378 2088 3497 2127; x_wconf 92' lang='lat' dir='ltr'>non</span> <span class='ocrx_word' id='word_1_581' title='bbox 3545 2072 3820 2129; x_wconf 85' lang='lat' dir='ltr'>immerito</span> 
     </span>
    </p>
   </div>
   <div class='ocr_carea' id='block_1_81' title="bbox 2205 2161 3815 2235">
    <p class='ocr_par' dir='ltr' id='par_1_81' title="bbox 2205 2161 3815 2235">
     <span class='ocr_line' id='line_1_82' title="bbox 2205 2161 3815 2235; baseline 0.004 -22"><span class='ocrx_word' id='word_1_582' title='bbox 2205 2174 2437 2214; x_wconf 91' lang='lat' dir='ltr'>numero</span> <span class='ocrx_word' id='word_1_583' title='bbox 2467 2166 2690 2216; x_wconf 90' lang='lat' dir='ltr'>centum</span> <span class='ocrx_word' id='word_1_584' title='bbox 2722 2161 3084 2234; x_wconf 88' lang='lat' dir='ltr'>quadraginta</span> <span class='ocrx_word' id='word_1_585' title='bbox 3104 2170 3341 2235; x_wconf 89' lang='lat' dir='ltr'>quatuor</span> <span class='ocrx_word' id='word_1_586' title='bbox 3365 2162 3646 2231; x_wconf 88' lang='lat' dir='ltr'>millium,</span> <span class='ocrx_word' id='word_1_587' title='bbox 3669 2165 3815 2219; x_wconf 75' lang='lat' dir='ltr'>electi</span> 
     </span>
    </p>
   </div>
   <div class='ocr_carea' id='block_1_82' title="bbox 2208 2246 3816 2321">
    <p class='ocr_par' dir='ltr' id='par_1_82' title="bbox 2208 2246 3816 2321">
     <span class='ocr_line' id='line_1_83' title="bbox 2208 2246 3816 2321; baseline 0.004 -19"><span class='ocrx_word' id='word_1_588' title='bbox 2208 2246 2305 2319; x_wconf 91' lang='lat' dir='ltr'>qui</span> <span class='ocrx_word' id='word_1_589' title='bbox 2349 2247 2585 2320; x_wconf 86' lang='lat' dir='ltr'>singulis</span> <span class='ocrx_word' id='word_1_590' title='bbox 2630 2248 2981 2321; x_wconf 86' lang='lat' dir='ltr'>temporibus</span> <span class='ocrx_word' id='word_1_591' title='bbox 3016 2250 3075 2305; x_wconf 89' lang='lat' dir='ltr'>in</span> <span class='ocrx_word' id='word_1_592' title='bbox 3112 2249 3365 2307; x_wconf 89' lang='lat' dir='ltr'>Ecclesia</span> <span class='ocrx_word' id='word_1_593' title='bbox 3412 2250 3518 2306; x_wconf 87' lang='lat' dir='ltr'>Dei</span> <span class='ocrx_word' id='word_1_594' title='bbox 3551 2251 3816 2318; x_wconf 85' lang='lat' dir='ltr'>laborant,</span> 
     </span>
    </p>
   </div>
   <div class='ocr_carea' id='block_1_83' title="bbox 2206 2340 3817 2413">
    <p class='ocr_par' dir='ltr' id='par_1_83' title="bbox 2206 2340 3817 2413">
     <span class='ocr_line' id='line_1_84' title="bbox 2206 2340 3817 2413; baseline 0.001 -16"><span class='ocrx_word' id='word_1_595' title='bbox 2206 2340 2601 2413; x_wconf 89' lang='lat' dir='ltr'>designantur:</span> <span class='ocrx_word' id='word_1_596' title='bbox 2654 2341 2714 2396; x_wconf 91' lang='lat' dir='ltr'>in</span> <span class='ocrx_word' id='word_1_597' title='bbox 2741 2340 2953 2398; x_wconf 68' lang='lat' dir='ltr'>caelesti</span> <span class='ocrx_word' id='word_1_598' title='bbox 2997 2357 3128 2397; x_wconf 89' lang='lat' dir='ltr'>vero</span> <span class='ocrx_word' id='word_1_599' title='bbox 3157 2340 3539 2411; x_wconf 87' lang='lat' dir='ltr'>beatitudine,</span> <span class='ocrx_word' id='word_1_600' title='bbox 3575 2345 3675 2400; x_wconf 87' lang='lat' dir='ltr'>ubi</span> <span class='ocrx_word' id='word_1_601' title='bbox 3704 2345 3817 2399; x_wconf 87' lang='lat' dir='ltr'>sin-</span> 
     </span>
    </p>
   </div>
   <div class='ocr_carea' id='block_1_84' title="bbox 2204 2431 3814 2504">
    <p class='ocr_par' dir='ltr' id='par_1_84' title="bbox 2204 2431 3814 2504">
     <span class='ocr_line' id='line_1_85' title="bbox 2204 2431 3814 2504; baseline 0.001 -18"><span class='ocrx_word' id='word_1_602' title='bbox 2204 2431 2347 2503; x_wconf 87' lang='lat' dir='ltr'>gulis</span> <span class='ocrx_word' id='word_1_603' title='bbox 2377 2431 2719 2504; x_wconf 89' lang='lat' dir='ltr'>temporibus</span> <span class='ocrx_word' id='word_1_604' title='bbox 2760 2447 2830 2487; x_wconf 83' lang='lat' dir='ltr'>ex</span> <span class='ocrx_word' id='word_1_605' title='bbox 2860 2431 3119 2488; x_wconf 90' lang='lat' dir='ltr'>omnibus</span> <span class='ocrx_word' id='word_1_606' title='bbox 3157 2432 3441 2504; x_wconf 86' lang='lat' dir='ltr'>gentibus,</span> <span class='ocrx_word' id='word_1_607' title='bbox 3477 2432 3747 2490; x_wconf 90' lang='lat' dir='ltr'>tribubus</span> <span class='ocrx_word' id='word_1_608' title='bbox 3771 2444 3814 2489; x_wconf 73' lang='lat' dir='ltr'>et</span> 
     </span>
    </p>
   </div>
   <div class='ocr_carea' id='block_1_85' title="bbox 2204 2518 3816 2592">
    <p class='ocr_par' dir='ltr' id='par_1_85' title="bbox 2204 2518 3816 2592">
     <span class='ocr_line' id='line_1_86' title="bbox 2204 2518 3816 2592; baseline 0.002 -19"><span class='ocrx_word' id='word_1_609' title='bbox 2204 2518 2410 2591; x_wconf 78' lang='lat' dir='ltr'>linguis</span> <span class='ocrx_word' id='word_1_610' title='bbox 2437 2527 2860 2592; x_wconf 87' lang='lat' dir='ltr'>congregantur,</span> <span class='ocrx_word' id='word_1_611' title='bbox 2908 2526 3062 2576; x_wconf 86' lang='lat' dir='ltr'>tanta</span> <span class='ocrx_word' id='word_1_612' title='bbox 3102 2536 3294 2575; x_wconf 89' lang='lat' dir='ltr'>eorum</span> <span class='ocrx_word' id='word_1_613' title='bbox 3342 2520 3597 2577; x_wconf 79' lang='lat' dir='ltr'>efﬁcitur</span> <span class='ocrx_word' id='word_1_614' title='bbox 3625 2522 3816 2577; x_wconf 86' lang='lat' dir='ltr'>multi-</span> 
     </span>
    </p>
   </div>
   <div class='ocr_carea' id='block_1_86' title="bbox 2201 2608 3814 2683">
    <p class='ocr_par' dir='ltr' id='par_1_86' title="bbox 2201 2608 3814 2683">
     <span class='ocr_line' id='line_1_87' title="bbox 2201 2608 3814 2683; baseline 0.002 -18"><span class='ocrx_word' id='word_1_615' title='bbox 2201 2608 2356 2679; x_wconf 88' lang='lat' dir='ltr'>tudo,</span> <span class='ocrx_word' id='word_1_616' title='bbox 2381 2618 2441 2667; x_wconf 92' lang='lat' dir='ltr'>ut</span> <span class='ocrx_word' id='word_1_617' title='bbox 2469 2610 2625 2666; x_wconf 91' lang='lat' dir='ltr'>nullo</span> <span class='ocrx_word' id='word_1_618' title='bbox 2654 2626 2886 2667; x_wconf 90' lang='lat' dir='ltr'>numero</span> <span class='ocrx_word' id='word_1_619' title='bbox 2910 2609 3305 2682; x_wconf 83' lang='lat' dir='ltr'>comprehendi</span> <span class='ocrx_word' id='word_1_620' title='bbox 3345 2611 3549 2683; x_wconf 85' lang='lat' dir='ltr'>possit.</span> <span class='ocrx_word' id='word_1_621' title='bbox 3585 2612 3693 2668; x_wconf 85' lang='lat' dir='ltr'>Per</span> <span class='ocrx_word' id='word_1_622' title='bbox 3720 2623 3814 2668; x_wconf 86' lang='lat' dir='ltr'>sto-</span> 
     </span>
    </p>
   </div>
   <div class='ocr_carea' id='block_1_87' title="bbox 2202 2697 3811 2775">
    <p class='ocr_par' dir='ltr' id='par_1_87' title="bbox 2202 2697 3811 2775">
     <span class='ocr_line' id='line_1_88' title="bbox 2202 2697 3811 2775; baseline 0.002 -21"><span class='ocrx_word' id='word_1_623' title='bbox 2202 2697 2283 2754; x_wconf 87' lang='lat' dir='ltr'>las</span> <span class='ocrx_word' id='word_1_624' title='bbox 2329 2705 2513 2755; x_wconf 91' lang='lat' dir='ltr'>autem</span> <span class='ocrx_word' id='word_1_625' title='bbox 2561 2698 2713 2755; x_wconf 90' lang='lat' dir='ltr'>albas</span> <span class='ocrx_word' id='word_1_626' title='bbox 2759 2700 3037 2756; x_wconf 89' lang='lat' dir='ltr'>munditia</span> <span class='ocrx_word' id='word_1_627' title='bbox 3087 2700 3399 2756; x_wconf 88' lang='lat' dir='ltr'>animarum</span> <span class='ocrx_word' id='word_1_628' title='bbox 3447 2701 3811 2775; x_wconf 82' lang='lat' dir='ltr'>designatur;</span> 
     </span>
    </p>
   </div>
   <div class='ocr_carea' id='block_1_88' title="bbox 2202 2791 3815 2870">
    <p class='ocr_par' dir='ltr' id='par_1_88' title="bbox 2202 2791 3815 2870">
     <span class='ocr_line' id='line_1_89' title="bbox 2202 2791 3815 2870; baseline 0.002 -24"><span class='ocrx_word' id='word_1_629' title='bbox 2202 2791 2397 2863; x_wconf 70' lang='lat' dir='ltr'>palmae</span> <span class='ocrx_word' id='word_1_630' title='bbox 2442 2808 2574 2847; x_wconf 89' lang='lat' dir='ltr'>vero</span> <span class='ocrx_word' id='word_1_631' title='bbox 2621 2792 2679 2846; x_wconf 92' lang='lat' dir='ltr'>in</span> <span class='ocrx_word' id='word_1_632' title='bbox 2727 2791 2945 2864; x_wconf 89' lang='lat' dir='ltr'>signum</span> <span class='ocrx_word' id='word_1_633' title='bbox 2977 2792 3227 2870; x_wconf 75' lang='lat' dir='ltr'>victoriae</span> <span class='ocrx_word' id='word_1_634' title='bbox 3255 2802 3577 2865; x_wconf 88' lang='lat' dir='ltr'>ponuntur.</span> <span class='ocrx_word' id='word_1_635' title='bbox 3610 2795 3815 2849; x_wconf 83' lang='lat' dir='ltr'>Palmas</span> 
     </span>
    </p>
   </div>
   <div class='ocr_carea' id='block_1_89' title="bbox 2202 2878 3816 2953">
    <p class='ocr_par' dir='ltr' id='par_1_89' title="bbox 2202 2878 3816 2953">
     <span class='ocr_line' id='line_1_90' title="bbox 2202 2878 3816 2953; baseline 0.001 -18"><span class='ocrx_word' id='word_1_636' title='bbox 2202 2878 2372 2952; x_wconf 91' lang='lat' dir='ltr'>igitur</span> <span class='ocrx_word' id='word_1_637' title='bbox 2401 2896 2514 2935; x_wconf 90' lang='lat' dir='ltr'>non</span> <span class='ocrx_word' id='word_1_638' title='bbox 2544 2880 2723 2936; x_wconf 91' lang='lat' dir='ltr'>solum</span> <span class='ocrx_word' id='word_1_639' title='bbox 2771 2880 2947 2936; x_wconf 88' lang='lat' dir='ltr'>sancti</span> <span class='ocrx_word' id='word_1_640' title='bbox 2996 2889 3265 2953; x_wconf 88' lang='lat' dir='ltr'>martyres</span> <span class='ocrx_word' id='word_1_641' title='bbox 3318 2882 3535 2953; x_wconf 89' lang='lat' dir='ltr'>quibus</span> <span class='ocrx_word' id='word_1_642' title='bbox 3586 2882 3816 2939; x_wconf 83' lang='lat' dir='ltr'>victoria</span> 
     </span>
    </p>
   </div>
   <div class='ocr_carea' id='block_1_90' title="bbox 2204 2964 3811 3044">
    <p class='ocr_par' dir='ltr' id='par_1_90' title="bbox 2204 2964 3811 3044">
     <span class='ocr_line' id='line_1_91' title="bbox 2204 2964 3811 3044; baseline 0.002 -21"><span class='ocrx_word' id='word_1_643' title='bbox 2204 2969 2515 3041; x_wconf 89' lang='lat' dir='ltr'>specialiter</span> <span class='ocrx_word' id='word_1_644' title='bbox 2545 2964 2861 3037; x_wconf 86' lang='lat' dir='ltr'>ascribitur,</span> <span class='ocrx_word' id='word_1_645' title='bbox 2892 2968 2984 3025; x_wconf 91' lang='lat' dir='ltr'>sed</span> <span class='ocrx_word' id='word_1_646' title='bbox 3024 2977 3078 3025; x_wconf 90' lang='lat' dir='ltr'>et</span> <span class='ocrx_word' id='word_1_647' title='bbox 3125 2986 3317 3025; x_wconf 91' lang='lat' dir='ltr'>omnes</span> <span class='ocrx_word' id='word_1_648' title='bbox 3368 2970 3563 3038; x_wconf 86' lang='lat' dir='ltr'>electi,</span> <span class='ocrx_word' id='word_1_649' title='bbox 3618 2973 3715 3044; x_wconf 91' lang='lat' dir='ltr'>qui</span> <span class='ocrx_word' id='word_1_650' title='bbox 3762 2973 3811 3026; x_wconf 89' lang='lat' dir='ltr'>in</span> 
     </span>
    </p>
   </div>
   <div class='ocr_carea' id='block_1_91' title="bbox 2203 3057 3808 3131">
    <p class='ocr_par' dir='ltr' id='par_1_91' title="bbox 2203 3057 3808 3131">
     <span class='ocr_line' id='line_1_92' title="bbox 2203 3057 3808 3131; baseline 0.002 -18"><span class='ocrx_word' id='word_1_651' title='bbox 2203 3057 2311 3115; x_wconf 89' lang='lat' dir='ltr'>hoc</span> <span class='ocrx_word' id='word_1_652' title='bbox 2348 3059 2549 3116; x_wconf 71' lang='lat' dir='ltr'>saeculo</span> <span class='ocrx_word' id='word_1_653' title='bbox 2578 3058 2742 3131; x_wconf 89' lang='lat' dir='ltr'>positi</span> <span class='ocrx_word' id='word_1_654' title='bbox 2770 3068 2962 3115; x_wconf 88' lang='lat' dir='ltr'>contra</span> <span class='ocrx_word' id='word_1_655' title='bbox 2988 3058 3238 3115; x_wconf 88' lang='lat' dir='ltr'>visibiles</span> <span class='ocrx_word' id='word_1_656' title='bbox 3267 3069 3323 3116; x_wconf 89' lang='lat' dir='ltr'>et</span> <span class='ocrx_word' id='word_1_657' title='bbox 3353 3059 3683 3118; x_wconf 83' lang='lat' dir='ltr'>invisibiles</span> <span class='ocrx_word' id='word_1_658' title='bbox 3722 3061 3808 3117; x_wconf 87' lang='lat' dir='ltr'>ho-</span> 
     </span>
    </p>
   </div>
   <div class='ocr_carea' id='block_1_92' title="bbox 2200 3147 3806 3224">
    <p class='ocr_par' dir='ltr' id='par_1_92' title="bbox 2200 3147 3806 3224">
     <span class='ocr_line' id='line_1_93' title="bbox 2200 3147 3806 3224; baseline 0.002 -21"><span class='ocrx_word' id='word_1_659' title='bbox 2200 3156 2310 3203; x_wconf 90' lang='lat' dir='ltr'>stes</span> <span class='ocrx_word' id='word_1_660' title='bbox 2338 3148 2555 3204; x_wconf 87' lang='lat' dir='ltr'>fortiter</span> <span class='ocrx_word' id='word_1_661' title='bbox 2584 3147 2939 3216; x_wconf 89' lang='lat' dir='ltr'>dimicarunt,</span> <span class='ocrx_word' id='word_1_662' title='bbox 2963 3148 3022 3204; x_wconf 92' lang='lat' dir='ltr'>in</span> <span class='ocrx_word' id='word_1_663' title='bbox 3039 3149 3243 3205; x_wconf 63' lang='lat' dir='ltr'>caelesti</span> <span class='ocrx_word' id='word_1_664' title='bbox 3266 3148 3626 3207; x_wconf 87' lang='lat' dir='ltr'>beatitudine</span> <span class='ocrx_word' id='word_1_665' title='bbox 3648 3151 3806 3224; x_wconf 83' lang='lat' dir='ltr'>possi-</span> 
     </span>
    </p>
   </div>
   <div class='ocr_carea' id='block_1_93' title="bbox 2199 3236 3804 3310">
    <p class='ocr_par' dir='ltr' id='par_1_93' title="bbox 2199 3236 3804 3310">
     <span class='ocr_line' id='line_1_94' title="bbox 2199 3236 3804 3310; baseline 0.004 -18"><span class='ocrx_word' id='word_1_666' title='bbox 2199 3236 2351 3294; x_wconf 91' lang='lat' dir='ltr'>dent.</span> <span class='ocrx_word' id='word_1_667' title='bbox 2378 3238 2579 3294; x_wconf 70' lang='lat' dir='ltr'>Palmaa</span> <span class='ocrx_word' id='word_1_668' title='bbox 2596 3245 2782 3293; x_wconf 90' lang='lat' dir='ltr'>autem</span> <span class='ocrx_word' id='word_1_669' title='bbox 2799 3239 3162 3310; x_wconf 74' lang='lat' dir='ltr'>praemiasunt</span> <span class='ocrx_word' id='word_1_670' title='bbox 3185 3240 3439 3296; x_wconf 68' lang='lat' dir='ltr'>victoriae</span> <span class='ocrx_word' id='word_1_671' title='bbox 3460 3252 3804 3306; x_wconf 87' lang='lat' dir='ltr'>sanctorum;</span> 
     </span>
    </p>
   </div>
   <div class='ocr_carea' id='block_1_94' title="bbox 2198 3326 3805 3400">
    <p class='ocr_par' dir='ltr' id='par_1_94' title="bbox 2198 3326 3805 3400">
     <span class='ocr_line' id='line_1_95' title="bbox 2198 3326 3805 3400; baseline 0.002 -18"><span class='ocrx_word' id='word_1_672' title='bbox 2198 3326 2292 3399; x_wconf 91' lang='lat' dir='ltr'>qui</span> <span class='ocrx_word' id='word_1_673' title='bbox 2324 3334 2379 3382; x_wconf 91' lang='lat' dir='ltr'>et</span> <span class='ocrx_word' id='word_1_674' title='bbox 2406 3343 2541 3384; x_wconf 91' lang='lat' dir='ltr'>voce</span> <span class='ocrx_word' id='word_1_675' title='bbox 2559 3343 2753 3400; x_wconf 87' lang='lat' dir='ltr'>magna</span> <span class='ocrx_word' id='word_1_676' title='bbox 2780 3328 3015 3383; x_wconf 90' lang='lat' dir='ltr'>clamare</span> <span class='ocrx_word' id='word_1_677' title='bbox 3045 3328 3308 3385; x_wconf 87' lang='lat' dir='ltr'>dicuntur</span> <span class='ocrx_word' id='word_1_678' title='bbox 3333 3347 3347 3385; x_wconf 90' lang='lat'>:</span> <span class='ocrx_word' id='word_1_679' title='bbox 3384 3330 3557 3385; x_wconf 82' lang='lat' dir='ltr'>Salus</span> <span class='ocrx_word' id='word_1_680' title='bbox 3582 3332 3696 3386; x_wconf 84' lang='lat' dir='ltr'>Deo</span> <span class='ocrx_word' id='word_1_681' title='bbox 3725 3350 3805 3385; x_wconf 77' lang='lat' dir='ltr'>na-</span> 
     </span>
    </p>
   </div>
   <div class='ocr_carea' id='block_1_95' title="bbox 2197 3416 3804 3490">
    <p class='ocr_par' dir='ltr' id='par_1_95' title="bbox 2197 3416 3804 3490">
     <span class='ocr_line' id='line_1_96' title="bbox 2197 3416 3804 3490; baseline 0.005 -21"><span class='ocrx_word' id='word_1_682' title='bbox 2197 3421 2330 3484; x_wconf 81' lang='lat' dir='ltr'>stro,</span> <span class='ocrx_word' id='word_1_683' title='bbox 2378 3416 2471 3487; x_wconf 90' lang='lat' dir='ltr'>qui</span> <span class='ocrx_word' id='word_1_684' title='bbox 2525 3417 2662 3472; x_wconf 82' lang='lat' dir='ltr'>sedet</span> <span class='ocrx_word' id='word_1_685' title='bbox 2716 3434 2875 3489; x_wconf 86' lang='lat' dir='ltr'>super</span> <span class='ocrx_word' id='word_1_686' title='bbox 2904 3418 3172 3485; x_wconf 86' lang='lat' dir='ltr'>thronum,</span> <span class='ocrx_word' id='word_1_687' title='bbox 3201 3423 3250 3472; x_wconf 89' lang='lat' dir='ltr'>et</span> <span class='ocrx_word' id='word_1_688' title='bbox 3276 3419 3458 3490; x_wconf 88' lang='lat' dir='ltr'>Agna,</span> <span class='ocrx_word' id='word_1_689' title='bbox 3492 3421 3676 3477; x_wconf 87' lang='lat' dir='ltr'>sancti</span> <span class='ocrx_word' id='word_1_690' title='bbox 3716 3423 3804 3477; x_wconf 89' lang='lat' dir='ltr'>Dei</span> 
     </span>
    </p>
   </div>
   <div class='ocr_carea' id='block_1_96' title="bbox 2197 3506 3804 3579">
    <p class='ocr_par' dir='ltr' id='par_1_96' title="bbox 2197 3506 3804 3579">
     <span class='ocr_line' id='line_1_97' title="bbox 2197 3506 3804 3579; baseline 0.004 -19"><span class='ocrx_word' id='word_1_691' title='bbox 2197 3521 2485 3579; x_wconf 89' lang='lat' dir='ltr'>nunquam</span> <span class='ocrx_word' id='word_1_692' title='bbox 2522 3516 2737 3565; x_wconf 90' lang='lat' dir='ltr'>cessant</span> <span class='ocrx_word' id='word_1_693' title='bbox 2765 3523 2797 3562; x_wconf 91' lang='lat' dir='ltr'>a</span> <span class='ocrx_word' id='word_1_694' title='bbox 2827 3506 3083 3563; x_wconf 89' lang='lat' dir='ltr'>laudibus</span> <span class='ocrx_word' id='word_1_695' title='bbox 3110 3507 3242 3574; x_wconf 88' lang='lat' dir='ltr'>Dei;</span> <span class='ocrx_word' id='word_1_696' title='bbox 3267 3523 3373 3564; x_wconf 91' lang='lat' dir='ltr'>nec</span> <span class='ocrx_word' id='word_1_697' title='bbox 3412 3518 3607 3566; x_wconf 88' lang='lat' dir='ltr'>tamen</span> <span class='ocrx_word' id='word_1_698' title='bbox 3660 3510 3804 3566; x_wconf 86' lang='lat' dir='ltr'>labor</span> 
     </span>
    </p>
   </div>
   <div class='ocr_carea' id='block_1_97' title="bbox 2182 3594 3802 3669">
    <p class='ocr_par' dir='ltr' id='par_1_97' title="bbox 2182 3594 3802 3669">
     <span class='ocr_line' id='line_1_98' title="bbox 2182 3594 3802 3669; baseline 0.006 -20"><span class='ocrx_word' id='word_1_699' title='bbox 2182 3598 2278 3650; x_wconf 86' lang='lat' dir='ltr'>&#39;est</span> <span class='ocrx_word' id='word_1_700' title='bbox 2311 3594 2369 3650; x_wconf 87' lang='lat' dir='ltr'>in</span> <span class='ocrx_word' id='word_1_701' title='bbox 2400 3595 2673 3653; x_wconf 90' lang='lat' dir='ltr'>laudando</span> <span class='ocrx_word' id='word_1_702' title='bbox 2699 3598 2898 3665; x_wconf 90' lang='lat' dir='ltr'>Deum,</span> <span class='ocrx_word' id='word_1_703' title='bbox 2951 3596 3083 3669; x_wconf 91' lang='lat' dir='ltr'>quia</span> <span class='ocrx_word' id='word_1_704' title='bbox 3106 3595 3251 3655; x_wconf 90' lang='lat' dir='ltr'>sicut</span> <span class='ocrx_word' id='word_1_705' title='bbox 3275 3597 3469 3655; x_wconf 88' lang='lat' dir='ltr'>dulcis</span> <span class='ocrx_word' id='word_1_706' title='bbox 3497 3606 3586 3657; x_wconf 86' lang='lat' dir='ltr'>est</span> <span class='ocrx_word' id='word_1_707' title='bbox 3611 3600 3802 3658; x_wconf 85' lang='lat' dir='ltr'>sanctis</span> 
     </span>
    </p>
   </div>
   <div class='ocr_carea' id='block_1_98' title="bbox 2195 3682 2983 3754">
    <p class='ocr_par' dir='ltr' id='par_1_98' title="bbox 2195 3682 2983 3754">
     <span class='ocr_line' id='line_1_99' title="bbox 2195 3682 2983 3754; baseline 0.003 -16"><span class='ocrx_word' id='word_1_708' title='bbox 2195 3682 2339 3739; x_wconf 90' lang='lat' dir='ltr'>visio</span> <span class='ocrx_word' id='word_1_709' title='bbox 2367 3685 2488 3754; x_wconf 90' lang='lat' dir='ltr'>Dei,</span> <span class='ocrx_word' id='word_1_710' title='bbox 2519 3685 2600 3744; x_wconf 88' lang='lat' dir='ltr'>sic</span> <span class='ocrx_word' id='word_1_711' title='bbox 2629 3692 2684 3741; x_wconf 90' lang='lat' dir='ltr'>et</span> <span class='ocrx_word' id='word_1_712' title='bbox 2714 3685 2832 3742; x_wconf 90' lang='lat' dir='ltr'>laus</span> <span class='ocrx_word' id='word_1_713' title='bbox 2859 3684 2983 3742; x_wconf 92' lang='lat' dir='ltr'>Dei.</span> 
     </span>
    </p>
   </div>
   <div class='ocr_carea' id='block_1_99' title="bbox 2269 3774 3795 3848">
    <p class='ocr_par' dir='ltr' id='par_1_99' title="bbox 2269 3774 3795 3848">
     <span class='ocr_line' id='line_1_100' title="bbox 2269 3774 3795 3848; baseline 0.003 -17"><span class='ocrx_word' id='word_1_714' title='bbox 2269 3774 2451 3844; x_wconf 89' lang='lat' dir='ltr'>(Vers.</span> <span class='ocrx_word' id='word_1_715' title='bbox 2486 3776 2571 3842; x_wconf 86' lang='grc'>11,</span> <span class='ocrx_word' id='word_1_716' title='bbox 2608 3776 2722 3848; x_wconf 83' lang='grc'>12.)</span> <span class='ocrx_word' id='word_1_717' title='bbox 2745 3778 2817 3833; x_wconf 89' lang='lat' dir='ltr'>Et</span> <span class='ocrx_word' id='word_1_718' title='bbox 2845 3790 3020 3832; x_wconf 82' lang='lat' dir='ltr'>omnes</span> <span class='ocrx_word' id='word_1_719' title='bbox 3049 3774 3223 3848; x_wconf 79' lang='lat' dir='ltr'>angéti</span> <span class='ocrx_word' id='word_1_720' title='bbox 3249 3776 3471 3833; x_wconf 79' lang='lat' dir='ltr'>stabant</span> <span class='ocrx_word' id='word_1_721' title='bbox 3500 3778 3563 3834; x_wconf 84' lang='lat' dir='ltr'>in</span> <span class='ocrx_word' id='word_1_722' title='bbox 3588 3780 3795 3835; x_wconf 66' lang='lat' dir='ltr'>circuitu</span> 
     </span>
    </p>
   </div>
   <div class='ocr_carea' id='block_1_100' title="bbox 2202 3864 3791 3939">
    <p class='ocr_par' dir='ltr' id='par_1_100' title="bbox 2202 3864 3791 3939">
     <span class='ocr_line' id='line_1_101' title="bbox 2202 3864 3791 3939; baseline 0.005 -21"><span class='ocrx_word' id='word_1_723' title='bbox 2202 3864 2399 3934; x_wconf 83' lang='lat' dir='ltr'>throni,</span> <span class='ocrx_word' id='word_1_724' title='bbox 2434 3872 2482 3921; x_wconf 87' lang='lat' dir='ltr'>et</span> <span class='ocrx_word' id='word_1_725' title='bbox 2509 3867 2799 3937; x_wconf 86' lang='lat' dir='ltr'>seniorum,</span> <span class='ocrx_word' id='word_1_726' title='bbox 2828 3873 2875 3923; x_wconf 84' lang='lat' dir='ltr'>et</span> <span class='ocrx_word' id='word_1_727' title='bbox 2904 3873 3136 3938; x_wconf 86' lang='lat' dir='ltr'>quatuor</span> <span class='ocrx_word' id='word_1_728' title='bbox 3161 3867 3521 3939; x_wconf 81' lang='lat' dir='ltr'>animalium,</span> <span class='ocrx_word' id='word_1_729' title='bbox 3549 3877 3601 3925; x_wconf 83' lang='lat' dir='ltr'>et</span> <span class='ocrx_word' id='word_1_730' title='bbox 3627 3870 3791 3926; x_wconf 74' lang='lat' dir='ltr'>cecide-</span> 
     </span>
    </p>
   </div>
   <div class='ocr_carea' id='block_1_101' title="bbox 2197 3955 3793 4028">
    <p class='ocr_par' dir='ltr' id='par_1_101' title="bbox 2197 3955 3793 4028">
     <span class='ocr_line' id='line_1_102' title="bbox 2197 3955 3793 4028; baseline 0.003 -20"><span class='ocrx_word' id='word_1_731' title='bbox 2197 3960 2328 4010; x_wconf 85' lang='lat' dir='ltr'>runt</span> <span class='ocrx_word' id='word_1_732' title='bbox 2366 3955 2423 4010; x_wconf 88' lang='lat' dir='ltr'>in</span> <span class='ocrx_word' id='word_1_733' title='bbox 2458 3957 2627 4012; x_wconf 84' lang='lat' dir='ltr'>medio</span> <span class='ocrx_word' id='word_1_734' title='bbox 2673 3957 2849 4013; x_wconf 83' lang='lat' dir='ltr'>throni</span> <span class='ocrx_word' id='word_1_735' title='bbox 2886 3957 2944 4011; x_wconf 86' lang='lat' dir='ltr'>in</span> <span class='ocrx_word' id='word_1_736' title='bbox 2986 3955 3150 4028; x_wconf 81' lang='lat' dir='ltr'>facies</span> <span class='ocrx_word' id='word_1_737' title='bbox 3178 3973 3329 4026; x_wconf 81' lang='lat' dir='ltr'>suas,</span> <span class='ocrx_word' id='word_1_738' title='bbox 3361 3964 3411 4013; x_wconf 90' lang='lat' dir='ltr'>et</span> <span class='ocrx_word' id='word_1_739' title='bbox 3439 3960 3793 4017; x_wconf 75' lang='lat' dir='ltr'>adoraoerunt</span> 
     </span>
    </p>
   </div>
   <div class='ocr_carea' id='block_1_102' title="bbox 2197 4045 3791 4121">
    <p class='ocr_par' dir='ltr' id='par_1_102' title="bbox 2197 4045 3791 4121">
     <span class='ocr_line' id='line_1_103' title="bbox 2197 4045 3791 4121; baseline 0.004 -20"><span class='ocrx_word' id='word_1_740' title='bbox 2197 4045 2388 4113; x_wconf 87' lang='lat' dir='ltr'>Deum,</span> <span class='ocrx_word' id='word_1_741' title='bbox 2414 4048 2671 4104; x_wconf 63' lang='lat' dir='ltr'>dicatus:</span> <span class='ocrx_word' id='word_1_742' title='bbox 2703 4048 2893 4117; x_wconf 85' lang='lat' dir='ltr'>Amen,</span> <span class='ocrx_word' id='word_1_743' title='bbox 2923 4048 3225 4114; x_wconf 82' lang='lat' dir='ltr'>benedictio,</span> <span class='ocrx_word' id='word_1_744' title='bbox 3263 4054 3312 4104; x_wconf 85' lang='lat' dir='ltr'>et</span> <span class='ocrx_word' id='word_1_745' title='bbox 3350 4050 3607 4121; x_wconf 81' lang='lat' dir='ltr'>claritas,</span> <span class='ocrx_word' id='word_1_746' title='bbox 3638 4058 3685 4107; x_wconf 87' lang='lat' dir='ltr'>et</span> <span class='ocrx_word' id='word_1_747' title='bbox 3708 4069 3791 4107; x_wconf 82' lang='lat' dir='ltr'>sa-</span> 
     </span>
    </p>
   </div>
   <div class='ocr_carea' id='block_1_103' title="bbox 2188 4134 3791 4211">
    <p class='ocr_par' dir='ltr' id='par_1_103' title="bbox 2188 4134 3791 4211">
     <span class='ocr_line' id='line_1_104' title="bbox 2188 4134 3791 4211; baseline 0.004 -22"><span class='ocrx_word' id='word_1_748' title='bbox 2188 4134 2416 4207; x_wconf 84' lang='lat' dir='ltr'>pientia,</span> <span class='ocrx_word' id='word_1_749' title='bbox 2445 4143 2495 4192; x_wconf 85' lang='lat' dir='ltr'>et</span> <span class='ocrx_word' id='word_1_750' title='bbox 2520 4136 2823 4209; x_wconf 88' lang='lat' dir='ltr'>gratiarum</span> <span class='ocrx_word' id='word_1_751' title='bbox 2850 4137 3010 4204; x_wconf 84' lang='lat' dir='ltr'>actio,</span> <span class='ocrx_word' id='word_1_752' title='bbox 3033 4138 3219 4206; x_wconf 84' lang='lat' dir='ltr'>honor,</span> <span class='ocrx_word' id='word_1_753' title='bbox 3251 4143 3303 4193; x_wconf 82' lang='lat' dir='ltr'>et</span> <span class='ocrx_word' id='word_1_754' title='bbox 3344 4140 3548 4209; x_wconf 77' lang='lat' dir='ltr'>virtus,</span> <span class='ocrx_word' id='word_1_755' title='bbox 3580 4148 3630 4197; x_wconf 84' lang='lat' dir='ltr'>ct</span> <span class='ocrx_word' id='word_1_756' title='bbox 3655 4141 3791 4211; x_wconf 84' lang='lat' dir='ltr'>forti-</span> 
     </span>
    </p>
   </div>
   <div class='ocr_carea' id='block_1_104' title="bbox 2197 4225 3792 4303">
    <p class='ocr_par' dir='ltr' id='par_1_104' title="bbox 2197 4225 3792 4303">
     <span class='ocr_line' id='line_1_105' title="bbox 2197 4225 3792 4303; baseline 0.004 -24"><span class='ocrx_word' id='word_1_757' title='bbox 2197 4225 2323 4279; x_wconf 87' lang='lat' dir='ltr'>tudo</span> <span class='ocrx_word' id='word_1_758' title='bbox 2352 4226 2461 4280; x_wconf 88' lang='lat' dir='ltr'>Dea</span> <span class='ocrx_word' id='word_1_759' title='bbox 2490 4232 2671 4281; x_wconf 87' lang='lat' dir='ltr'>nostra</span> <span class='ocrx_word' id='word_1_760' title='bbox 2702 4226 2759 4280; x_wconf 85' lang='lat' dir='ltr'>in</span> <span class='ocrx_word' id='word_1_761' title='bbox 2780 4227 2974 4282; x_wconf 67' lang='lat' dir='ltr'>saecula</span> <span class='ocrx_word' id='word_1_762' title='bbox 3009 4228 3346 4297; x_wconf 65' lang='lat' dir='ltr'>saeculorum,</span> <span class='ocrx_word' id='word_1_763' title='bbox 3394 4246 3580 4286; x_wconf 81' lang='lat' dir='ltr'>amen.</span> <span class='ocrx_word' id='word_1_764' title='bbox 3630 4231 3792 4303; x_wconf 87' lang='lat' dir='ltr'>Supe-</span> 
     </span>
    </p>
   </div>
   <div class='ocr_carea' id='block_1_105' title="bbox 2194 4313 3789 4390">
    <p class='ocr_par' dir='ltr' id='par_1_105' title="bbox 2194 4313 3789 4390">
     <span class='ocr_line' id='line_1_106' title="bbox 2194 4313 3789 4390; baseline 0.003 -21"><span class='ocrx_word' id='word_1_765' title='bbox 2194 4313 2312 4370; x_wconf 90' lang='lat' dir='ltr'>rius</span> <span class='ocrx_word' id='word_1_766' title='bbox 2343 4316 2521 4372; x_wconf 91' lang='lat' dir='ltr'>millia</span> <span class='ocrx_word' id='word_1_767' title='bbox 2550 4316 2791 4373; x_wconf 90' lang='lat' dir='ltr'>millium</span> <span class='ocrx_word' id='word_1_768' title='bbox 2820 4317 3142 4390; x_wconf 88' lang='lat' dir='ltr'>angelorum</span> <span class='ocrx_word' id='word_1_769' title='bbox 3195 4318 3253 4373; x_wconf 90' lang='lat' dir='ltr'>in</span> <span class='ocrx_word' id='word_1_770' title='bbox 3305 4317 3562 4377; x_wconf 87' lang='lat' dir='ltr'>circuitu</span> <span class='ocrx_word' id='word_1_771' title='bbox 3622 4319 3789 4376; x_wconf 86' lang='lat' dir='ltr'>throni</span> 
     </span>
    </p>
   </div>
   <div class='ocr_carea' id='block_1_106' title="bbox 2195 4409 3789 4471">
    <p class='ocr_par' dir='ltr' id='par_1_106' title="bbox 2195 4409 3789 4471">
     <span class='ocr_line' id='line_1_107' title="bbox 2195 4409 3789 4471; baseline 0.003 -7"><span class='ocrx_word' id='word_1_772' title='bbox 2195 4409 2370 4464; x_wconf 91' lang='lat' dir='ltr'>Deum</span> <span class='ocrx_word' id='word_1_773' title='bbox 2401 4409 2623 4466; x_wconf 87' lang='lat' dir='ltr'>laudare</span> <span class='ocrx_word' id='word_1_774' title='bbox 2669 4410 2970 4467; x_wconf 90' lang='lat' dir='ltr'>dicuntur:</span> <span class='ocrx_word' id='word_1_775' title='bbox 3012 4409 3106 4468; x_wconf 91' lang='lat' dir='ltr'>hic</span> <span class='ocrx_word' id='word_1_776' title='bbox 3141 4418 3323 4468; x_wconf 91' lang='lat' dir='ltr'>autem</span> <span class='ocrx_word' id='word_1_777' title='bbox 3366 4414 3535 4469; x_wconf 89' lang='lat' dir='ltr'>nullo</span> <span class='ocrx_word' id='word_1_778' title='bbox 3582 4429 3789 4471; x_wconf 87' lang='lat' dir='ltr'>numero</span> 
     </span>
    </p>
   </div>
   <div class='ocr_carea' id='block_1_107' title="bbox 2192 4498 3788 4570">
    <p class='ocr_par' dir='ltr' id='par_1_107' title="bbox 2192 4498 3788 4570">
     <span class='ocr_line' id='line_1_108' title="bbox 2192 4498 3788 4570; baseline 0.003 -18"><span class='ocrx_word' id='word_1_779' title='bbox 2192 4498 2757 4570; x_wconf 89' lang='lat' dir='ltr'>comprehenduntur,</span> <span class='ocrx_word' id='word_1_780' title='bbox 2810 4501 2905 4557; x_wconf 91' lang='lat' dir='ltr'>sed</span> <span class='ocrx_word' id='word_1_781' title='bbox 2968 4516 3160 4556; x_wconf 91' lang='lat' dir='ltr'>omnes</span> <span class='ocrx_word' id='word_1_782' title='bbox 3205 4500 3266 4555; x_wconf 90' lang='lat' dir='ltr'>in</span> <span class='ocrx_word' id='word_1_783' title='bbox 3321 4500 3576 4559; x_wconf 85' lang='lat' dir='ltr'>circuitu</span> <span class='ocrx_word' id='word_1_784' title='bbox 3625 4499 3788 4559; x_wconf 88' lang='lat' dir='ltr'>throni</span> 
     </span>
    </p>
   </div>
   <div class='ocr_carea' id='block_1_108' title="bbox 2190 4588 3788 4667">
    <p class='ocr_par' dir='ltr' id='par_1_108' title="bbox 2190 4588 3788 4667">
     <span class='ocr_line' id='line_1_109' title="bbox 2190 4588 3788 4667; baseline 0.003 -21"><span class='ocrx_word' id='word_1_785' title='bbox 2190 4596 2333 4646; x_wconf 89' lang='lat' dir='ltr'>stare</span> <span class='ocrx_word' id='word_1_786' title='bbox 2381 4588 2667 4647; x_wconf 90' lang='lat' dir='ltr'>dicuntur.</span> <span class='ocrx_word' id='word_1_787' title='bbox 2717 4592 3017 4648; x_wconf 88' lang='lat' dir='ltr'>Possumus</span> <span class='ocrx_word' id='word_1_788' title='bbox 3063 4608 3160 4665; x_wconf 86' lang='lat' dir='ltr'>per</span> <span class='ocrx_word' id='word_1_789' title='bbox 3204 4592 3526 4665; x_wconf 89' lang='lat' dir='ltr'>superiores</span> <span class='ocrx_word' id='word_1_790' title='bbox 3563 4596 3788 4667; x_wconf 75' lang='lat' dir='ltr'>angelos.</span> 
     </span>
    </p>
   </div>
   <div class='ocr_carea' id='block_1_109' title="bbox 2199 4680 3790 4759">
    <p class='ocr_par' dir='ltr' id='par_1_109' title="bbox 2199 4680 3790 4759">
     <span class='ocr_line' id='line_1_110' title="bbox 2199 4680 3790 4759; baseline 0.003 -25"><span class='ocrx_word' id='word_1_791' title='bbox 2199 4680 2292 4753; x_wconf 90' lang='lat' dir='ltr'>qni</span> <span class='ocrx_word' id='word_1_792' title='bbox 2324 4696 2555 4737; x_wconf 90' lang='lat' dir='ltr'>numero</span> <span class='ocrx_word' id='word_1_793' title='bbox 2575 4681 3140 4755; x_wconf 85' lang='lat' dir='ltr'>comprehenduntur,</span> <span class='ocrx_word' id='word_1_794' title='bbox 3174 4697 3266 4738; x_wconf 90' lang='lat' dir='ltr'>eos</span> <span class='ocrx_word' id='word_1_795' title='bbox 3281 4682 3603 4757; x_wconf 88' lang='lat' dir='ltr'>intelligere</span> <span class='ocrx_word' id='word_1_796' title='bbox 3623 4686 3719 4759; x_wconf 90' lang='lat' dir='ltr'>qui</span> <span class='ocrx_word' id='word_1_797' title='bbox 3735 4682 3790 4740; x_wconf 86' lang='lat' dir='ltr'>ad</span> 
     </span>
    </p>
   </div>
   <div class='ocr_carea' id='block_1_110' title="bbox 2197 4775 3790 4838">
    <p class='ocr_par' dir='ltr' id='par_1_110' title="bbox 2197 4775 3790 4838">
     <span class='ocr_line' id='line_1_111' title="bbox 2197 4775 3790 4838; baseline 0.002 -6"><span class='ocrx_word' id='word_1_798' title='bbox 2197 4775 2415 4832; x_wconf 87' lang='lat' dir='ltr'>diversa</span> <span class='ocrx_word' id='word_1_799' title='bbox 2460 4776 2641 4834; x_wconf 79' lang='lat' dir='ltr'>ofﬁcia</span> <span class='ocrx_word' id='word_1_800' title='bbox 2695 4778 2754 4834; x_wconf 92' lang='lat' dir='ltr'>in</span> <span class='ocrx_word' id='word_1_801' title='bbox 2796 4778 3005 4835; x_wconf 89' lang='lat' dir='ltr'>mundo</span> <span class='ocrx_word' id='word_1_802' title='bbox 3040 4777 3430 4836; x_wconf 89' lang='lat' dir='ltr'>destinantur:</span> <span class='ocrx_word' id='word_1_803' title='bbox 3488 4797 3589 4838; x_wconf 85' lang='lat' dir='ltr'>eos</span> <span class='ocrx_word' id='word_1_804' title='bbox 3628 4792 3790 4838; x_wconf 86' lang='lat' dir='ltr'>autem</span> 
     </span>
    </p>
   </div>
   <div class='ocr_carea' id='block_1_111' title="bbox 2201 4866 3792 4943">
    <p class='ocr_par' dir='ltr' id='par_1_111' title="bbox 2201 4866 3792 4943">
     <span class='ocr_line' id='line_1_112' title="bbox 2201 4866 3792 4943; baseline 0.003 -21"><span class='ocrx_word' id='word_1_805' title='bbox 2201 4866 2294 4938; x_wconf 92' lang='lat' dir='ltr'>qui</span> <span class='ocrx_word' id='word_1_806' title='bbox 2328 4867 2450 4923; x_wconf 92' lang='lat' dir='ltr'>sine</span> <span class='ocrx_word' id='word_1_807' title='bbox 2488 4884 2720 4925; x_wconf 88' lang='lat' dir='ltr'>numero</span> <span class='ocrx_word' id='word_1_808' title='bbox 2763 4878 3063 4942; x_wconf 90' lang='lat' dir='ltr'>ponuntur,</span> <span class='ocrx_word' id='word_1_809' title='bbox 3096 4869 3222 4926; x_wconf 89' lang='lat' dir='ltr'>illos</span> <span class='ocrx_word' id='word_1_810' title='bbox 3250 4870 3345 4943; x_wconf 93' lang='lat' dir='ltr'>qui</span> <span class='ocrx_word' id='word_1_811' title='bbox 3386 4871 3448 4926; x_wconf 90' lang='lat' dir='ltr'>in</span> <span class='ocrx_word' id='word_1_812' title='bbox 3489 4872 3792 4929; x_wconf 65' lang='lat' dir='ltr'>caelestibus</span> 
     </span>
    </p>
   </div>
   <div class='ocr_carea' id='block_1_112' title="bbox 2198 4960 3788 5034">
    <p class='ocr_par' dir='ltr' id='par_1_112' title="bbox 2198 4960 3788 5034">
     <span class='ocr_line' id='line_1_113' title="bbox 2198 4960 3788 5034; baseline 0.001 -19"><span class='ocrx_word' id='word_1_813' title='bbox 2198 4974 2322 5015; x_wconf 93' lang='lat' dir='ltr'>cum</span> <span class='ocrx_word' id='word_1_814' title='bbox 2353 4960 2593 5017; x_wconf 89' lang='lat' dir='ltr'>Domino</span> <span class='ocrx_word' id='word_1_815' title='bbox 2618 4971 3034 5018; x_wconf 88' lang='lat' dir='ltr'>conversantur.</span> <span class='ocrx_word' id='word_1_816' title='bbox 3067 4960 3172 5018; x_wconf 90' lang='lat' dir='ltr'>Sed</span> <span class='ocrx_word' id='word_1_817' title='bbox 3201 4969 3255 5018; x_wconf 92' lang='lat' dir='ltr'>et</span> <span class='ocrx_word' id='word_1_818' title='bbox 3281 4960 3377 5018; x_wconf 92' lang='lat' dir='ltr'>hic</span> <span class='ocrx_word' id='word_1_819' title='bbox 3399 4970 3621 5034; x_wconf 87' lang='lat' dir='ltr'>septem</span> <span class='ocrx_word' id='word_1_820' title='bbox 3652 4963 3788 5019; x_wconf 70' lang='lat' dir='ltr'>bene</span> 
     </span>
    </p>
   </div>
   <div class='ocr_carea' id='block_1_113' title="bbox 2204 5049 3787 5124">
    <p class='ocr_par' dir='ltr' id='par_1_113' title="bbox 2204 5049 3787 5124">
     <span class='ocr_line' id='line_1_114' title="bbox 2204 5049 3787 5124; baseline 0.001 -16"><span class='ocrx_word' id='word_1_821' title='bbox 2204 5050 2480 5108; x_wconf 90' lang='lat' dir='ltr'>dictiones</span> <span class='ocrx_word' id='word_1_822' title='bbox 2527 5058 2830 5124; x_wconf 88' lang='lat' dir='ltr'>ponuntur,</span> <span class='ocrx_word' id='word_1_823' title='bbox 2861 5050 3006 5107; x_wconf 90' lang='lat' dir='ltr'>sicut</span> <span class='ocrx_word' id='word_1_824' title='bbox 3033 5049 3304 5124; x_wconf 88' lang='lat' dir='ltr'>superius,</span> <span class='ocrx_word' id='word_1_825' title='bbox 3344 5059 3410 5107; x_wconf 91' lang='lat' dir='ltr'>ut</span> <span class='ocrx_word' id='word_1_826' title='bbox 3458 5051 3787 5109; x_wconf 74' lang='lat' dir='ltr'>demonstret</span> 
     </span>
    </p>
   </div>
   <div class='ocr_carea' id='block_1_114' title="bbox 2193 5140 3786 5215">
    <p class='ocr_par' dir='ltr' id='par_1_114' title="bbox 2193 5140 3786 5215">
     <span class='ocr_line' id='line_1_115' title="bbox 2193 5140 3786 5215; baseline 0.001 -19"><span class='ocrx_word' id='word_1_827' title='bbox 2193 5140 2384 5197; x_wconf 89' lang='lat' dir='ltr'>eodem</span> <span class='ocrx_word' id='word_1_828' title='bbox 2417 5140 2581 5197; x_wconf 90' lang='lat' dir='ltr'>modo</span> <span class='ocrx_word' id='word_1_829' title='bbox 2619 5150 2672 5197; x_wconf 91' lang='lat' dir='ltr'>et</span> <span class='ocrx_word' id='word_1_830' title='bbox 2696 5140 2831 5197; x_wconf 90' lang='lat' dir='ltr'>istos</span> <span class='ocrx_word' id='word_1_831' title='bbox 2875 5140 3200 5197; x_wconf 88' lang='lat' dir='ltr'>benedicere</span> <span class='ocrx_word' id='word_1_832' title='bbox 3252 5141 3453 5209; x_wconf 88' lang='lat' dir='ltr'>Deum,</span> <span class='ocrx_word' id='word_1_833' title='bbox 3498 5143 3603 5215; x_wconf 84' lang='lat' dir='ltr'>qui</span> <span class='ocrx_word' id='word_1_834' title='bbox 3636 5156 3786 5198; x_wconf 89' lang='lat' dir='ltr'>mun-</span> 
     </span>
    </p>
   </div>
   <div class='ocr_carea' id='block_1_115' title="bbox 2193 5227 3782 5305">
    <p class='ocr_par' dir='ltr' id='par_1_115' title="bbox 2193 5227 3782 5305">
     <span class='ocr_line' id='line_1_116' title="bbox 2193 5227 3782 5305; baseline -0.003 -18"><span class='ocrx_word' id='word_1_835' title='bbox 2193 5230 2327 5287; x_wconf 91' lang='lat' dir='ltr'>dum</span> <span class='ocrx_word' id='word_1_836' title='bbox 2356 5246 2457 5285; x_wconf 91' lang='lat' dir='ltr'>sua</span> <span class='ocrx_word' id='word_1_837' title='bbox 2484 5230 2879 5301; x_wconf 86' lang='lat' dir='ltr'>gubernatione</span> <span class='ocrx_word' id='word_1_838' title='bbox 2918 5236 3166 5297; x_wconf 91' lang='lat' dir='ltr'>tuentur,</span> <span class='ocrx_word' id='word_1_839' title='bbox 3196 5227 3343 5285; x_wconf 88' lang='lat' dir='ltr'>sicut</span> <span class='ocrx_word' id='word_1_840' title='bbox 3370 5238 3428 5286; x_wconf 90' lang='lat' dir='ltr'>et</span> <span class='ocrx_word' id='word_1_841' title='bbox 3454 5229 3591 5289; x_wconf 87' lang='lat' dir='ltr'>illos</span> <span class='ocrx_word' id='word_1_842' title='bbox 3621 5230 3717 5305; x_wconf 88' lang='lat' dir='ltr'>qui</span> <span class='ocrx_word' id='word_1_843' title='bbox 3738 5228 3782 5283; x_wconf 89' lang='lat' dir='ltr'>in</span> 
     </span>
    </p>
   </div>
   <div class='ocr_carea' id='block_1_116' title="bbox 2191 5318 3396 5376">
    <p class='ocr_par' dir='ltr' id='par_1_116' title="bbox 2191 5318 3396 5376">
     <span class='ocr_line' id='line_1_117' title="bbox 2191 5318 3396 5376; baseline -0.001 0"><span class='ocrx_word' id='word_1_844' title='bbox 2191 5318 2507 5376; x_wconf 77' lang='lat' dir='ltr'>ccelestibus</span> <span class='ocrx_word' id='word_1_845' title='bbox 2532 5335 2658 5376; x_wconf 91' lang='lat' dir='ltr'>cum</span> <span class='ocrx_word' id='word_1_846' title='bbox 2692 5319 2931 5375; x_wconf 89' lang='lat' dir='ltr'>Domino</span> <span class='ocrx_word' id='word_1_847' title='bbox 2959 5326 3396 5375; x_wconf 81' lang='lat' dir='ltr'>commorantur.</span> 
     </span>
    </p>
   </div>
   <div class='ocr_carea' id='block_1_117' title="bbox 2191 5462 3782 5590">
    <p class='ocr_par' dir='ltr' id='par_1_117' title="bbox 2191 5462 3782 5590">
     <span class='ocr_line' id='line_1_118' title="bbox 2191 5462 3782 5590; baseline 0.001 -71"><span class='ocrx_word' id='word_1_848' title='bbox 2191 5470 2313 5538; x_wconf 89' lang='lat' dir='ltr'>post</span> <span class='ocrx_word' id='word_1_849' title='bbox 2362 5480 2552 5521; x_wconf 88' lang='lat' dir='ltr'>vocem</span> <span class='ocrx_word' id='word_1_850' title='bbox 2627 5464 2769 5590; x_wconf 60' lang='lat' dir='ltr'>Agni</span> <span class='ocrx_word' id='word_1_851' title='bbox 2809 5462 3063 5521; x_wconf 87' lang='lat' dir='ltr'>addidit:</span> <span class='ocrx_word' id='word_1_852' title='bbox 3113 5465 3295 5521; x_wconf 85' lang='lat' dir='ltr'>amicti</span> <span class='ocrx_word' id='word_1_853' title='bbox 3335 5466 3491 5524; x_wconf 81' lang='lat' dir='ltr'>stolis</span> <span class='ocrx_word' id='word_1_854' title='bbox 3542 5469 3702 5537; x_wconf 83' lang='lat' dir='ltr'>albis,</span> <span class='ocrx_word' id='word_1_855' title='bbox 3747 5471 3782 5520; x_wconf 72' lang='lat' dir='ltr'>et</span> 
     </span>
     <span class='ocr_line' id='line_1_119' title="bbox 2191 5536 3782 5590; baseline 0 0"><span class='ocrx_word' id='word_1_856' title='bbox 2191 5537 2381 5590; x_wconf 69' lang='lat' dir='ltr'>palma:</span> <span class='ocrx_word' id='word_1_857' title='bbox 2424 5538 2481 5590; x_wconf 87' lang='lat' dir='ltr'>in</span> <span class='ocrx_word' id='word_1_858' title='bbox 2523 5536 2670 5590; x_wconf 85' lang='lat' dir='ltr'>mani</span> <span class='ocrx_word' id='word_1_859' title='bbox 2704 5553 2766 5590; x_wconf 85' lang='lat' dir='ltr'>us</span> <span class='ocrx_word' id='word_1_860' title='bbox 2805 5552 3005 5590; x_wconf 88' lang='lat' dir='ltr'>eorum.</span> <span class='ocrx_word' id='word_1_861' title='bbox 3038 5537 3390 5590; x_wconf 74' lang='lat' dir='ltr'>Post‘vocem</span> <span class='ocrx_word' id='word_1_862' title='bbox 3419 5541 3782 5590; x_wconf 68' lang='lat' dir='ltr'>verodimntes</span> 
     </span>
    </p>
   </div>
   <div class='ocr_carea' id='block_1_118' title="bbox 2183 5536 3782 5608">
    <p class='ocr_par' dir='ltr' id='par_1_118' title="bbox 2183 5536 3782 5608">
     <span class='ocr_line' id='line_1_120' title="bbox 2183 5536 3782 5608; baseline 0.003 -17"><span class='ocrx_word' id='word_1_863' title='bbox 2183 5536 2381 5608; x_wconf 70' lang='lat' dir='ltr'>palma:</span> <span class='ocrx_word' id='word_1_864' title='bbox 2419 5538 2481 5608; x_wconf 83' lang='lat' dir='ltr'>in</span> <span class='ocrx_word' id='word_1_865' title='bbox 2523 5536 2766 5592; x_wconf 83' lang='lat' dir='ltr'>manibus</span> <span class='ocrx_word' id='word_1_866' title='bbox 2805 5552 3005 5592; x_wconf 86' lang='lat' dir='ltr'>eorum.</span> <span class='ocrx_word' id='word_1_867' title='bbox 3038 5537 3391 5594; x_wconf 76' lang='lat' dir='ltr'>Post‘vocem</span> <span class='ocrx_word' id='word_1_868' title='bbox 3419 5536 3782 5598; x_wconf 70' lang='lat' dir='ltr'>verodicenles</span> 
     </span>
    </p>
   </div>
   <div class='ocr_carea' id='block_1_119' title="bbox 2190 5607 3353 5682">
    <p class='ocr_par' dir='ltr' id='par_1_119' title="bbox 2190 5607 3353 5682">
     <span class='ocr_line' id='line_1_121' title="bbox 2190 5607 3353 5682; baseline 0.002 -19"><span class='ocrx_word' id='word_1_869' title='bbox 2190 5607 2475 5678; x_wconf 82' lang='lat' dir='ltr'>resecavit,</span> <span class='ocrx_word' id='word_1_870' title='bbox 2509 5609 2668 5667; x_wconf 81' lang='lat' dir='ltr'>Salus</span> <span class='ocrx_word' id='word_1_871' title='bbox 2694 5608 2803 5666; x_wconf 87' lang='lat' dir='ltr'>Deo</span> <span class='ocrx_word' id='word_1_872' title='bbox 2830 5613 3082 5665; x_wconf 83' lang='lat' dir='ltr'>nostra...</span> <span class='ocrx_word' id='word_1_873' title='bbox 3113 5615 3163 5664; x_wconf 86' lang='lat' dir='ltr'>et</span> <span class='ocrx_word' id='word_1_874' title='bbox 3181 5608 3353 5682; x_wconf 81' lang='lat' dir='ltr'>Agna.</span> 
     </span>
    </p>
   </div>
  </div>
