3880 6198
124 201 235 262 929

1045 204 1502 265 BERENGAUDI
1540 204 1915 266 EXPOSI'I‘IO
1953 206 2028 268 IN
2067 206 2569 270 APOCALYPSIN.

3335 214 3438 275 930

200 333 385 404 (Vers.
422 332 510 402 13,
542 333 655 406 14.)
687 335 760 390 Et
798 336 1115 406 respondens
1143 352 1281 391 unus
1326 335 1390 391 de
1428 336 1724 392 senioribus
1751 360 1801 419 Α
1835 336 2166 394 credendum
2199 346 2298 394 est.
2348 339 2485 395 Justi
2535 355 2771 413 namque
2822 343 2881 397 in
2934 342 3038 398 hac
3085 343 3201 399 vita
3247 345 3433 417 positi,

126 421 271 476 dixit
289 420 420 475 mihi
440 438 457 475 :
491 422 540 477 Ii
559 422 652 492 qui
687 422 867 478 amicti
902 431 1027 479 sunt
1051 424 1200 480 stolis
1226 426 1385 494 albis,
1414 426 1508 496 qui
1536 432 1659 481 sunt
1682 432 1731 480 et

125 510 265 565 unde
293 512 590 566 venerunt?
622 512 695 566 Et
723 513 843 567 dimi
866 513 985 569 illi:
1020 514 1240 570 Domine
1270 515 1362 582 mi,
1398 521 1453 569 tu
1480 516 1601 570 scis.
1642 515 1727 570 In-

126 605 382 670 terrogat,
417 606 477 654 ut
504 598 697 655 doceat
726 619 739 668 ;
774 617 871 673 per
902 602 1172 658 seniorem
1208 620 1442 676 namque
1475 603 1728 660 doctores

126 688 421 744 Ecclesia:
445 705 542 760 per
571 690 834 746 Joannem
867 708 997 747 vero
1012 691 1292 748 auditores
1314 692 1724 765 intelliguntur.

125 778 260 832 Nam
309 778 692 849 pradicatores
738 781 911 838 sancti
961 782 1187 854 gloriam
1236 784 1551 839 animarum
1608 798 1726 837 san-

124 872 336 921 ctarum
359 867 779 941 quibuscumque
810 870 987 926 modis
1017 879 1265 942 possunt,
1292 872 1555 927 intimant
1575 869 1727 926 audi-

126 953 338 1010 toribus
375 956 489 1011 suis
518 975 531 1023 ;
558 964 621 1012 ut
650 966 859 1015 mentes
896 976 1083 1015 eorum
1114 961 1181 1016 ad
1212 976 1456 1016 amorem
1487 959 1729 1016 caelestis

126 1043 314 1116 patria
343 1045 659 1103 accendant.
692 1049 765 1103 Et
790 1048 1083 1104 dia-itmihi
1109 1067 1126 1104 :
1160 1049 1209 1105 Ii
1229 1050 1458 1120 suntqui
1475 1056 1723 1104 venerunt

124 1150 188 1188 ea:
242 1150 436 1204 magna
492 1135 862 1206 tribulatione;
918 1145 965 1193 et
1010 1141 1254 1197 laverunt
1290 1143 1454 1198 stolas
1501 1160 1647 1211 suas,
1679 1150 1728 1197 et

122 1222 501 1279 dealbaverunt
524 1242 612 1280 eas
638 1225 695 1280 in
724 1229 978 1298 sanguine
1027 1230 1189 1301 Agui.
1244 1232 1347 1288 Hic
1387 1230 1727 1287 demonstrat

123 1329 229 1369 non
272 1312 341 1368 ad
373 1314 595 1383 electos,
627 1316 721 1388 qui
757 1316 813 1372 in
836 1317 940 1376 hac
967 1320 1081 1376 vita
1108 1321 1382 1387 laborant,
1414 1321 1507 1377 sed
1537 1320 1602 1377 ad
1631 1337 1724 1376 eos

120 1402 212 1476 qui
253 1403 313 1458 in
356 1404 562 1460 calesti
589 1405 705 1462 vita
732 1425 858 1464 cum
890 1411 1130 1467 Domino
1181 1412 1554 1485 requiescunt,
1606 1411 1725 1468 hac

121 1491 416 1563 pertinere.
447 1493 569 1549 Non
599 1495 745 1551 enim
779 1499 956 1555 sancti
1004 1499 1072 1555 de
1113 1517 1311 1573 magna
1339 1501 1720 1572 tribulatione,

118 1579 207 1635 sed
236 1580 305 1636 ad
333 1598 554 1654 magnas
583 1583 969 1644 tribulationes
989 1588 1339 1660 perferendas
1369 1590 1427 1645 in
1454 1588 1722 1644 mundum

118 1669 370 1739 veniunt,
395 1672 537 1728 sicut
556 1672 694 1729 dicit
718 1673 977 1731 Salomon
1008 1677 1149 1748 (85):
1171 1677 1371 1734 «Homo
1391 1678 1457 1733 ad
1478 1677 1721 1733 laborem

120 1759 382 1829 nascitur,
415 1769 470 1817 et
497 1762 617 1819 avis
645 1763 713 1819 ad
742 1764 989 1820 volatum
1014 1765 1135 1836 (Job
1172 1784 1229 1835 ν,
1258 1766 1335 1839 7).
1370 1792 1386 1815 ι
1418 1767 1491 1821 Et
1518 1765 1721 1821 Domi-

122 1865 221 1905 nus
249 1848 390 1906 dicit
416 1849 474 1906 in
506 1852 842 1924 Evangelio:
890 1878 909 1901 ι
960 1854 1114 1911 Beati
1154 1854 1248 1927 qui
1279 1854 1715 1927 persecutionem

122 1937 410 2009 patiuntur
439 1948 662 2012 propter
696 1939 1008 2012 justitiam;
1043 1943 1303 2016 quoniam
1361 1944 1605 2016 ipsorum
1637 1947 1719 1997 est

121 2016 343 2099 regnum
376 2029 640 2085 calorum
677 2031 891 2101 (Matth.
916 2049 973 2099 v,
1016 2032 1131 2105 10).
1153 2055 1172 2079 ι
1213 2032 1285 2088 Et
1321 2032 1525 2088 Paulus
1545 2030 1713 2086 dicit:

135 2140 151 2162 ι
190 2115 291 2171 Per
320 2117 529 2172 multas
555 2116 944 2175 tribulationes
982 2128 1196 2191 oportet
1236 2137 1337 2175 nos
1396 2120 1602 2175 intrare
1659 2119 1718 2175 in

121 2219 342 2277 regnum
377 2206 645 2261 caelorum
677 2206 961 2276 (Act.x1v,
992 2207 1159 2279 21);:
1203 2208 1295 2265 hic
1324 2208 1471 2264 enim
1500 2216 1718 2280 tempus

124 2302 198 2350 est
250 2293 656 2365 tribulationis,
686 2296 803 2353 illic
848 2305 1064 2369 tempus
1093 2297 1261 2371 pacis.
1317 2297 1500 2354 Sancti
1534 2298 1717 2369 itaque

121 2382 183 2438 de
241 2400 444 2457 magna
483 2384 843 2442 tribulatione
886 2387 1139 2456 veniunt,
1189 2387 1319 2459 quia
1365 2387 1432 2442 ab
1472 2386 1575 2442 hac
1603 2386 1719 2442 vita

123 2472 403 2542 subtracti,
433 2472 528 2528 ubi
560 2482 777 2548 tempus
813 2476 1192 2533 tribulationis
1246 2485 1346 2545 est,
1410 2476 1468 2531 in
1515 2483 1718 2532 aterna

123 2561 294 2634 quiete
323 2563 693 2620 collocantur.
728 2564 1003 2621 Laverunt
1030 2574 1211 2622 autem
1242 2566 1409 2621 stolas
1439 2564 1718 2637 suas,quia

126 2650 324 2706 animas
341 2666 490 2720 suas,
517 2651 575 2707 in
601 2651 706 2708 hac
730 2654 848 2709 vita
867 2653 1054 2725 positi,
1086 2654 1154 2710 ab
1182 2654 1439 2711 omnibus
1459 2653 1716 2710 sordibus

125 2747 465 2809 peccatorum
499 2741 942 2799 mundaverunt:
985 2743 1164 2816 primo
1194 2744 1416 2816 quidem
1448 2749 1591 2806 536
1622 2758 1717 2815 per

118 2833 467 2907 baptismum,
520 2846 708 2909 postea
735 2855 868 2896 vero
921 2857 1017 2913 per
1045 2841 1423 2913 poenitentiam
1461 2851 1514 2898 et
1540 2843 1715 2914 lacry-

125 2943 248 2995 mas,
300 2943 367 2985 ac
415 2929 809 2988 misericordia
859 2948 1042 3004 opera,
1084 2940 1139 2989 et
1193 2933 1250 2989 in
1299 2932 1513 2990 caeteris
1553 2933 1716 2990 bonis

123 3018 394 3089 operibus.
455 3018 585 3087 Qua
633 3022 798 3077 etiam
846 3021 904 3077 in
959 3023 1223 3096 sanguine
1272 3023 1415 3096 Agui
1446 3023 1710 3080 dealbata

123 3106 278 3164 fuisse
305 3108 610 3177 dicuntur;
658 3111 789 3183 quia
825 3110 1023 3167 anima
1052 3093 1374 3182 electorum,
1397 3130 1517 3187 qua
1553 3122 1713 3169 antea
1748 3093 1792 3154 C

122 3204 265 3252 erant
286 3196 577 3269 nigredine
598 3205 945 3270 peccatorum
962 3199 1248 3271 involuta,
1271 3218 1368 3274 per
1386 3202 1715 3274 redemptio-

122 3299 236 3340 nem
273 3286 561 3359 sanguinis
589 3287 797 3346 Christi
849 3288 1140 3346 candorem
1177 3290 1466 3347 munditia
1495 3306 1719 3347 assum-

123 3384 357 3446 pseruut.

189 3464 371 3535 (Vers.
412 3464 526 3537 I5.)
578 3466 701 3523 Ideo
738 3472 862 3523 sunt
901 3473 1022 3523 ante
1060 3468 1309 3523 thronum
1349 3468 1467 3538 Dei,
1516 3475 1564 3524 et
1613 3487 1719 3525 ser-

122 3551 262 3608 ciunt
286 3555 330 3609 ei
364 3554 451 3609 die
477 3572 539 3610 ac
591 3561 737 3611 nocte
788 3557 847 3611 in
888 3557 1075 3628 templo
1127 3557 1262 3628 ejus.
1324 3558 1387 3614 In
1425 3567 1720 3630 conspectu

128 3657 349 3717 namque
401 3644 502 3700 Dei
540 3646 716 3702 sancti
760 3646 859 3701 Dei
896 3647 1179 3715 assistunt,
1228 3663 1293 3703 ac
1341 3646 1556 3703 visione
1601 3647 1720 3720 ejus

130 3732 493 3791 indesinenter
536 3735 911 3807 perfruuntur.
972 3736 1257 3809 Templum
1301 3752 1433 3793 vero
1463 3738 1565 3793 Dei
1617 3756 1720 3795 cm-

132 3821 311 3879 lestem
348 3824 607 3896 patriam,
648 3825 936 3881 servitium
975 3827 1075 3882 Dei
1109 3843 1351 3883 amorem
1384 3827 1483 3883 Dei
1535 3836 1717 3885 vocat.

132 3909 278 3977 Quod
307 3913 458 3968 enim
498 3914 783 3970 servitium
835 3922 945 3970 tam
1001 3916 1333 3989 acceptabile
1364 3919 1497 3986 Deo,
1556 3934 1719 3991 quam

131 4008 188 4056 ut
214 4002 474 4075 diligatur
502 4019 571 4059 ex
600 4010 717 4060 toto
743 4005 927 4074 corde,
958 4011 1181 4079 totaque
1209 4008 1420 4066 virtute
1449 4009 1478 4065 ‘l
1505 4010 1575 4064 Et
1597 4009 1723 4082 quis

131 4089 202 4145 ita
238 4093 491 4149 ardenter
546 4092 731 4166 diligit
790 4096 988 4164 Deum,
1040 4096 1187 4152 sicut
1228 4097 1313 4152 illi
1353 4098 1446 4170 qui
1503 4097 1721 4153 assidue

132 4185 563 4257 contemplantur
614 4185 809 4242 faciem
859 4185 978 4257 ejus
1005 4186 1034 4242 ?
1104 4189 1178 4243 Et
1232 4188 1516 4258 qui-sedet
1563 4206 1724 4260 super

138 4271 387 4342 thronum,
417 4275 619 4331 habitat
645 4292 802 4347 super
832 4274 974 4331 illos.
1008 4274 1266 4332 Thronus
1294 4277 1389 4332 Dei
1423 4277 1598 4333 sancti
1620 4277 1720 4333 Dei

135 4366 271 4429 sunt,
304 4363 450 4420 sicut
480 4364 731 4436 superius
758 4363 1027 4420 diximus.
1063 4365 1167 4432 Qui
1196 4382 1322 4439 ergo
1361 4365 1721 4439 designantur

1750 1728 1798 1789 B

1840 426 2090 483 videntes
2113 428 2228 499 (86)
2251 429 2538 485 hominum
2558 429 2878 502 injustitias,
2900 433 3151 489 esuriunt
3167 441 3220 489 et
3239 433 3437 491 sitiunt

1834 515 2129 588 justitiam,
2160 519 2441 589 cupientes
2462 536 2652 576 omnes
2672 520 2923 577 homines
2937 520 3117 592 justos
3142 538 3277 590 esse,
3296 522 3438 579 sicut

1839 608 1945 680 ipsi
1980 616 2129 665 sunt.
2166 609 2435 665 Esuriunt
2475 617 2528 665 et
2555 609 2752 666 sitiunt
2779 611 2966 679 etiam,
3007 622 3068 668 ut
3094 629 3191 668 sua
3219 611 3438 683 justitia

1839 701 2086 773 quotidie
2113 711 2343 769 crescat,
2367 701 2619 757 esuriunt
2648 710 2702 757 et
2731 701 2928 756 sitiunt
2958 702 3126 757 vitam
3151 710 3432 760 aternam.

1839 791 2057 846 Anima
2088 806 2219 847 vero
2252 798 2567 846 sanctorum
2599 807 2712 846 non
2747 791 2992 846 esurient
3039 808 3214 864 neque
3246 793 3437 848 sitient

1838 879 2115 950 amplius;
2165 879 2294 952 quia
2324 878 2472 951 quod
2501 882 2831 944 esurierunt,
2865 878 2977 951 jam
3010 880 3286 952 percipere
3313 898 3436 937 me-

1838 977 2073 1024 ruerunt
2098 969 2237 1039 (87).
2272 970 2345 1023 Et
2371 986 2473 1022 non
2504 969 2651 1023 cadet
2676 986 2836 1039 super
2861 984 2947 1024 eos
2974 970 3075 1037 sol,
3100 977 3263 1040 neque
3292 971 3436 1025 ullus

1836 1063 2011 1112 cestus.
2033 1056 2136 1112 Per
2165 1057 2336 1112 solem
2366 1056 2751 1113 tribulationes
2781 1075 2916 1131 quas
2943 1059 3117 1115 sancti
3154 1060 3222 1114 ab
3257 1059 3435 1115 homi-

1838 1145 2001 1201 nibus
2030 1145 2336 1216 perferunt,
2376 1162 2666 1217 possumus
2712 1146 3019 1220 intelligere
3052 1166 3063 1203 :
3117 1164 3212 1220 per
3238 1155 3433 1204 aestum

1837 1234 2169 1290 tentationes
2198 1234 2532 1302 damonum,
2576 1236 2693 1291 sive
2722 1237 3035 1308 voluptates
3064 1238 3329 1294 carnales.
3362 1238 3435 1292 Et

1836 1322 1965 1394 quia
1993 1323 2166 1379 sancti
2200 1322 2256 1377 in
2288 1324 2391 1380 hac
2424 1325 2540 1379 vita
2569 1324 2730 1396 positi
2765 1325 3166 1397 persecutiones
3203 1325 3436 1399 iniquo-

1836 1428 1956 1468 rum
1995 1411 2286 1468 hominum
2326 1415 2612 1470 tolerando
2642 1415 2918 1484 vicerunt,
2968 1416 3300 1473 tentationes
3328 1417 3433 1474 da-

1835 1517 2065 1556 monum
2098 1504 2793 1574 superaverunt,desideria
2809 1506 3051 1562 carnalia
3068 1507 3124 1563 in
3146 1524 3201 1564 se
3227 1507 3433 1565 exstin-

1833 1601 2058 1663 xerunt,
2093 1595 2151 1649 in
2178 1594 2387 1651 calesti
2431 1594 2774 1654 beatitudine
2803 1598 2990 1670 positi,
3020 1600 3240 1656 nullum
3271 1599 3433 1656 labo-

1834 1699 1947 1739 rem
1981 1686 2036 1740 in
2069 1697 2394 1761 perpetuum
2424 1690 2693 1748 sentiunt.

1907 1811 2089 1881 (Vers.
2124 1813 2237 1886 17.)
2297 1815 2558 1882 Quoniam
2596 1816 2799 1887 Agnus,
2845 1818 2937 1887 qui
2969 1817 3028 1871 in
3055 1815 3224 1872 medio
3253 1816 3433 1872 throni

1830 1906 1923 1968 est,
1950 1907 2091 1972 reget
2119 1902 2260 1958 illos.
2296 1904 2454 1976 Regit
2480 1906 2627 1961 Deus
2655 1912 2873 1961 sanctos
2900 1922 3047 1974 suos,
3079 1922 3204 1962 cum
3235 1907 3431 1962 volun-

1830 1994 1971 2045 tates
2002 2005 2192 2047 eorum
2224 1991 2302 2047 ita
2330 1992 2594 2065 disponit,
2632 2001 2695 2050 ut
2726 1994 2868 2050 nihil
2898 1994 3041 2050 velle
3068 1994 3300 2067 possint,
3325 1994 3433 2051 nisi

1832 2079 1978 2151 quod
2013 2080 2160 2136 Deus
2189 2081 2331 2136 vult.
2364 2082 2439 2137 Et
2467 2083 2680 2138 deducet
2706 2100 2788 2139 eos
2824 2084 2897 2139 ad
2924 2085 3044 2140 vita
3066 2084 3237 2156 fontes
3263 2102 3428 2155 aqua-

1828 2183 1975 2223 rum.
2006 2169 2149 2225 Vita
2181 2169 2306 2226 fons
2336 2170 2590 2228 Christus
2618 2182 2719 2241 est,
2753 2172 2849 2246 qui
2879 2173 3016 2230 dicit
3048 2190 3059 2229 :
3116 2198 3135 2220 ι
3165 2175 3281 2246 Ego
3308 2189 3430 2230 sum

1829 2256 1952 2313 vita
1985 2258 2166 2329 (Joan.
2199 2276 2323 2325 x1v,
2372 2260 2452 2333 6).
2504 2285 2521 2309 ι
2582 2261 2741 2328 Quod
2793 2262 2912 2319 sine
2968 2263 3066 2319 illo
3121 2271 3221 2332 est,
3271 2281 3432 2320 mor-

1828 2353 1986 2401 tuum
2024 2354 2106 2402 est
2140 2365 2151 2402 :
2201 2347 2345 2419 quod
2385 2364 2517 2404 vero
2546 2349 2605 2404 in
2636 2348 2733 2404 illo
2761 2357 2863 2418 est,
2893 2350 3010 2408 vita
3037 2358 3136 2407 est.
3184 2352 3273 2408 Ad
3299 2352 3429 2409 vita

1828 2432 2039 2489 fontem
2067 2435 2320 2492 Christus
2347 2445 2566 2494 sanctos
2594 2455 2721 2494 suos
2748 2439 2921 2509 ducit,
2958 2440 3089 2513 quia
3122 2441 3191 2497 ad
3221 2451 3431 2499 semet-

1827 2523 2012 2595 ipsum
2041 2541 2135 2581 eos
2164 2525 2354 2593 ducit;
2384 2536 2446 2583 ut
2474 2528 2587 2583 sint
2615 2544 2788 2583 unum
2819 2546 2944 2585 cum
2981 2530 3099 2586 illo.
3133 2531 3235 2586 Per
3262 2548 3429 2604 aquas

1827 2615 2048 2671 eosdem
2086 2624 2303 2673 sanctos
2332 2634 2624 2690 possumus
2646 2619 2950 2692 intelligere
2974 2639 2986 2688 ;
3020 2619 3135 2692 ipse
3164 2629 3246 2678 est
3271 2623 3428 2695 quip-

1827 2720 1894 2776 pe
1933 2712 1987 2759 et
2017 2704 2142 2760 fons
2168 2721 2454 2777 aquarum,
2504 2706 2635 2779 quia
2682 2710 2750 2763 ab
2793 2708 2912 2780 ipso
2954 2709 3199 2780 procedit
3244 2712 3428 2768 omnis

1827 2795 2092 2851 sanctitas
2133 2796 2455 2863 electorum,
2504 2797 2649 2853 sicut
2696 2798 2811 2870 ipse
2856 2798 3002 2856 dixit
3036 2818 3048 2856 :
3114 2824 3132 2848 ι
3169 2800 3298 2857 Sine
3338 2816 3425 2856 me

1826 2883 1969 2939 nihil
1999 2885 2229 2957 potestis
2258 2886 2434 2943 facere
2463 2886 2646 2958 (Joan.
2681 2904 2778 2956 xv,
2808 2888 2892 2960 5).
2938 2913 2956 2936 ι

1897 2976 1971 3031 Ει
1989 2975 2242 3046 absterget
2262 2977 2402 3032 Deus
2421 2993 2623 3031 omnem
2645 2979 2933 3048 lacrymam
2950 2978 3016 3033 ab
3039 2977 3206 3033 oculis
3221 2995 3422 3036 eorum.

1826 3062 1966 3130 Quia
1996 3071 2212 3136 tempus
2250 3064 2416 3121 ﬂendi
2449 3064 2542 3122 hic
2570 3065 2698 3133 fuit,
2746 3075 2960 3138 tempus
2990 3059 3208 3124 ridendi
3238 3069 3297 3125 iu
3328 3068 3425 3126 illa

1826 3152 2168 3210 beatitudine
2197 3155 2322 3222 erit,
2377 3154 2520 3211 sicut
2550 3156 2820 3211 Dominus
2848 3155 2986 3212 dicit
3020 3175 3031 3213 :
3088 3182 3106 3205 ε
3142 3157 3296 3214 Beati
3327 3158 3423 3230 qui

1826 3258 1979 3299 nunc
2014 3243 2222 3316 lugent,
2274 3244 2532 3318 quoniam
2576 3244 2682 3316 ipsi
2727 3244 3165 3301 consolabuntur
3210 3245 3424 3318 (Matth.

1825 3348 1886 3401 ν,
1914 3331 1996 3403 5).
2038 3356 2057 3381 ι

1900 3465 2127 3523 CAPUT
2182 3465 2327 3523 VIII.
2358 3496 2430 3507 —
2461 3465 2642 3539 (Vers.
2702 3466 2782 3539 1.)
2840 3467 2915 3523 Et
2962 3483 3078 3523 cum
3136 3466 3431 3539 aperuisset

1828 3556 2066 3627 sigillum
2093 3555 2389 3626 septimum.
2443 3557 2672 3628 Apertio
2717 3556 2934 3628 septimi
2966 3556 3133 3629 sigilli
3164 3557 3232 3613 ad
3271 3559 3429 3614 nati-

1828 3645 2056 3701 vitatem
2089 3644 2295 3702 Christi
2323 3646 2561 3717 pertinet
2586 3665 2598 3702 :
2629 3645 2721 3703 sed
2751 3646 3104 3720 quaerendum
3137 3646 3298 3702 nobis
3326 3655 3427 3716 est,

1830 3754 1927 3794 cur
1975 3737 2033 3792 in
2077 3738 2333 3810 septimo,
2393 3754 2503 3793 non
2544 3737 2603 3793 in
2650 3737 2844 3810 quinto
2893 3738 3014 3794 loco
3061 3745 3316 3809 ponatur.
3366 3739 3429 3793 In

1832 3823 2028 3880 Genesi
2081 3825 2345 3897 scriptum
2386 3833 2488 3893 est,
2538 3826 2668 3898 quia
2710 3842 2806 3880 sex
2854 3824 3049 3881 diebus
3102 3824 3234 3880 fecit
3283 3827 3429 3880 Deus

1829 3920 2029 3970 cuncta
2057 3929 2178 3985 qua
2208 3931 2277 3969 ex
2304 3915 2443 3970 coelo
2474 3924 2525 3970 et
2564 3922 2709 3970 terra
2746 3913 3014 3987 originem
3049 3921 3426 3985 sumpserunt,

1830 4001 2068 4073 septimo
2096 4010 2278 4058 autem
2314 4001 2589 4075 requievit
2618 4005 2774 4076 (Gen.
2799 4021 2859 4072 ιι,
2892 4004 2948 4074 2)
2973 4022 2984 4059 :
3019 4011 3074 4059 et
3102 4002 3309 4059 idcirco
3335 4021 3427 4059 vo-

1829 4089 1977 4146 cavit
2005 4089 2151 4145 diem
2195 4091 2490 4163 septimum
2540 4092 2851 4163 sabbatum,
2900 4093 2957 4149 id
3000 4100 3105 4159 est,
3152 4093 3422 4166 requiem.

1830 4178 1961 4246 Qua
1989 4187 2073 4235 est
2098 4188 2281 4235 autem
2320 4182 2538 4253 requies
2579 4189 2789 4252 nostra,
2823 4182 2931 4239 nisi
2962 4182 3217 4239 Christus
3238 4183 3266 4239 ?
3306 4184 3427 4239 Non

1830 4268 2285 4327 inconvenienter
2317 4287 2445 4343 ergo
2475 4272 2533 4327 in
2565 4273 2781 4344 septimi
2814 4273 2983 4346 sigilli
3023 4273 3304 4347 apertione
3336 4290 3428 4329 na-

1830 4358 2025 4415 tivitas
2053 4360 2259 4417 Christi
2281 4362 2534 4433 ponitur;
2564 4363 2693 4435 quia
2712 4363 2825 4435 ipse
2844 4371 2924 4420 est
2945 4363 3160 4436 requies
3178 4363 3427 4419 omnium

137 4464 224 4518 per
248 4451 508 4508 thronum
539 4452 660 4521 Dei,
687 4452 788 4526 ipsi
822 4463 951 4510 sunt
970 4470 1135 4526 super
1155 4470 1293 4527 quos
1316 4454 1528 4512 habitat
1553 4457 1716 4511 Deus:
1751 4462 1800 4521 D
1831 4457 2145 4505 sanctorum
2176 4467 2422 4518 suorum,
2455 4468 2575 4524 qua
2606 4468 2701 4524 per
2727 4452 3022 4524 septimum
3055 4452 3201 4508 diem
3231 4452 3427 4522 ﬁgura-

138 4536 336 4597 habitat
364 4558 497 4599 vero
539 4559 705 4615 super
740 4550 959 4599 sanctos
987 4559 1116 4600 suos
1150 4545 1317 4613 Deus,
1347 4561 1472 4602 cum
1502 4561 1595 4601 eos
1624 4562 1724 4602 suo

139 4626 333 4687 lumine
360 4632 664 4701 illuminat,
695 4634 1003 4690 circumdat
1027 4642 1080 4690 et
1100 4641 1304 4691 tuetur.

204 4718 380 4787 (Vers.
434 4722 548 4793 16.)
596 4720 714 4779 Νοη
753 4722 1001 4787 esurient,
1049 4740 1214 4794 neque
1253 4724 1429 4779 sitient
1466 4726 1718 4796 amplius.

138 4802 267 4863 Cum
286 4810 553 4867 Dominus
581 4811 729 4869 dicat
762 4813 820 4868 in
851 4812 1184 4885 Evangelio:
1223 4837 1243 4861 ‹
1272 4813 1423 4870 Beati
1463 4814 1557 4887 qui
1588 4831 1723 4870 esu-

138 4894 281 4954 riunt
299 4909 352 4957 et
372 4901 569 4957 sitiunt
583 4901 857 4974 justitiam
878 4920 891 4967 ;
917 4904 1175 4976 quoniam
1200 4902 1306 4976 ipsi
1327 4904 1721 4960 saturabuntur

142 4984 342 5053 (Matth.
376 5008 431 5060 v,
454 4992 537 5063 6),
561 5017 579 5042 ›
621 5009 720 5048 cur
747 4992 838 5049 hic
867 4992 1039 5049 sancti
1071 4992 1168 5048 Dei
1196 5009 1479 5065 nunquam
1511 4993 1721 5048 esurire

139 5071 434 5135 dicuntur?
467 5080 570 5137 Sed
605 5081 751 5139 sicut
786 5082 1037 5155 superius
1060 5082 1328 5150 diximus,
1358 5097 1468 5136 non
1486 5080 1553 5136 ad
1583 5081 1718 5138 elec-

139 5168 238 5230 tos,
268 5166 359 5237 qui
386 5166 444 5223 in
473 5167 575 5226 hac
601 5170 718 5226 vita
743 5178 1192 5227 commorantur:
1221 5170 1316 5227 sed
1343 5170 1413 5226 ad
1443 5169 1643 5242 eosqui
1662 5169 1720 5225 in

141 5254 337 5312 scelesti
365 5256 705 5316 beatitudine
716 5277 842 5318 cum
863 5263 976 5319 Deo
996 5261 1297 5329 exsultant,
1323 5260 1429 5319 hoc
1447 5260 1720 5334 pertinere

211 5377 325 5452 (85)
356 5382 509 5440 Rom.
541 5384 700 5455 edit.,
730 5386 866 5442 sicut
888 5386 1017 5442 dicit
1043 5386 1160 5443 Job.
1204 5384 1311 5442 Sed
1347 5384 1588 5443 auctoris
1630 5385 1721 5441 la-

142 5461 289 5517 psum
319 5468 442 5508 cum
474 5472 602 5513 mss.
632 5473 696 5513 ac
712 5459 845 5514 Gill.
874 5458 1149 5514 malumus
1173 5458 1429 5513 retinere.

212 5520 668 5603 (86)_Edit.,_qui
697 5529 755 5584 in
799 5530 895 5585 hac
930 5530 1041 5584 vita
1072 5534 1201 5603 sunt
1218 5528 1400 5601 positi,
1439 5528 1712 5599 loquitur:

143 5594 230 5659 qui
254 5594 477 5652 videntes
509 5594 520 5654 ὲ
547 5594 742 5657 lacuna
770 5616 903 5659 vero
929 5600 1179 5673 suppleta
1206 5594 1287 5657 ést
1312 5594 1531 5656 ex'mss‘.

1832 4544 1943 4594 tur.
1976 4539 2047 4594 Et
2067 4538 2199 4611 quia
2226 4555 2287 4595 ea
2312 4557 2433 4613 qua
2461 4540 2520 4595 in
2551 4540 2841 4596 nativitate
2870 4528 3077 4598 Christi
3102 4549 3249 4613 gesta
3275 4549 3425 4611 sunt,

1833 4633 2135 4704 spiritalem
2170 4633 2594 4705 intelligentiam
2627 4635 2912 4701 obtinent;
2955 4635 3248 4705 septimum
3279 4634 3426 4704 sigil-

1834 4722 1949 4777 lum
1966 4722 2222 4779 Christus
2240 4724 2473 4793 aperuit,
2490 4738 2617 4777 cum
2634 4738 2697 4777 ea
2717 4738 2837 4793 qua
2859 4738 2955 4793 per
2969 4721 3426 4792 significationem

1833 4819 1981 4882 gesta
2023 4818 2174 4878 sunt,
2223 4809 2545 4866 doctoribus
2587 4810 2848 4864 Ecclesia
2880 4825 2978 4880 per
3007 4809 3425 4881 inspirationem

1832 4900 2069 4972 Spiritus
2115 4899 2288 4956 sancti
2336 4900 2729 4956 manifestavit.
2781 4902 2999 4956 Factum
3047 4907 3121 4955 est
3160 4901 3428 4956 silentium

1829 4989 1889 5043 in
1907 4991 2032 5044 crelo
2058 4989 2214 5060 quasi
2249 4990 2422 5044 media
2446 4990 2600 5045 hora.
2629 4990 2731 5045 Per
2756 4990 3037 5046 silentium
3070 5005 3179 5062 pax
3208 5006 3327 5062 qua
3356 4989 3426 5046 ab

1830 5079 2136 5136 Octaviano
2157 5079 2425 5152 Augusto,
2441 5078 2662 5137 Christo
2682 5086 2958 5149 nascente,
2989 5094 3084 5151 per
3104 5078 3425 5135 universum

1829 5166 2017 5222 orbem
2072 5168 2215 5225 facta
2270 5175 2373 5236 est,
2432 5167 2768 5240 designatur.
2824 5167 3003 5225 Media
3055 5175 3237 5224 autem
3291 5168 3427 5225 hora

1829 5256 2113 5313 silentium
2153 5257 2361 5315 factum
2408 5265 2510 5327 est,
2559 5258 2690 5331 quia
2732 5273 2840 5330 pax
2887 5274 3050 5331 quam
3089 5258 3338 5317 Ecclesia
3365 5259 3425 5315 in

1903 5383 2269 5468 (87)_Eadem
2302 5383 2463 5453 edit.,
2493 5384 2619 5455 quia
2661 5385 2979 5468 esui-ierunt,
3018 5384 3238 5468 jamque
3258 5387 3426 5468 perci-

1820 5472 1956 5582 peret
1990 5455 2155 5510 vitam
2193 5462 2447 5512 aeternam
2481 5462 2830 5522 meruerunt;
2876 5472 3007 5514 mss.
3058 5455 3242 5514 autem
3259 5455 3337 5513 ιιι
3364 5457 3422 5512 in

1824 5542 1929 5584 con
1957 5534 2111 5583 extu.
