3902 6198
556 224 657 280 931

1564 232 1662 288 ΑΒ
1698 233 1934 291 OPERA
1969 235 2025 291 S.
2068 234 2401 295 AMBROSII
2438 239 2816 298 APPENDIX.

3730 257 3784 311 ιω

562 347 726 403 initio
772 347 900 405 ﬁdei
957 351 1385 449 apud‘paganos
1431 354 1646 425 habuit,
1698 374 1868 429 pauco
1912 368 2160 432 tempore
2187 362 2239 421 A
2268 361 2691 435 eleemosynam,
2723 373 2776 421 et
2806 380 2931 424 ecce
2958 368 3111 425 omni
3132 369 3338 427 mundi
3360 381 3499 429 sunt
3536 373 3676 433 vobis
3696 379 3781 449 (Ls.

561 436 799 503 mansit;
851 454 975 493 nam
1010 457 1042 495 a
1084 428 1299 499 Nerone
1347 444 1674 516 imperatore
1715 449 2024 523 interrupta
2053 461 2154 521 est,

558 534 613 582 et
641 528 802 583 Petro
825 530 1103 603 Pauloque
1135 535 1459 606 interfectis,
1493 540 1750 611 praecepit
1784 558 1975 599 omnes
2000 542 2155 602 Chri-

558 617 769 675 stianos
800 622 1071 694 persequi.

631 735 812 803 (Vers.
846 736 928 807 2.)
977 738 1052 793 Et
1095 739 1208 794 vidi
1243 748 1432 812 septem
1478 745 1690 814 angelos
1723 754 1917 803 stantes
1946 751 2003 805 in
2036 768 2154 806 con-

557 831 732 897 spectu
763 825 881 894 Dei,
913 833 961 881 et
986 827 1124 882 datte
1148 836 1273 885 sunt
1298 830 1411 886 illis
1439 840 1629 904 septem
1661 835 1812 892 tubae.
1846 837 1996 895 Ordo
2024 839 2151 897 isto-

556 932 678 969 rum
732 922 937 987 septem
986 918 1304 989 angelorum
1357 919 1415 976 in
1458 925 1814 994 sequentibus
1854 935 1972 997 est;
2022 947 2150 987 nam

553 1004 697 1062 sicut
728 1021 912 1078 praeco
942 1014 1069 1061 ante
1097 1024 1275 1080 regem
1306 1018 1400 1066 aut
1427 1012 1730 1086 principem
1766 1016 2024 1087 mittitur,
2053 1021 2148 1092 qui

552 1096 671 1169 ejus
691 1097 990 1154 adventum
1012 1100 1305 1157 annuntiet
1330 1120 1343 1169 ;
1368 1101 1445 1157 ita
1464 1111 1519 1159 et
1535 1104 1792 1173 Joannes,
1807 1107 1938 1180 quia
1956 1125 2151 1182 magna

550 1199 706 1246 erant
755 1205 875 1262 qua:
920 1206 1016 1261 per
1042 1192 1262 1263 angelos
1292 1192 1743 1267 designabantur,
1802 1216 1992 1257 eorum
2041 1219 2149 1258 me-

550 1281 782 1337 moriam
814 1281 991 1337 facere
1010 1281 1208 1350 voluit,
1230 1290 1523 1357 antequam
1553 1286 1622 1341 ad
1647 1303 1835 1344 eorum
1868 1292 2151 1349 narratio-

548 1387 674 1427 nem
699 1372 932 1428 veniret.

622 1488 806 1562 (Vers.
844 1488 925 1561 3.)
959 1491 1034 1546 Et
1077 1491 1220 1546 alius
1271 1494 1491 1563 angelus
1528 1495 1689 1561 venit,
1748 1503 1796 1551 et
1844 1498 1982 1553 stetit
2030 1508 2150 1556 ante

547 1581 745 1646 altare,
792 1579 985 1635 habens
1023 1581 1351 1637 thuribulum
1392 1601 1612 1639 aureum
1642 1587 1699 1640 in
1726 1604 1887 1642 manu
1917 1606 2058 1655 sua;
2101 1595 2149 1644 et

550 1670 680 1725 data
707 1676 832 1724 sunt
860 1669 908 1725 ei
939 1670 1057 1742 (88)
1099 1670 1305 1726 incensa
1345 1674 1537 1743 multa,
1586 1681 1644 1729 ut
1672 1675 1822 1732 daret
1848 1679 1910 1733 de
1937 1680 2149 1734 oratio-

547 1760 705 1814 nibus
734 1765 1035 1814 sanctorum
1066 1761 1301 1815 omnium
1334 1778 1493 1834 super
1519 1765 1692 1820 altare
1736 1783 1958 1822 aureum
2003 1770 2144 1841 quod

547 1855 622 1903 est
648 1854 769 1904 ante
799 1849 1101 1905 Dominum.
1132 1850 1239 1905 Iste
1266 1853 1493 1923 angelus
1524 1852 1804 1911 Christum
1829 1856 2138 1929 signiﬁcat;

548 1937 703 1995 venit
730 1948 936 2003 autem,
984 1938 1115 2011 quia
1144 1954 1241 2011 per
1276 1939 1676 1999 incarnationis
1722 1947 2050 2018 mysterium
2083 1948 2142 2005 in

545 2027 755 2083 mundo
783 2027 1072 2099 apparuit;
1126 2044 1221 2100 per
1250 2030 1420 2085 altare
1449 2039 1631 2087 autem
1680 2049 1907 2091 aureum
1953 2037 2143 2093 Eccle-

544 2117 625 2174 sia
679 2116 1015 2187 designatur.
1066 2117 1173 2184 Qui
1226 2126 1354 2173 ante
1407 2121 1579 2175 altare
1628 2123 1844 2179 stetisse
1895 2124 2137 2196 dicitur;

538 2205 754 2279 jacebat
808 2223 1045 2279 namque
1093 2207 1346 2265 Christus
1394 2210 1453 2265 in
1509 2210 1830 2281 incredulis,
1889 2216 1983 2287 qui
2014 2232 2138 2271 eum

542 2311 743 2368 purum
774 2296 1054 2353 hominem
1086 2298 1465 2355 aestimabant:
1498 2300 1676 2357 stabat
1696 2319 1831 2358 vero
1854 2321 1978 2360 cum
2010 2304 2139 2362 ﬁde-

544 2384 711 2453 libus,
751 2386 843 2458 qui
878 2402 1000 2441 eum
1035 2388 1208 2443 Deum
1258 2404 1448 2443 verum
1502 2406 1616 2445 esse
1654 2392 1966 2450 credebant.
1998 2397 2141 2452 Ante

542 2475 712 2532 altare
739 2492 866 2548 ergo
908 2477 1081 2545 stetit,
1129 2478 1259 2549 quia
1286 2479 1549 2551 apostolis
1584 2489 1638 2536 et
1666 2483 1878 2538 caeteris
1905 2484 2143 2541 creden-

541 2564 711 2634 tibus,
734 2581 803 2621 ex
832 2564 1035 2637 quibus
1057 2566 1305 2623 Ecclesia
1332 2575 1466 2625 tunc
1492 2571 1797 2639 constabat,
1820 2573 1967 2645 quod
1997 2575 2140 2631 Deus

541 2662 701 2723 esset,
736 2654 1130 2711 manifestavit.
1181 2656 1283 2712 Per
1331 2656 1683 2715 thuribulum
1727 2676 1859 2716 vero
1902 2664 2047 2735 quod
2077 2664 2135 2719 in

542 2763 709 2804 manu
754 2746 995 2815 tenebat,
1046 2748 1211 2805 corda
1261 2754 1658 2825 apostolorum,
1708 2763 2138 2831 caeterorumque

541 2834 790 2891 ﬁdelium
826 2835 1294 2895 demonstrantur.
1337 2841 1495 2908 Quod
1530 2858 1757 2899 aureum
1788 2844 1957 2901 fuisse
1998 2845 2134 2903 dici-

538 2932 649 2990 tur,
681 2922 813 2994 quia
838 2923 1004 2978 corda
1032 2923 1430 2996 discipulorum
1483 2945 1580 3000 per
1616 2930 1781 2987 ﬁdem
1827 2933 2130 3005 puriﬁcata,

537 3020 591 3068 et
625 3028 720 3083 per
748 3012 1074 3082 sapientiam
1120 3031 1282 3087 quam
1313 3033 1346 3071 a
1374 3017 1594 3075 Christo
1619 3019 1945 3091 didicerant,
1979 3032 2131 3080 erant

536 3102 805 3159 inaurata.
822 3102 979 3170 Quod
999 3103 1348 3161 thuribulum
1370 3106 1428 3163 in
1452 3124 1620 3164 manu
1640 3112 1885 3168 tenuisse
1905 3113 2131 3183 dicitur,
2164 3093 2208 3152 θ

531 3190 662 3263 quia
700 3191 869 3248 corda
897 3192 1272 3264 apostolorum
1322 3194 1381 3250 in
1429 3212 1597 3253 manu
1645 3199 1745 3254 Dei
1778 3207 1953 3268 erant,
1989 3201 2133 3257 sicut

533 3278 671 3337 dicit
690 3280 948 3337 Salomon
973 3300 985 3338 :
1025 3282 1167 3340 uCor
1198 3281 1339 3354 regis
1367 3283 1426 3340 in
1454 3302 1620 3342 manu
1649 3287 1770 3356 Dei,
1806 3304 2132 3362 quocunque

532 3370 773 3426 voluerit
801 3370 1091 3427 inclinabit
1122 3372 1264 3428 illud
1300 3374 1491 3444 (Prov.
1521 3391 1641 3443 xxi,
1681 3377 1757 3448 1).
1792 3402 1810 3426 ι
1853 3379 2133 3451 Numquid

531 3476 627 3517 cor
684 3460 843 3515 istius
898 3460 1209 3516 Salomonis
1255 3461 1313 3516 in
1366 3479 1533 3519 manu
1575 3465 1673 3521 Dei
1720 3474 1857 3535 erat,
1910 3468 2128 3540 quando

532 3548 683 3603 idola
709 3547 1023 3604 adorabat?
1051 3551 1333 3624 Numquid
1363 3570 1458 3609 cor
1485 3556 1747 3612 Antiochi
1776 3567 1870 3615 aut
1900 3558 2130 3616 Herodis

530 3635 590 3690 in
622 3650 787 3689 manu
831 3637 930 3690 Dei
982 3639 1144 3693 erat?
1188 3639 1470 3712 Numquid
1505 3643 1669 3698 corda
1700 3662 1883 3717 regum
1917 3658 2132 3705 sanctos

531 3723 629 3779 Dei
661 3726 1105 3799 persequentium
1154 3729 1213 3784 in
1253 3745 1419 3785 manu
1458 3731 1555 3786 Dei
1617 3734 1824 3790 erant?
1868 3736 1928 3791 In
1966 3754 2130 3795 manu

533 3813 740 3873 diaboli
772 3826 947 3887 erant,
1002 3818 1098 3892 qui
1124 3817 1192 3874 ad
1222 3835 1562 3893 quaecunque
1590 3823 1818 3880 volebat
1862 3825 2127 3900 facinora,

528 3923 593 3964 ea
622 3907 927 3966 inclinabat
960 3928 972 3966 :
1012 3910 1179 3967 corda
1226 3928 1357 3967 vero
1404 3928 1591 3985 regum
1627 3914 2026 3988 spiritualium,
2072 3918 2130 3977 id

532 4005 632 4066 est,
664 4007 976 4056 sanctorum
1007 3998 1065 4056 in
1098 4017 1264 4057 manu
1292 4000 1392 4057 Dei
1418 4008 1580 4072 sunt;
1634 4012 1687 4060 et
1716 4004 1842 4063 ideo
1874 4025 2131 4081 quocun-

530 4103 635 4159 que
663 4090 923 4159 voluerit,
954 4090 1245 4149 inclinabit
1271 4108 1353 4149 ea.

609 4207 753 4264 535
784 4207 804 4225 '
835 4204 1125 4277 Sequitur:
1157 4210 1231 4264 Et
1250 4208 1377 4264 data
1398 4211 1587 4267 suntei
1605 4211 1817 4270 incensa
1831 4217 2021 4273 multa.
2042 4218 2128 4273 In-

528 4313 689 4353 censa
702 4300 877 4356 multa
888 4314 1154 4375 praecepta
1170 4316 1301 4362 sunt
1318 4308 1604 4380 Evangelii
1622 4329 1636 4378 ;
1661 4311 1883 4369 incensa
1901 4314 2050 4370 enim
2069 4316 2129 4372 in

528 4385 819 4444 thuribulo
842 4401 1146 4462 ponuntur,
1158 4403 1219 4449 ut
1238 4397 1418 4451 calore
1450 4399 1592 4468 ignis
1620 4412 1862 4475 accepto,
1886 4405 2125 4477 fragran-

490 4468 501 4484 ’
528 4475 663 4532 tiam
695 4476 882 4534 odoris
908 4478 993 4535 sui
1023 4479 1449 4556 circumquaque
1477 4500 1735 4561 spargant
1759 4509 1771 4546 :
1796 4494 2053 4552 similiter
2072 4507 2125 4554 et
2155 4458 2203 4517 Β

527 4563 783 4623 Christus
811 4566 1119 4623 doctrinam
1147 4568 1436 4643 Evangelii
1460 4572 1517 4627 in
1538 4576 1797 4634 cordibus
1825 4579 2121 4654 discipulo-

525 4669 649 4709 rum
679 4672 905 4712 suorum
938 4658 1143 4729 posuit,
1192 4659 1286 4732 qui
1340 4660 1466 4733 igne
1514 4662 1802 4722 charitatis
1848 4673 2118 4742 succensi;

528 4743 749 4801 odorem
782 4745 932 4803 ﬁdel'
942 4764 1054 4804 suae
1084 4765 1179 4821 per
1198 4766 1389 4806 omnes
1408 4761 1595 4823 gentes
1617 4767 1951 4826 sparserunt.
1968 4760 2119 4818 Unde

424 4837 431 4843 ’
525 4844 580 4891 et
606 4838 853 4911 sequitur
886 4856 898 4895 :
946 4840 1009 4897 Ut
1036 4840 1187 4897 daret
1214 4841 1277 4897 de
1312 4843 1638 4900 orationibus
1683 4854 1986 4905 sanctorum
2013 4868 2119 4907 om-

522 4925 672 4980 nium
729 4943 888 4998 super
933 4930 1107 4985 altare
1153 4947 1377 4986 aureum
1427 4934 1567 5003 quod
1619 4941 1693 4991 est
1746 4937 1805 4991 in
1850 4947 2119 5011 conspectu

522 5013 641 5070 Dei.
676 5014 884 5072 Genera
915 5018 1227 5075 orationum
1273 5021 1429 5092 plura
1466 5032 1631 5092 sunt;
1679 5035 1837 5082 orant
1882 5044 2118 5102 namque

522 5101 712 5161 ﬁdeles
762 5108 966 5177 verbis,
1015 5110 1191 5165 Deum
1238 5109 1608 5183 deprecantes,
1658 5124 1720 5171 ut
1764 5101 2118 5176 dimittantur

520 5192 600 5249 eis
638 5196 826 5251 omnia
878 5207 1096 5268 peccata
1150 5215 1339 5256 eorum
1372 5219 1384 5257 :
1443 5211 1603 5259 orant
1648 5213 1702 5261 et
1743 5207 2117 5281 eleemosynas

519 5278 826 5355 largiendo,
847 5284 992 5343 sicut
1019 5286 1157 5345 dicit
1187 5287 1458 5348 Dominus
1485 5291 1545 5347 in
1572 5293 1907 5367 Evangelia:
1937 5320 1957 5344 ι
1977 5278 2114 5356 Date

591 5502 708 5581 (88)
751 5504 907 5581 Rom.
955 5490 1493 5581 edit.,resecaverat,
1541 5518 1589 5569 et
1632 5514 1761 5572 data
1796 5524 1919 5575 sunt
1946 5518 2107 5580 ei.....

517 5579 639 5626 ante
662 5575 945 5632 Dominum
979 5595 991 5633 :
1034 5580 1122 5634 vel
1152 5588 1215 5636 ut
1244 5581 1401 5650 Gill.,
1427 5575 1549 5669 ante
1577 5586 1839 5645 thronum.

2265 466 2346 517 χι,
2379 450 2494 523 42).
2525 478 2542 499 ι
2576 452 2649 507 Εῐ
2670 452 2729 509 in
2758 455 2867 511 alio
2895 456 3016 513 loco
3044 458 3319 532 scriptum
3352 469 3441 517 est
3472 480 3484 517 :
3523 487 3542 509 ι
3569 463 3784 540 Sicutaqa;

2266 540 2573 612 exstinguit
2604 543 2805 614 ignem,
2838 545 2915 600 ita
2945 547 3300 620 eleemosyna
3333 550 3640 624 exstinguit
3663 572 3783 627 peras.

2266 636 2384 683 tum
2420 630 2614 700 (Eccli.
2649 650 2732 701 III,
2764 632 2879 705 33).
2913 660 2931 683 ι
2972 636 3145 693 Orant
3173 639 3352 695 etiam
3386 640 3695 699 dimittenda
3719 664 3781 717 pro

2265 719 2458 789 ximis,
2494 739 2612 795 quae
2641 724 2701 779 in
2726 724 2806 781 eis
2832 726 3205 800 deliquerunt,
3243 729 3411 786 sicut
3440 732 3686 789 Dominus
3707 735 3783 792 dim

2263 808 2319 863 in
2359 809 2702 883 Evangelio:
2751 838 2769 862 ι
2802 813 2859 869 Si
2908 816 3228 875 remiseritis
3278 819 3608 876 hominibus
3644 836 3783 893 peccata

2259 917 2473 972 eorum,
2504 912 2557 960 et
2577 905 2739 962 Pater
2767 916 2949 965 vester
2974 910 3211 969 caelestis
3249 912 3513 969 dimittet
3555 913 3689 970 vobis
3716 936 3783 990 pa:-

2255 999 2378 1047 cata
2422 1000 2603 1050 vestra
2633 996 2845 1067 (Matth.
2877 1015 2955 1067 vr,
2990 1000 3102 1070 15).
3138 1025 3157 1048 ι
3200 1001 3388 1058 Orant
3436 1004 3785 1064 nihilominnset

2261 1090 2529 1155 praecepta
2570 1084 2854 1143 charitatis
2881 1089 3174 1159 servando,
3230 1094 3687 1165 quemadmodum
3707 1100 3783 1153 scri-

2259 1179 2415 1242 ptum
2444 1182 2545 1242 est,
2602 1175 2734 1248 quia
2797 1178 3056 1235 universa
3130 1180 3345 1238 delicta
3403 1184 3579 1256 operit
3620 1186 3782 1243 charius

2262 1262 2464 1333 (Iacob.
2498 1282 2554 1333 v,
2588 1265 2703 1337 20).
2734 1269 2832 1324 Ille
2862 1269 3033 1342 igitur
3058 1272 3370 1331 salubriter
3398 1284 3521 1332 orat
3542 1278 3705 1347 Deum,
3728 1283 3781 1351 qni

2257 1361 2437 1408 servat
2475 1354 2732 1411 mandata
2759 1357 2856 1413 Dei
2884 1376 2898 1419 ;
2931 1359 3074 1417 nihil
3102 1363 3253 1419 enim
3304 1365 3535 1436 prodest
3573 1368 3779 1425 nobiscle

2258 1443 2519 1499 mentiam
2558 1446 2657 1501 Dei
2692 1447 2875 1504 verbis
2902 1449 3219 1523 implorare,
3252 1462 3313 1509 et
3343 1456 3599 1527 operibus
3617 1457 3779 1513 irritare.

2256 1533 2429 1604 Super
2458 1534 2627 1591 altare
2655 1551 2784 1609 ergo
2813 1554 3039 1595 aureum
3070 1540 3138 1596 de
3164 1543 3522 1601 orationibus
3546 1554 3774 1602 sanctorum

2255 1621 2407 1678 dedit
2436 1624 2599 1693 Deus,
2632 1627 2851 1698 quando
2882 1644 3047 1701 super
3074 1630 3244 1686 corda
3273 1633 3615 1690 credentium
3655 1635 3775 1701 ﬁdem,

2177 1730 2221 1791 Β
2253 1708 2557 1768 doctrinam
2636 1722 2897 1789 actusque
2964 1720 3369 1791 apostolorum,
3431 1733 3775 1797 ceterorumque

2251 1799 2671 1870 praedicatorum
2703 1804 2917 1876 posuit;
2969 1815 3033 1863 ut
3080 1807 3357 1867 haberent
3386 1812 3533 1869 unde
3562 1814 3775 1869 erudiren-

2251 1894 2343 1943 tur
2361 1898 2415 1945 et
2440 1890 2574 1963 quid
2600 1891 2973 1951 imitarentur.

2324 1978 2486 2047 (Vers
2512 1979 2592 2052 4.)
2626 1982 2781 2039 Unde
2808 1993 2863 2041 et
2881 1986 3147 2059 sequitur.
3171 1990 3247 2045 Et
3261 1991 3501 2046 ascendit
3523 1991 3675 2061 fumus
3687 2010 3769 2048 ara-

2250 2075 2450 2124 matum
2478 2070 2540 2125 de
2577 2072 2908 2128 orationibus
2934 2083 3261 2146 sanctorum,
3295 2080 3362 2135 de
3404 2099 3564 2137 manu
3586 2082 3720 2153 angeli
3736 2083 3767 2133 is

2248 2165 2521 2229 conspectu
2563 2161 2682 2217 Dei.
2722 2161 2823 2218 Per
2873 2163 3089 2222 fumum
3138 2179 3454 2226 aromatum
3510 2188 3607 2227 non
3649 2173 3767 2227 solum

2251 2250 2523 2305 orationes
2551 2248 2821 2320 ﬁdelium,
2854 2252 2949 2310 sed
2977 2263 3033 2311 et
3063 2256 3372 2329 fragrantia
3399 2260 3648 2316 bonorum
3677 2277 3767 2333 ope-

2251 2351 2371 2390 rum
2405 2335 2742 2409 designatur,
2774 2357 2894 2412 quae
2935 2343 3006 2400 ab
3051 2344 3305 2402 Ecclesia
3352 2347 3766 2404 indesinenteras-

2249 2427 2436 2485 cendit
2456 2429 2513 2486 in
2546 2443 2841 2505 conspectu
2869 2436 2991 2493 Dei.
3026 2438 3131 2505 Qui
3162 2439 3359 2497 fumus
3384 2441 3451 2497 de
3472 2438 3619 2497 manu
3642 2441 3763 2513 angeli

2248 2518 2612 2577 conscendere
2658 2521 2864 2578 dicitur
2908 2542 2920 2580 :
2979 2526 3109 2598 quia
3162 2529 3439 2602 quidquid
3475 2530 3594 2587 boni
3634 2529 3763 2584 ﬁdeles

2247 2606 2478 2677 faciunt,
2511 2619 2775 2682 operante
2794 2614 2908 2669 Deo
2929 2615 3160 2686 faciunt,
3173 2616 3323 2674 sicut
3342 2618 3478 2676 dicit
3498 2620 3627 2692 ipsa:
3658 2619 3764 2675 «Sine

2248 2715 2334 2756 me
2360 2700 2503 2757 nihil
2527 2705 2751 2775 potestis
2780 2706 2957 2764 facere
2988 2710 3153 2782 (Joan
3205 2728 3311 2781 xv,
3340 2712 3421 2785 5).
3465 2737 3482 2760 ι

2320 2790 2502 2861 (Vers.
2535 2793 2617 2865 5.)
2666 2797 2743 2851 Et
2784 2798 2980 2868 accepit
3027 2801 3244 2872 angelus
3299 2804 3623 2869 thuribulum,
3649 2800 3761 2856 elia-

2236 2880 2402 2950 plevit
2432 2882 2572 2938 illud
2597 2885 2660 2939 de
2693 2885 2810 2956 igne
2849 2888 3064 2958 altaris,
3108 2895 3157 2944 et
3207 2891 3362 2947 misit
3409 2893 3462 2947 in
3512 2899 3689 2947 terram.
3712 2890 3758 2943 Et

2239 2967 2387 3038 facta
2413 2978 2537 3027 sunt
2561 2972 2805 3046 fulgura,
2851 2994 3015 3046 voces,
3062 2986 3111 3033 et
3140 2981 3401 3050 tonitrua,
3444 2988 3489 3036 et
3529 2988 3758 3035 termino—

2242 3064 2324 3113 tus
2355 3059 2495 3132 (89).
2530 3062 2632 3117 Per
2662 3063 2842 3135 ignem
2901 3066 3140 3139 Spiritus
3185 3076 3414 3127 sanctus
3466 3070 3752 3142 designatur:

2242 3150 2467 3220 angelus
2487 3150 2690 3224 itaque,
2722 3152 2779 3208 id
2805 3163 2906 3222 est,
2944 3155 3197 3214 Christus
3223 3159 3580 3226 thuribulum,
3607 3157 3653 3212 id
3684 3162 3755 3220 est,

2240 3238 2409 3294 corda
2435 3238 2854 3312 discipulorum,
2886 3243 2954 3299 de
2984 3245 3110 3317 igne
3137 3247 3351 3317 altaris,
3385 3248 3438 3304 id
3464 3255 3553 3314 est,
3586 3244 3640 3301 de
3671 3243 3753 3314 Spi-

2241 3326 2355 3382 ritu
2381 3336 2569 3385 sancto
2594 3330 2846 3403 implevit
2866 3351 2881 3401 ;
2900 3335 3120 3407 quando
3141 3344 3263 3408 post
3285 3337 3621 3395 ascensionem
3642 3350 3750 3390 suam

2240 3414 2300 3470 in
2329 3416 2549 3486 coelum,
2577 3418 2792 3476 decimo
2812 3420 2902 3478 die
2930 3424 3142 3495 Spiritu
3167 3435 3364 3484 sancto
3386 3427 3538 3483 misso
3559 3424 3615 3481 de
3635 3421 3746 3485 coelo,

2240 3504 2406 3560 corda
2435 3505 2833 3580 discipulorum
2863 3511 3142 3585 implevit,
3168 3531 3234 3573 ac
3265 3517 3538 3575 scientiam
3563 3511 3744 3569 omnium

2240 3593 2553 3667 linguarum
2582 3597 2754 3655 dedit.
2787 3600 2861 3657 Et
2888 3602 2935 3657 si
2974 3619 3068 3675 per
3095 3606 3269 3662 altare
3300 3606 3530 3663 Ecclesia
3552 3601 3745 3671 designa-

2239 3688 2351 3751 tur,
2394 3701 2494 3741 cur
2521 3685 2759 3758 Spiritus
2788 3698 3011 3749 sanctus
3039 3701 3335 3767 antequam
3389 3690 3600 3759 daretur,
3643 3686 3741 3760 ignis

2238 3772 2426 3828 altaris
2488 3790 2605 3831 esse
2658 3776 2882 3846 dicitus,
2938 3781 3082 3838 sicut
3127 3782 3277 3839 idem
3334 3785 3548 3840 Joannes
3593 3777 3735 3834 dicit:

2249 3883 2269 3907 ‹
2308 3862 2563 3920 Nondum
2597 3874 2713 3923 erat
2739 3867 2979 3939 Spiritus
3007 3871 3168 3927 datus
3200 3891 3213 3940 ;
3238 3874 3373 3946 quia
3397 3873 3534 3929 lesus
3559 3864 3735 3925 nondum

2234 3951 2413 4009 fuerat
2444 3956 2782 4027 gloriﬁcatus
2815 3959 2996 4031 (Joan.
3046 3979 3146 4030 vn,
3196 3962 3295 4036 29)
3317 3965 3346 4021 ‘l
3380 3990 3398 4013 ι
3449 3962 3541 4018 Sed
3568 3956 3736 4031 Spiritus

2128 4042 2133 4113 ξ
2234 4051 2453 4099 sanctus
2480 4053 2771 4119 antequam
2801 4047 3044 4119 daretur,
3098 4051 3242 4125 ignis
3270 4053 3455 4109 altaris
3480 4058 3610 4113 erat;
3646 4042 3733 4117 quia

2236 4146 2332 4202 per
2360 4133 2703 4192 remissionis
2733 4138 2963 4207 gratiam
2986 4139 3100 4212 jam
3124 4157 3248 4198 eum
3282 4142 3525 4201 Ecclesia
3562 4132 3730 4210 possider

2234 4220 2347 4277 bat.
2378 4223 2517 4280 Nam
2548 4227 2819 4285 Dominus
2847 4238 2973 4287 ante
3018 4231 3329 4303 passionem
3362 4248 3500 4290 suam
3548 4222 3728 4302 promist!

2233 4326 2291 4366 se
2321 4311 2589 4385 Spiritum
2638 4326 2888 4375 sanctum
2940 4319 3195 4378 daturum
3247 4322 3519 4395 discipulis
3553 4316 3728 4409 suist.“

2234 4401 2381 4458 idem
2410 4405 2646 4463 Joannes
2674 4424 2801 4465 cum
2831 4409 2999 4467 verba
3024 4411 3245 4484 Caiphae
3273 4413 3522 4486 posuisset
3543 4401 3724 4464 dicentis:

2245 4515 2263 4537 ι
2294 4492 2534 4564 Expedit
2561 4495 2743 4566 vobis,
2784 4505 2846 4553 ut
2893 4515 3040 4557 unus
3079 4501 3350 4558 moriatur
3392 4499 3727 4587 homopropfl‘

2230 4581 2382 4653 pulo,
2409 4590 2463 4638 et
2496 4600 2607 4641 non
2651 4594 2766 4644 tota
2821 4604 2952 4660 gens
2984 4598 3167 4662 pereat
3196 4592 3376 4663 (Joan.
3404 4608 3475 4656 x1,
3514 4584 3648 4677 50)::

2229 4671 2360 4726 tulit
2387 4670 2577 4729 dicens
2607 4692 2620 4730 :
2668 4698 2687 4721 ι
2726 4676 2842 4732 Hoc
2873 4687 3057 4734 autem
3105 4697 3137 4734 a
3180 4681 3463 4752 semetipso
3496 4690 3586 4732 n00
3608 4668 3724 4761 dm."

2228 4759 2319 4816 sed
2351 4777 2474 4817 cum
2500 4770 2639 4818 esset
2666 4766 2919 4836 pontifex
2943 4767 3072 4823 anni
3113 4767 3286 4838 illius,
3317 4759 3725 4842 propheléwil‘lum

2225 4848 2382 4905 Iesus
2411 4852 2714 4909 moriturus
2741 4862 2853 4909 erat
2894 4871 2993 4927 pro
3021 4866 3179 4928 gente
3207 4878 3222 4926 ;
3253 4869 3305 4916 et
3330 4873 3434 4914 non
3460 4859 3635 4910 tantum
3657 4854 3723 4913 ΡΓ⁰

2227 4948 2406 5011 gente,
2429 4941 2524 4998 sed
2544 4951 2606 4999 ut
2621 4942 2768 5000 ﬁlios
2791 4946 2893 5002 Dei
2915 4949 3010 5020 qui
3024 4949 3256 5021 dispersi
3274 4956 3439 5015 erant,
3454 4936 3722 5035 congregem

2226 5027 2285 5084 in
2314 5046 2485 5121 unum
2504 5033 2666 5100 (Ibid.
2688 5034 2779 5103 51,
2800 5036 2943 5108 52).:
2968 5037 3248 5112 Numquid
3270 5038 3308 5093 ii
3328 5035 3417 5110 qui
3442 5035 3491 5089 in
3510 5027 3717 5121 Christum

2224 5118 2488 5175 credituri
2502 5131 2678 5191 erant,
2699 5124 2792 5197 qui
2816 5107 2911 5196 per
2931 5107 3215 5184 universas
3240 5107 3418 5202 gentes
3434 5115 3626 5193 dispersi

2224 5207 2294 5263 lis
2308 5209 2640 5281 serviebant,
2656 5212 2759 5268 ﬁlii
2786 5214 2887 5270 Dei
2924 5217 3129 5274 erant?
3156 5198 3325 5274 Erant
3346 5217 3512 5287 itaque
3646 5198 3713 5301 ﬁl?

2220 5296 2322 5354 Dei
2364 5315 2461 5372 per
2495 5300 3066 5375 praedestinationem;
3122 5308 3252 5381 quia
3273 5307 3385 5380 jam
3417 5293 3711 5376 praedestinatl

2293 5524 2410 5601 (89)
2434 5528 2486 5586 Ε
2489 5536 2507 5585 ι
2522 5526 2670 5601 facta
2688 5536 2898 5591 sunt...
2911 5576 2925 5590 .
2948 5540 2999 5592 et
3016 5541 3173 5593 terra:
3190 5541 3375 5603 motus,
3396 5532 3448 5589 in
3470 5526 3600 5586 Rom.
3616 5508 3708 5573 adil-

2218 5597 2339 5656 loco
2367 5597 2691 5659 mota'sunt.
