3902 6198
359 242 465 301 935

1376 242 1473 297 AD
1514 241 1748 298 OPERA
1791 239 1848 295 S.
1890 237 2222 297 AMBROSII
2261 235 2642 294 APPENDIX.

3599 234 3723 290 936

356 371 483 424 dens
510 370 702 424 missus
733 375 807 423 est
852 368 909 422 in
950 385 1116 426 mare.
1160 370 1261 424 Per
1298 377 1541 425 montem
1584 385 1839 441 magnum
1872 369 1961 423 lex
1999 368 2255 429 Aceridit
2304 367 2361 422 in
2419 367 2628 421 tertiam
2674 372 2883 438 partem
2935 364 3235 435 ﬂuminum,
3298 368 3352 417 et
3406 362 3475 417 in
3532 361 3730 432 fontes

358 460 533 531 Moysi
579 458 918 529 designatur,
967 475 1088 530 quae
1140 468 1359 531 propter
1399 460 1721 531 gravitatem
1756 457 1957 530 ponde-

358 548 435 603 ris
463 548 546 603 sui
580 546 754 601 monti
785 545 1121 601 assimilatur
1151 566 1163 614 ;
1200 558 1253 603 et
1286 557 1506 619 propter
1537 547 1838 619 spiritalem
1872 547 1957 602 in-

360 636 745 709 telligentiam,
771 654 891 708 quin
922 636 975 690 in
1010 637 1125 707 lege
1156 636 1477 707 refulgebat,
1508 636 1630 708 igne
1662 636 1847 691 ardere
1877 636 1956 691 di-

359 726 524 782 citur.
570 727 688 798 Ipse
730 742 861 781 vero
895 724 1200 781 Hebraicus
1228 726 1462 797 populus
1494 734 1713 798 propter
1744 724 1956 797 magni-

360 815 609 871 tudinem
639 815 902 870 scelerum
940 829 1034 884 per
1066 831 1212 869 mare
1239 814 1575 887 designatur.

435 926 619 996 (Vers.
653 925 734 994 9.)
766 926 839 978 Et
884 924 1032 994 facta
1060 932 1134 979 est
1165 925 1319 980 tertia
1351 942 1483 995 pars
1518 926 1684 980 maris
1722 926 1958 998 sanguis,

360 1022 406 1071 et
436 1019 649 1069 mortua
677 1019 751 1066 est
779 1014 935 1067 tertia
979 1031 1107 1083 pars
1135 1021 1412 1082 creatura),
1451 1032 1566 1086 qua:
1594 1016 1810 1070 habebat
1844 1017 1959 1070 ani-

360 1122 474 1159 mas
505 1104 561 1157 in
598 1103 758 1171 mari,
805 1109 851 1157 et
882 1104 1035 1158 tertia
1076 1122 1208 1175 pars
1246 1105 1462 1160 navium
1510 1105 1729 1160 interiit.
1767 1106 1960 1161 Omnis

361 1194 612 1250 remissio
644 1193 701 1247 in
752 1191 867 1263 lege
911 1193 1193 1265 sanguinis
1246 1195 1513 1251 effusione
1551 1202 1716 1266 atque
1767 1210 1961 1266 asper-

362 1285 517 1340 sione
566 1282 777 1350 ﬁebat;
835 1282 981 1337 unde
1025 1290 1079 1338 et
1122 1284 1339 1356 Moyses
1383 1285 1644 1355 populum
1696 1284 1961 1354 sanguine

361 1378 610 1446 aspersit,
642 1373 862 1430 dicens:
912 1400 929 1421 ι
957 1374 1059 1431 Hic
1088 1384 1168 1431 est
1194 1376 1417 1447 sanguis
1437 1374 1792 1442 Testamenti,
1815 1373 1961 1447 quod

364 1464 645 1521 mandavit
674 1463 742 1519 ad
774 1480 872 1519 vos
901 1465 1045 1520 Deus
1072 1465 1279 1535 (Exod.
1304 1481 1459 1532 xxw,
1481 1465 1561 1536 8).
1597 1490 1614 1513 ι
1654 1463 1758 1520 Sed
1783 1473 1833 1519 et
1861 1466 1963 1519 Aa-

362 1572 462 1611 ron
484 1562 537 1610 et
565 1552 710 1610 ﬁlios
730 1552 866 1625 ejus,
900 1560 961 1610 ut
989 1553 1181 1610 mundi
1203 1554 1549 1610 efﬁcerentur
1575 1554 1642 1610 ad
1660 1552 1962 1609 offerendas

364 1644 574 1700 hostias
615 1644 750 1711 Deo,
801 1642 945 1699 idem
993 1643 1208 1716 Moyses
1255 1643 1523 1715 sanguine
1563 1644 1811 1715 aspersit,
1863 1659 1964 1699 nec

364 1734 487 1790 sine
508 1732 795 1805 sanguinis
820 1732 1087 1788 eﬂ‘usione
1118 1733 1369 1789 remissio
1397 1749 1514 1788 esse
1538 1739 1748 1805 poterat
1777 1731 1959 1801 (Hebr.
1992 1729 2037 1790 B

364 1840 449 1893 ix,
480 1824 598 1895 2'2).
648 1823 749 1878 Per
792 1822 1011 1878 tertiam
1060 1838 1187 1893 ergo
1217 1829 1426 1893 partem
1458 1823 1647 1890 maris,
1677 1820 1836 1876 electi
1867 1820 1962 1893 qui

361 1930 426 1970 eo
473 1921 722 1984 tempore
767 1911 1016 1977 fuerunt,
1064 1911 1458 1982 designantur:
1495 1926 1591 1981 per
1638 1910 1962 1981 sanguinem

362 2018 492 2057 vero
523 2001 581 2057 in
612 2002 717 2058 hoc
746 2002 866 2058 loco
890 1999 1269 2056 remissionem
1298 2007 1646 2071 peccatorum
1675 2014 1967 2070 possumus

361 2091 624 2164 accipere.
671 2091 854 2149 Tertia
901 2090 1072 2161 igitur
1127 2107 1252 2162 pars
1304 2089 1473 2145 maris
1527 2089 1584 2144 in
1641 2090 1963 2161 sanguinem

362 2196 521 2236 versa
547 2189 671 2247 est;
724 2180 853 2252 quia
891 2179 1049 2234 electi
1098 2178 1193 2251 qui
1238 2194 1302 2233 eo
1333 2187 1577 2249 tempore
1617 2177 1842 2233 fuerunt
1871 2193 1965 2249 per

364 2268 803 2325 observationem
834 2267 969 2339 legis
993 2284 1023 2322 a
1054 2268 1290 2338 peccatis
1319 2266 1434 2322 suis
1474 2264 1729 2321 mundari
1758 2282 1965 2321 merue-

367 2364 518 2413 runt.
554 2356 736 2413 Tertia
778 2371 908 2410 vero
944 2372 1068 2427 pars
1108 2363 1392 2423 creaturas,
1425 2371 1545 2427 quae
1575 2353 1810 2410 habebat
1838 2354 1962 2409 ani-

365 2462 482 2502 mas
527 2445 585 2501 in
617 2446 776 2515 mari,
807 2455 861 2502 et
891 2453 1109 2501 mortua
1153 2445 1321 2501 fuisse
1348 2444 1576 2511 dicitur,
1606 2443 1853 2499 eamdem
1885 2444 1963 2499 si-

365 2534 775 2607 gniﬁcationem
806 2535 993 2604 habet,
1021 2552 1184 2608 quam
1216 2543 1270 2591 et
1302 2534 1460 2591 tertia
1492 2550 1616 2605 pars
1646 2533 1815 2589 maris
1841 2550 1965 2606 quin

364 2625 423 2680 in
455 2627 778 2697 sanguinem
808 2643 960 2683 versa
1007 2635 1088 2683 est
1139 2627 1241 2682 Per
1267 2642 1414 2682 mare
1443 2633 1645 2694 autem,
1683 2626 1825 2681 sicut
1848 2625 1962 2698 jam

363 2714 632 2783 diximus,
665 2716 965 2772 multitudo
1013 2723 1361 2787 peccatorum
1406 2716 1755 2786 designatur:
1790 2715 1966 2787 pisces

365 2819 498 2859 vero
536 2821 661 2860 cum
687 2804 756 2860 ab
784 2806 943 2876 aquis
969 2804 1392 2871 subtrahuntur,
1424 2805 1636 2859 animas
1665 2808 1953 2861 amittunt.

364 2896 543 2951 Electi
572 2912 700 2965 ergo
726 2894 973 2967 quandiu
997 2895 1054 2949 in
1086 2896 1243 2967 aquis
1273 2895 1538 2951 vitiorum
1574 2913 1799 2952 suorum
1831 2913 1964 2952 ver-

365 2990 579 3050 santur,
623 2983 837 3038 animas
880 2984 1120 3039 marinas
1148 2984 1375 3052 habent,
1416 2992 1763 3056 peccatorum
1814 2985 1962 3040 vide-

365 3072 494 3129 licet
541 3071 781 3128 tenebris
828 3071 1143 3148 involutas;
1195 3089 1323 3129 cum
1376 3089 1507 3129 vero
1560 3084 1655 3130 aut
1708 3092 1801 3147 per
1855 3074 1963 3131 ba-
1993 3087 2036 3147 ο

364 3162 654 3235 ptismum,
684 3170 777 3218 aut
810 3162 1189 3236 paenitentiam
1213 3162 1280 3219 ab
1301 3163 1459 3236 aquis
1485 3162 1751 3220 vitiorum
1783 3173 1959 3220 extra-

362 3249 595 3321 huntur,
626 3253 840 3309 animas
894 3254 1158 3326 pristinas
1202 3254 1359 3327 quasi
1411 3253 1694 3322 amittunt,
1736 3271 1859 3311 cum
1893 3271 1962 3309 ex

365 3341 525 3397 malis
575 3342 707 3398 boni
751 3343 1091 3411 eﬂiciuntur,
1137 3344 1559 3415 moriunturque
1607 3344 1850 3412 diabolo,
1899 3350 1961 3399 ut

363 3431 557 3485 vivant
578 3432 711 3486 Deo.
744 3431 927 3487 Tertia
956 3432 1127 3502 igitur
1155 3448 1279 3502 pars
1308 3431 1541 3503 piscium
1576 3431 1786 3487 animas
1814 3431 1961 3486 emi-

362 3527 573 3585 serunt,
605 3520 737 3589 quia
758 3519 919 3575 electi
950 3520 1044 3590 qui
1074 3536 1138 3574 eo
1168 3527 1417 3590 tempore
1451 3520 1695 3588 fuerunt,
1731 3536 1827 3592 per
1849 3520 1960 3575 ob-

361 3605 734 3662 servationem
766 3606 901 3677 legis
929 3606 1139 3661 mortui
1167 3614 1298 3661 sunt
1325 3615 1568 3677 peccato,
1596 3616 1650 3662 et
1678 3615 1962 3679 coeperunt

361 3694 549 3749 vivere
589 3694 724 3750 Deo.
771 3695 873 3749 Per
912 3710 1080 3749 naves
1122 3701 1328 3764 autem,
1373 3711 1493 3767 quas
1543 3711 1714 3768 aquas
1759 3696 1862 3751 sub
1903 3714 1960 3753 se

361 3785 586 3854 habent,
642 3784 865 3857 illisque
910 3784 1339 3857 supereminent,
1382 3784 1657 3858 principes
1684 3787 1861 3858 gentis
1888 3788 1958 3844 il-

362 3877 474 3933 lius
503 3876 882 3948 designantur.
915 3875 1099 3931 Tertia
1128 3892 1258 3931 vero
1290 3892 1415 3948 pars
1444 3893 1565 3950 qua:
1595 3876 1827 3945 interiit,
1868 3894 1959 3936 eos

360 3968 607 4041 designat
652 3969 747 4042 qui
779 3986 849 4026 ex
878 3969 957 4024 eis
988 3967 1128 4041 justi
1172 3968 1399 4024 fuerunt
1422 3966 1587 4039 juxta
1634 3966 1795 4023 illum
1840 3985 1958 4024 sen-

359 4074 479 4113 sum
511 4075 673 4129 quem
718 4059 1000 4128 diximus;
1034 4075 1098 4115 eo
1152 4057 1299 4131 quod
1328 4057 1643 4115 interierint
1669 4064 1724 4113 et
1753 4057 1956 4114 mortui

359 4147 472 4202 sint
501 4155 744 4217 peccato,
775 4157 829 4204 et
858 4149 1105 4204 vixerint
1131 4150 1265 4204 Deo.

433 4261 614 4332 (Vers.
652 4261 765 4333 IO.)
800 4264 873 4316 Et
906 4263 1089 4316 tertius
1115 4264 1333 4334 angelus
1364 4263 1486 4318 tuba
1514 4260 1710 4327 cecinit,
1745 4266 1793 4314 et
1817 4260 1956 4315 ceci-

356 4349 435 4405 dit
463 4350 525 4403 de
570 4349 693 4403 creto
736 4351 890 4405 stella
927 4351 1120 4404 ardens
1161 4357 1409 4419 tanquam
1441 4350 1644 4419 facula.
1688 4349 1950 4405 Eamdem

358 4438 820 4511 signiﬁcationem
868 4438 1033 4493 habet
1078 4440 1237 4494 stella
1278 4455 1441 4511 quam
1489 4446 1543 4493 et
1579 4439 1834 4509 angelus;
1877 4439 1952 4494 si-
1981 4445 2030 4505 D

357 4528 583 4602 gniﬁcat
612 4542 850 4599 namque
885 4526 1217 4599 prophetas:
1273 4526 1367 4581 sed
1407 4526 1761 4597 quaerendum
1794 4526 1954 4583 nobis

357 4610 771 4691 esu-quomodo
810 4615 877 4672 de
918 4616 1058 4673 coelo
1086 4615 1145 4671 in
1185 4623 1385 4671 terram
1416 4614 1677 4671 cecidisse
1714 4614 1948 4671 dicatur.

355 4710 536 4768 Sancti
568 4712 628 4768 in
678 4711 879 4769 caelum
915 4709 1323 4784 quodammodo
1372 4708 1769 4777 conscendunt,
1822 4727 1950 4766 cum

355 4820 446 4861 eos
477 4822 631 4861 amor
653 4804 878 4860 divinus
916 4803 985 4859 ad
1022 4804 1263 4861 cmlestia
1291 4803 1710 4875 contemplanda
1733 4804 1941 4860 elevat:

353 4892 558 4950 cadunt
587 4894 644 4949 in
686 4902 909 4961 terram,
965 4911 1091 4949 cum
1125 4912 1217 4950 eos
1262 4911 1416 4950 amor
1462 4894 1841 4967 proximorum
1880 4893 1948 4950 ad

352 4984 465 5039 ima
492 4984 723 5041 retrahit
747 5003 759 5051 ;
789 4992 850 5041 ut
872 4985 1258 5056 praedicatione
1282 5001 1381 5040 sua
1410 4992 1694 5057 peccantes
1720 4984 1788 5039 ad
1800 4983 1945 5039 viam

354 5071 608 5129 veritatis
637 5072 907 5130 reducant
938 5091 952 5141 ;
1001 5073 1182 5129 facula
1220 5089 1348 5129 vero
1387 5072 1726 5141 accenditur,
1764 5080 1826 5129 ut
1853 5080 1947 5128 te-

351 5161 547 5218 nebras
597 5164 776 5219 noctis
815 5163 1072 5235 depellat.
1122 5164 1305 5221 Verba
1347 5165 1518 5236 igitur
1554 5163 1945 5236 prophetarum

349 5250 547 5308 facula).
579 5252 824 5320 fuerunt,
872 5252 1004 5324 quia
1046 5252 1301 5310 tenebras
1335 5263 1683 5324 peccatorum
1727 5269 1759 5308 a
1797 5268 1946 5309 men-

351 5339 503 5399 tibus
556 5340 849 5397 hominum
887 5344 1240 5415 fugaverunt.
1298 5342 1594 5398 Possumus
1637 5342 1802 5397 etiam
1850 5359 1946 5415 per

349 5428 533 5500 ignem
567 5431 760 5487 faculas
789 5432 1056 5504 Spiritum
1088 5439 1336 5488 sanctum
1371 5432 1698 5505 intelligere,
1730 5449 1840 5506 quo
1864 5432 1942 5488 in-

350 5518 595 5574 damnati
627 5522 928 5593 prophetae,
969 5530 1025 5578 et
1063 5524 1267 5579 multos
1295 5522 1362 5578 ab
1394 5521 1782 5594 iniquitatibus
1816 5539 1944 5579 cor-

352 5613 632 5675 rexerunt,
672 5615 726 5662 et
774 5624 895 5679 quae
933 5617 1165 5664 ventura
1205 5618 1383 5678 erant,
1423 5610 1818 5681 praedixerunt.
1872 5610 1943 5665 Et

2066 474 2352 528 aquarum.
2379 456 2479 511 Per
2510 455 2739 511 ﬁumina
2757 463 2811 512 et
2826 455 3005 511 fontes
3029 451 3327 509 duodecim
3352 451 3555 507 tribus
3578 469 3721 509 cum

2067 546 2181 601 suis
2210 544 2438 600 familiis
2464 544 2820 616 designantur
2853 561 2864 599 :
2910 559 3005 614 per
3035 542 3259 598 tertiam
3302 556 3447 597 vero
3484 549 3717 613 partem

2068 637 2131 706 ii,
2203 637 2295 709 qui
2366 653 2434 692 ex
2507 636 2587 692 eis
2654 636 2723 692 ad
2800 634 2969 691 vitam
3040 642 3304 689 aeternam
3378 633 3718 706 praescripti

2068 733 2242 793 erant,
2273 725 2599 797 ﬁgurantur.
2632 725 2844 781 Cecidit
2872 740 3002 796 ergo
3030 724 3190 779 stella
3212 722 3272 777 in
3303 724 3548 779 tertiam
3584 739 3718 794 par-

2069 822 2178 869 tem
2239 813 2553 882 ﬂuminum,
2603 814 2735 886 quia
2777 812 2864 868 illi
2913 812 3222 868 doctrinam
3282 810 3713 883 prophetarum

2069 912 2418 976 acceperunt,
2467 910 2521 958 et
2566 901 2623 957 in
2670 901 2931 960 cordibus
2978 901 3091 958 suis
3134 901 3572 971 plantaverunt,
3612 903 3714 973 qui

2070 996 2138 1051 ad
2171 997 2342 1051 vitam
2374 1004 2630 1052 aeternam
2663 993 3033 1066 praedestinati
3058 1002 3235 1049 erant.

2145 1104 2330 1175 (Vers.
2374 1103 2485 1175 II.)
2534 1104 2607 1158 Et
2650 1118 2836 1156 nomen
2884 1103 3047 1157 stella:
3087 1101 3289 1156 dicitur
3334 1101 3709 1156 absinthium.

2072 1194 2433 1251 Absinthium
2481 1191 2641 1247 valde
2690 1199 2773 1247 est
2827 1208 3073 1247 amarum
3124 1210 3137 1246 :
3188 1207 3288 1263 per
3334 1191 3709 1246 absinthium

2068 1284 2240 1356 igitur
2294 1281 2753 1340 comminationes
2825 1281 3216 1353 prophetarum
3291 1279 3710 1351 designantur,

2070 1388 2204 1444 quas
2254 1370 2455 1444 populo
2504 1370 2759 1443 peccanti
2808 1368 3151 1442 ingerebant,
3195 1370 3575 1443 praedicentes
3623 1370 3709 1425 eis

2070 1461 2218 1534 quod
2264 1461 2372 1517 nisi
2418 1461 2794 1533 paenitentiam
2848 1465 2995 1523 537
3036 1468 3281 1532 agerent,
3325 1459 3390 1514 in
3441 1460 3703 1530 praedam

2070 1566 2123 1614 et
2151 1559 2207 1614 in
2234 1559 2610 1631 captivitatem
2642 1557 2894 1614 hostibus
2934 1556 3048 1613 suis
3090 1556 3361 1612 darentur
3392 1575 3406 1624 ;
3450 1564 3513 1611 et
3547 1555 3703 1630 quod

2071 1648 2115 1702 si
2158 1664 2260 1705 nec
2297 1647 2377 1703 sic
2424 1647 2772 1719 pmniterent,
2821 1653 2997 1702 morte
3043 1652 3308 1718 perpetua
3336 1644 3703 1701 damnaren-

2074 1743 2184 1792 tur.
2226 1739 2299 1794 Et
2355 1737 2499 1807 facta
2554 1744 2628 1791 est
2680 1738 2833 1792 tertia
2882 1752 3015 1807 pars
3046 1751 3317 1804 aquarum
3375 1735 3436 1789 in
3497 1736 3703 1790 absin-

2075 1829 2261 1884 thium.
2308 1827 2398 1882 Illi
2445 1826 2869 1883 amaritudinem
2918 1824 3256 1896 pmnitentize
3305 1840 3408 1897 per
3437 1827 3701 1882 commi-

2073 1917 2324 1971 nationes
2352 1914 2739 1987 prophetarum
2788 1920 3219 1985 assumpserunt,
3256 1928 3399 1984 quos
3429 1914 3697 1986 superius

2073 2022 2169 2077 per
2222 2004 2439 2060 tertiam
2481 2013 2689 2076 partem
2726 2018 2992 2075 aquarum
3037 2000 3288 2056 diximus
3316 1999 3495 2057 fuisse
3528 2002 3693 2058 desi-

2075 2102 2286 2165 gnatos,
2326 2092 2383 2149 id
2428 2101 2529 2160 est,
2560 2092 2741 2148 electi.
2777 2094 2852 2148 Et
2878 2090 3033 2146 multi
3069 2090 3302 2144 homines
3329 2092 3542 2145 mortui
3568 2100 3742 2147 sunt.

2074 2186 2136 2241 de
2184 2185 2362 2255 aquis,
2412 2184 2541 2255 quia
2596 2200 2799 2239 amara:
2854 2181 3010 2252 factae
3064 2186 3205 2237 sunt.
3265 2181 3387 2237 Illis
3443 2198 3691 2255 namque

2072 2272 2382 2329 amaritudo
2438 2272 2774 2345 pmnitentiae
2833 2277 3062 2326 mortem
3115 2269 3333 2337 intulit,
3390 2270 3489 2342 qui
3546 2273 3689 2326 sahi

2074 2379 2190 2419 esse
2240 2371 2600 2429 meruerunt;
2654 2361 2859 2418 mortui
2892 2367 3024 2416 sunt
3071 2359 3221 2416 enim
3267 2359 3581 2416 secundum
3632 2360 3689 2417 id

2074 2451 2223 2524 quod
2270 2451 2401 2507 mali
2449 2458 2625 2518 erant,
2665 2459 2720 2507 et
2765 2450 3028 2506 vixerunt
3072 2447 3379 2506 secundum
3424 2448 3486 2505 id
3536 2449 3687 2522 quod

2071 2542 2203 2598 boni
2236 2559 2350 2601 esse
2379 2549 2681 2616 coeperunt.

2147 2659 2329 2730 (Vers.
2389 2657 2501 2729 12.)
2576 2659 2651 2714 Et
2713 2661 2938 2728 quartus
2991 2656 3208 2727 angelus
3273 2653 3399 2708 tuba
3471 2653 3682 2709 cecinit.

2079 2747 2317 2815 Quartus
2345 2749 2571 2819 angelus
2617 2746 2898 2804 Christum
2940 2752 2993 2801 et
3023 2744 3300 2816 apostolos
3339 2742 3462 2815 ejus
3489 2743 3682 2816 signi—

2073 2838 2217 2894 ﬁcat.
2247 2839 2321 2893 Et
2342 2854 2594 2909 percussa
2619 2843 2693 2891 est
2721 2836 2875 2891 tertia
2900 2852 3033 2906 pars
3077 2834 3228 2902 solis,
3274 2840 3323 2887 et
3363 2834 3524 2889 tertia
3552 2852 3682 2905 pars

2077 2929 2233 2995 lunae,
2267 2934 2316 2982 et
2357 2928 2512 2982 tertia
2552 2943 2685 2998 pars
2718 2926 3036 2990 stellarum;
3066 2930 3124 2978 ut
3157 2924 3538 2978 obscuraretur
3567 2930 3682 2978 ter-

2076 3016 2149 3071 tia
2200 3034 2335 3087 pars
2389 3033 2589 3083 eorum,
2647 3022 2695 3071 et
2748 3014 2853 3069 diei
2902 3030 3009 3068 non
3066 3013 3256 3067 luceret
3311 3012 3467 3067 tertia
3520 3030 3674 3084 pars,

2073 3112 2121 3160 et
2150 3106 2316 3160 noctis
2344 3105 2609 3160 similiter.
2641 3103 2752 3171 Sol,
2786 3104 2937 3169 luna,
2967 3107 3022 3157 et
3048 3101 3221 3156 stellae
3249 3101 3318 3156 ad
3350 3118 3521 3156 unam
3552 3118 3672 3157 rem

2071 3196 2387 3268 pertinent;
2437 3210 2562 3250 nam
2594 3208 2690 3265 per
2717 3192 2889 3248 solem
2943 3189 3176 3262 populus
3204 3190 3544 3258 Iudaeorum,
3580 3207 3673 3263 per

2071 3285 2258 3339 lunam
2308 3299 2441 3339 vero
2486 3284 2790 3355 Synagoga,
2822 3295 2918 3352 per
2957 3280 3143 3337 stellas
3171 3287 3354 3335 autem
3393 3279 3668 3352 principes

2073 3373 2415 3429 sacerdotum
2446 3379 2500 3428 et
2545 3370 2806 3427 Pharisaei
2851 3369 3233 3441 designantur.
3269 3367 3375 3425 Sed
3404 3368 3452 3423 si
3480 3367 3667 3424 obscu-

2070 3463 2341 3519 rationem
2372 3461 2504 3518 solis
2532 3467 2586 3516 et
2625 3460 2770 3515 lunze
2814 3466 2984 3532 atque
3026 3457 3311 3513 stellarum
3356 3455 3428 3512 ad
3456 3472 3549 3513 eos
3575 3455 3663 3529 qui

2071 3553 2130 3609 in
2183 3553 2464 3610 Christum
2514 3551 2813 3607 noluerunt
2848 3547 3091 3615 credere,
3136 3545 3436 3603 transferre
3469 3545 3662 3602 volue-

2070 3643 2266 3708 rimus,
2296 3640 2432 3697 ordo
2459 3639 2708 3712 superior
2739 3636 3170 3710 perturbabitur.
3204 3635 3474 3707 Superius
3520 3634 3658 3691 enim

2073 3730 2510 3788 combustionem
2546 3738 2704 3785 terras
2747 3727 2924 3782 tertiae
2966 3726 3156 3798 partis,
3207 3741 3328 3798 quae
3357 3723 3464 3780 sub
3504 3731 3659 3780 cantu

2068 3819 2216 3876 tubas
2253 3819 2419 3891 primi
2445 3818 2623 3890 angeli
2654 3817 2798 3874 facta
2829 3831 2945 3873 esse
2985 3814 3214 3882 dicitur,
3244 3813 3655 3870 conversionem

2068 3909 2245 3966 tertia:
2276 3908 2446 3981 partis
2491 3906 2659 3963 maris
2701 3906 2759 3961 in
2809 3903 3154 3975 sanguinem,
3185 3919 3306 3975 quae
3350 3902 3455 3959 sub
3502 3909 3655 3959 cantu

2065 3998 2213 4055 tubae
2252 3997 2479 4055 secundi
2524 3996 2703 4068 angeli
2750 3995 2895 4050 facta
2939 3993 3108 4049 fuisse
3140 3992 3262 4047 visa
3304 4000 3407 4061 est,
3442 4008 3653 4048 conver-

2065 4088 2277 4144 sionem
2322 4087 2692 4142 nihilominus
2728 4085 2905 4141 tertiae
2941 4083 3113 4156 partis
3151 4098 3417 4155 aquarum
3465 4082 3524 4138 in
3559 4081 3654 4137 ab-

2064 4176 2357 4244 sinthium,
2387 4192 2507 4249 quas
2554 4176 2656 4232 sub
2702 4182 2868 4231 cantu
2910 4173 3055 4229 tubae
3104 4172 3254 4229 tertii
3300 4171 3481 4244 angeli
3524 4172 3655 4227 facta

2063 4267 2232 4322 fuisse
2265 4266 2482 4339 legitur,
2527 4268 2584 4322 in
2627 4267 2829 4323 bonam
2877 4272 3086 4337 partem
3134 4261 3514 4334 accipiendam
3551 4277 3656 4318 esse

2062 4356 2564 4411 demonstravimus
2611 4373 2624 4422 ;
2698 4354 2930 4426 ideoque
2981 4352 3050 4408 ad
3114 4353 3317 4408 electos
3366 4350 3649 4423 pertinere.

2061 4444 2411 4517 Consequens
2460 4452 2542 4500 est
2594 4452 2657 4500 ut
2708 4440 3143 4515 persecutionem
3200 4440 3334 4496 solis
3385 4448 3442 4495 et
3520 4440 3652 4494 lunai

2062 4545 2224 4608 atque
2273 4537 2556 4592 stellarum
2598 4535 2653 4589 in
2699 4533 2898 4589 bonam
2948 4539 3156 4604 partem
3207 4530 3647 4601 interpretemur.

2060 4624 2164 4680 Per
2198 4626 2415 4681 tertiam
2456 4625 2640 4696 itaque
2672 4631 2880 4696 partem
2929 4622 3080 4689 solis,
3131 4636 3253 4693 quae
3293 4635 3565 4693 percussa,
3596 4617 3646 4673 id

2059 4721 2161 4782 est,
2206 4714 2498 4771 obscurata
2535 4720 2634 4780 est,
2685 4711 2725 4766 ii
2764 4711 2860 4783 qui
2907 4726 2975 4766 ex
3020 4709 3223 4781 populo
3252 4709 3568 4764 Iudaeorum
3596 4708 3647 4763 in

2058 4804 2338 4863 Christum
2378 4802 2753 4870 crediderunt,
2783 4800 3181 4872 designantur;
3214 4797 3494 4854 obscurati
3527 4803 3647 4852 sunt

2057 4911 2294 4966 namque
2333 4893 2521 4964 impiis
2564 4890 2788 4956 Judaais,
2833 4889 2928 4945 sed
2976 4887 3315 4944 refulserunt
3344 4887 3401 4941 in
3432 4901 3646 4957 conspe-

2056 4993 2148 5041 ctu
2176 4983 2296 5039 Dei.
2328 4980 2596 5037 Similiter
2635 4985 2689 5035 et
2717 4994 2813 5050 per
2856 4976 3074 5032 tertiam
3120 4982 3331 5047 partem
3380 4975 3528 5030 luna).
3574 4982 3644 5028 at-

2056 5089 2160 5145 que
2201 5073 2486 5129 stellarum
2533 5086 2652 5143 qua:
2697 5067 2986 5123 obscurata
3029 5072 3130 5133 est,
3163 5063 3205 5120 ii
3235 5063 3332 5136 qui
3359 5080 3431 5119 ex
3462 5062 3645 5121 archi-

2054 5160 2346 5234 synagogis
2395 5168 2557 5233 atque
2614 5155 2989 5215 sacerdotibus
3030 5162 3084 5211 et
3127 5170 3197 5209 ex
3258 5152 3553 5210 Pharismis
3590 5154 3642 5209 in

2054 5250 2338 5309 Christum
2385 5247 2758 5315 crediderunt,
2803 5244 3161 5316 designantur
3208 5260 3222 5311 ;
3272 5241 3405 5316 quia
3445 5250 3501 5298 et
3544 5242 3639 5315 ipsi

2054 5348 2275 5414 propter
2318 5339 2507 5394 lumen
2535 5353 2751 5404 verum,
2783 5334 2838 5391 id
2870 5343 2971 5403 est,
3004 5333 3310 5400 Christum,
3337 5346 3503 5402 quem
3532 5347 3636 5404 per-

2052 5435 2334 5501 ceperunt,
2370 5426 2647 5484 obscurati
2688 5433 2817 5481 sunt
2860 5423 2959 5492 eis,
3003 5437 3238 5496 quorum
3287 5420 3496 5476 mentis
3520 5435 3633 5476 ocu-

2052 5519 2135 5576 los
2174 5518 2427 5576 diabolus
2473 5516 2861 5582 obcaacaverat,
2909 5529 2978 5569 ne
3033 5512 3088 5567 in
3136 5509 3419 5568 Christum
3464 5508 3630 5564 crede-

2052 5616 2209 5677 rent;
2258 5624 2383 5664 nam
2415 5605 2636 5663 claritas
2679 5602 2815 5662 solis
2860 5600 3154 5673 lippientes
3183 5599 3375 5656 oculos
3404 5596 3629 5655 obcaecat
