3902 6198
177 353 285 412 937

1068 353 1526 412 BERENGAUDI
1563 353 1939 412 EXPOSITIO
1978 356 2048 416 IN
2087 354 2588 416 APOCALYPSIN.

3375 362 3482 421 938

179 481 379 553 magis,
427 495 587 552 quam
619 479 919 536 illuminat.
948 479 1244 537 Possumus
1272 497 1403 537 vero
1432 497 1528 555 per
1551 481 1770 538 tertiam
1801 484 1851 543 A
1879 490 2029 551 runt,
2077 482 2221 538 sicut
2264 481 2542 550 Nicolaus,
2580 482 2676 555 qui
2703 481 3047 555 temporibus
3093 486 3476 560 apostolorum

178 577 394 642 partem
424 569 533 625 diei
560 569 960 641 apostolos,per
986 571 1204 626 tertiam
1237 579 1414 628 autem
1434 580 1641 642 partem
1666 587 1780 628 no-

178 660 286 716 ctis
318 675 411 715 eos
431 660 527 732 qui
558 674 625 714 ex
649 659 904 731 gentibus
932 660 1302 729 crediderunt,
1330 663 1652 734 intelligere.
1673 662 1778 718 Ob-

179 749 392 806 scurati
440 756 570 804 sunt
617 765 854 821 namque
903 749 982 805 eis
1039 751 1291 823 apostoli,
1324 750 1416 823 qui
1449 766 1637 806 eorum
1670 750 1781 805 do—

178 839 418 896 ctrinam
481 855 592 894 non
647 839 825 894 solum
867 848 1210 911 spreverunt,
1269 840 1362 896 sed
1419 841 1581 896 etiam
1636 839 1782 912 ipsos

178 941 576 1000 usquequaque
623 927 897 998 persecuti
947 937 1096 984 sunt.
1129 930 1206 984 De
1237 927 1339 984 hac
1364 944 1552 984 eorum
1591 927 1781 983 obscu-

179 1018 400 1073 ratione
450 1016 720 1073 Dominus
765 1017 936 1073 dicit:
1001 1041 1020 1067 ι
1067 1018 1381 1075 Trademini
1411 1027 1590 1076 autem
1620 1035 1650 1074 a
1678 1001 1800 1091 pa-I

179 1106 439 1164 rentibus
499 1113 553 1162 et
613 1105 878 1163 fratribus
933 1115 987 1163 et
1041 1108 1285 1181 cognatis
1339 1116 1393 1165 et
1446 1109 1671 1176 amicis,
1731 1115 1784 1163 et

183 1202 366 1251 morte
395 1193 637 1251 aﬂicient
665 1211 735 1250 ex
762 1194 938 1253 vobis.
972 1196 1043 1252 Et
1071 1197 1226 1252 eritis
1259 1195 1387 1253 odio
1411 1197 1668 1253 omnibus
1690 1195 1782 1252 ho-

187 1285 440 1343 minibus
487 1295 709 1360 propter
747 1303 949 1344 nomen
991 1303 1175 1344 meum
1205 1287 1321 1361 (94)
1357 1288 1507 1362 (Luc.
1540 1304 1659 1358 XXI,
1696 1287 1780 1355 16,

182 1376 302 1448 17).
334 1401 353 1423 ι

262 1476 448 1550 (Vers.
501 1475 614 1548 13.)
663 1477 738 1531 Et
782 1475 894 1532 vidi
921 1481 969 1531 et
996 1476 1182 1533 audivi
1204 1494 1374 1534 vocem
1401 1476 1560 1532 unius
1590 1477 1787 1548 aquila:

180 1565 418 1620 volantis
470 1581 569 1636 per
619 1565 852 1620 medium
908 1567 1114 1635 caelum,
1157 1566 1374 1621 dicentis
1403 1581 1519 1620 voce
1544 1582 1736 1636 magna
1770 1582 1781 1621 :

191 1655 301 1723 Vw,
350 1672 447 1724 vw,
498 1673 598 1724 ore,
657 1655 1019 1712 habitantibus
1064 1657 1121 1711 in
1151 1664 1290 1713 terra
1321 1675 1354 1714 a
1386 1657 1596 1713 vocibus
1625 1657 1788 1712 trium

180 1747 520 1818 angelorum,
569 1747 662 1817 qui
704 1754 857 1802 erant
901 1748 1023 1802 tuba
1070 1748 1320 1803 canituri.
1369 1748 1471 1804 Per
1498 1748 1698 1804 caelum
1729 1747 1788 1802 in

1889 571 2103 628 exstitit
2135 572 2276 643 (Act.
2310 588 2389 641 v1,
2419 572 2498 643 5),
2546 579 2599 628 et
2633 571 2792 629 multi
2821 572 2938 630 alii.
2989 576 3063 632 Et
3107 577 3232 634 data
3278 584 3353 635 est
3396 579 3485 636 illi

1889 662 2054 718 clavis
2095 662 2241 733 putei
2292 663 2486 733 abyssi.
2537 663 2640 718 Per
2675 664 2885 721 clavem
2924 664 3159 724 liberum
3189 668 3482 726 arbitrium

1892 752 2297 822 haereticorum,
2349 751 2494 825 quod
2549 753 2860 811 habuerunt
2905 755 2963 811 in
3011 759 3176 828 malo,
3221 759 3484 833 designa-

1892 850 1980 898 tur
2005 860 2018 910 ;
2076 859 2172 914 per
2200 843 2459 914 abyssum
2490 858 2620 898 vero
2648 844 2813 903 corda
2842 861 3065 904 eorum:
3125 865 3220 921 per
3256 858 3482 922 puteum

1892 943 2072 991 autem
2105 951 2295 991 eorum
2327 952 2424 991 ora
2453 935 2830 1010 designantur.
2875 939 3013 995 Data
3049 945 3132 995 est
3162 939 3330 1011 igitur
3359 941 3484 998 hat-

1894 1026 2080 1082 reticis
2112 1025 2284 1081 clavis
2318 1025 2467 1098 putei
2495 1025 2701 1100 abyssi,
2732 1027 2860 1101 quia
2888 1028 3145 1100 permisit
3171 1030 3317 1086 Deus
3359 1029 3485 1088 hae-

1894 1133 2039 1173 reses
2068 1132 2204 1186 esse,
2255 1115 2399 1173 sicut
2431 1115 2568 1174 dicit
2597 1118 2877 1190 apostolus
2902 1119 3138 1177 Paulus:
3209 1144 3228 1170 ι
3259 1120 3487 1194 Oportet

1895 1207 2129 1265 haereses
2171 1223 2305 1276 esse,
2347 1215 2409 1264 ut
2451 1208 2649 1281 quipro
2687 1208 2802 1266 bati
2841 1217 2990 1282 sunt,
3033 1211 3313 1273 manifesti
3351 1213 3486 1272 ﬁant

1895 1305 2039 1356 Inter
2077 1315 2176 1356 vos
2207 1300 2265 1372 (Ι
2294 1299 2418 1356 Cor.
2449 1316 2530 1368 ιι,
2575 1300 2688 1373 19).
2719 1323 2739 1352 ›

1971 1388 2153 1461 (Vers.
2195 1388 2275 1461 2.)
2325 1391 2398 1446 Et
2428 1391 2637 1462 aperuit
2661 1397 2877 1464 puteum
2904 1392 3100 1468 abyssi.
3148 1393 3317 1455 Stella
3365 1413 3487 1474 quae

1896 1479 1963 1535 de
1993 1481 2131 1536 caelo
2160 1478 2382 1547 cecidit,
2434 1488 2660 1552 puteum
2689 1480 2874 1556 abyssi
2902 1485 3154 1558 aperuit;
3205 1487 3335 1561 quia
3363 1487 3489 1545 bat-

1896 1568 2055 1625 retici
2094 1567 2162 1625 ad
2190 1568 2518 1642 proferenda
2543 1571 2706 1640 mala,
2755 1588 2874 1646 qua;
2913 1574 2972 1632 in
2999 1574 3259 1634 cordibus
3297 1591 3486 1650 egrum

1898 1664 2162 1733 latebant,
2221 1681 2318 1722 ora
2374 1680 2472 1723 sua
2525 1676 2875 1740 aperuerunt.
2923 1672 2997 1728 Et
3037 1672 3271 1730 ascendit
3309 1672 3491 1745 fumus

1893 1754 2059 1826 putei,
2116 1755 2252 1809 sicut
2307 1753 2489 1825 fumus
2536 1756 2773 1827 fornacis
2826 1776 3048 1832 magnas.
3109 1761 3212 1817 Per
3272 1762 3489 1821 fumum

182 1838 297 1896 hoc
325 1838 447 1894 loco
474 1836 723 1894 Ecclesia
741 1836 1078 1909 designatur;
1094 1837 1278 1910 aquila
1293 1854 1422 1894 vero
1435 1835 1715 1895 Christum
1737 1844 1790 1893 et
1823 1856 1868 1916 Β
1899 1843 2151 1900 doctrina
2179 1842 2565 1904 haereticorum
2591 1847 2944 1921 designatur;
2978 1851 3108 1924 quia
3134 1851 3278 1909 sicut
3305 1851 3492 1912 fumus

184 1927 468 2001 apostolos
499 1925 616 1998 ejus
645 1926 1004 1984 demonstrat.
1033 1927 1236 2002 Aquila
1263 1944 1389 2000 ergo
1418 1943 1514 2000 per
1542 1926 1786 1983 medium

179 2015 392 2072 caelum
422 2012 648 2069 volabat
677 2020 731 2070 et
758 2014 1026 2070 clamabat
1051 2033 1065 2082 ;
1109 2014 1238 2087 quia
1266 2014 1517 2072 Christus
1545 2013 1786 2087 primum

181 2120 284 2179 per
336 2103 603 2168 Iudaeam,
634 2103 868 2175 apostoli
907 2119 1038 2158 vero
1068 2103 1186 2175 ejus
1215 2120 1310 2174 per
1335 2103 1620 2160 universas
1647 2119 1790 2176 gen-

181 2202 268 2250 tes
304 2191 672 2263 Evangelium
714 2191 1188 2262 przedicaverunt:
1236 2209 1369 2265 quas
1403 2194 1566 2250 etiam
1597 2210 1791 2266 perse-

183 2280 444 2341 cutiones
489 2283 558 2338 ab
619 2281 948 2337 adversariis
1002 2282 1307 2338 Ecclesiam
1364 2300 1476 2340 esse
1509 2300 1790 2356 passuram

184 2376 385 2434 multis
415 2375 596 2431 modis
623 2375 1021 2446 praedixerunt.
1053 2375 1292 2449 Ideoque
1323 2376 1430 2433 tria
1464 2393 1546 2434 vat
1584 2378 1790 2450 posuit,

185 2484 259 2525 ex
314 2466 516 2540 quibus
571 2465 810 2536 primum
860 2465 928 2522 ad
967 2465 1254 2521 haereticos
1285 2466 1542 2538 pertinet,
1573 2467 1668 2540 qui
1693 2467 1792 2523 Ec-

186 2557 415 2614 clesiam
458 2554 558 2610 Dei
609 2554 802 2609 multis
849 2553 1028 2610 modis
1066 2555 1387 2628 impugnare
1415 2556 1596 2612 conati
1624 2565 1788 2613 sunt:

188 2643 498 2702 secundum
551 2642 620 2699 ad
664 2659 920 2715 paganos,
960 2643 1056 2716 qui
1087 2643 1330 2701 eamdem
1362 2645 1663 2702 Ecclesiam
1694 2645 1794 2701 Dei

188 2732 467 2808 persecuti
524 2739 674 2800 sunt,
728 2733 1137 2806 maximamque
1175 2733 1423 2790 ﬁdelium
1465 2733 1796 2791 multitudi-

189 2847 321 2887 nem
381 2828 776 2886 interfecerunt
809 2847 819 2884 :
873 2829 1095 2886 tertium
1129 2829 1197 2886 ad
1229 2825 1657 2900 Antichristum,
1701 2831 1796 2905 qui

186 2919 460 2994 populum
521 2918 620 2975 Dei
669 2919 726 2974 in
767 2917 876 2975 ﬁne
929 2919 1126 2976 mundi
1154 2920 1529 2978 debellaturus
1558 2929 1656 2977 est.
1688 2921 1798 2977 Nec

187 3015 385 3083 putare
406 3006 669 3065 debemus
697 3007 844 3082 quod
872 3009 992 3065 tria
1023 3026 1105 3065 vae
1133 3009 1201 3064 ad
1233 3010 1433 3066 electos
1463 3010 1796 3082 pertineant,

186 3096 290 3173 qui
365 3097 609 3155 diversas
646 3097 983 3154 calamitates
1039 3099 1107 3154 ab
1158 3099 1344 3171 impiis
1399 3100 1796 3172 pertulerunt:

188 3189 290 3247 sed
345 3189 530 3262 potius
571 3189 639 3245 ad
688 3189 905 3245 eosdem
959 3190 1178 3263 impios,
1211 3191 1306 3264 qui
1337 3191 1551 3246 easdem
1582 3190 1802 3247 calami-

187 3285 334 3336 tates
391 3277 459 3333 ab
501 3277 688 3350 impiis
721 3278 1109 3350 pertulerunt;
1149 3279 1241 3335 sed
1272 3281 1456 3352 potius
1484 3280 1552 3336 ad
1578 3280 1798 3336 eosdem
1832 3270 1876 3330 C

191 3367 419 3442 impios,
464 3369 559 3441 qui
615 3368 832 3424 easdem
883 3369 1222 3426 calamitates
1270 3370 1598 3427 intulerunt.
1641 3371 1796 3428 Unde

192 3465 274 3524 et,
349 3459 451 3527 νω,
503 3474 599 3527 vae,
643 3475 738 3527 vw,
791 3459 1148 3514 habitantibus
1171 3460 1226 3514 in
1261 3468 1408 3516 terra
1428 3460 1603 3528 dicit;
1638 3460 1797 3533 impii

190 3567 433 3625 namque
475 3552 568 3626 qui
596 3551 737 3608 nihil
764 3552 914 3609 aliud
947 3568 1109 3625 quam
1140 3560 1342 3609 terram
1373 3560 1648 3627 quaerunt,
1691 3552 1799 3609 ha-

192 3650 464 3709 bitatores
519 3660 678 3709 terrae
730 3651 855 3726 jure
906 3661 1220 3710 vocantur:
1269 3653 1408 3727 justi
1465 3661 1646 3710 autem
1703 3653 1799 3726 qui

196 3743 446 3802 coalestia
527 3761 740 3818 semper
821 3745 1133 3803 desiderant
1163 3789 1179 3816 ,
1257 3747 1382 3804 coeli
1465 3744 1800 3802 habitatores

191 3844 343 3894 recte
405 3845 674 3894 vocantur
704 3882 720 3908 ,
785 3838 929 3894 sicut
999 3837 1137 3895 dicit
1206 3839 1484 3910 apostolus
1540 3837 1795 3895 Paulus:

211 3950 232 3975 ε
291 3927 492 3984 Nostra
545 3935 728 3985 autem
775 3928 1120 3986 conversatio
1150 3926 1209 3985 in
1238 3929 1390 3987 caelis
1419 3934 1500 3985 est
1536 3925 1796 3999 (Philipp.

194 4033 286 4084 ιιι,
319 4016 433 4089 20).
467 4043 486 4067 ν

270 4115 500 4174 CAPUT
529 4116 628 4173 IX.
661 4148 728 4159 —
763 4115 944 4190 (Vers.
982 4117 1059 4189 1.)
1093 4117 1166 4174 Et
1189 4117 1404 4188 quintus
1431 4117 1648 4189 angelus
1677 4116 1801 4173 tuba

193 4206 403 4263 cecinit.
460 4206 699 4275 Quintus
753 4208 982 4280 angelus
1028 4206 1342 4263 defensores
1385 4207 1646 4267 Ecclesiae
1702 4225 1803 4263 or-

198 4294 466 4353 thodoxae
523 4295 651 4351 ﬁdei
709 4295 991 4368 designat:
1053 4295 1186 4351 tuba
1214 4296 1553 4364 cecinerunt,
1583 4296 1802 4368 quando

199 4399 306 4459 pro
365 4384 685 4442 defensione
729 4384 859 4444 ﬁdei
906 4385 1163 4442 omnibus
1193 4384 1370 4442 modis
1396 4383 1799 4444 laboraverunt.

195 4475 277 4532 Et
329 4475 440 4530 vidi
494 4477 707 4531 stellam
760 4477 823 4531 de
883 4478 1007 4532 ειειο
1059 4476 1298 4532 cecidisse
1345 4477 1401 4530 in
1450 4481 1667 4532 terram.
1700 4478 1802 4533 Per

200 4565 422 4623 stellam
454 4561 837 4623 haeresiarchm
868 4565 1226 4639 designantur
1258 4585 1272 4634 ;
1310 4564 1438 4638 quia
1466 4565 1609 4623 sicut
1633 4567 1803 4623 stellae

198 4655 262 4712 in
316 4655 456 4711 coelo
508 4655 801 4728 refulgent,
846 4655 923 4712 ita
967 4637 1021 4710 et
1064 4653 1152 4709 isti
1203 4637 1493 4726 antequam
1529 4654 1804 4725 caderent,
1834 4637 1883 4695 Β

202 4744 463 4801 doctrina
509 4751 563 4799 et
619 4742 888 4815 sapientia
943 4740 1284 4813 refulgebant
1331 4737 1389 4796 in
1440 4743 1701 4800 Ecclesia.
1732 4746 1810 4800 De

204 4833 350 4892 cmlo
403 4833 461 4888 in
511 4841 714 4889 terram
763 4832 986 4899 cecidit,
1039 4832 1168 4904 quia
1205 4830 1272 4886 ab
1300 4832 1545 4889 Ecclesia
1573 4834 1808 4906 praecisi,

201 4922 429 4996 corpori
477 4922 862 4995 reproborum,
904 4921 999 4995 qui
1052 4937 1146 4993 per
1203 4928 1401 4977 terram
1432 4923 1806 4996 designantur,

202 5011 404 5070 sociati
457 5023 609 5070 sunt.
673 5013 776 5070 Sed
825 5011 1177 5085 quaerendum
1237 5011 1396 5068 nobis
1425 5021 1525 5081 est,
1558 5029 1658 5069 cur
1686 5016 1810 5087 pri-

210 5117 373 5159 mum
414 5101 722 5171 haereticos,
778 5101 871 5174 qui
915 5117 1010 5174 per
1062 5100 1275 5156 stellam
1313 5109 1366 5157 et
1393 5101 1628 5158 locustas
1657 5103 1811 5160 desi-

205 5192 365 5266 gnati
424 5202 574 5262 sunt,
636 5193 925 5265 posuerit;
976 5200 1028 5248 et
1072 5200 1258 5264 postea
1293 5201 1684 5262 persecutores,
1714 5185 1808 5267 qui

204 5280 575 5352 designantur
626 5298 724 5355 per
779 5281 990 5354 equites
1038 5281 1313 5348 loricatos,
1364 5281 1431 5336 de
1497 5282 1697 5354 quibus
1753 5283 1809 5339 in

206 5372 575 5444 sequentibus
633 5373 692 5428 in
731 5381 898 5430 cantu
954 5371 1100 5429 tubre
1155 5371 1297 5426 sexti
1352 5371 1530 5442 angeli
1563 5371 1812 5430 dicturus

201 5468 313 5520 est.
346 5461 489 5529 Quia
517 5471 810 5537 antequam
843 5461 1199 5535 imperatores
1227 5463 1596 5519 Romanorum
1626 5463 1812 5520 Eccle-

202 5551 353 5611 siam
385 5552 488 5610 Dei
507 5553 759 5628 persequi
786 5552 1177 5625 instituissent,
1208 5550 1455 5610 haaretici
1483 5569 1598 5611 esse
1626 5569 1814 5628 coepe-

1896 1941 2060 1991 vento
2094 1934 2365 2008 impulsus
2393 1935 2504 1993 cito
2533 1938 2830 2008 evanescit,
2883 1939 2960 1996 ita
3001 1948 3053 1997 et
3081 1939 3332 1999 doctrina
3368 1941 3494 2000 hat-

1897 2026 2197 2083 reticorum
2240 2043 2334 2099 per
2363 2026 2674 2085 doctrinam
2715 2037 3029 2088 sanctorum
3076 2031 3300 2090 Patrum
3339 2033 3494 2091 velut

1896 2116 2084 2173 fumus
2114 2117 2375 2174 evanuit:
2410 2133 2507 2190 per
2535 2119 2814 2177 fornacem
2846 2136 2977 2178 vero
3013 2138 3156 2196 sape
3185 2121 3351 2181 corda
3375 2123 3495 2182 im-.-

1897 2206 2116 2280 piorum
2149 2205 2527 2279 designantur,
2578 2210 2722 2268 sicut
2749 2209 2886 2269 dicit
2915 2211 3219 2285 propheta:
3274 2237 3294 2263 ι
3327 2212 3496 2274 Velut

1899 2298 2152 2355 clibanus
2180 2297 2378 2355 ardens
2406 2299 2573 2357 corda
2601 2316 2793 2358 eorum
2825 2303 2992 2375 (Osee.
3022 2321 3121 2373 vn,
3153 2303 3234 2377 4).
3266 2329 3286 2355 ι

1969 2389 2044 2443 Et
2076 2387 2385 2444 obscuratus
2423 2395 2496 2444 est
2523 2390 2603 2445 sol
2632 2397 2679 2446 et
2705 2409 2800 2448 aer
2825 2392 2888 2447 de
2918 2392 3068 2463 fumo
3083 2394 3249 2467 putei.
3284 2394 3387 2451 Per
3413 2411 3495 2452 so-

1902 2477 2010 2533 lem
2051 2494 2192 2549 saepe
2222 2478 2476 2536 Christus
2504 2480 2858 2554 intelligitur,
2896 2483 2955 2539 in
2997 2483 3104 2540 hoc
3143 2492 3326 2542 autem
3375 2482 3497 2544 loco

1903 2571 2150 2628 membra
2179 2573 2446 2646 ejusdem,
2491 2573 2549 2630 id
2578 2584 2679 2644 est,
2728 2575 3110 2648 praedicatores
3140 2578 3317 2636 sancti
3345 2577 3497 2636 desi-

1904 2663 2054 2737 gnati
2082 2670 2209 2718 sunt
2235 2681 2246 2718 :
2287 2680 2382 2736 per
2413 2679 2591 2721 aerem
2625 2681 2756 2722 vero
2787 2667 3022 2738 populus
3051 2667 3250 2736 ﬁdelis,
3300 2668 3394 2742 qui
3418 2669 3498 2726 eis

1903 2751 2182 2824 subjectus
2206 2762 2342 2810 erat.
2394 2753 2494 2810 Sed
2527 2754 2804 2828 quomodo
2834 2756 2994 2813 electi
3025 2756 3300 2814 obscurati
3346 2766 3496 2828 sunt,

1906 2859 2042 2916 quos
2077 2844 2317 2915 pravitas
2337 2841 2594 2900 heretica
2623 2843 2872 2918 decipere
2902 2862 3013 2902 non
3035 2847 3211 2903 valuit
3231 2847 3260 2904 ‘l’
3276 2846 3382 2903 Sed
3405 2847 3498 2906 ob-

1907 2933 2111 2990 scurati
2140 2941 2269 2990 sunt
2299 2933 2397 3002 eis,
2448 2949 2586 3008 quos
2614 2933 2858 2992 haeretici
2889 2935 3139 3010 decipere
3180 2945 3497 3011 potuerunt,

1909 3023 2004 3096 qui
2034 3030 2087 3080 et
2118 3023 2175 3078 in
2205 3024 2562 3098 sequentibus
2589 3041 2687 3098 per
2713 3025 2952 3083 locustas
2981 3026 3338 3100 designantur
3367 3044 3379 3083 :
3409 3043 3501 3084 ve-

1910 3130 2033 3169 rum
2084 3119 2229 3177 538
2275 3115 2496 3172 claritas
2540 3131 2730 3173 eorum
2783 3117 2997 3174 caeteris
3033 3116 3292 3175 ﬁdelibus
3333 3118 3502 3175 latere

1910 3229 2022 3269 non
2055 3214 2252 3287 potuit,
2297 3213 2461 3273 sicuti
2490 3231 2592 3274 nec
2620 3216 2844 3274 lucerna
2882 3217 2986 3275 sub
3016 3216 3203 3275 modio
3240 3215 3502 3276 abscondi

1905 3311 2104 3378 potest.

1980 3394 2143 3466 (Vers
2180 3392 2262 3465 3.)
2317 3394 2391 3450 Et
2419 3393 2481 3450 de
2507 3393 2656 3464 fumo
2683 3394 2926 3453 exierunt
2954 3395 3162 3453 locusta
3197 3396 3257 3454 in
3285 3402 3503 3458 terram.

1906 3485 1986 3541 De
2016 3485 2192 3551 fumo,
2221 3484 2280 3541 id
2307 3493 2407 3554 est,
2431 3484 2498 3542 de
2517 3484 2770 3543 doctrina
2797 3503 2985 3543 eorum
3007 3486 3102 3561 qui
3129 3487 3506 3546 haeresiarchas

1908 3575 2165 3649 appellati
2193 3583 2344 3646 sunt,
2379 3593 2573 3650 magna
2601 3577 2902 3636 multitudo
2929 3577 3317 3637 haereticorum
3349 3596 3504 3655 gene-

1907 3675 2024 3724 rata
2052 3674 2153 3723 est.
2184 3668 2246 3724 In
2275 3673 2477 3724 terram
2505 3667 2781 3732 exierunt.
2810 3668 2938 3744 quia
2967 3685 2998 3726 a
3021 3669 3282 3728 societate
3308 3669 3506 3730 electo-

1908 3773 2030 3813 rum
2062 3756 2318 3829 separati,
2350 3755 2430 3814 eis
2453 3758 2548 3832 qui
2578 3765 2725 3815 terra
2752 3767 3041 3826 vocantur,
3058 3758 3116 3817 id
3145 3767 3246 3828 est,
3267 3757 3509 3818 inﬁdeli-

1909 3845 2012 3902 bus
2045 3846 2327 3917 conjuncti
2357 3857 2506 3904 sunt.
2563 3850 2638 3904 Et
2673 3847 2802 3904 data
2827 3853 2900 3905 est
2927 3848 3038 3904 illis
3059 3854 3312 3919 potestas,
3369 3849 3508 3905 sicut

1909 3935 2097 3992 habent
2109 3942 2417 4007 potestatem
2439 3937 2738 4008 scorpiones
2760 3944 2931 3993 terrce.
2958 3935 3112 4010 Satpe
3133 3938 3279 3994 Deus
3299 3935 3508 3996 dicitur

1909 4025 2148 4094 dedisse,
2179 4025 2325 4098 quod
2349 4025 2651 4099 permittit;
2676 4026 2947 4099 permittit
2976 4027 3125 4083 enim
3154 4029 3300 4085 Deus
3320 4025 3510 4102 impiis

1911 4118 2052 4174 male
2079 4133 2256 4189 agere,
2305 4126 2370 4174 ut
2400 4133 2471 4174 ex
2497 4134 2686 4175 eorum
2717 4118 2877 4176 malis
2904 4119 3050 4176 bona
3078 4129 3354 4195 operetur,
3404 4121 3509 4180 Per

1911 4207 2229 4279 scorpiones
2265 4224 2396 4264 vero
2427 4225 2718 4282 possumus
2753 4207 3030 4268 daemones
3057 4211 3302 4285 accipere
3334 4230 3349 4281 ;
3379 4212 3512 4286 quia

1913 4301 2055 4358 sicut
2087 4299 2401 4372 scorpiones
2433 4299 2565 4357 dum
2592 4316 2705 4357 non
2735 4301 3131 4380 praevidentur,
3154 4316 3386 4376 corpora
3413 4301 3510 4361 bo-

1914 4391 2128 4447 minum
2163 4407 2264 4446 suo
2292 4405 2506 4446 veneno
2532 4389 2791 4447 inﬁciunt
2831 4400 2884 4448 et
2913 4392 3309 4466 exstinguunt:
3356 4391 3433 4449 ita
3457 4399 3513 4449 et

1914 4479 2190 4536 daemones
2220 4478 2456 4537 incautis
2483 4477 2806 4536 hominibus
2834 4497 3047 4538 venena
3072 4480 3347 4537 malarum
3378 4496 3515 4553 per-

1915 4569 2232 4626 suasionum
2263 4571 2541 4644 ingerunt,
2569 4577 2622 4627 et
2649 4571 2781 4628 dum
2811 4571 2881 4626 ad
2911 4570 3272 4644 perpetranda
3309 4572 3513 4629 scelera

1917 4660 2264 4733 pertrahunt,
2306 4677 2494 4717 eorum
2526 4660 2737 4716 animas
2766 4675 2980 4715 veneno
3011 4676 3122 4715 sua;
3151 4657 3379 4715 malitiae
3417 4659 3514 4716 in-

1919 4751 2090 4808 fectas
2121 4751 2400 4808 occidunt.
2452 4752 2698 4807 Potestas
2732 4766 2859 4823 ergo
2900 4751 3262 4815 locustarum,
3310 4749 3368 4806 id
3409 4755 3512 4820 est,

1919 4839 2328 4908 haereticorum,
2383 4838 2584 4895 similis
2629 4848 2710 4896 est
2748 4837 3005 4911 potestati
3033 4837 3408 4911 scorpionum,
3457 4839 3515 4897 id

1919 4936 2020 4996 est,
2052 4928 2366 4983 daemonum
2394 4946 2408 4994 ;
2446 4927 2576 5000 quia
2605 4927 2748 4984 sicut
2775 4927 3054 4984 daemones
3083 4927 3142 4983 in
3170 4925 3275 4984 hoc
3302 4943 3516 5002 semper

1920 5017 2206 5085 insistunt,
2238 5024 2300 5072 ut
2337 5033 2694 5090 quoscunque
2725 5027 2955 5091 possunt
2983 5017 3261 5090 decipiant
3289 5033 3302 5073 :
3354 5018 3431 5075 ita
3463 5024 3518 5076 et

1920 5105 2163 5162 haeretici
2195 5113 2308 5161 tota
2337 5107 2544 5162 virtute
2564 5106 2908 5174 laborabant,
2933 5117 2994 5165 ut
3016 5123 3372 5182 quoscunque
3396 5125 3516 5182 pose

1921 5204 2062 5266 sent,
2098 5196 2155 5250 in
2188 5196 2402 5252 foveam
2435 5214 2544 5253 suae
2577 5197 2906 5271 perditionis
2937 5198 3334 5272 demergerent.

1995 5286 2177 5358 (Vers.
2209 5285 2243 5342 4
2271 5288 2289 5357 )
2340 5289 2413 5343 Et
2435 5295 2749 5360 p-rceceptum
2783 5295 2857 5345 est
2883 5288 3014 5357 illis,
3062 5305 3125 5345 ne
3155 5288 3400 5346 luderent
3426 5285 3519 5361 fe—

1919 5393 2047 5432 num
2070 5382 2244 5446 terrm,
2275 5394 2438 5448 neque
2457 5395 2604 5434 omne
2635 5379 2824 5448 viride,
2853 5395 3014 5450 neque
3031 5395 3233 5434 omnem
3251 5377 3516 5437 arborem.

1923 5465 2081 5534 Quod
2112 5465 2387 5540 signiﬁcat
2423 5465 2612 5525 fenum
2643 5476 2822 5537 terrae,
2875 5468 2981 5525 hoc
3008 5477 3062 5525 et
3090 5483 3254 5524 omne
3294 5464 3474 5524 viride
3500 5482 3516 5536 ;

1921 5571 2053 5614 nam
2084 5556 2228 5615 sicut
2256 5557 2509 5631 superius
2555 5559 2731 5633 (supr.
2763 5574 2880 5632 cap.
2907 5556 2961 5625 8,
2993 5573 3111 5616 vers
3141 5557 3198 5629 7)
3229 5555 3332 5615 sub
3355 5561 3521 5616 cantu

282 5760 404 5840 (94)
467 5764 542 5824 Ει
593 5762 742 5823 eritis
796 5766 984 5826 odio...
1033 5772 1254 5842 propter
1300 5783 1484 5825 nomen
1525 5781 1714 5838 meum,
1749 5781 1818 5826 ex
1856 5765 2116 5827 omnibus
2145 5786 2277 5828 mss.
2307 5769 2634 5828 restituitur.

495 5865 740 5924 Parnm“
776 5867 953 5926 XVII.

3167 5862 3238 5922 30
