3902 6198
488 352 594 410 939

1484 347 1581 402 AD
1620 345 1855 402 OPERA
1891 344 1947 400 S.
1989 343 2321 402 AMBROSII
2359 343 2740 401 APPENDIX.
3666 350 3732 407 9&0

486 480 635 538 tuba
675 475 843 552 primi
875 474 1055 549 angeli
1101 489 1197 547 per
1243 487 1406 528 omne
1449 471 1637 528 fenum
1686 470 1886 536 viride,
1933 471 2081 542 quod
2109 474 2158 532 A
2188 467 2274 524 dis
2315 453 2663 540 afﬂigantur;
2713 467 3043 526 intrinsecus
3090 475 3282 525 tamen
3331 468 3401 524 de
3430 486 3524 542 spe
3548 473 3733 532 cmlestis

484 569 833 628 combustum
866 583 980 626 esse
1010 567 1236 633 dicitur,
1268 563 1427 620 electi
1459 564 1551 635 qui
1584 562 1778 635 primis
1809 563 2082 635 tempori-

485 661 589 718 bus
609 661 852 725 fuerunt,
877 657 1233 727 designantur
1261 672 1271 708 :
1308 654 1384 708 ita
1413 661 1466 708 et
1497 653 1589 707 hic
1605 667 1699 723 per
1720 653 1905 707 fenum
1923 659 2079 708 terrae

484 763 539 810 et
581 768 744 808 omne
769 749 946 804 viride
980 746 1159 801 ﬁdelis
1190 744 1424 816 populus
1461 752 1541 798 est
1583 741 1934 812 designatus:
1989 760 2082 813 per

485 842 706 898 arbores
743 855 875 895 vero
914 837 1168 892 doctores
1205 833 1462 890 Ecclesiae
1502 832 1881 903 designantur.
1937 833 2080 887 Pro-

483 931 650 988 hibiti
682 937 809 986 sunt
839 943 966 998 ergo
993 923 1259 987 haeretici,
1288 938 1357 977 ne
1389 921 1647 977 lzederent
1681 921 1867 977 fenum
1899 930 2077 990 terrae,

483 1035 660 1093 neque
689 1032 853 1073 omne
882 1014 1084 1082 viride,
1137 1029 1314 1085 neque
1350 1028 1568 1068 omnem
1607 1012 1854 1067 arborem
1883 1029 1895 1077 ;
1953 1012 2080 1084 quia

483 1127 596 1167 non
625 1107 876 1180 permisit
905 1109 1072 1171 Deus,
1103 1113 1164 1160 ut
1195 1121 1288 1161 eos
1316 1103 1410 1176 qui
1442 1103 1779 1159 viriditatem
1814 1103 1941 1158 ﬁdei
1973 1104 2080 1159 ha-

481 1200 706 1268 bebant,
738 1199 795 1254 id
823 1207 923 1265 est,
949 1198 1042 1270 qui
1071 1197 1233 1252 ﬁdem
1265 1213 1427 1268 quam
1459 1196 1880 1267 proﬁtebantur,
1903 1196 2076 1268 operi-

482 1287 586 1345 bus
616 1288 936 1360 implebant,
961 1303 1136 1358 neque
1165 1295 1381 1341 sanctos
1412 1284 1814 1355 praedicatores,
1839 1285 1932 1357 qui
1968 1301 2077 1339 non

482 1387 638 1436 erant
668 1377 838 1449 spinm
868 1377 954 1431 vel
983 1374 1198 1442 tribuli,
1223 1391 1290 1429 ex
1321 1373 1520 1447 quibus
1541 1389 1715 1446 neque
1737 1389 1878 1439 uvae,
1903 1389 2080 1444 neque

482 1473 623 1531 ﬁcus
650 1470 1014 1541 colliguntur;
1063 1466 1155 1522 sed
1185 1465 1370 1540 potius
1398 1464 1616 1520 arbores
1645 1465 1914 1519 bonorum
1956 1480 2078 1535 ope-

481 1579 606 1619 rum
639 1561 850 1618 fructus
879 1559 1132 1624 ferentes,
1166 1573 1235 1612 ex
1267 1555 1468 1628 quibus
1497 1553 1686 1609 ﬁdeles
1716 1553 1905 1625 populi
1945 1551 2079 1606 reﬁ-

481 1652 788 1719 ciebantur,
839 1645 1083 1704 haeretici
1115 1645 1462 1716 deciperent;
1519 1643 1666 1700 unde
1698 1652 1751 1699 et
1781 1643 2028 1716 sequitur
2061 1662 2072 1698 :

481 1742 602 1800 Nisi
630 1741 884 1804 homines,
905 1737 996 1816 qui
1023 1752 1130 1790 non
1158 1735 1345 1790 habent
1372 1734 1579 1804 signum
1609 1733 1705 1789 Dei
1733 1733 1789 1786 in
1813 1733 2077 1802 frontibus

2193 558 2407 629 gloriae,
2441 558 2508 614 ad
2538 574 2703 630 quam
2732 574 2788 614 se
2816 566 3171 629 perventuros
3195 559 3459 623 credunt,
3489 563 3728 622 exsultant.

2194 648 2489 702 Possumus
2525 647 2689 702 etiam
2726 664 2822 719 per
2847 648 3090 720 quinque
3121 665 3344 704 menses
3389 665 3548 705 omne
3575 659 3730 724 tempus

2193 736 2361 807 hujus
2391 737 2582 792 mundi
2613 738 2938 809 intelligere;
2974 739 3180 810 primus
3211 756 3459 812 namque
3488 744 3661 800 mensis
3676 755 3728 800 est

2190 826 2257 881 ab
2297 825 2507 898 origine
2553 826 2746 881 mundi
2795 843 2966 899 usque
3011 827 3079 883 ad
3108 828 3415 897 diluvium,
3455 833 3732 888 secundus:

2189 915 2404 971 diluvio
2434 933 2605 989 usque
2631 917 2698 972 ad
2729 917 2975 989 Moysen,
3025 919 3214 974 tertius
3246 936 3278 974 a
3306 919 3493 992 Moyse
3515 938 3660 996 usque
3685 924 3729 979 ad

2189 1004 2386 1072 David,
2411 1013 2682 1076 quartusa
2705 1005 2881 1061 David
2914 1023 3086 1079 usque
3116 1007 3183 1062 ad
3224 1007 3532 1077 Christum,
3555 1011 3727 1082 quintus

2189 1109 2220 1147 a
2257 1092 2475 1150 Christo
2507 1112 2677 1168 usque
2701 1095 2770 1151 ad
2797 1095 3336 1151 consummationem
3380 1099 3574 1154 saeculi.
3621 1100 3667 1156 In
3683 1100 3727 1156 iis

2194 1197 2322 1253 ergo
2362 1182 2603 1255 quinque
2633 1184 2915 1241 mensibus
2944 1201 3134 1240 omnes
3163 1184 3522 1242 fabricatores
3539 1203 3728 1245 errorum

2187 1274 2524 1342 cruciantur,
2565 1274 2681 1330 sive
2728 1291 2792 1331 eo
2838 1276 3003 1332 modo
3056 1293 3164 1348 quo
3211 1277 3472 1348 superius
3521 1277 3725 1336 diximus.

2187 1361 2303 1418 sive
2346 1363 2493 1436 quod
2540 1363 2700 1420 falsas
2729 1364 3153 1420 adinventiones
3179 1381 3311 1422 suas
3348 1365 3532 1422 vident
3571 1384 3597 1422 a
3626 1369 3724 1423 veri-

2190 1459 2299 1508 tate
2323 1452 2589 1524 superari.

2257 1551 2610 1607 Etcruciatus
2627 1569 2807 1607 eorum
2831 1559 2888 1607 ut
2912 1553 3182 1609 cruciatus
3197 1555 3535 1626 scorpii,cum
3553 1556 3723 1626 percutit

2186 1643 2462 1700 hominem.
2494 1646 2750 1701 Diximus
2782 1644 3034 1717 superius
3056 1661 3151 1717 per
3170 1645 3488 1717 scorpiones
3506 1645 3722 1702 daemones

2187 1750 2300 1790 esse
2329 1734 2676 1807 designatos;
2733 1752 2860 1791 nam
2908 1736 3051 1792 sicut
3095 1737 3318 1809 scorpio
3356 1752 3540 1808 corpus
3585 1737 3719 1792 aculeo

481 1831 612 1888 suis.
660 1828 805 1897 Quid
831 1835 913 1884 est
935 1834 1116 1882 autem
1145 1825 1364 1895 signum
1399 1823 1518 1891 Dei,
1574 1821 1680 1877 nisi
1711 1821 1969 1889 charitas,
2010 1821 2076 1875 de
2109 1842 2155 1901 Β
2193 1829 2464 1897 vulnerat,
2523 1837 2584 1884 ut
2641 1844 2736 1900 per
2764 1829 2969 1884 vulnus
3003 1845 3283 1885 venenum
3317 1829 3633 1896 intromittat,
3655 1843 3720 1900 per

481 1935 591 1994 qua
617 1917 764 1974 idem
793 1918 1027 1973 Joannes
1056 1913 1322 1986 loquitur,
1353 1911 1542 1968 dicens
1568 1930 1579 1968 :
1624 1937 1641 1959 ε
1665 1913 1810 1968 Deus
1837 1909 2080 1967 charitas

480 2017 564 2066 est
604 2009 662 2082 (Ι
693 2008 850 2064 Joan.
883 2024 963 2075 1v,
995 2005 1099 2074 8)?
1124 2029 1142 2053 ι
1199 2004 1497 2059 Possumus
1527 2017 1658 2057 vero
1703 2016 1799 2072 per
1847 2001 2076 2068 frontes,

481 2116 602 2174 quae
658 2098 951 2172 qualitates
1009 2093 1277 2150 mentium
1325 2090 1623 2164 sapissime
1674 2089 2076 2158 demonstrant,

479 2190 648 2248 corda
695 2187 1052 2262 reproborum
1104 2183 1433 2255 intelligere.
1486 2182 1573 2263 Illi
1625 2198 1751 2253 ergo
1801 2181 1961 2237 facile
2009 2182 2078 2237 ab

481 2280 758 2338 haereticis
783 2277 1227 2350 decipiebantur,
1249 2274 1344 2347 qui
1366 2275 1583 2346 signum
1611 2272 1708 2328 Dei
1731 2271 1868 2340 vivi,
1898 2271 1955 2327 id
1971 2280 2071 2340 est,

479 2371 805 2429 charitatem
836 2370 893 2424 in
919 2366 1178 2424 cordibus
1205 2366 1324 2421 suis
1353 2380 1464 2420 non
1497 2361 1790 2418 habebant.

555 2465 737 2540 (Vers.
770 2465 851 2535 ὅ.)
903 2465 976 2520 Et
1021 2469 1335 2534 praeceptum
1386 2466 1460 2515 est
1509 2459 1641 2524 illis,
1678 2473 1742 2512 ne
1790 2457 2081 2513 occiderent

479 2573 582 2615 eos.
616 2554 774 2622 Quod
803 2551 961 2615 dicit.
993 2559 1305 2624 prwceptum
1333 2557 1406 2606 est
1433 2549 1566 2618 illis,
1591 2547 1812 2604 videtur
1842 2546 1978 2602 mihi
2010 2545 2079 2602 ad

481 2649 757 2705 daemones
785 2643 1092 2718 pertinere;
1123 2650 1276 2699 tanta
1304 2649 1385 2698 est
1420 2640 1568 2696 enim
1599 2638 1844 2712 nequitia
1867 2637 2074 2693 daemo-

480 2753 636 2805 num,
697 2742 758 2790 ut
795 2735 840 2790 si
867 2735 973 2790 hoc
1011 2735 1156 2790 Deus
1184 2730 1542 2804 permisisset,
1587 2727 1772 2784 statim
1810 2735 1872 2782 ut
1910 2727 2076 2783 homo

481 2825 712 2882 mortale
739 2823 956 2879 facinus
983 2820 1312 2888 admisisset,
1370 2835 1495 2874 eum
1528 2817 1934 2873 interﬁcerent:
1977 2815 2071 2871 sed

480 2922 760 2988 exspectat
788 2916 933 2970 Deus
972 2912 1225 2967 homines
1254 2909 1471 2981 impios,
1513 2917 1574 2964 ut
1622 2907 1920 2981 aliquando
1977 2923 2075 2979 per

480 3003 860 3076 paenitentiam
891 3001 959 3057 ad
999 3017 1123 3057 eum
1158 2999 1380 3054 redeant
1422 3005 1475 3052 et
1503 2996 1804 3064 salventur,
1855 2996 1973 3051 sive
2014 3004 2076 3052 ut

474 3091 613 3164 justi
645 3109 741 3164 per
769 3109 860 3148 eos
891 3090 1210 3164 probentur.
1252 3089 1386 3143 Nam
1430 3094 1482 3142 et
1511 3086 1817 3154 Psalmista,
1851 3102 1977 3142 cum
2009 3085 2076 3140 de

482 3182 671 3255 impiis
701 3183 1036 3256 loqueretur,
1069 3178 1393 3253 precabatur
1415 3176 1604 3233 dicens
1628 3195 1638 3231 :
1703 3202 1720 3223 ε
1747 3175 1825 3230 Ne
1854 3174 2073 3231 occidas

481 3290 594 3342 eos,
614 3290 681 3329 ne
699 3272 918 3346 quando
935 3270 1336 3325 obliviscantur
1365 3265 1552 3338 populi
1578 3263 1682 3319 mei
1707 3265 1881 3337 (Psal.
1916 3282 2071 3332 Lvm,

485 3363 598 3434 i2).
629 3385 648 3410 ι
711 3362 782 3416 Et
810 3363 866 3415 in
898 3359 1155 3414 Judicum
1188 3358 1330 3413 libro
1358 3356 1623 3427 scriptum
1655 3362 1755 3421 est,
1811 3353 1940 3425 quia
1981 3352 2078 3407 di-

483 3453 634 3507 misit
681 3452 826 3505 Deus
874 3449 1212 3505 Chananaeos
1268 3455 1322 3501 et
1368 3445 1712 3508 Philistasos;
1776 3450 1836 3497 ut
1883 3443 1941 3496 in
1999 3443 2076 3497 eis

483 3539 826 3609 experiretur
855 3536 1041 3601 Israel,
1092 3542 1146 3589 et
1188 3533 1454 3587 haberent
1503 3532 1787 3587 scientiam
1831 3529 2076 3585 certandi

482 3641 608 3683 cum
639 3623 892 3679 hostibus
915 3622 1114 3693 (Judic.
1149 3639 1230 3688 ιιι,
1267 3620 1318 3685 1,
1356 3619 1436 3689 2).
1467 3620 1730 3688 Praecepit
1759 3635 1885 3689 ergo
1908 3621 2075 3686 Deus,

482 3715 540 3772 id
570 3721 670 3781 est,
695 3729 804 3769 non
837 3710 1086 3785 permisit
1115 3719 1177 3766 ut
1206 3709 1733 3776 exterminarentur,
1752 3709 1867 3764 sive
1889 3727 2077 3767 omnes

481 3805 751 3873 haeretici,
799 3803 916 3860 sive
947 3817 1138 3858 omnes
1174 3801 1371 3872 impii;
1423 3806 1485 3854 ut
1520 3798 1787 3854 haberent
1811 3798 1951 3870 justi
1983 3818 2078 3873 per

482 3911 619 3971 quos
650 3893 1037 3968 probarentur,
1087 3890 1231 3949 sicut
1256 3904 1452 3946 aurum
1498 3887 1644 3962 quod
1674 3889 1938 3962 probatur
1984 3907 2079 3962 per

484 3989 688 4061 ignem.

552 4084 708 4142 Unde
764 4090 816 4139 et
858 4080 1139 4155 sequitur:
1203 4079 1303 4137 Sed
1329 4084 1390 4133 ut
1419 4078 1789 4135 cruciarentur
1815 4079 2078 4135 mensibus

483 4171 731 4244 quinque.
791 4171 893 4226 Per
935 4185 1148 4225 menses
1187 4169 1434 4241 quinque
1485 4183 1648 4223 omne
1686 4175 1903 4241 tempus
1948 4169 2076 4224 vitae

484 4255 788 4330 praesentis,
820 4255 968 4326 quod
997 4256 1055 4309 in
1085 4256 1329 4328 quinque
1366 4254 1620 4310 aetatibus
1654 4255 1930 4320 consistit,
1957 4272 2076 4327 pos-

484 4358 675 4403 sumus
706 4343 1034 4414 intelligere.
1064 4341 1248 4397 Prima
1281 4357 1516 4414 namque
1545 4350 1674 4397 aetas
1710 4352 1792 4399 est
1823 4344 2074 4412 infantia,

483 4433 724 4492 secunda
754 4430 1006 4505 pueritia,
1040 4430 1202 4485 tertia
1229 4430 1622 4499 adolescentia,
1654 4440 1846 4504 quarta
1867 4432 2079 4504 juven-

482 4531 596 4593 tus,
628 4523 822 4596 quinta
846 4527 1133 4585 senectus;
1170 4517 1422 4591 quamvis
1448 4519 1638 4574 beatus
1669 4521 1983 4593 Gregorius,
2016 4531 2077 4578 ut

483 4629 610 4672 cum
640 4628 737 4669 sex
763 4609 1012 4666 aetatibus
1034 4607 1228 4664 mundi
1256 4615 1441 4664 aetates
1462 4607 1750 4664 hominum
1773 4611 2076 4667 conforma-

484 4711 587 4771 ret,
640 4707 975 4759 senectutem
1021 4699 1081 4755 in
1128 4698 1263 4754 duas
1298 4701 1476 4770 partes
1520 4697 1772 4753 diviserit
1819 4701 1959 4773 (95).
2016 4704 2079 4758 In

485 4791 728 4866 quinque
757 4806 884 4862 ergo
906 4789 1206 4854 mensibus,
1232 4787 1287 4843 id
1305 4796 1404 4857 est,
1427 4788 1483 4843 in
1500 4787 1652 4843 omni
1676 4798 1919 4860 tempore
1950 4791 2077 4847 vitae

484 4881 768 4954 praesentis
800 4896 912 4936 non
939 4881 1119 4936 solum
1152 4878 1418 4948 haeretici,
1477 4877 1570 4933 sed
1616 4885 1670 4933 et
1699 4895 1891 4934 omnes
1921 4879 2078 4952 impii

483 4973 821 5030 cruciantur.
871 4971 1006 5027 Nam
1040 4971 1220 5025 velint
1248 4971 1448 5038 nolint,
1499 4986 1624 5026 cum
1656 4970 1720 5025 ad
1759 4971 2078 5027 memoriam

485 5069 716 5117 mortem
748 5076 1072 5134 poenamque
1093 5078 1212 5133 qua;
1236 5069 1464 5117 mortem
1491 5063 1760 5133 sequitur,
1786 5062 2077 5130 reducunt;

482 5150 737 5223 quamvis
767 5149 832 5204 de
863 5149 1319 5221 prosperitatibus
1345 5150 1530 5205 saeculi
1563 5149 1856 5203 videantur
1893 5150 2078 5205 exsul-

482 5246 617 5307 tare,
652 5237 972 5295 cruciantur
998 5247 1184 5294 tamen
1215 5238 1567 5308 intrinsecus,
1616 5253 1684 5294 eo
1732 5238 1876 5312 quod
1901 5238 2079 5295 sciant

482 5343 539 5385 se
564 5345 664 5401 pro
701 5327 1003 5385 sceleribus
1050 5328 1165 5384 suis
1189 5329 1522 5384 eternaliter
1564 5345 1681 5385 esse
1733 5331 2076 5386 cruciandos.

481 5417 528 5473 E
557 5417 837 5477 contrario
857 5417 1016 5490 justi,
1049 5419 1301 5492 quamvis
1330 5420 1674 5477 extrinsecus
1700 5421 1935 5476 diversis
1966 5437 2078 5475 mo-

558 5541 676 5617 (925)
701 5542 973 5617 Quamvis
1003 5542 1181 5600 beatus
1228 5545 1578 5617 Gregorius...
1622 5547 1880 5616 diviserit,
1932 5564 2078 5604 com-

483 5614 640 5666 muni
673 5613 923 5667 omnium
955 5629 1086 5670 mss.
1123 5613 1450 5672 auctoritate
1480 5618 1816 5673 vindicatur.

557 5680 676 5749 (96)
706 5681 792 5736 Ita
811 5689 859 5735 et
877 5683 1159 5740 diabolus..
1174 5727 1208 5740 ..
1231 5687 1565 5757 animamque
1583 5689 1886 5759 interﬁciat,
1910 5689 1966 5744 in
1988 5705 2074 5745 co-

2189 1916 2337 1988 quod
2373 1916 2655 1972 hominem
2687 1917 2985 1974 interﬁciat
3017 1935 3030 1982 ;
3073 1918 3148 1974 ita
3176 1927 3234 1974 et
3275 1918 3518 1974 diabolus
3550 1926 3624 1973 aut
3644 1917 3712 1982 ira,

2189 2013 2283 2060 aut
2340 2006 2612 2078 superbia,
2666 2014 2761 2062 aut
2797 2007 3050 2074 libidine,
3084 2015 3180 2063 aut
3214 2007 3404 2081 aliqua
3428 2005 3714 2062 delectatione

2189 2095 2397 2152 carnali
2448 2103 2686 2151 mentem
2714 2096 2989 2163 vulnerat,
3025 2103 3086 2151 ut
3114 2112 3215 2168 per
3239 2095 3344 2153 boc
3374 2111 3614 2152 venenum
3638 2110 3711 2149 sua

2191 2187 2416 2242 malitize
2446 2187 2724 2257 infundat,
2755 2188 3105 2260 animamque
3139 2188 3434 2245 interﬁciat
3463 2187 3580 2258 (96).
3607 2184 3712 2241 Cru-

2189 2276 2365 2333 ciatus
2405 2293 2531 2348 ergo
2558 2277 2893 2334 locustarum
2925 2277 3127 2333 similis
3149 2293 3271 2333 esse
3291 2275 3539 2334 cruciatui
3557 2273 3704 2345 scorpii

2188 2369 2419 2437 dicitur;
2459 2369 2587 2442 quia
2627 2369 2873 2428 haeretici
2921 2371 3207 2427 imitantes
3239 2378 3440 2444 patrem
3469 2384 3603 2425 suum
3627 2367 3706 2422 dia-

2188 2456 2396 2526 bolum,
2430 2475 2526 2532 per
2577 2460 2723 2516 lenia
2779 2460 2948 2517 verba
2995 2468 3156 2534 atque
3221 2460 3505 2534 composita
3554 2463 3707 2513 mentes

2190 2546 2480 2604 hominum
2529 2548 2916 2621 imperitorum
2966 2549 3357 2617 vulnerabant,
3400 2561 3706 2616 venenumque

2188 2637 2273 2692 sui
2327 2638 2528 2694 erroris
2581 2637 2959 2708 infundentes,
3005 2654 3202 2694 eorum
3251 2638 3449 2694 animas
3483 2633 3702 2692 necabam.

2187 2725 2482 2782 Possumus
2511 2726 2710 2798 quippe
2735 2743 2832 2799 per
2860 2727 3170 2784 cruciatum
3197 2726 3489 2784 animarum
3515 2721 3702 2780 interiec-

2184 2815 2392 2871 tionem
2415 2815 2743 2888 intelligere.

2257 2913 2439 2985 (Vers.
2467 2914 2549 2984 6.)
2580 2916 2653 2970 Et
2690 2915 2746 2970 in
2772 2915 2950 2970 diebus
2979 2917 3090 2973 illis
3119 2922 3355 2988 quaerent
3381 2914 3578 2970 homines
3597 2924 3694 2964 mor-

2187 3007 2304 3070 tem,
2337 3008 2386 3057 et
2410 3019 2515 3058 non
2545 3003 2809 3059 invenient
2843 3022 2958 3060 eam
2983 3022 3000 3060 :
3044 3012 3092 3060 et
3118 3007 3330 3078 cupient
3350 3003 3491 3070 mori,
3517 3008 3557 3055 et
3578 2998 3700 3068 fugiet

2182 3107 2326 3145 mors
2371 3091 2438 3146 ab
2485 3093 2576 3147 eis.
2628 3093 2754 3148 Hac
2795 3093 3067 3149 sententia
3094 3094 3162 3149 ad
3195 3094 3390 3150 electos
3415 3085 3699 3163 pertinatia

2108 3204 2151 3264 ο
2185 3180 2364 3234 diebus
2381 3181 2512 3249 illis,
2545 3180 2602 3236 id
2630 3190 2729 3249 est,
2762 3181 2819 3236 in
2849 3181 3043 3238 diebus
3073 3182 3278 3254 quibus
3298 3178 3549 3249 Evangelii
3575 3171 3700 3264 gratia

2187 3287 2282 3344 per
2323 3271 2642 3327 universum
2673 3270 2944 3327 mundum
2985 3271 3239 3344 refulget,
3289 3274 3496 3341 quierant
3521 3263 3695 3320 homines

2185 3367 2425 3414 mortem.
2455 3359 2739 3426 Quaerebat
2769 3360 2970 3414 Paulus
2990 3367 3228 3416 mortem
3258 3353 3586 3432 persequendo
3609 3350 3692 3404 Ec—

2186 3449 2407 3506 clesiam
2439 3449 2560 3518 Dei,
2592 3457 2645 3505 et
2675 3465 2784 3504 non
2817 3449 3031 3504 invenit
3061 3465 3184 3506 eam
3215 3469 3228 3517 ;
3261 3449 3380 3523 quia
3409 3446 3612 3503 Christus
3627 3437 3690 3510 qui

2187 3547 2268 3594 est
2300 3555 2489 3594 murus
2533 3538 2988 3612 impenetrabilis,
3018 3555 3075 3594 se
3112 3539 3201 3595 illi
3231 3537 3498 3610 objiciens,
3521 3549 3545 3588 a
3567 3533 3691 3584 morte

2189 3644 2349 3702 quam
2393 3628 2692 3700 quaerebat,
2743 3629 2812 3686 ad
2855 3629 3050 3699 vitam,
3085 3645 3209 3702 qua:
3236 3637 3316 3686 est
3345 3628 3464 3700 ipse,
3493 3620 3689 3676 violenter

2187 3717 2427 3774 reduxit.
2458 3719 2703 3774 Fuerunt
2731 3725 2783 3774 et
2803 3719 2899 3774 alii
2933 3719 3118 3787 multi,
3162 3719 3258 3793 qui
3287 3716 3573 3792 quaesierunt
3592 3720 3688 3762 mor-

2187 3815 2297 3863 tem
2351 3816 2446 3863 aut
2482 3807 2785 3864 Ecclesiam
2836 3810 2937 3865 Dei
2986 3808 3375 3882 persequendo,
3432 3809 3511 3860 aut
3548 3804 3684 3854 cetera

2187 3897 2330 3952 mala
2375 3896 2715 3953 exercendo:
2769 3897 2864 3953 sed
2895 3898 3036 3970 fugit
3075 3915 3225 3956 mors
3251 3897 3316 3953 ab
3344 3894 3479 3968 ipsis,
3504 3887 3602 3962 quia
3623 3895 3685 3978 per

2187 3986 2630 4060 praedicationem
2679 3996 2993 4044 sanctorum
3043 3989 3112 4045 ad
3161 3991 3327 4046 vitam
3355 3990 3468 4042 sunt
3492 3977 3679 4036 revocati.

2184 4077 2294 4132 Nos
2339 4077 2502 4132 etiam
2545 4093 2620 4150 qu
2657 4077 2810 4134 sdam
2843 4077 3108 4148 vidimus,
3141 4080 3238 4153 qui
3263 4075 3552 4152 quaesierunt
3573 4076 3680 4155 mot-

2187 4175 2320 4235 tem,
2383 4175 2436 4222 et
2485 4182 2596 4222 non
2654 4166 2990 4223 invenerunt
3020 4184 3178 4237 eam;
3212 4177 3264 4226 et
3291 4164 3541 4238 cupierunt
3562 4164 3674 4212 mon,

2187 4263 2242 4310 et
2314 4256 2454 4327 fugit
2523 4273 2671 4313 mors
2735 4255 2801 4312 ab
2855 4255 2954 4313 eis.
3014 4257 3232 4315 Scimus
3295 4255 3428 4313 enim
3485 4238 3676 4332 quosdatn

2187 4323 2401 4413 fuisse,"
2423 4344 2517 4418 qui
2571 4346 2809 4417 amplius
2849 4362 3010 4418 quam
3054 4347 3340 4420 oportebat
3378 4337 3589 4420 secum“?
3615 4323 3677 4420 ,δί’

2187 4413 2454 4505 ligentes,
2510 4413 2686 4490 multo
2737 4413 2982 4508 tempore
3035 4413 3331 4510 multisque
3385 4413 3676 4511 modislém'

2189 4530 2400 4577 rassent
2432 4565 2447 4592 ,
2504 4531 2566 4578 ut
2617 4523 2816 4580 divites
2867 4524 3103 4594 ﬁerent,
3170 4508 3437 4598 cupientes
3487 4508 3676 4598 deliciose

2188 4611 2375 4667 vivere
2406 4655 2420 4680 ,
2473 4618 2525 4667 et
2584 4612 2766 4668 carnis
2832 4619 2977 4676 539
3044 4631 3158 4671 suae,
3228 4605 3470 4670 desideria
3514 4591 3676 4670 perﬁce-

2188 4725 2244 4763 Γθ
2279 4725 2290 4762 ³
2345 4708 2460 4780 (97)
2510 4708 2601 4764 sed
2649 4725 2774 4765 cum
2805 4711 2873 4766 ad
2902 4710 2959 4766 id
2989 4710 3137 4783 quod
3175 4707 3436 4783 optabant,
3463 4694 3676 4783 ρθητεωηξ

2189 4815 2299 4852 non
2347 4806 2587 4870 possent,
2631 4808 2943 4872 respuentes
2984 4803 3172 4857 saeculi
3212 4801 3338 4857 falsa
3379 4785 3606 4866 promissa,
3628 4768 3709 4872 τις·

2188 4887 2412 4943 divitias
2433 4889 2676 4944 cmlestes
2695 4890 3056 4962 acquirendas
3070 4907 3127 4947 se
3149 4881 3618 4963 contuleruntaiquf
3629 4857 3674 4914 ad

2189 4993 2372 5032 earum
2401 4979 2824 5049 perceptionem,
2858 4979 3002 5036 sicut
3021 4980 3312 5044 credimus,
3333 4969 3470 5028 bonis
3483 4953 3672 5054 operibus

2190 5065 2513 5134 insistendo,
2561 5068 2846 5138 pervenire
2896 5076 3232 5124 meruerunt.
3266 5059 3491 5119 Vidimus
3512 5041 3670 5138 nihllo’

2189 5155 2372 5210 minus
2420 5153 2682 5227 quosdam
2715 5157 3045 5213 monasteria
3088 5154 3379 5228 reliquisse,
3406 5151 3451 5200 et
3476 5135 3531 5194 ad
3554 5140 3668 5228 ξωευ·

2190 5245 2302 5299 lum
2334 5246 2611 5313 transisse,
2644 5255 2696 5302 et
2738 5245 2795 5300 in
2826 5246 3052 5302 servitio
3080 5239 3419 5320 quorumdam
3439 5229 3666 5320 binm???

2188 5333 2496 5406 potentium
2539 5311 2604 5390 sci
2640 5332 2962 5404 tradidisse;
3000 5343 3061 5391 ut
3090 5311 3319 5391 ierrenas
3345 5316 3534 5379 divitias
3553 5311 3667 5406 atque

2189 5425 2574 5496 possessiones,
2616 5441 2749 5498 quas
2803 5441 2898 5498 per
2953 5441 3011 5482 se
3065 5424 3258 5482 habere
3317 5427 3415 5472 non
3458 5393 3664 5479 Pomm"

2187 5549 2308 5606 dice
2338 5549 2493 5606 Gem.
2527 5549 2885 5606 desideratur.
3373 5609 3384 5613 _
3445 5597 3452 5613 .

2261 5585 2307 5606 ,υ
2338 5585 2493 5606 um...
2527 5585 2885 5606 ucaluclasul.
3445 5597 3452 5613 .

2261 5622 2374 5690 (97)
2408 5621 2610 5676 Omnes
2637 5621 2791 5690 edit.,
2824 5629 2882 5676 ut
2908 5622 3086 5678 carnis
3113 5639 3217 5679 sua:
3255 5609 3482 5673 desidem
3502 5585 3663 5669 Ρενίίθθ

2187 5698 2343 5757 rent;
2366 5708 2556 5750 omnes
2585 5709 2736 5762 mss.,
2770 5700 2828 5749 ut
2853 5694 3036 5750 divites
3054 5696 3247 5767 ﬁerent,
3278 5693 3368 5743 θιο.
