3902 6198
149 442 244 504 941

1024 446 1483 507 BERENGAUDI
1521 447 1905 507 EXPOSITIO
1945 450 2016 507 IN
2056 449 2560 508 APOCALYPSIN.

3339 452 3447 511 942

148 587 332 628 eorum
373 571 646 645 suffragiis
690 572 1000 630 obtinerent
1035 594 1047 632 :
1107 577 1200 632 sed
1254 593 1380 632 cum
1409 576 1478 633 ad
1504 577 1559 633 id
1591 575 1736 650 quod
1766 582 1816 641 Α
1854 577 2067 633 lierum.
2118 575 2220 631 Per
2271 576 2499 648 capillos
2539 573 2633 647 qui
2677 575 2794 630 sine
2848 590 3010 631 sensu
3054 575 3446 648 praciduntur,

149 659 550 730 desiderabant,
584 661 870 733 pervenire
890 679 1001 719 non
1033 673 1274 736 possent,
1305 665 1567 722 saculum
1601 666 1742 721 reli-

149 751 350 823 quisse,
400 759 453 806 et
509 751 577 807 ad
627 753 963 809 monasteria
1010 771 1106 810 sua
1162 754 1410 823 rediisse,
1472 762 1634 827 atque
1685 755 1742 810 in

147 839 307 896 bonis
342 842 601 913 operibus
644 843 814 898 vitam
865 845 1204 901 terminasse.
1264 846 1309 901 Ii
1365 863 1492 917 ergo
1518 845 1744 918 quasie-

148 940 275 987 runt
305 940 558 1000 mortem,
600 940 653 987 et
678 949 789 989 non
815 933 1148 990 invenerunt
1177 952 1330 1004 eam;
1368 943 1422 990 et
1452 935 1747 1007 cupierunt

146 1019 308 1085 mori,
346 1028 394 1074 et
427 1019 568 1091 fugit
600 1037 745 1076 mors
774 1021 843 1077 ab
871 1024 968 1079 eis.
1008 1025 1086 1078 De
1116 1024 1319 1078 talibus
1347 1023 1622 1079 Dominus
1644 1023 1746 1080 sub

145 1107 326 1180 specie
369 1108 667 1165 Jerusalem
709 1110 777 1165 ad
826 1112 1147 1184 prophetam
1198 1113 1462 1185 loquitur,
1516 1113 1742 1169 dicens:

159 1223 177 1246 ι
202 1201 347 1255 Ecce
377 1216 476 1272 ego
505 1201 709 1272 sepiam
739 1203 881 1258 viam
914 1213 1062 1260 tuam
1092 1205 1285 1276 spinis,
1310 1212 1362 1260 et
1393 1205 1599 1276 sepiam
1627 1213 1744 1259 eam

145 1290 403 1356 maceria,
469 1299 521 1345 et
559 1292 782 1347 semitas
835 1309 958 1348 suas
1001 1310 1111 1348 non
1144 1294 1406 1350 inveniet.
1461 1295 1534 1348 Et
1561 1310 1745 1366 seque-

147 1385 236 1432 tur
265 1386 538 1434 amatores
565 1396 713 1448 suos,
736 1388 790 1436 et
819 1398 930 1436 non
961 1382 1333 1454 apprehendet
1359 1400 1484 1439 eos:
1517 1390 1744 1455 quaret,

142 1475 197 1522 et
231 1482 344 1522 non
379 1468 625 1525 inveniet
653 1486 745 1525 eos
778 1471 930 1542 (Osee
959 1489 1021 1540 ιι,
1055 1471 1106 1541 6,
1142 1473 1220 1540 7).
1261 1497 1279 1519 ›
1340 1473 1624 1528 Amatores
1653 1489 1748 1527 no-

141 1555 244 1611 stri
275 1564 404 1611 sunt
432 1558 704 1614 desideria
726 1560 968 1615 carnalia
994 1579 1005 1616 :
1033 1569 1302 1618 amatores
1332 1570 1550 1618 nostros
1569 1561 1750 1632 sequi-

142 1660 290 1713 mur,
323 1646 543 1718 quando
583 1646 641 1701 in
682 1646 788 1704 hoc
820 1648 1151 1718 laboramus,
1184 1657 1246 1706 ut
1276 1650 1600 1706 divitiarum
1633 1666 1778 1721 pos-.

141 1750 384 1791 sessores
438 1737 760 1806 efﬁciamur,
820 1746 882 1794 ut
927 1738 1224 1796 habeamus
1282 1741 1428 1796 unde
1481 1739 1752 1796 desideria

139 1826 389 1882 carnalia
412 1829 748 1900 expleamus.
793 1831 1081 1887 Amatores
1118 1839 1335 1887 nostros
1363 1831 1667 1903 sequimur,
1698 1837 1754 1886 et

1853 680 2145 737 possumus
2167 665 2465 720 maximam
2499 663 2909 720 multitudinem
2933 663 3228 722 stultorum
3245 665 3449 722 intelli-

1855 771 1999 828 gere,
2048 755 2145 828 qui
2197 755 2263 810 ab
2315 754 2593 812 hareticis
2637 755 2796 812 facile
2845 755 3453 829 decipiebantur;quia

1854 844 1998 900 sicut
2027 843 2214 915 capilli
2238 845 2450 916 absque
2486 844 2690 916 injuria
2717 842 3112 915 praciduntur,
3157 844 3233 899 ita
3275 852 3328 899 et
3358 844 3451 900 isti

1854 935 1922 990 ab
1950 933 2199 989 Ecclesia
2228 933 2346 988 sine
2377 934 2564 1005 aliquo
2597 932 2889 1005 dispendio
2923 933 3137 1004 praecisi
3167 940 3313 988 sunt.
3351 934 3453 989 Per

1857 1023 2117 1077 mulieres
2147 1038 2278 1077 vero
2311 1022 2556 1077 diversas
2583 1021 2856 1078 Ecclesias
2902 1036 3191 1092 possumus
3235 1019 3454 1076 intelli-

1859 1127 2002 1184 gere.
2044 1110 2331 1167 Habebant
2363 1111 2533 1183 igitur
2561 1111 2784 1166 locustae
2815 1111 3044 1182 capillos
3063 1109 3207 1166 sicut
3227 1110 3454 1182 capillos

1858 1200 2153 1256 mulierum
2185 1218 2199 1267 ;
2231 1200 2360 1271 quia
2381 1201 2524 1256 sicut
2551 1209 2750 1257 sanctae
2771 1199 3033 1256 Ecclesia
3061 1200 3156 1254 Dei
3180 1199 3456 1256 habebant

1858 1299 2068 1346 turmas
2096 1305 2239 1357 suas,
2274 1304 2393 1360 qua
2422 1289 2586 1344 certis
2607 1287 2944 1360 temporibus
2971 1287 3038 1343 ad
3067 1287 3258 1344 divina
3277 1287 3457 1345 ofﬁcia

1859 1379 2185 1435 celebranda
2229 1377 2617 1446 conﬂuebant;
2667 1377 2744 1433 ita
2790 1384 2844 1433 et
2892 1376 3135 1434 haretici
3181 1376 3458 1435 habebant

1858 1469 2092 1542 populos
2121 1468 2362 1536 insanos,
2395 1467 2490 1540 qui
2519 1468 2578 1523 in
2607 1466 2842 1523 diversis
2871 1466 3006 1523 locis
3033 1465 3456 1537 conveniebant,

1860 1577 1973 1616 non
2005 1561 2072 1616 ad
2103 1561 2366 1633 mysteria
2392 1560 2585 1616 divina
2617 1559 2758 1631 (98),
2786 1558 2881 1615 sed
2908 1559 2977 1615 ad
3007 1559 3280 1617 diabolica
3305 1561 3458 1617 cele-

1861 1649 2086 1705 branda.
2142 1652 2217 1706 Et
2262 1651 2436 1705 dentes
2482 1665 2667 1705 earum
2715 1649 2849 1703 sicut
2878 1651 3081 1704 leonum
3108 1656 3279 1706 erant.
3313 1649 3458 1707 Oili-'-

1865 1739 2015 1796 cium
2068 1738 2321 1794 dentium
2372 1747 2475 1807 est,
2513 1747 2576 1795 ut
2612 1738 2884 1812 quidquid
2929 1739 3076 1795 intra
3105 1756 3161 1796 se
3189 1740 3454 1812 ceperint,

1867 1829 2093 1886 terendo
2123 1837 2473 1898 consumant,
2499 1837 2554 1885 et
2574 1830 2633 1885 in
2652 1830 2869 1886 foveam
2889 1829 3099 1886 ventris
3117 1830 3454 1903 demergant.

139 1933 257 1972 non
287 1918 769 1989 apprehendimus,
817 1921 1037 1994 quando
1079 1921 1458 1977 misericordia
1502 1921 1600 1977 Dei
1630 1921 1750 1976 im-
1785 1947 1832 2008 Β
1868 1920 2164 1975 Possumus
2212 1935 2340 1990 ergo
2397 1935 2494 1992 per
2531 1920 2715 1975 leones
2769 1927 2824 1976 et
2869 1919 3059 1976 dentes
3086 1927 3459 1992 persecutores

137 2005 421 2078 pediente,
440 2007 506 2063 ad
528 2007 632 2065 hoc
649 2011 797 2083 quod
827 2011 1102 2069 inutiliter
1129 2013 1524 2082 desideramus,
1557 2028 1746 2084 perve-

136 2112 265 2152 nire
297 2111 410 2153 non
439 2114 749 2169 possumus.

217 2195 404 2265 (Vers.
423 2196 500 2268 7.)
531 2199 605 2252 Et
626 2198 998 2254 similitudines
1031 2202 1352 2256 locustarum
1381 2199 1578 2254 similes
1605 2199 1748 2271 equis

127 2289 356 2356 paratis
417 2285 472 2338 in
507 2286 775 2355 praelium.
827 2289 927 2343 Per
970 2305 1139 2360 equos
1186 2305 1326 2360 sape
1366 2289 1748 2361 pradicatores

133 2376 323 2431 sancti
352 2374 878 2446 designantur,sicut
899 2377 1152 2435 llabacuc
1174 2380 1437 2451 propheta
1456 2379 1512 2434 in
1531 2380 1748 2436 cantico

134 2481 245 2520 suo
277 2463 544 2534 loquitur,
588 2463 813 2521 dicens:
865 2491 883 2514 ‹
913 2466 1073 2524 Viam
1104 2467 1282 2523 fecisti
1323 2468 1381 2523 in
1422 2469 1560 2522 mari
1593 2468 1750 2540 equis

138 2550 282 2618 tuis,
316 2551 376 2606 in
421 2550 540 2606 luto
568 2567 833 2624 aquarum
861 2556 1163 2610 multarum
1201 2556 1422 2626 (Habac.
1457 2573 1539 2623 In,
1571 2556 1682 2627 15).
1717 2581 1735 2604 ι

136 2641 314 2701 V’iam
343 2641 476 2696 fecit
504 2642 650 2698 Deus
679 2643 737 2697 in
758 2643 896 2698 mari
927 2645 1082 2716 equis
1109 2645 1316 2713 suis,in
1347 2647 1463 2701 luto
1484 2662 1747 2719 aquarum

133 2734 474 2801 multarum,
489 2736 710 2808 quando
735 2736 898 2792 initio
929 2737 1057 2792 fidei
1079 2754 1268 2808 pacem
1285 2738 1493 2793 mundo
1519 2738 1751 2809 largitus

139 2834 234 2881 est
259 2843 272 2892 ;
319 2834 378 2880 ut
408 2827 640 2897 apostoli
679 2825 798 2898 ejus
827 2844 925 2899 per
954 2828 1240 2883 universas
1270 2836 1472 2900 gentes,
1505 2844 1626 2900 qua
1655 2842 1752 2898 per

139 2931 305 2971 mare
353 2925 406 2970 et
448 2916 626 2971 lutum
659 2917 956 2990 designata
984 2925 1133 2987 sunt,
1173 2927 1394 2990 possent
1419 2920 1749 2987 discurrere,

135 3014 199 3062 et
233 3003 445 3060 semina
476 3004 603 3060 fidei
640 3023 909 3078 spargere.
941 3008 1084 3079 Equi
1116 3024 1242 3080 ergo
1269 3007 1366 3063 Dei
1397 3007 1465 3062 ad
1496 3008 1750 3078 pralium

133 3095 505 3168 parabantur,
551 3094 770 3166 quando
802 3097 1182 3167 praedicatores
1211 3098 1385 3152 sancti
1417 3105 1470 3152 et
1501 3097 1671 3152 verbo
1702 3103 1755 3152 et

133 3183 454 3239 virtutibus
482 3183 550 3238 ad
591 3184 694 3240 hoc
728 3185 1100 3252 armabantur,
1144 3195 1205 3241 ut
1232 3202 1402 3258 genus
1441 3186 1745 3241 humanum

1862 2013 2122 2071 Ecclesia
2174 2011 2478 2085 intelligere
2503 2028 2514 2067 :
2547 2027 2642 2084 per
2670 2012 2855 2069 leones
2884 2012 3108 2084 quidem
3139 2013 3414 2087 principes
3443 2029 3454 2067 :

1857 2119 1955 2176 per
2000 2102 2192 2158 dentes
2234 2108 2419 2158 autem
2467 2117 2582 2170 eos,
2632 2101 2727 2174 qui
2759 2117 2948 2158 eorum
2980 2101 3216 2175 imperio
3244 2111 3464 2160 sanctos

1855 2192 1956 2248 Dei
2009 2191 2311 2247 laniabant.
2380 2191 2582 2247 Dentes
2641 2189 2810 2263 igitur
2865 2189 3253 2247 haereticorum
3313 2190 3460 2250 sicut

1859 2283 2080 2338 leonum
2155 2288 2310 2338 erant
2362 2299 2376 2349 ;
2461 2279 2591 2353 quia
2665 2279 2808 2337 sicut
2891 2281 3088 2354 pagani
3152 2281 3454 2339 Ecclesiam

1856 2373 1956 2429 Dei
2013 2370 2503 2444 persequebantur,
2552 2377 2606 2425 et
2653 2386 3010 2444 quoscunque
3048 2379 3322 2444 poterant,
3353 2379 3459 2429 ter-

1857 2459 2077 2516 roribus
2124 2468 2286 2532 atque
2315 2459 2654 2517 cruciatibus
2698 2459 2756 2514 in
2787 2460 3116 2530 perditionis
3135 2461 3455 2535 voraginem

1859 2548 2254 2620 implicabant;
2287 2548 2364 2604 ita
2392 2555 2446 2603 et
2466 2547 2709 2604 haretici
2737 2548 3002 2620 quosdam
3036 2557 3286 2622 potentes
3340 2551 3454 2606 ho—

1861 2640 2040 2696 mines
2071 2639 2178 2696 sibi
2209 2639 2505 2706 sociantes,
2538 2638 2841 2694 Ecclesiam
2875 2639 2981 2696 Dei
3021 2641 3292 2712 persecuti
3330 2651 3462 2700 sunt

1862 2730 2173 2802 multosque
2204 2745 2356 2785 more
2383 2727 2634 2784 dentium
2688 2728 2856 2784 minis
2907 2737 2960 2786 et
3005 2729 3459 2802 impressionibus

1864 2819 2118 2886 aﬂlictos,
2158 2817 2216 2873 in
2246 2825 2494 2874 ventrem
2525 2835 2637 2874 sua
2666 2818 2891 2875 malitia
2921 2817 3319 2878 demerserunt.

1938 2910 2123 2983 (Vers.
2157 2911 2238 2981 9.)
2262 2911 2336 2966 Et
2359 2926 2464 2964 vos:
2475 2910 2689 2965 alarum
2710 2926 2918 2979 earum,
2938 2909 3074 2966 sicut
3089 2929 3193 2967 vos:
3212 2927 3468 2983 equorum

1866 2999 2155 3054 multorum
2192 2999 2522 3052 currentium
2565 2997 2622 3052 in
2650 2999 2860 3054 bellum.
2893 2998 3189 3056 Possumus
3231 3016 3326 3072 per
3351 3001 3466 3057 alas

1865 3087 2034 3144 verba
2067 3086 2454 3143 haereticorum
2487 3086 2831 3159 intelligere;
2865 3089 2994 3161 quia
3021 3089 3165 3145 sicut
3193 3091 3293 3146 ala
3312 3097 3465 3146 ater-

1865 3196 1926 3235 ra
1954 3196 2081 3235 aves
2110 3178 2404 3235 sublevant
2428 3196 2441 3246 ;
2473 3178 2550 3236 ita
2580 3178 2827 3235 haretici
2868 3179 2984 3235 suis
3011 3179 3247 3252 eloquiis
3275 3183 3465 3237 extol-

141 3274 224 3330 de
255 3281 521 3344 potestate
554 3273 759 3330 diaboli
802 3284 1074 3332 eruerent.
1113 3277 1359 3332 Locusta
1391 3292 1521 3332 vero
1546 3276 1756 3332 similes
1794 3315 1838 3375 C
1869 3267 2156 3325 lebantur!
2189 3284 2285 3340 per
2313 3284 2482 3340 equos
2513 3284 2643 3324 vero
2671 3267 3056 3340 pradicatores
3084 3268 3462 3342 designantur,

139 3362 315 3434 equis
346 3363 549 3434 paratis
578 3362 637 3418 in
668 3364 915 3435 pralium
947 3381 1063 3421 esse
1091 3365 1352 3421 dicuntur
1384 3384 1397 3433 ;
1459 3367 1588 3439 quia
1616 3367 1760 3424 sicut

139 3452 544 3525 pradicatores
575 3453 750 3509 sancti
782 3461 894 3510 tota
923 3455 1128 3510 virtute
1149 3456 1491 3524 laborabant,
1513 3466 1570 3513 ut
1600 3474 1756 3530 quos-

138 3559 375 3614 cunque
407 3543 748 3614 possent,-de
778 3546 987 3618 laqueis
1015 3547 1223 3602 diaboli
1257 3548 1530 3618 eriperent
1555 3565 1566 3601 :
1600 3547 1676 3603 ita
1703 3555 1757 3603 et

139 3631 404 3688 haretici
434 3632 503 3686 ad
526 3633 631 3688 hoc
660 3649 877 3705 semper
903 3635 1278 3704 armabantur,
1308 3643 1368 3690 ut
1399 3651 1754 3708 quoscunque

135 3727 379 3794 possent
415 3720 685 3793 decipere,
745 3723 802 3778 in
845 3723 1167 3780 barathrum
1213 3742 1324 3780 sua
1384 3724 1756 3781 damnationis

135 3813 526 3868 involverent.
561 3814 636 3867 Et
669 3829 827 3883 super
855 3813 1029 3884 capita
1059 3831 1242 3869 earum
1271 3821 1522 3886 tanquam
1549 3833 1758 3873 corona:

133 3902 355 3957 similes
383 3920 542 3957 auro.
584 3901 736 3973 Sape
764 3919 856 3974 per
887 3919 1082 3958 aurum
1115 3904 1384 3976 sapientia
1412 3905 1749 3978 designatur,

132 3993 294 4049 sicut
325 3993 576 4064 superius
590 3991 703 4063 jam
734 3993 1016 4061 diximus;
1051 4010 1147 4065 per
1163 4011 1393 4050 coronas
1415 3995 1751 4051 locustarum

129 4082 420 4156 sapientia
466 4081 742 4138 sacularis
771 4084 1099 4140 ostenditur.
1150 4083 1378 4142 Corona
1405 4086 1576 4156 igitur
1607 4086 1751 4141 locu-

125 4181 360 4230 statum
402 4189 598 4228 aurum
631 4172 762 4245 ipsae
799 4190 911 4229 non
942 4181 1115 4241 erant,
1176 4175 1272 4230 sed
1323 4173 1751 4230 similitudinem

120 4264 268 4320 auri
327 4262 647 4330 habebant;
704 4263 834 4336 quia
882 4263 1148 4334 sapientia
1205 4262 1504 4331 saecularis,
1551 4263 1608 4318 in
1644 4279 1753 4335 qua

120 4351 397 4408 haeretici
426 4351 668 4408 maxime
691 4351 1264 4421 conﬁdebant,aurum
1296 4368 1406 4408 non
1432 4351 1630 4420 erat,id
1647 4360 1747 4421 est,

1868 3366 2010 3423 sicut
2056 3362 2306 3438 superius
2342 3364 2458 3438 jam
2523 3364 2789 3422 diximus.
2850 3364 2976 3423 Vox
3029 3364 3200 3438 igitur
3251 3367 3464 3424 alarum

1871 3458 2209 3513 locustarum
2246 3465 2362 3512 erat
2393 3456 2536 3512 sicut
2572 3471 2683 3511 vox
2713 3471 2979 3528 equorum
3011 3457 3313 3512 multorum
3343 3473 3465 3514 cur-

1867 3548 2109 3604 rentium
2137 3547 2195 3602 in
2221 3547 2468 3614 bellum;
2519 3544 2649 3618 quia
2676 3545 2821 3601 sicut
2856 3546 3241 3618 pradicatores
3288 3549 3466 3606 sancti

1867 3653 2028 3693 voces
2061 3635 2517 3708 praedicationum
2554 3634 2897 3704 emittebant,
2929 3651 3056 3692 cum
3091 3644 3378 3710 pergerent
3395 3637 3465 3696 ad

1865 3727 2072 3784 bellum
2103 3737 2294 3784 contra
2321 3726 2626 3796 diabolum,
2651 3737 2713 3785 ut
2742 3746 2912 3802 genus
2940 3731 3245 3786 humanum
3275 3730 3342 3788 de
3370 3747 3464 3804 po-

1865 3832 2059 3881 testate
2089 3823 2207 3895 ejus
2237 3823 2574 3880 liberarent:
2609 3824 2687 3879 ita
2731 3833 2786 3880 et
2822 3823 3066 3881 haretici
3105 3823 3464 3897 circumqua-

1866 3930 1971 3987 que
2010 3912 2415 3978 discurrebant,
2444 3913 2637 3968 falsam
2682 3912 2990 3968 doctrinam
3033 3911 3368 3984 spargendo;
3400 3923 3464 3970 ut

1865 4017 2224 4074 quoscunque
2271 4009 2512 4074 possent,
2550 4001 2885 4074 deciperent,
2916 4006 2973 4056 et
3008 3999 3230 4058 diabolo
3258 4001 3460 4074 subju-

1862 4097 2069 4162 garent.

1935 4180 2118 4252 (Vers.
2161 4178 2274 4251 10.)
2323 4179 2399 4234 Et
2450 4177 2704 4234 habebant
2751 4180 2948 4237 caudas
2991 4180 3187 4239 similes
3230 4183 3457 4256 scorpios

1861 4286 2008 4338 num,
2048 4275 2096 4324 et
2140 4267 2311 4324 aculei
2352 4273 2505 4323 erant
2548 4268 2607 4323 in
2649 4269 2835 4325 caudis
2877 4285 3080 4327 earum.
3124 4272 3291 4329 Isaias
3334 4290 3455 4346 pro-

1860 4359 2026 4433 pheta
2051 4359 2187 4418 dicit
2219 4361 2349 4434 quia
2365 4360 2631 4434 propheta
2654 4360 2858 4420 docens
2886 4363 3256 4433 mendacium,
3282 4364 3456 4422 cauda

117 4441 417 4514 sapientia
443 4459 456 4509 ;
511 4441 606 4498 sed
638 4442 822 4514 potius
849 4441 1104 4508 stultitia,
1135 4441 1280 4497 sicut
1313 4441 1449 4498 dicit
1469 4444 1750 4513 apostolus

115 4532 349 4588 Paulus
376 4549 390 4586 :
448 4556 466 4580 ι
504 4531 786 4604 Sapientia
815 4530 982 4604 hujus
1008 4531 1192 4588 saculi
1224 4531 1462 4588 stultitia
1491 4539 1573 4588 est
1600 4531 1747 4605 apud
1858 4540 2177 4597 divinarum
2197 4543 2602 4614 Scripturarum
2623 4544 2916 4617 prophetas
2943 4560 2999 4601 se
3019 4561 3134 4601 esse
3153 4545 3448 4602 astimant.

114 4623 322 4678 Deum
357 4619 415 4691 (Ι
440 4621 567 4677 Cor.
602 4621 817 4694 111,19).
853 4646 871 4669 ιι

1864 4649 1968 4688 non
2001 4633 2456 4690 inconvenienter
2471 4634 2662 4690 caudis
2677 4633 3031 4704 scorpionum
3053 4633 3447 4702 assimilantur,

211 4719 290 4774 Et
316 4717 480 4787 facies
523 4735 728 4787 earum,
785 4719 918 4773 sicut
943 4718 1107 4789 facies
1144 4718 1430 4776 hominum.
1464 4720 1640 4774 Homo
1667 4735 1747 4774 ra-
1779 4700 1826 4758 Ῑ)
1857 4723 1985 4795 quia
2040 4740 2226 4779 eorum
2280 4723 2531 4779 doctrina
2570 4723 2706 4778 falsa
2751 4731 2866 4778 erat
2894 4729 2948 4776 et
2977 4738 3266 4790 venenosa,
3301 4723 3448 4780 unde

111 4809 350 4866 tionale
380 4818 461 4865 est
497 4808 706 4864 animal
739 4827 750 4864 :
785 4825 881 4881 per
909 4808 1101 4864 faciem
1129 4825 1260 4864 vero
1290 4810 1578 4866 hominum
1600 4809 1744 4865 divi-
1856 4819 1910 4866 et
1937 4813 2154 4868 aculeos
2177 4813 2233 4866 in
2264 4812 2453 4868 caudis
2482 4811 2738 4866 habuisse
2769 4809 3050 4865 dicuntur.
3082 4811 3184 4865 Per
3230 4813 3448 4869 aculeos

103 4915 339 4954 narum
362 4898 774 4968 Scripturarum
809 4897 1095 4954 scientiam
1127 4898 1435 4969 intelligere
1456 4915 1745 4971 possumus
1853 4917 2090 4974 namque
2118 4900 2492 4971 blasphemia,
2526 4914 2660 4970 quas
2697 4898 2756 4952 in
2786 4895 2996 4952 divinis
3037 4897 3336 4970 Scripturis
3363 4901 3445 4958 in-

102 5005 308 5064 quam
343 4987 588 5044 haretici
623 4987 822 5043 habere
843 4985 1160 5054 studebant,
1181 4995 1243 5042 ut
1260 5003 1355 5058 per
1373 5005 1489 5043 eam
1521 4989 1742 5045 facilius
1850 4990 2257 5057 termiscebant,
2290 4987 2664 5058 designantur.
2693 4987 2764 5042 Et
2783 4986 2925 5042 sicut
2945 4988 3159 5060 scorpio
3180 4987 3446 5047 innoxius

97 5077 423 5148 simplices
454 5094 699 5150 quosque
727 5077 1060 5149 deciperent.
1097 5077 1343 5133 Locusta
1383 5075 1550 5147 igitur
1576 5078 1742 5134 facies
1851 5087 2010 5146 esset,
2042 5079 2088 5134 si
2115 5079 2336 5134 aculeus
2351 5076 2592 5142 deesset;
2619 5077 2694 5133 ita
2714 5084 2768 5132 et
2792 5075 3044 5133 doctrina
3059 5077 3439 5137 hareticorum

94 5167 435 5226 hominum
476 5166 676 5222 habere
725 5167 1074 5233 videbantur,
1126 5165 1219 5221 sed
1266 5165 1574 5222 similitudo
1602 5174 1736 5235 erat,
1848 5169 1992 5226 bona
2035 5175 2194 5234 esset,
2255 5167 2302 5222 si
2348 5165 2490 5222 hanc
2541 5165 2898 5238 blasphemiis
2965 5183 3077 5223 non
3150 5167 3438 5228 fadarent.

92 5273 248 5316 non
275 5256 513 5324 veritas;
538 5257 668 5329 quia
689 5257 932 5312 haretici
962 5255 1293 5312 videbantur
1318 5255 1538 5327 quidem
1565 5255 1736 5311 scien-
1847 5260 2084 5314 Potestas
2138 5273 2322 5311 earum
2369 5273 2550 5312 nocere
2579 5257 2874 5312 hominibus
2902 5257 3163 5313 mensibus
3188 5258 3436 5331 quinque.

89 5351 272 5408 tiam
327 5347 529 5403 habere
572 5348 886 5404 divinarum
918 5348 1324 5420 Scripturarum
1358 5364 1370 5401 :
1421 5347 1515 5402 sed
1546 5348 1734 5418 procul
1846 5347 1990 5416 Quid
2020 5348 2132 5404 sint
2167 5362 2378 5402 menses
2407 5346 2650 5420 quinque
2679 5345 2932 5419 superius
2959 5346 3170 5402 dictum
3192 5355 3292 5404 est.

80 5461 131 5504 ει
173 5439 429 5496 veritate
453 5439 751 5508 distabant,
793 5440 923 5513 quia
979 5456 1098 5496 eam
1136 5456 1251 5496 non
1278 5446 1424 5497 recte
1449 5438 1736 5511 intellige—
1919 5436 2099 5509 (Vers.
2146 5436 2258 5510 11.)
2290 5437 2366 5492 Et
2408 5436 2665 5492 habebant
2709 5453 2866 5507 super
2911 5453 2963 5490 se
2990 5452 3159 5507 regem
3194 5436 3439 5507 angelum

76 5535 291 5592 bant.
1843 5528 2038 5599 abyssi,
2067 5527 2151 5583 cui
2168 5543 2356 5582 nomen
2374 5526 2625 5582 Hebraice
2648 5526 2928 5590 Abaddon,
2955 5525 3129 5581 Greece
3148 5525 3434 5596 Apollyon,

194 5619 395 5693 (Vers.
437 5619 520 5694 8.)
569 5621 642 5678 Et
669 5620 922 5679 habebant
951 5621 1171 5695 capillos
1200 5620 1333 5677 sicut
1360 5620 1580 5692 capillos
1605 5635 1735 5676 mu—
1842 5624 1892 5673 et
1937 5618 2124 5674 Latine
2177 5617 2328 5673 habet
2393 5633 2580 5673 nomen
2625 5615 3027 5672 Exterminans.
3085 5611 3306 5672 Certum
3353 5622 3436 5671 est

1859 4457 1942 4506 est
1974 4451 2108 4522 (lsa.
2139 4469 2220 4520 1x,
2266 4452 2378 4524 15).
2411 4451 2667 4510 Haretici
2707 4469 2836 4525 ergo
2863 4453 2958 4526 qui
2987 4461 3210 4526 propter
3241 4455 3452 4511 notiam

190 5844 328 5920 (98)
365 5847 544 5917 Edit.,
570 5846 644 5904 ad
671 5844 964 5905 ministeria
993 5842 1193 5918 divina,
1226 5845 1313 5905 sed
1339 5848 1410 5905 ad
1439 5847 1702 5905 diabolica
1734 5846 1903 5920 ofﬁcia
1927 5863 1947 5912 ;
1972 5862 2103 5902 mss.
2139 5851 2321 5901 autem
2362 5851 2424 5899 ut
2453 5841 2511 5898 in
2539 5847 2821 5899 contextu.
