3902 6198
555 411 662 471 943

1574 413 1672 468 AD
1711 411 1946 470 OPERA
1982 413 2039 469 S.
2081 411 2413 472 AMBROSII
2449 413 2829 473 APPENDIX.
3697 422 3754 480 9i»!

554 536 816 595 omnibus
859 536 1245 595 haereticorum
1307 538 1612 612 principem
1665 555 1780 596 esse
1841 539 2146 611 diabolum,
2179 545 2227 604 A
2264 558 2375 598 non
2405 549 2675 614 poterant,
2730 558 2859 614 pace
2912 541 3064 614 ligati
3094 550 3240 611 sunt,
3291 549 3456 616 atque
3483 542 3546 601 ab
3571 545 3753 606 effusione

552 629 698 686 sicut
743 627 1012 685 Dominus
1064 625 1202 682 dicit
1229 625 1296 681 ad
1333 627 1466 682 Job:
1516 652 1532 674 ι
1581 629 1700 700 Ipse
1742 639 1823 686 est
1870 630 2017 687 enim
2049 648 2147 688 rex
2255 631 2536 704 sanguinis
2594 630 2860 705 prohibiti
2907 640 3054 688 sunt.
3102 631 3368 704 Praecepit
3397 649 3521 706 ergo
3556 651 3662 703 vox,
3685 654 3753 710 qua

551 735 717 791 super
762 733 952 774 omnes
983 715 1128 771 ﬁlios
1158 714 1427 787 superbiae
1461 717 1580 787 (Job
1621 734 1736 786 xu,
1770 718 1894 790 25);
1935 745 1953 767 ι
1999 720 2144 776 unde

549 817 605 867 et
643 809 1038 867 exterminatur
1081 814 1330 876 vocatur,
1362 823 1425 862 eo
1471 808 1618 881 quod
1647 810 2044 867 exterminator
2072 811 2143 869 sit

549 900 718 957 totius
745 896 1030 954 bonitatis.

619 989 800 1062 (Vers.
847 987 935 1057 12,
982 985 1096 1060 13.)
1155 986 1240 1045 Va:
1266 1003 1426 1043 unum
1481 988 1632 1054 abiit,
1681 997 1730 1045 et
1777 1007 1882 1046 ecce
1927 991 2142 1049 veniunt

541 1079 714 1137 adhuc
747 1073 851 1134 duo
896 1091 991 1134 υιε.
1039 1076 1114 1134 Et
1140 1082 1317 1134 sextus
1363 1080 1580 1150 angelus
1631 1079 1753 1135 tuba
1799 1081 1997 1138 cecinit.
2035 1082 2137 1138 Per

541 1179 760 1230 sextum
791 1171 1047 1243 angelum
1078 1178 1350 1243 martyres
1378 1169 1737 1242 designantur
1763 1189 1773 1227 :
1810 1180 1998 1230 sextus
2026 1190 2135 1229 an-

541 1263 694 1336 gelus
713 1261 845 1320 tuba
872 1259 1094 1329 cecinit,
1131 1260 1260 1333 quia
1291 1268 1558 1334 martyres
1586 1259 1793 1318 Christi
1824 1262 2133 1320 doctrinam

539 1361 669 1421 ﬁdei
745 1360 1063 1419 inﬁdelibus
1109 1360 1562 1434 pr0pinaverunt.
1627 1359 1771 1416 540
1829 1366 1903 1421 Et
1955 1363 2139 1419 audivi

538 1469 712 1512 uocem
757 1469 919 1508 unam
962 1469 1027 1508 ea:
1065 1451 1312 1508 cornibus
1349 1451 1542 1507 altaris
1591 1453 1764 1521 aurei,
1796 1454 1937 1525 quod
1975 1459 2049 1508 est
2080 1453 2138 1507 in

537 1548 810 1616 conspectu
837 1541 1074 1611 Domini,
1105 1542 1353 1598 dicentem
1382 1547 1530 1597 seato
1562 1543 1767 1612 angelo,
1817 1543 1920 1598 Per
1967 1543 2137 1599 altare

536 1649 787 1701 aureum,
817 1631 961 1689 sicut
993 1631 1244 1704 superius
1277 1629 1390 1702 jam
1422 1630 1691 1700 diximus,
1733 1631 1983 1687 Ecclesia
2030 1631 2136 1688 de-

537 1724 806 1797 signatur.
830 1721 1076 1790 Quatuor
1095 1736 1222 1794 ergo
1237 1736 1443 1778 cornua
1456 1720 1644 1776 altaris
1659 1727 1893 1793 quatuor
1908 1737 2042 1777 evan
2050 1739 2134 1794 ge-

539 1814 694 1872 listas
705 1812 1084 1870 demonstrant
1102 1831 1114 1868 :
1139 1828 1326 1868 vocem
1346 1827 1474 1883 ergo
1495 1828 1661 1867 unam
1681 1827 1749 1868 ex
1768 1819 2003 1885 quatuor
2016 1829 2133 1868 cor-

2254 726 2517 794 processit
2544 739 2576 778 a
2603 731 2837 795 quatuor
2863 720 3122 777 cornibus
3149 721 3340 778 altaris
3368 724 3532 789 aurei,
3563 735 3685 782 sexto
3703 744 3753 783 au-

2253 813 2370 883 gelo
2413 813 2506 884 qui
2535 811 2768 868 habebat
2797 810 3004 880 tubam,
3059 818 3120 866 ut
3162 812 3403 869 solveret
3431 822 3640 886 quatuor
3658 833 3753 889 auge

2250 901 2363 968 los;
2397 903 2523 975 quia
2552 903 2802 960 doctrina
2818 901 3104 974 Evangelii
3122 901 3224 959 hoc
3240 903 3500 976 praecepit
3525 906 3754 977 praedicato-

2251 993 2403 1049 ribus
2443 993 2594 1049 verbi
2642 993 2762 1061 Dei,
2814 1000 2876 1048 ut
2914 994 3086 1050 nullis
3116 994 3304 1062 minis,
3339 994 3504 1052 nullis
3534 998 3754 1055 terroribiu

2248 1082 2537 1138 hominum
2566 1083 2861 1156 impiorum
2888 1090 3216 1152 terreantur,
3250 1093 3314 1140 ut
3334 1093 3538 1142 cessent
3563 1087 3620 1143 ab
3635 1089 3757 1145 ofﬁcio

2247 1173 2670 1246 praedicationis,
2714 1174 2856 1231 sicut
2899 1174 3169 1230 Dominus
3222 1175 3365 1232 dicit
3401 1175 3457 1232 in
3486 1176 3753 1250 Evangelia:

2260 1289 2278 1313 ι
2305 1266 2487 1323 Nolite
2529 1266 2720 1322 timere
2765 1281 2857 1321 eos
2886 1263 2980 1337 qui
3036 1264 3300 1322 occidunt
3331 1282 3540 1338 corpus,
3585 1269 3756 1324 animam

2246 1365 2426 1412 autem
2460 1371 2569 1411 non
2598 1362 2827 1427 possunt
2855 1354 3104 1412 occidere
3135 1356 3352 1428 (Matth.
3386 1373 3441 1425 x,
3473 1357 3576 1430 28).
3597 1382 3612 1405 -
3642 1359 3755 1431 lmpe

2245 1455 2451 1503 ratores
2480 1446 2680 1518 quippe
2724 1446 3093 1503 Romanorum
3125 1454 3178 1502 et
3218 1445 3405 1503 caeteri
3435 1446 3670 1519 principes
3690 1454 3755 1504 ter-

2245 1553 2336 1604 rae,
2369 1553 2494 1593 cum
2525 1535 2776 1592 viderent
2816 1535 3138 1609 religionem
3189 1535 3553 1594 Christianam
3581 1536 3753 1611 quotidie

2244 1630 2451 1701 augeri,
2495 1636 2548 1685 et
2576 1629 2847 1686 culturam
2878 1629 3154 1686 idolorum
3185 1629 3466 1699 evacuari,
3496 1629 3752 1688 interminati

2243 1727 2372 1777 sunt
2428 1727 2659 1776 mortem
2706 1718 2965 1777 omnibus
3012 1719 3106 1793 qui
3160 1719 3445 1777 Christum
3475 1721 3677 1778 colerent
3696 1730 3753 1776 aut

2244 1811 2622 1884 praedicarent.
2657 1809 2855 1867 Sextus
2884 1826 3012 1883 ergo
3039 1811 3291 1883 angelus,
3323 1811 3381 1867 id
3414 1820 3512 1881 est,
3541 1822 3749 1884 martyres,

533 1907 701 1966 nibus
720 1906 908 1963 altaris
925 1903 1074 1962 aurei
1109 1903 1324 1960 audisse
1353 1920 1410 1960 se
1430 1903 1596 1971 dicit;
1621 1903 1748 1976 quia
1770 1919 1876 1959 una
1897 1911 1978 1960 est
1999 1903 2136 1961 ﬁdes
2164 1924 2209 1985 B
2243 1908 2477 1973 quatuor
2519 1900 2760 1972 angelos,
2805 1899 2862 1956 id
2893 1909 2992 1968 est,
3022 1910 3400 1973 persecutores
3425 1918 3544 1958 suos
3559 1902 3602 1974 (l
3611 1906 3625 1967 l
3651 1900 3749 1973 (ιιιδί

533 2015 646 2057 una
662 1996 916 2057 doctrina
931 1993 2125 2071 quamquatuorlibriEvangeliorumdocent.

607 2089 789 2162 (Vers.
840 2086 953 2159 14)
996 2085 1138 2154 Quid
1194 2093 1373 2142 autem
1420 2084 1537 2142 haec
1575 2101 1686 2140 vox
1733 2091 1888 2141 sexto
1934 2085 2126 2158 angelo

531 2180 702 2250 dicat,
734 2177 1048 2236 manifestat
1077 2173 1400 2232 subdendo:
1445 2173 1602 2242 Vade,
1643 2180 1691 2228 et
1717 2175 1858 2230 solve
1895 2182 2129 2245 quatuor

529 2274 765 2346 angelos,
795 2270 888 2342 qui
915 2269 1126 2341 alligati
1154 2274 1277 2324 sunt
1305 2267 1362 2322 in
1375 2265 1590 2339 ﬂumine
1613 2284 1801 2338 magno
1826 2267 2120 2329 Euphrate.

527 2363 778 2420 Primum
825 2359 1076 2416 dicamus
1129 2357 1263 2431 quid
1312 2357 1423 2415 sint
1469 2364 1704 2430 quatuor
1754 2355 1957 2428 angeli,
1991 2355 2125 2430 quid

527 2451 771 2518 vincula,
813 2448 950 2522 quid
996 2448 1344 2520 Euphrates;
1396 2454 1449 2504 et
1481 2455 1666 2520 postea
1695 2463 1795 2503 cur
1833 2454 1988 2503 sexto
2018 2461 2128 2502 an-

525 2541 646 2616 gelo
667 2537 947 2614 praecipiat
963 2537 1415 2611 Evangelium,ut
1435 2537 1612 2594 solvat
1630 2543 1864 2611 quatuor
1879 2536 2121 2609 angelos,

522 2631 846 2705 diligentius
879 2628 1352 2701 investigabimus.
1379 2627 1513 2683 Nam
1543 2628 1685 2684 sicut
1706 2626 1956 2700 superius
1979 2626 2122 2697 (cap.

520 2739 604 2793 vr,
629 2738 765 2778 vers.
806 2718 898 2792 12)
932 2719 987 2775 in
1009 2719 1294 2792 apertione
1314 2717 1456 2774 sexti
1478 2717 1646 2790 sigilli
1675 2725 1911 2790 quatuor
1944 2705 2123 2788 angeli

522 2830 686 2888 super
735 2819 975 2886 quatuor
1031 2810 1260 2883 angulos
1311 2817 1469 2865 terrai
1520 2807 1734 2864 stetisse
1799 2805 1904 2862 visi
1966 2813 2120 2874 sunt,

519 2909 770 2962 tenentes
808 2909 1046 2975 quatuor
1071 2906 1264 2956 ventos
1294 2905 1452 2954 terra;
1475 2916 1489 2966 ;
1515 2913 1585 2953 ne
1609 2896 1804 2952 ﬂarent
1832 2910 1996 2967 super
2016 2903 2119 2950 ter-

523 3006 665 3063 ram,
688 3007 868 3065 neque
897 2991 954 3047 in
989 2991 1158 3046 ullam
1191 2987 1440 3044 arborem
1473 3003 1484 3041 :
1509 2986 1586 3042 ita
1614 2995 1667 3041 et
1698 2985 1789 3041 hic
1814 2984 1917 3040 sub
1952 2991 2119 3040 cantu

524 3083 672 3142 tuba
703 3081 846 3138 sexti
873 3079 1053 3154 angeli
1093 3088 1328 3154 quatuor
1366 3076 1543 3148 angeli
1574 3074 1633 3130 in
1662 3073 1890 3129 ﬂumine
1921 3087 2118 3145 magno

525 3172 808 3245 Euphrate
855 3169 1064 3244 alligati
1113 3185 1228 3226 esse
1283 3167 1617 3224 referuntur.
1667 3163 1932 3220 Eamdem
1989 3178 2116 3237 ergo

525 3263 987 3337 signiﬁcationem
1032 3260 1236 3317 habent
1297 3266 1531 3332 quatuor
1585 3255 1762 3328 angeli
1818 3254 1909 3311 isti
1951 3269 2114 3327 quam

516 3363 572 3412 et
600 3353 693 3410 illi
719 3372 734 3422 ;
772 3352 1086 3426 signiﬁcant
1105 3350 1251 3406 enim
1282 3356 1517 3422 quatuor
1547 3362 1731 3419 regna,
1762 3343 2115 3418 Assyriorum

521 3442 804 3509 videlicet,
822 3438 1524 3504 Persarum,Macedonum,
1546 3446 1707 3509 atque
1723 3435 2116 3491 Romanorum.

525 3537 598 3592 Et
626 3536 755 3606 quia
783 3540 1021 3604 potestas
1065 3539 1300 3602 quatuor
1338 3545 1654 3600 regnorum,
1697 3528 1840 3585 sicut
1868 3525 2122 3597 superius

519 3623 792 3688 diximus,
832 3620 900 3676 ad
941 3621 1215 3676 Romanos
1261 3625 1572 3684 secesserat,
1615 3633 1711 3688 per
1754 3625 1988 3690 quatuor
2028 3629 2118 3670 an-

521 3713 672 3787 gelos
700 3709 759 3766 in
790 3709 896 3768 hoc
923 3709 1047 3766 loco
1077 3706 1309 3765 Romani
1336 3705 1694 3778 designantur
1712 3749 1724 3761 .
1751 3722 1846 3777 per
1874 3703 2120 3777 Euphra-

525 3815 619 3863 ten
663 3819 796 3860 vero
849 3801 942 3860 hic
987 3799 1228 3857 mundus
1274 3797 1628 3871 intelligitur.
1679 3796 1826 3864 Quid
1857 3795 1970 3852 sint
1997 3812 2122 3869 ergo

524 3895 750 3954 vincula
797 3901 1033 3970 quatuor
1079 3892 1422 3964 angelorum,
1470 3886 1721 3961 superius
1769 3886 2120 3956 manifestat;

524 4005 652 4047 nam
705 4000 869 4062 supra
919 3984 1188 4058 scriptum
1218 3992 1320 4050 est,
1359 3981 1488 4056 quia
1523 4005 1541 4029 ι
1569 3979 1713 4036 vidit
1751 3978 1987 4035 Joannes
2013 3993 2122 4034 an-

526 4079 707 4150 gelum
738 4075 1086 4134 descendisse
1115 4073 1182 4130 de
1210 4074 1371 4143 cmlo,
1415 4070 1707 4128 habentem
1761 4067 1980 4142 signum
2020 4066 2121 4123 Dei

524 4167 682 4223 vivi:
716 4176 770 4225 et
798 4166 1059 4225 clamavit
1087 4182 1221 4223 voce
1241 4181 1434 4238 magna
1467 4171 1702 4238 quatuor
1741 4160 1968 4233 angelis,
2003 4158 2121 4231 qui-

522 4257 629 4314 bus
657 4255 846 4312 datum
886 4263 967 4311 est
995 4270 1195 4311 nocere
1224 4264 1382 4312 terrae
1411 4263 1465 4311 et
1486 4254 1646 4322 mari,
1678 4251 1870 4309 dicens
1895 4267 1906 4305 :
1941 4249 2122 4306 Nolite

524 4360 723 4404 nocere
751 4351 910 4400 terrm
938 4350 993 4399 et
1022 4344 1182 4412 mari,
1217 4359 1392 4416 neque
1425 4343 1734 4410 arboribus,
1766 4339 2123 4414 quoadusque

525 4438 806 4513 signemus
825 4452 1012 4493 servos
1032 4435 1132 4490 Dei
1154 4433 1330 4490 nostri
1348 4434 1405 4488 in
1427 4433 1700 4489 frontibus
1719 4449 1908 4488 eorum
1931 4431 2119 4504 (Apoc.

525 4547 630 4600 vn,
661 4529 714 4599 2,
747 4528 828 4600 3).
860 4552 879 4578 ›
922 4527 1025 4582 Per
1071 4525 1324 4597 angelum
1375 4524 1470 4596 qui
1510 4523 1746 4579 habebat
1773 4525 1990 4596 signum
2022 4520 2123 4577 Dei

525 4619 667 4688 vivi,
701 4616 984 4676 Christum
1015 4614 1264 4672 diximus
1293 4612 1460 4668 fuisse
1491 4612 1868 4685 designatum:
1898 4612 2124 4668 vincula

526 4709 699 4784 igitur
733 4715 970 4782 quatuor
1007 4704 1328 4779 angelorum
1358 4701 1524 4758 verba
1573 4711 1701 4758 sunt
1739 4683 1985 4769 ﬂumini,
2015 4716 2126 4757 non
2157 4679 2205 4738 D

527 4801 675 4877 quod
705 4799 976 4858 Dominus
1007 4797 1324 4872 praeceperit
1349 4792 1812 4868 persecutoribus,
1853 4800 1914 4848 ut
1943 4809 1974 4848 a
2003 4809 2125 4865 per-

527 4891 808 4950 secutione
837 4896 1131 4959 cessarent,
1173 4887 1349 4944 donec
1393 4886 1606 4943 semina
1653 4883 1779 4939 ﬁdei
1813 4899 1908 4956 per
1937 4898 2127 4938 omnes

528 4995 714 5062 gentes
743 4996 1128 5060 spargerentur
1160 5003 1175 5053 ;
1212 4983 1306 5042 sed
1348 4983 1495 5057 quod
1527 4987 1791 5055 potestate
1836 4977 1991 5046 fecit,
2025 4977 2128 5034 hoc

527 5079 734 5139 dicitur
791 5079 974 5137 verbis
1021 5076 1360 5152 praecepisse.
1420 5073 1652 5132 Romani
1710 5087 1945 5144 namque
2001 5075 2126 5125 ante

526 5171 824 5229 adventum
857 5170 1063 5231 Christi
1089 5186 1120 5225 a
1148 5168 1391 5226 caedibus
1437 5175 1492 5222 et
1539 5163 1747 5237 rapinis
1787 5171 1951 5236 atque
1978 5160 2128 5217 effu-

525 5267 682 5324 sione
711 5263 995 5339 sanguinis
1035 5262 1247 5336 generis
1277 5259 1504 5316 humani
1555 5260 1711 5316 nullo
1742 5257 1906 5314 modo
1936 5255 2125 5312 satiari

525 5363 796 5433 poterant.
843 5354 1085 5413 Veniens
1141 5369 1272 5410 vero
1320 5351 1574 5409 Christus
1621 5349 1678 5404 in
1727 5365 1889 5405 carne
1936 5360 2124 5420 pacem

527 5446 739 5504 mundo
781 5445 1010 5520 largitus
1054 5451 1155 5514 est,
1205 5450 1260 5500 et
1301 5441 1528 5498 Romani
1582 5439 1677 5513 qui
1732 5439 1800 5494 ab
1857 5438 2125 5494 effusione

527 5541 814 5619 sanguinis
878 5540 1091 5617 generis
1150 5538 1382 5596 humani
1443 5537 1560 5610 (99)
1618 5550 1816 5592 manus
1869 5535 2126 5595 cohibere

599 5701 915 5780 (99)_Nulto
951 5700 1106 5780 modo
1149 5698 1764 5780 έςίιιὶανξλωᾳειςαηιηη.Δ
1793 5693 1994 5780 generis
2032 5695 2128 5750 hu.

525 5765 713 5844 ma‘ni;
733 5775 910 5832 isthac
937 5775 1124 5832 omnia
1149 5773 1266 5830 haec
1277 5765 1424 5844 edit.
1454 5769 1617 5825 debet
1645 5765 1958 5844 auctoritati
1991 5782 2123 5822 mss.

601 5836 700 5919 (1)
713 5845 890 5913 Edit.,
917 5846 978 5902 id
1011 5851 1106 5913 est,
1138 5843 1513 5916 praedicatores
1535 5856 1685 5904 suos;
1727 5836 1933 5894 rectius
1967 5853 2124 5906 mss.,

2239 1992 2549 2059 solverunt;
2571 2008 2696 2048 cum
2728 1999 2950 2064 propter
2979 1991 3407 2064 insuperabilem
3425 1990 3746 2065 evangelizandi

2237 2083 2601 2140 constantiam
2631 2083 2698 2141 ad
2721 2084 3122 2159 persequendos
3151 2102 3248 2143 eos
3277 2102 3334 2142 se
3353 2082 3676 2142 armaverunl.

2312 2175 2495 2244 (Vers.
2557 2176 2670 2248 l5.)
2733 2175 2885 2232 Unde
2938 2183 2992 2233 et
3039 2177 3292 2250 sequitur
3339 2194 3351 2234 :
3400 2178 3470 2234 Et
3515 2176 3745 2231 solatium

2237 2272 2470 2336 quatuor
2522 2264 2715 2337 angeli,
2774 2266 2868 2336 qui
2902 2267 3089 2339 parati
3115 2273 3274 2323 erant
3298 2267 3358 2322 in
3386 2269 3572 2332 horam,
3595 2270 3634 2319 et
3658 2263 3744 2317 diem

2237 2361 2285 2410 et
2313 2372 2558 2422 mensim,
2591 2361 2639 2410 et
2663 2373 2884 2414 annum.
2942 2363 3001 2411 ut
3051 2355 3404 2429 interficerent
3459 2355 3636 2410 tertiam
3660 2368 3742 2423 par-

2238 2450 2334 2500 tem
2388 2445 2676 2502 hominum.
2730 2444 2908 2502 Soluti
2973 2452 3104 2502 sunt
3169 2455 3408 2518 quatuor
3451 2443 3622 2516 angeli,
3661 2440 3744 2512 quia

2236 2532 2396 2606 impii
2435 2533 2710 2602 homines,
2757 2549 2890 2606 pace
2935 2533 3168 2606 abjecta,
3222 2533 3563 2606 manibusque
3587 2527 3738 2594 solutis,

2237 2643 2373 2700 quas
2413 2643 2520 2700 pax
2557 2627 2896 2699 alligaverat,
2931 2628 3202 2701 persecuti
3243 2636 3372 2685 sunt
3408 2626 3638 2700 populum
3661 2620 3739 2677 Dei.

2235 2717 2392 2785 Quod
2422 2725 2603 2773 autem
2634 2717 2772 2775 dicit
2803 2733 2814 2771 :
2865 2718 3058 2774 Parati
3085 2724 3263 2788 erant,
3314 2716 3585 2790 impiorum
3608 2710 3739 2769 homi-

2232 2826 2365 2866 num
2391 2810 2728 2866 voluntatem
2751 2809 3114 2876 demonstrat;
3139 2810 3274 2884 quia
3302 2817 3568 2883 antequam
3586 2813 3737 2874 tempus

2231 2899 2626 2972 persecutionis
2654 2898 2888 2967 veniret,
2903 2907 3031 2956 voto
3063 2901 3240 2971 parati
3268 2907 3436 2966 erant,
3468 2905 3520 2954 ut
3539 2893 3734 2970 populum

2229 2989 2330 3046 Dei
2385 2988 2776 3046 interﬁcerent.
2829 2988 2970 3046 Sane
3013 2989 3174 3045 tertia
3227 3006 3350 3062 pars
3393 2986 3655 3049 hominum,
3696 2988 3734 3034 ut

2228 3080 2480 3152 superius
2509 3079 2720 3136 dictum
2759 3088 2860 3150 est,
2891 3081 3090 3137 electos
3135 3079 3428 3153 signiﬁcat.
3467 3078 3612 3134 Porro
3637 3067 3736 3145 quod

2228 3169 2285 3225 in
2318 3169 2532 3238 horam,
2580 3177 2634 3226 et
2663 3169 2832 3239 diem,
2863 3179 2917 3228 et
2942 3186 3209 3239 mensem,
3244 3177 3299 3227 et
3334 3184 3540 3234 annum,
3566 3170 3736 3237 quatuor

2225 3263 2426 3335 angeli,
2474 3271 2537 3319 ut
2565 3262 2935 3320 interﬁcerent
2981 3263 3200 3319 tertiam
3249 3270 3446 3337 partem
3498 3255 3730 3318 hominum,

2231 3355 2403 3425 parati
2446 3369 2559 3410 esse
2615 3353 2899 3421 dicuntur,
2935 3369 3229 3425 possumus
3271 3352 3337 3408 ad
3381 3365 3550 3407 omnes
3574 3341 3731 3415 impios,

2233 3441 2328 3515 qui
2357 3441 2602 3497 abinitio
2632 3441 2826 3498 mundi
2855 3441 3100 3510 fuerunt,
3123 3450 3178 3498 et
3204 3449 3367 3498 erunt
3385 3453 3536 3512 usque
3558 3435 3602 3492 in
3617 3431 3731 3487 ﬁnem

2233 3531 2454 3588 referre.
2505 3531 2607 3588 Per
2634 3531 2824 3588 horam
2855 3533 3058 3606 quippe
3096 3541 3317 3606 tempus
3342 3531 3407 3589 ab
3435 3527 3572 3586 initio
3595 3517 3730 3580 mundi

2231 3637 2403 3694 usque
2435 3619 2504 3676 ad
2531 3619 2831 3690 diluvium,
2858 3637 2953 3694 per
2980 3621 3126 3678 diem
3155 3632 3341 3678 autem
3369 3630 3596 3690 tempus:
3616 3610 3726 3668 dilu-

2231 3711 2324 3766 vio
2363 3726 2535 3783 usque
2576 3709 2642 3767 ad
2683 3712 2879 3785 legem,
2911 3727 3008 3785 per
3041 3727 3286 3768 mensem
3321 3726 3444 3768 vero
3469 3715 3642 3776 tempus
3662 3694 3728 3754 sub

2232 3801 2367 3872 lege,
2406 3817 2501 3872 per
2527 3817 2733 3858 annum
2766 3807 2948 3856 autem
2983 3809 3200 3874 tempus
3247 3799 3349 3858 sub
3380 3796 3532 3872 εηιία
3554 3788 3725 3874 desim.

2231 3871 2342 3948 tur.
2386 3871 2447 3946 In
2477 3890 2547 3946 iis
2577 3906 2703 3962 ergo
2733 3899 2968 3963 quatuor
2995 3871 3340 3965 temporibus
3365 3871 3552 3961 semper
3573 3871 3723 3953 reprobi

2234 3989 2639 4054 persequuntur
2665 3980 2888 4038 electos.

2305 4072 2488 4143 (Vers.
2548 4071 2661 4138 16.)
2701 4073 2775 4128 Et
2826 4087 3078 4127 numerus
3106 4070 3360 4144 equestris
3385 4063 3602 4126 exercitu:

2234 4161 2421 4218 millies
2450 4161 2586 4216 dena
2615 4161 2808 4228 millia,
2849 4161 3033 4217 audivi
3057 4141 3339 4218 numerum
3365 4171 3541 4216 eorum.
3568 4145 3646 4216 Ουί
3665 4141 3724 4198 de’

2231 4251 2517 4324 signantur
2540 4266 2636 4324 per
2663 4259 2899 4324 quatuor
2925 4251 3169 4323 angelos,
3198 4250 3304 4325 ipsi
3333 4257 3386 4306 et
3403 4262 3486 4322 per
3497 4244 3721 4325 equestrem

2231 4341 2559 4408 exercitum,
2589 4321 2848 4399 videlicet
2875 4321 3250 4416 persecutores
3290 4321 3542 4397 Ecclesiae.

2231 4439 2321 4488 tus
2341 4439 2525 4488 autem
2555 4441 2966 4503 persecutorum
2987 4432 3257 4506 equestris
3284 4446 3395 4489 esse
3417 4425 3616 4484 dicitur;
3640 4424 3724 4506 fin“

2232 4520 2375 4578 sicut
2400 4521 2563 4579 habet
2587 4523 2731 4579 Deus
2753 4538 2924 4596 equos
2943 4503 3092 4593 suos,
3115 4522 3170 4579 id
3194 4531 3294 4590 est,
3327 4523 3523 4577 sanctos
3543 4503 3724 4583 ρηάίεδ·

2235 4620 2398 4680 tores,
2432 4612 2526 4685 qui
2573 4629 2696 4669 eum
2724 4630 2819 4686 per
2841 4613 3166 4671 universum
3196 4610 3451 4670 mundum
3479 4602 3728 4674 depomie‘

2237 4716 2403 4777 runt;
2439 4709 2517 4765 ita
2545 4709 2709 4766 habet
2737 4708 2994 4766 diabolus
3021 4726 3191 4784 equos
3218 4725 3363 4775 suos,
3396 4704 3447 4760 id
3472 4709 3559 4764 est,
3588 4697 3727 4784 Δ(φιυηθδ

2235 4799 2456 4871 impios,
2487 4816 2649 4873 super
2677 4817 2813 4874 qnos
2841 4799 3012 4866 sedet,
3043 4781 3098 4856 e—t
3127 4797 3193 4855 ad
3224 4788 3552 4870 perpetranda
3575 4781 3727 4874 diversi

2235 4891 2439 4946 scelera
2465 4871 2722 4964 impellit.
2755 4890 2860 4958 Qui
2896 4891 3068 4948 vicies
3100 4889 3299 4945 millies
3326 4885 3457 4941 dena
3482 4871 3624 4934 millia
3647 4873 3723 4919 esse

2235 4980 2530 5049 dicuntur;
2564 4999 2658 5053 per
2687 4981 2906 5037 ﬁnitum
2938 4995 3174 5051 namque
3202 4987 3476 5033 numerum
3497 4965 3566 5038 (2)
3591 4966 3726 5033 ΡΘΓεθ⁶⁹

2234 5079 2486 5129 cutoruin
2518 5070 2939 5128 innumerabilis
2969 5068 3267 5126 multitudo
3296 5058 3605 5136 exprimitur.
3720 5120 3727 5134 .

2307 5163 2490 5235 (Vers.
2547 5163 2660 5235 17.)
2709 5165 2784 5219 Et
2833 5162 2909 5217 ita
2941 5160 3052 5215 vidi
3078 5175 3233 5230 equos
3261 5157 3316 5211 in
3344 5152 3564 5209 visione;
3601 5141 3727 5235 iii”

2234 5223 2476 5306 sedebant
2535 5223 2694 5324 super
2735 5269 2840 5321 eos,
2885 5223 3141 5306 habebant
3173 5246 3358 5303 loricas
3383 5242 3555 5311 igneas:
3579 5223 3726 5324 εί

2235 5343 2518 5410 cinthinas,
2577 5319 2624 5400 et
2686 5319 3020 5416 sulphureas.
3087 5342 3149 5397 ln
3202 5338 3304 5394 hoc
3348 5334 3458 5390 loco
3491 5338 3573 5398 Per
3616 5319 3728 5416 eq“?

2234 5433 2413 5490 insani
2444 5435 2655 5508 populi,
2712 5451 2808 5507 per
2848 5449 3083 5490 sessores
3119 5438 3295 5487 autem
3345 5427 3580 5496 equorum

2233 5523 2382 5597 cipes
2438 5497 2596 5582 terras
2636 5497 2997 5599 designantur
3028 5540 3041 5580 :
3107 5537 3203 5596 per
3245 5516 3432 5576 loricas
3481 5515 3607 5570 vero:
3650 5497 3729 5563 ⁸1⁸³

2231 5689 2289 5746 id
2317 5695 2409 5759 est,
2420 5694 2790 5817 giersecutores
2820 5701 2961 5743 suos.
3202 5750 3214 5764 .
3331 5745 3342 5760 ο
3665 5729 3726 5775 W

2306 5764 2388 5817 (2)
2460 5779 2511 5817 1c
2539 5763 2694 5817 edit.:
2727 5775 2857 5816 mss.
2889 5773 3041 5817 vero.
3074 5770 3166 5817 per
3191 5749 3444 5817 inﬁnitum
3471 5739 3652 5802 MM“

2306 5739 2515 5833 ('él’gic'
2536 5739 3041 5829 editiivmssrvero,
3069 5770 3166 5830 per
3191 5745 3444 5825 inﬁnitum
3471 5739 3652 5802 παηιςυδ

2231 5849 2456 5889 merum.
