3902 6198
145 257 252 319 945

1023 250 1480 313 BERENGAUDI
1515 249 1888 310 EXPOSITIO
1925 249 1997 311 IN
2033 248 2535 310 APOCALYPSIN.

3342 248 3451 309 9&6

145 383 290 442 ictus
318 381 624 456 gladiorum
651 396 683 439 a
717 395 774 439 se
810 379 1104 455 repellunt,
1135 378 1342 439 duritia
1370 377 1622 438 cordium
1655 393 1735 435 re-
1774 379 1824 440 A
1853 375 2034 434 cidere
2084 384 2355 450 poterant,
2403 393 2538 450 quos
2585 375 2806 434 vincere
2849 392 2962 434 non
3008 375 3283 436 valebant.
3341 377 3448 437 Per

53 544 55 546 η
145 477 446 552 proborum
469 475 806 550 designatur,
840 493 962 550 qua
989 476 1056 533 ad
1087 474 1252 534 corda
1278 491 1468 533 eorum
1497 475 1740 548 gladium

48 554 52 558 ’
145 568 396 641 Spiritus,
426 567 572 640 quod
611 577 692 625 est
721 568 948 624 verbum
995 567 1112 634 Dei,
1145 569 1402 626 accedere
1444 584 1555 624 non
1585 568 1738 625 sinit.

49 725 52 728 ,
146 660 278 728 Qua
307 660 493 716 lorica
536 659 724 733 ignea,
758 659 1159 733 hyacinthina,
1190 669 1243 716 et
1288 660 1598 734 sulphurea
1627 677 1743 717 esse

145 749 426 807 dicuntur.
478 750 580 806 Per
610 751 789 822 ignem
842 752 1001 823 plane
1047 751 1345 808 crudelitas
1387 751 1590 809 mentis
1619 769 1740 825 per-

143 847 461 897 secutorum
494 859 506 896 :
553 856 649 912 per
680 840 1042 913 hyacinthum
1076 842 1170 915 qui
1217 842 1340 898 caeli
1389 841 1617 914 ﬁguram
1649 841 1740 898 ha-

141 929 256 998 bet,
295 929 477 986 honor
504 929 727 986 deitatis
759 947 919 1004 quem
951 930 1058 987 diis
1092 931 1206 987 suis
1234 930 1572 999 deferebant,
1603 931 1742 988 desi-

142 1026 348 1092 gnatur
381 1038 392 1075 :
437 1036 532 1094 per
563 1020 796 1093 sulphur
828 1036 958 1076 vero
989 1021 1135 1093 quod
1178 1021 1344 1089 fetet,
1387 1020 1740 1094 blasphemia

142 1125 280 1182 quas
312 1109 371 1165 in
405 1109 688 1169 Christum
721 1110 1088 1182 proferebant,
1133 1109 1508 1184 designantur.
1557 1113 1738 1168 Perse-

141 1205 366 1254 cutores
397 1197 566 1271 igitur
590 1199 784 1256 loricas
816 1200 1018 1272 igneas,
1050 1207 1104 1257 et
1132 1199 1542 1273 hyacinthinas,
1576 1210 1738 1274 atque

141 1287 472 1362 sulphureas
512 1287 768 1346 habuisse
798 1289 1092 1358 dicuntur;
1135 1291 1264 1365 quia
1290 1291 1489 1363 partim
1521 1298 1740 1364 propter

142 1378 594 1436 incredulitatem
641 1380 843 1437 mentis
871 1381 1037 1438 corda
1083 1398 1180 1439 sua
1224 1381 1637 1450 induraverant,
1677 1389 1739 1438 ut

139 1484 257 1526 non
307 1468 486 1525 solum
531 1468 585 1525 in
620 1467 902 1526 Christum
949 1486 1060 1528 non
1089 1471 1393 1540 crederent,
1441 1471 1533 1528 sed
1571 1471 1736 1528 etiam

137 1573 331 1614 servos
357 1555 476 1629 ejus
497 1568 983 1632 persequerentur:
1010 1561 1207 1634 partim
1230 1569 1451 1634 propter
1470 1559 1739 1618 defensio-

139 1663 273 1704 nem
304 1645 568 1704 falsorum
596 1647 845 1719 deorum,
877 1651 1078 1723 partim
1117 1661 1338 1725 propter
1372 1651 1740 1724 blasphemiae

1849 466 2049 525 caudas
2087 482 2218 523 vero
2264 465 2718 540 philosophorum
2777 473 2940 541 atque
2997 474 3281 541 poetarum
3337 468 3449 525 do-

1849 559 2026 617 ctrina
2040 557 2375 630 designatur.
2403 559 2540 614 Nam
2559 557 2742 612 cauda
2767 573 2948 612 eorum
2973 557 3171 614 similes
3197 558 3446 631 serpenti-

1851 651 1964 719 bus,
1997 651 2235 706 habentes
2261 649 2457 720 capita,
2493 654 2540 703 et
2577 647 2633 701 in
2670 647 2738 702 iis
2766 655 2965 705 nocent.
3003 649 3164 705 Recte
3193 648 3447 708 doctrina

1849 739 2303 815 philosophorum
2347 737 2691 810 serpentibus
2721 738 3078 808 assimilatur,
3128 739 3258 812 quia
3287 741 3448 814 plena

1849 842 1965 890 erat
2006 831 2234 889 venenis
2291 829 2724 887 mendaciorum.
2789 827 2896 896 Qui
2952 839 3229 902 serpentes
3269 830 3449 903 capita

1850 922 2052 979 habere
2096 923 2381 989 dicuntur,
2439 920 2570 994 quia
2626 934 2816 975 omnes
2883 934 3095 975 errores
3155 920 3446 992 gentilium

1849 1012 2099 1085 proprios
2128 1009 2402 1067 habebant
2432 1016 2703 1065 auctores.
2750 1007 2996 1063 Potestas
3025 1023 3151 1080 ergo
3179 1023 3445 1080 equorum

1847 1105 1904 1160 in
1947 1102 2136 1160 caudis
2165 1117 2353 1157 eorum
2403 1107 2539 1165 erat,
2593 1098 2721 1172 quia
2770 1105 3142 1170 persecutores
3185 1097 3447 1155 Ecclesia

1847 1210 1943 1268 per
1986 1191 2294 1252 doctrinam
2358 1188 2815 1263 philosophorum
2882 1188 3142 1246 volebant
3202 1195 3448 1247 evertere

1847 1283 2166 1356 religionem
2200 1281 2591 1340 Christianam.

1921 1380 2102 1453 (Vers.
2145 1378 2233 1446 20,
2286 1377 2402 1448 21.)
2434 1378 2511 1433 Et
2547 1374 2721 1431 caeteri
2765 1374 2996 1432 homines
3023 1375 3116 1448 qui
3159 1392 3267 1432 non
3326 1382 3450 1432 sunt

1847 1468 2003 1524 occisi
2054 1469 2110 1522 in
2138 1468 2204 1522 iis
2254 1465 2452 1538 plagis,
2494 1481 2656 1535 neque
2713 1471 2929 1537 egerunt
2971 1465 3334 1538 panitentiam
3380 1464 3447 1522 ab

1849 1558 2092 1632 operibus
2107 1572 2360 1612 manuum
2379 1571 2604 1610 suarum
2627 1572 2639 1610 :
2672 1561 2851 1610 utnon
2878 1555 3168 1611 adorarent
3187 1554 3448 1612 damonia

1848 1655 1896 1704 et
1918 1648 2209 1703 simulacra
2235 1663 2422 1711 aurea,
2453 1650 2502 1699 et
2529 1651 2795 1717 argentea,
2827 1651 2874 1700 et
2909 1662 3048 1700 area
3083 1644 3187 1717 (3),
3219 1651 3266 1702 et
3297 1645 3448 1719 lapi-

133 1755 274 1813 quas
301 1737 653 1797 inChristum
676 1741 1306 1815 proferebant,dicentes
1325 1759 1449 1799 eum
1474 1759 1730 1815 magnum
1759 1752 1805 1813 Β
1849 1730 1968 1804 dea,
2036 1741 2083 1790 et
2130 1735 2347 1806 lignea;
2397 1751 2514 1804 qua?
2564 1751 2726 1805 neque
2768 1734 2946 1790 videre
2996 1741 3236 1806 possunt,
3286 1752 3448 1806 neque

134 1829 312 1888 fuisse
339 1838 394 1889 et
421 1831 784 1890 seductorem.
817 1836 891 1891 Et
917 1835 1093 1906 capita
1137 1853 1391 1907 equorum
1422 1841 1574 1891 erant
1620 1843 1731 1891 tan-

136 1938 304 1995 quam
334 1923 510 1995 capita
537 1923 761 1979 leonum.
801 1923 904 1980 Per
931 1923 1107 1998 capita
1137 1940 1401 1998 equorum
1442 1925 1732 1998 imperato-

129 2031 223 2071 res
253 2015 627 2072 Bomanorum
657 2015 1053 2090 designantur;
1107 2019 1235 2092 quia
1281 2019 1460 2093 capita
1506 2036 1620 2076 esse
1651 2019 1732 2075 vi-

127 2103 408 2162 debantur
435 2105 680 2162 omnium
715 2116 1146 2179 persecutorum,
1180 2109 1274 2182 qui
1305 2110 1470 2166 etiam
1510 2118 1732 2184 propter

125 2193 506 2252 insatiabilem
553 2195 760 2252 rabiem
810 2197 1061 2254 leonibus
1107 2198 1500 2257 assimilantur.
1550 2203 1625 2258 Et
1671 2203 1732 2259 de

125 2301 220 2340 ore
248 2301 435 2340 eorum
473 2284 714 2357 procedit
747 2285 904 2357 ignis,
934 2293 983 2343 et
1025 2287 1225 2359 fumus,
1259 2296 1308 2345 et
1345 2291 1590 2362 sulphur.
1629 2293 1732 2349 Per

126 2373 317 2448 ignem
373 2372 544 2446 impia
590 2384 857 2448 pracepta
911 2376 1302 2449 imperatorum
1349 2379 1726 2449 designantur,

125 2463 340 2538 quibus
360 2465 596 2537 populus
619 2465 715 2522 Dei
737 2465 974 2524 interﬁci
1000 2466 1363 2540 jubebantur;
1397 2485 1492 2543 per
1511 2470 1726 2527 fumum

124 2568 266 2611 vero
292 2553 473 2610 honor
489 2553 730 2623 deitatis,
755 2573 914 2630 quem
938 2556 1046 2614 diis
1071 2558 1185 2614 suis
1205 2558 1416 2616 deferre
1435 2558 1723 2631 jubebant.

122 2644 206 2702 Et
249 2651 396 2700 recte
425 2659 521 2717 per
545 2644 761 2702 fumum
793 2645 1118 2704 idololatria
1149 2647 1359 2705 falsitas
1387 2648 1721 2723 designatur,

129 2740 281 2803 541
326 2746 456 2821 quia
505 2745 649 2804 sicut
695 2745 880 2804 fumus
932 2763 962 2802 a
1014 2747 1152 2806 facie
1201 2747 1355 2804 venti
1407 2751 1721 2814 evanescit,

126 2841 213 2898 ita
246 2849 299 2897 et
332 2839 548 2896 cultura
586 2837 860 2894 idolorum
907 2836 964 2893 in
993 2846 1288 2912 conspectu
1318 2839 1726 2912 praedicationis

125 2931 466 3004 evangelica
493 2928 727 3002 deperiit
752 2948 763 2986 :
797 2945 894 3002 per
915 2928 1151 3001 sulphur
1170 2939 1372 3000 autem,
1396 2931 1538 2989 sicut
1562 2950 1727 3006 supra

124 3022 344 3080 dictum
391 3029 492 3090 est,
533 3019 908 3094 blasphemia,
949 3035 1083 3093 quas
1124 3019 1344 3078 Christo
1383 3022 1721 3096 ingerebant,

119 3111 504 3183 designantur.

197 3210 383 3282 (Vers.
417 3207 530 3280 18.)
576 3207 658 3265 Ab
691 3207 772 3264 his
805 3205 973 3264 tribus
995 3208 1173 3281 plagis
1210 3209 1481 3280 interfecta
1511 3217 1586 3267 est
1621 3219 1718 3268 ter-

116 3301 202 3357 tia
242 3316 379 3372 pars
423 3299 739 3364 hominum;
784 3297 841 3355 id
872 3307 972 3366 est,
1017 3299 1319 3356 multitudo
1362 3309 1712 3373 martyrum:

111 3407 218 3463 per
248 3390 416 3462 ignem
437 3387 712 3454 videlicet,
744 3386 974 3458 fumum,
1007 3405 1069 3443 ac
1097 3389 1348 3460 sulphur,
1390 3406 1506 3460 qua
1539 3407 1718 3462 proce-

112 3475 313 3531 debant
341 3474 402 3530 de
429 3491 519 3530 ore
562 3473 820 3546 ipsorum.
854 3471 1186 3529 Procedebat
1237 3471 1438 3546 quippe
1476 3473 1619 3547 ignis
1651 3474 1717 3531 de

113 3581 212 3622 ore
261 3563 531 3637 ipsorum,
563 3563 620 3619 id
660 3570 762 3632 est,
808 3561 984 3635 jussio
1030 3561 1375 3635 impiissima,
1421 3579 1525 3636 qua
1570 3580 1719 3636 pra-

115 3653 402 3730 cipiebant
444 3661 505 3710 ut
552 3653 726 3710 sancti
775 3652 874 3709 Dei
927 3661 1196 3725 martyres
1239 3652 1711 3723 interﬁcerentur;

114 3743 451 3818 procedebat
479 3752 533 3800 et
580 3743 789 3812 fumus,
835 3743 965 3818 quia
1003 3743 1395 3816 pracipiebant
1431 3752 1493 3800 ut
1540 3744 1718 3801 honor

113 3833 344 3891 deitatis
369 3834 436 3890 ab
458 3833 716 3890 omnibus
748 3833 1069 3890 hominibus
1094 3833 1202 3890 diis
1231 3835 1345 3890 suis
1375 3833 1712 3908 impendere-

111 3932 240 3992 tur;
296 3923 622 3998 procedebat
653 3931 707 3980 et
741 3923 994 3996 sulphur,
1029 3923 1086 3980 id
1125 3933 1226 3993 est,
1272 3924 1626 3998 blasphemia
1647 3927 1715 3982 in

116 4014 431 4081 Christum,
463 4012 841 4085 pracipientes
883 4021 944 4068 ut
974 4011 1167 4087 religio
1191 4012 1503 4072 Christiana
1532 4013 1715 4072 fundi-

109 4110 204 4159 tus
231 4101 302 4158 de
331 4102 540 4160 mundo
571 4102 1035 4176 exstingueretur.

185 4210 376 4284 (Vera.
407 4209 521 4281 19.)
562 4210 800 4266 Potestas
827 4208 965 4265 enim
992 4225 1247 4281 equorum
1272 4208 1331 4264 in
1360 4225 1450 4265 ore
1475 4209 1716 4281 ipsorum

108 4308 205 4371 est,
234 4307 287 4358 et
312 4301 372 4357 in
397 4301 580 4357 caudis
609 4318 810 4358 eorum.
844 4300 1107 4374 Superius
1131 4300 1311 4373 capita
1335 4316 1622 4372 equorum,
1653 4305 1714 4354 ut

109 4393 340 4449 leonum
371 4406 487 4447 esse
517 4390 782 4448 dicuntur
809 4409 821 4448 :
873 4391 932 4447 in
971 4407 1063 4447 ore
1093 4406 1224 4446 vero
1272 4391 1492 4446 leonum
1523 4389 1714 4446 dentes

1845 1825 2057 1891 audire,
2096 1840 2260 1894 neque
2285 1823 2600 1878 ambulare:
2632 1828 2681 1877 et
2720 1839 2825 1878 non
2854 1830 3066 1893 egerunt
3091 1823 3450 1894 paenitentiam

1843 1914 1909 1969 ab
1955 1912 2249 1968 homicidiis
2308 1910 2440 1976 suis,
2493 1927 2656 1982 neque
2700 1929 2736 1966 a
2795 1909 3055 1982 veneﬁciis
3110 1910 3240 1979 suis,
3287 1929 3450 1983 neque

1844 2021 1879 2060 a
1903 2000 2253 2074 fornicatione
2277 2018 2398 2069 sua,
2431 2017 2590 2071 neque
2617 2019 2652 2055 a
2693 1999 2859 2071 furtis
2900 1999 3038 2067 suis;
3093 1999 3445 2072 subauditur,

1843 2093 2143 2167 perierunt.
2196 2091 2379 2148 Tertia
2425 2090 2598 2163 igitur
2649 2106 2793 2162 pars,
2836 2105 2957 2163 qua
3001 2089 3290 2148 interfecta
3340 2100 3446 2162 est,

1843 2185 1993 2240 salva
2013 2183 2157 2238 facta
2185 2187 2286 2248 est,
2329 2180 2385 2236 id
2415 2187 2516 2249 est,
2550 2179 2730 2247 electi,
2764 2196 2832 2235 ex
2862 2178 3066 2253 quibus
3122 2181 3284 2237 multi
3345 2198 3446 2256 pro

1842 2273 2050 2332 Christi
2086 2272 2311 2328 nomine
2332 2271 2606 2328 interfecti
2637 2279 2798 2328 sunt:
2836 2272 3035 2347 reliqui
3084 2271 3448 2330 libentissime

1841 2362 2247 2428 occumberent,
2310 2362 2356 2417 si
2389 2361 2683 2418 necessitas
2723 2361 3011 2436 exegisset.
3063 2361 3257 2422 Cateri
3290 2381 3442 2435 vero,

1841 2453 1898 2510 id
1937 2461 2039 2520 est,
2073 2453 2289 2525 pagani,
2339 2451 2434 2524 qui
2465 2451 2523 2508 in
2555 2451 2838 2508 Christum
2870 2451 3089 2508 credere
3120 2454 3441 2525 noluerunt,

1838 2553 1898 2602 ut
1929 2552 2150 2616 agerent
2183 2543 2562 2618 paenitentiam
2613 2543 2680 2599 ab
2727 2542 3113 2618 iniquitatibus
3143 2544 3277 2615 suis,
3309 2561 3444 2620 per-

1836 2635 2040 2693 ierunt.

1909 2734 2137 2794 CAPUT
2173 2732 2248 2790 X.
2279 2763 2350 2775 —
2371 2733 2553 2806 (Vers.
2588 2732 2660 2804 1.)
2710 2734 2784 2789 Et
2838 2732 2949 2789 vidi
2999 2732 3168 2790 alium
3195 2736 3442 2808 angelum

1835 2829 2028 2901 fortem
2058 2829 2440 2885 descendentem
2485 2827 2549 2882 de
2579 2827 2724 2895 crelo,
2779 2826 3029 2882 amictum
3058 2828 3209 2896 nube,
3265 2833 3313 2885 et
3340 2827 3442 2884 iris

1835 2921 1892 2975 in
1926 2920 2094 2992 capite
2119 2919 2249 2989 ejus.
2284 2917 2423 2986 Quia
2469 2915 2722 2988 superius
2768 2915 3124 2973 adversitates
3178 2917 3440 2974 Ecclesia

1836 3018 2173 3077 narraverat,
2205 3025 2325 3082 qua
2355 3006 2424 3064 ab
2461 3006 2732 3063 hareticis
2764 3014 2818 3063 et
2847 3007 3071 3080 paganis
3100 3023 3256 3079 passa
3316 3013 3434 3075 est;

1758 3116 1808 3179 ρ
1839 3107 2006 3156 restat
2036 3106 2098 3155 ut
2126 3097 2193 3154 de
2234 3096 2593 3170 prosperitate
2627 3095 2764 3168 ejus,
2798 3097 3035 3170 qualiter
3074 3097 3220 3154 inter
3247 3113 3440 3171 perse-

1837 3188 2090 3246 cutiones
2119 3187 2377 3252 creverit,
2402 3193 2604 3242 narret.
2629 3185 2856 3243 Constat
2878 3202 3114 3260 namque
3131 3186 3435 3245 Ecclesiam

1829 3278 1886 3334 in
1915 3277 2390 3352 persecutionibus
2419 3275 2676 3344 crevisse,
2712 3285 2764 3332 et
2794 3283 2998 3349 quanto
3036 3275 3274 3350 amplius
3327 3292 3439 3350 op-

1827 3369 2184 3441 primebatur,
2219 3375 2373 3424 tanto
2404 3367 2641 3440 amplius
2686 3366 3100 3425 confortabatur
3139 3375 3194 3423 et
3231 3383 3434 3426 cresce-

1826 3457 1920 3514 bat
1951 3476 1964 3516 :
1997 3458 2139 3514 sicut
2180 3457 2246 3514 de
2290 3457 2421 3514 ﬁliis
2458 3458 2622 3514 Israel
2653 3457 2711 3512 in
2753 3457 2927 3529 ﬁgura
2974 3457 3221 3530 ejusdem
3247 3457 3434 3517 Eccle-

1826 3549 1920 3604 sia
1984 3549 2250 3620 scriptum
2326 3547 2581 3620 legimus,
2632 3547 2726 3621 qui
2799 3558 3003 3621 quanto
3073 3548 3311 3622 amplius
3363 3548 3433 3606 ab

1826 3637 2105 3710 [Egyptiis
2133 3638 2606 3710 opprimebantur,
2662 3644 2819 3693 tanto
2863 3636 3101 3710 amplius
3147 3637 3434 3712 multipli-

1825 3729 2109 3786 cabantur.
2140 3728 2382 3802 Angelus
2412 3728 2572 3786 fortis
2625 3729 2924 3791 Dominum
2962 3737 3214 3789 nostrum
3245 3730 3430 3787 Iesum

1826 3817 2107 3876 Christum
2139 3818 2406 3891 designat,
2452 3819 2520 3876 de
2549 3835 2658 3893 quo
2701 3817 2838 3876 dicit
2879 3819 3170 3875 Psalmista
3201 3837 3213 3876 :
3261 3843 3281 3868 ι
3308 3821 3431 3876 Do-

1826 3909 2010 3966 minus
2041 3909 2200 3966 {ortis
2241 3920 2296 3967 et
2333 3919 2546 3983 potens,
2588 3910 2859 3968 Dominus
2905 3919 3096 3981 potens
3147 3909 3206 3966 in
3236 3909 3428 3983 pralio

1827 4002 1996 4073 (Psal.
2027 4016 2193 4068 χχιιι,
2222 4001 2304 4066 8).
2337 4025 2355 4048 ι
2403 4001 2508 4069 Qui
2547 4002 2883 4059 descendens
2911 4002 2979 4059 de
3015 4003 3155 4060 coelo
3185 4001 3426 4060 amictus

1823 4091 1970 4147 nube
1997 4107 2112 4147 esse
2141 4090 2377 4159 dicitur;
2423 4093 2552 4165 quia
2581 4094 2851 4150 Dominus
2893 4102 3079 4150 noster
3107 4095 3336 4152 veniens
3363 4095 3424 4152 in

1824 4183 2114 4251 mundum,
2145 4198 2365 4240 carnem
2415 4199 2534 4256 qua
2588 4199 2684 4256 per
2737 4183 2941 4240 nubem
2988 4184 3270 4260 designata
3318 4194 3420 4256 est,

1821 4280 2007 4338 induit
2038 4298 2052 4348 ;
2090 4287 2152 4335 ut
2181 4296 2275 4353 per
2321 4280 2502 4337 carnis
2541 4281 2973 4355 assumptionem
3004 4301 3060 4342 se
3101 4284 3423 4342 hominibus

1823 4370 2209 4440 conformaret,
2262 4387 2398 4445 quos
2455 4373 2721 4430 redimere
2769 4375 3042 4433 veniebat.
3116 4375 3219 4432 Per
3289 4374 3419 4431 irim

116 4481 459 4550 consistunt,
494 4479 695 4554 quibus
743 4487 1038 4539 conterunt
1084 4487 1138 4536 et
1194 4479 1467 4537 dilaniant
1517 4480 1702 4536 omnia
1733 4488 1780 4547 D
1820 4478 1950 4520 νθτο
2005 4461 2122 4535 eius
2159 4463 2534 4521 misericordia
2581 4465 2916 4540 deSignami‘,
2963 4468 3105 4525 Sicut
3167 4469 3420 4542 superius

109 4589 238 4646 qua
260 4569 528 4643 ceperint.
561 4571 857 4628 Possumus
888 4570 1072 4644 itaque
1101 4587 1198 4642 per
1215 4570 1405 4626 dentes
1424 4569 1707 4628 carniﬁces

104 4661 451 4734 intelligere,
482 4659 577 4735 qui
608 4660 668 4716 in
699 4677 792 4718 ore
825 4660 1068 4728 leonum,
1102 4659 1159 4716 id
1190 4667 1292 4729 est,
1342 4660 1400 4716 in
1444 4667 1709 4733 potestate

105 4749 531 4824 persecutorum
560 4750 750 4825 positi,
773 4767 964 4807 eorum
995 4749 1226 4822 imperio
1251 4749 1484 4806 diversis
1503 4750 1710 4807 crucia-

105 4841 271 4899 tibus
299 4857 530 4915 corpora
554 4848 869 4898 sanctorum
901 4838 1238 4896 cruciabant.
1273 4839 1514 4910 Corpora
1541 4839 1712 4912 igitur

102 4939 435 4989 sanctorum
466 4939 840 5003 persecutores
883 4930 939 4986 in
971 4945 1083 4997 ore,
1129 4929 1186 4985 id
1215 4938 1315 4998 est,
1357 4928 1415 4984 in
1446 4936 1710 5001 potestate

101 5021 412 5090 habebant,
445 5021 538 5079 sed
573 5022 785 5078 animas
813 5037 924 5077 non
955 5019 1250 5088 habebant,
1274 5017 1416 5074 sicut
1443 5019 1710 5075 Dominus

99 5116 248 5174 dicit
285 5115 346 5171 in
385 5116 686 5188 Evangelio
719 5133 731 5171 :
780 5137 799 5162 ι
841 5112 1024 5170 Nolite
1054 5112 1247 5168 timere
1278 5127 1390 5179 eos,
1427 5109 1522 5183 qui
1551 5112 1708 5169 occi-

100 5206 255 5264 dunt
287 5222 505 5279 corpus,
559 5204 800 5262 animam
831 5211 1012 5260 autem
1060 5218 1172 5258 non
1204 5208 1430 5275 possunt
1460 5201 1706 5258 occidere

101 5297 330 5371 (Matth.
363 5313 421 5365 x,
454 5296 569 5368 28).
591 5319 609 5343 ι
645 5295 717 5351 Et
745 5294 869 5351 ideo
894 5300 1130 5368 potestas
1155 5298 1560 5366 persecutorum
1590 5299 1705 5347 tan-

96 5382 404 5464 tummodo
433 5384 488 5441 in
524 5400 617 5442 ore
647 5391 799 5453 erat;
847 5383 976 5456 quia
1016 5398 1245 5454 corpora
1289 5386 1605 5436 sanctorum
1645 5379 1703 5436 in

94 5483 383 5550 potestate
413 5473 708 5545 habebant,
740 5472 835 5532 sed
872 5472 1084 5530 animas
1112 5488 1224 5530 non
1257 5468 1566 5527 habebant:
1599 5486 1704 5528 oc-

1815 4556 2098 4613 diximus:
2151 4573 2246 4629 per
2290 4565 2454 4631 caput
2508 4565 2690 4615 autem
2728 4559 2846 4632 ejus
2889 4559 3155 4616 divinitas
3196 4559 3255 4616 in
3312 4558 3419 4614 hoc

1816 4650 1937 4705 loco
1968 4649 2322 4723 intelligitur.
2357 4650 2486 4706 Irim
2527 4651 2585 4706 in
2631 4650 2806 4723 capite
2836 4649 3087 4718 habebat,
3139 4647 3270 4723 quia
3297 4647 3418 4721 ejus

1814 4739 2078 4796 divinitas
2117 4747 2242 4796 ante
2285 4739 2721 4798 incarnationem
2763 4756 2918 4796 suam
2958 4747 3165 4796 tantam
3206 4738 3416 4796 miseri-

1815 4829 2059 4886 cordiam
2090 4838 2472 4903 assumpserat,
2509 4837 2571 4884 ut
2601 4828 2768 4885 homo
2817 4828 2935 4884 ﬁeri
2967 4845 3064 4900 pro
3095 4827 3416 4886 hominibus

1815 4933 1926 4974 non
1966 4918 2372 4990 dedignaretur,
2426 4924 2480 4972 et
2530 4915 2598 4972 ad
2654 4913 2915 4971 ultimum
2955 4917 3188 4987 pessima
3238 4922 3415 4972 morte

1817 5005 2087 5062 damnari.
2131 5008 2206 5063 Et
2257 5005 2418 5077 facies
2469 5005 2582 5077 ejus
2623 5012 2741 5062 erat
2789 5007 2924 5062 sicut
2969 5006 3066 5071 sol.
3126 5005 3278 5080 Sape
3319 5023 3417 5080 per

1817 5105 1986 5162 solem
2025 5104 2295 5161 Dominus
2319 5103 2668 5176 designatur;
2693 5104 2822 5178 quia
2860 5103 2940 5160 sol
2970 5119 3162 5161 omnes
3189 5112 3415 5162 creatu—

1815 5212 1902 5253 ras
1952 5196 2201 5254 visibiles
2274 5213 2373 5253 suo
2417 5197 2704 5270 splendore
2764 5206 2926 5272 atque
2998 5195 3413 5271 pulchritudine

1813 5287 2124 5344 antecedit:
2163 5286 2257 5344 sed
2287 5303 2407 5361 qua
2434 5295 2684 5346 creatura
2728 5287 2928 5362 poterit
2964 5286 3268 5361 comparari
3312 5302 3414 5342 suo

1813 5377 2045 5436 creatori
2072 5377 2101 5435 ?
2138 5378 2342 5437 Verum
2375 5394 2470 5452 per
2498 5378 2699 5451 ﬁguras
2733 5376 2984 5434 visibiles
3012 5393 3154 5450 sape
3203 5374 3414 5433 invisi-

1811 5467 1949 5526 bilia
2010 5469 2481 5529 demonstrantur.
2529 5473 2594 5528 In
2656 5470 2821 5530 corde
2890 5470 3061 5544 igitur
3111 5471 3410 5530 electorum

175 5648 268 5722 (3)
310 5650 392 5706 Ita
424 5666 576 5718 mss.;
610 5647 745 5706 edit.
775 5654 978 5719 autem,
1012 5653 1070 5705 ut
1106 5664 1208 5704 non
1237 5647 1528 5705 adorarent
1556 5645 1700 5704 idola
1727 5649 1972 5730 argentea
1998 5651 2047 5702 et
2079 5662 2264 5713 aurea,
2306 5652 2411 5702 etc.
