3902 6198
429 195 538 253 947

1450 202 1546 258 ΑΙ)
1583 201 1818 259 OPERA
1854 200 1909 257 S.
1952 202 2284 260 AMBROSII
2322 201 2702 260 APPENDIX.
3673 200 3769 258 958

432 322 685 381 Christus
714 322 796 379 sol
822 330 923 390 est,
956 337 1117 396 quem
1149 337 1371 381 cernere
1394 340 1489 396 per
1517 343 1667 397 spem
1690 327 1846 381 nullo
1874 325 2036 381 modo
2071 329 2119 388 A
2149 344 2244 399 per
2274 329 2655 401 Evangelium,
2688 330 3125 401 quemadmodum
3153 345 3275 385 cum
3307 329 3390 384 leo
3419 324 3619 398 rugit;
3652 327 3768 398 quia

433 417 725 486 desistunt,
778 423 832 473 et
870 415 936 471 ad
981 415 1147 488 hujus
1191 416 1663 489 pulchritudinem
1724 418 2044 475 intuendam

432 514 793 582 perventuros
824 522 938 564 esse
968 522 1025 562 se
1061 507 1316 563 credunt.
1352 508 1423 562 Et
1467 508 1622 578 pedes
1650 506 1761 576 ejus
1792 515 2047 578 tanquam

432 600 677 655 columna
709 597 865 669 ignis.
902 597 1005 651 Per
1045 596 1358 654 columnam
1411 596 1553 667 ignis
1580 596 1880 654 Ecclesiam
1914 615 2049 669 pos-

433 712 626 753 sumus
670 695 965 766 accipere;
1016 692 1132 746 sive
1173 693 1302 763 quia
1358 693 1568 764 Spiritu
1624 701 1813 749 sancto
1878 693 2050 766 ignita

436 786 749 860 resplendet
781 784 887 853 (4),
919 782 1035 838 sive
1078 782 1207 854 quia
1236 799 1424 839 amore
1462 784 1559 840 Dei
1612 791 1777 856 atque
1807 785 2048 856 proximi

436 875 813 932 indesinenter
850 871 1023 926 ardet.
1066 870 1169 924 Per
1196 869 1337 926 duos
1365 888 1495 927 vero
1539 872 1703 944 pedes
1764 872 1904 928 duos
1937 890 2047 946 po-

435 954 596 1036 p‘ulos
634 961 943 1034 intelligere
974 959 1257 1017 debemus.
1292 962 1378 1017 Ex
1408 960 1625 1018 duobus
1655 978 1783 1034 ergo
1818 961 2050 1035 pedibus

434 1067 548 1108 una
580 1050 841 1107 columna
871 1048 1141 1117 edicitur;
1175 1049 1305 1122 quia
1333 1066 1403 1106 ex
1445 1049 1663 1107 duobus
1699 1051 1939 1124 populis,
1978 1067 2048 1106 ex

436 1138 641 1197 Judais
676 1137 937 1195 videlicet
990 1146 1153 1212 atque
1193 1140 1469 1213 gentibus,
1517 1157 1627 1197 una
1674 1142 1921 1198 Ecclesia
1947 1143 2046 1201 Dei

438 1229 760 1288 fabricatur.
809 1229 1107 1285 Possumus
1160 1230 1326 1285 etiam
1387 1247 1484 1303 per
1539 1229 1679 1287 duos
1730 1230 1891 1302 pedes
1938 1230 2048 1286 duo

438 1322 788 1379 Testamenta
817 1318 1146 1391 intelligere,
1179 1318 1326 1375 sicut
1357 1318 1416 1376 in
1444 1320 1803 1393 sequentibus
1830 1319 2050 1392 plenius

380 1442 393 1458 ο
439 1402 963 1471 demonstrabimus.
1013 1412 1124 1469 Nec
1148 1411 1431 1470 discordat
1484 1430 1517 1470 a
1546 1431 1711 1471 sensu
1752 1412 2045 1487 superiori,

441 1530 507 1570 eo
535 1511 684 1586 quod
721 1518 880 1568 vetus
908 1510 1319 1567 Testamentum
1349 1509 1574 1581 Judais,
1605 1526 1813 1567 novum
1865 1516 2048 1566 autem

443 1600 698 1676 gentibus
728 1598 1039 1674 specialiter
1072 1598 1337 1656 traditum
1376 1600 1470 1657 sit.

2155 420 2212 475 in
2241 435 2459 475 omnem
2490 419 2757 476 mundum
2785 436 2895 475 vox
2922 419 3038 491 ejus
3077 419 3348 477 intonuit.
3388 419 3466 474 Et
3499 432 3625 470 cum
3656 416 3765 470 cla-

2156 516 2343 565 masset
2365 552 2381 575 ,
2415 510 2587 564 locuta
2615 514 2736 564 sunt
2764 515 2953 580 septem
2993 508 3231 565 tonitrua
3263 524 3417 562 voces
3467 522 3626 561 suas.
3680 504 3767 559 Per

2156 607 2358 670 septem
2391 597 2634 653 tonitrua
2664 605 2867 669 septem
2901 599 3136 653 virtutes
3165 613 3471 669 possumus
3499 594 3761 663 accipere.

2157 688 2426 745 Clamavit
2456 687 2710 744 Christus
2738 703 2833 759 per
2862 688 3059 760 legem,
3113 686 3207 743 sed
3256 694 3473 758 septem
3527 685 3763 740 tonitrus

2157 795 2267 835 non
2294 787 2597 834 sonuerunt
2622 794 2634 832 :
2669 777 2928 833 clamavit
2957 794 3051 850 per
3070 776 3472 849 Evangelium,
3497 781 3558 829 et
3590 774 3760 829 locuta

2157 878 2287 926 sunt
2316 878 2519 941 septem
2552 870 2799 926 tonitrua
2826 887 2988 927 voces
3019 888 3163 927 suas.
3214 871 3355 926 Nam
3400 868 3526 924 illis
3569 866 3767 941 quibus

2158 960 2247 1015 lex
2283 958 2501 1016 dicebat
2534 978 2544 1015 :
2583 960 2905 1017 Maledictus
2938 961 3033 1033 qui
3081 976 3193 1016 non
3238 959 3555 1033 reliquerit
3593 972 3769 1013 semen

2156 1067 2317 1105 suum
2350 1052 2407 1106 in
2438 1052 2601 1107 Israel
2626 1070 2638 1119 ;
2672 1059 2725 1108 et
2756 1051 2958 1124 quibus
2986 1052 3057 1108 ob
3096 1051 3207 1109 boc
3235 1052 3432 1126 plures
3457 1067 3675 1107 uxores
3703 1058 3769 1105 at-

2158 1157 2263 1213 que
2294 1140 2633 1197 concubinas
2672 1140 2874 1198 habere
2919 1142 3133 1199 licitum
3175 1151 3317 1209 erat,
3368 1140 3669 1213 pudicitia
3700 1149 3768 1197 to-

2158 1229 2408 1286 nitruum
2457 1229 2689 1286 necdum
2719 1240 2998 1288 sonuerat.
3042 1230 3316 1288 Similiter
3346 1239 3405 1288 et
3451 1230 3543 1287 illi
3577 1230 3770 1304 quibus

2159 1318 2247 1373 lex
2269 1317 2486 1374 dicebat
2510 1337 2523 1375 :
2562 1344 2579 1366 ι
2603 1319 2839 1375 Oculum
2871 1336 2971 1392 pro
2993 1320 3177 1388 oculo,
3200 1319 3428 1376 dentem
3460 1336 3570 1392 pro
3592 1318 3768 1385 dente;

2158 1414 2213 1463 et
2241 1408 2457 1480 qualem
2488 1408 2761 1465 inﬂixerit
2787 1408 2911 1482 quis
2951 1410 3225 1467 maculam
3246 1453 3262 1478 ,
3301 1410 3467 1465 talem
3502 1416 3563 1464 et
3601 1408 3770 1465 susti-

2158 1513 2288 1553 nere
2317 1506 2543 1571 cogatur
2574 1499 2779 1569 (Exod.
2806 1516 2929 1568 xxx,
2963 1499 3077 1567 24);
3119 1524 3138 1547 ι
3184 1498 3427 1556 necdum
3455 1498 3771 1555 tonitruum

2157 1588 2437 1660 patientia
2496 1588 2802 1645 audierant.
2858 1588 2930 1645 Et
2986 1588 3070 1644 illi
3127 1589 3446 1645 tonitruum
3483 1586 3773 1643 charitatis

517 1691 701 1764 (Vers.
731 1691 813 1763 2.)
856 1692 930 1748 Et
956 1688 1173 1747 habebat
1201 1690 1259 1745 in
1285 1706 1449 1747 manu
1476 1707 1576 1746 sua
1607 1689 1839 1745 libellum
1878 1704 2046 1760 aper—
2078 1677 2124 1737 B
2157 1677 2394 1733 necdum
2456 1677 2695 1749 perfecte
2753 1675 3073 1746 audierant,
3121 1677 3327 1751 quibus
3375 1677 3470 1732 lex
3516 1676 3770 1732 dicebat:

446 1789 577 1840 tum.
631 1782 733 1840 Hic
789 1781 930 1840 liber
988 1782 1243 1855 superius
1297 1791 1504 1857 septem
1557 1782 1755 1856 sigillis
1810 1783 2057 1855 signatus

446 1873 615 1933 fuisse
640 1874 1007 1944 describitur;
1036 1876 1130 1934 sed
1175 1876 1243 1935 de
1293 1876 1413 1950 ejus
1466 1878 1770 1951 apertione,
1818 1877 2056 1935 Domino

448 1968 733 2042 largiente,
763 1967 949 2042 aliqua
984 1967 1254 2026 diximus.
1288 1968 1563 2026 Libellum
1597 1968 1768 2041 igitur
1805 1975 2056 2042 apertum

449 2057 510 2114 in
556 2073 723 2115 manu
752 2073 851 2115 sua
877 2057 1146 2114 Dominus
1179 2066 1366 2115 noster
1407 2059 1563 2116 Jesus
1590 2058 1843 2118 Christus
1871 2065 2059 2114 tenere

449 2146 604 2204 visus
674 2154 805 2217 est;
857 2147 988 2222 quia
1038 2164 1231 2206 sensus
1280 2148 1598 2205 divinarum
1650 2150 2057 2223 Scripturarum

451 2236 776 2295 doctoribus
803 2238 1064 2297 Ecclesia
1120 2238 1236 2312 ipse
1265 2240 1500 2312 aperuit.
1533 2242 1607 2298 Et
1648 2240 1829 2313 posuit
1875 2238 2061 2311 pedem

453 2343 608 2384 suum
637 2327 912 2383 dexterum
938 2345 1099 2401 super
1127 2346 1275 2384 mare
1299 2342 1316 2398 ;
1348 2329 1626 2385 sinistrum
1677 2335 1852 2385 autem
1904 2344 2061 2399 super

456 2423 675 2474 terram.
702 2417 806 2475 Per
841 2418 1035 2491 pedem
1065 2417 1345 2487 dextrum,
1378 2418 1525 2475 sicut
1553 2418 1821 2487 diximus,
1850 2433 2060 2474 novum

454 2508 862 2566 Testamentum
915 2526 927 2564 :
979 2524 1077 2582 per
1137 2508 1426 2565 sinistrum
1499 2516 1661 2565 vetus
1722 2508 2060 2580 designatur.

455 2598 751 2655 Possumus
779 2604 962 2654 autem
1006 2613 1102 2670 per
1129 2613 1278 2654 mare
1307 2597 1574 2671 populum
1610 2596 1854 2669 gentium
1888 2594 2063 2651 intel-

455 2688 646 2762 ligere,
714 2696 939 2762 propter
1005 2687 1439 2762 profunditatem
1523 2687 1849 2761 ignorantia
1901 2694 2065 2758 atque

457 2803 699 2845 errorem
734 2805 748 2855 ;
781 2804 879 2861 per
911 2794 1109 2843 terram
1139 2803 1271 2843 vero
1320 2803 1440 2861 qua
1473 2786 1766 2853 excolitur,
1825 2792 1888 2840 ut
1934 2782 2064 2838 fru-

457 2883 610 2935 ctum
640 2876 801 2945 ferat,
833 2875 1050 2934 Judaos
1065 2875 1158 2949 qui
1180 2875 1576 2933 excolebamur
1595 2891 1692 2948 per
1712 2873 2065 2948 disciplinam

458 2966 614 3039 legis,
669 2973 723 3023 et
765 2966 1004 3025 fructum
1034 2964 1302 3035 ferebant,
1355 2982 1479 3023 cum
1520 2974 1791 3039 praecepta
1849 2965 2063 3039 legalis,

460 3054 712 3132 quamvis
760 3055 1073 3126 carnaliter,
1115 3054 1439 3127 implebant.
1471 3056 1670 3113 Pedem
1725 3073 1852 3128 ergo
1903 3070 2063 3111 suum

461 3145 722 3204 dextrum
753 3145 1026 3204 Dominus
1054 3162 1218 3220 super
1246 3162 1394 3202 mare
1447 3144 1652 3219 posuit,
1684 3145 1902 3218 quando
1932 3161 2065 3217 spe-

460 3235 659 3295 cialius
690 3237 948 3312 gentibus
987 3234 1291 3293 doctrinam
1326 3234 1613 3309 Evangelii
1642 3251 1807 3309 quam
1861 3233 2065 3290 Judais

460 3325 713 3397 tradidit,
754 3326 899 3385 sicut
949 3326 1153 3383 Paulus
1181 3326 1387 3384 eisdem
1435 3324 1638 3383 Judais
1667 3323 1931 3398 loquitur,
1968 3321 2067 3379 di-

462 3435 626 3475 cens:
665 3442 684 3465 ι
714 3418 887 3474 Vobis
909 3417 1194 3489 oportebat
1221 3417 1462 3490 primum
1493 3417 1645 3491 loqui
1674 3415 1907 3472 verbum
1936 3413 2059 3494 Dei,

464 3510 558 3568 sed
588 3510 716 3585 quia
743 3510 1009 3581 repellitis
1048 3510 1209 3578 illud,
1256 3521 1311 3568 et
1362 3511 1621 3585 indignos
1649 3528 1750 3568 vos
1776 3509 2070 3582 judicastis

463 3611 680 3660 aterna
708 3602 860 3671 vita,
901 3618 1024 3657 ecce
1052 3603 1432 3659 convertimur
1458 3605 1527 3660 ad
1555 3612 1742 3675 gentes
1770 3605 1911 3676 (Act.
1942 3621 2068 3672 xm,

463 3692 581 3768 46).
616 3719 635 3743 ι
676 3692 876 3751 Pedem
908 3693 1196 3750 sinistrum
1217 3710 1381 3769 super
1399 3702 1600 3751 terram
1617 3697 1823 3767 posuit,
1851 3696 2070 3770 quando

464 3786 638 3860 legem
697 3783 902 3843 Judais
965 3783 1275 3858 specialiter
1340 3783 1592 3845 tradidit.
1661 3785 1767 3843 Sed
1850 3788 2070 3846 nullum

464 3882 703 3947 moveat,
749 3874 894 3950 quod
968 3874 1274 3948 posteriora
1331 3874 1484 3947 prius
1523 3876 2067 3948 commemoraverit,

465 3976 520 4024 et
555 3965 738 4039 priora
764 3965 1073 4040 posterius;
1132 3981 1197 4022 eo
1224 3964 1373 4040 quod
1411 3963 1471 4021 in
1517 3964 1728 4022 divinis
1774 3966 2072 4039 Scriptnris

464 4059 571 4115 hoc
598 4075 739 4130 sape
768 4057 1069 4130 contingat.
1101 4056 1188 4113 Ad
1223 4057 1371 4130 quod
1399 4055 1871 4130 comprobandum
1899 4074 2070 4114 unum

466 4146 850 4203 tantummodo
879 4147 1193 4217 exemplum
1226 4148 1587 4218 proferamus.
1623 4149 1685 4205 In
1714 4150 1922 4221 psalmo
1951 4163 2073 4204 cen-

468 4233 662 4289 tesimo
717 4235 933 4306 quinto,
991 4252 1116 4291 cum
1166 4235 1443 4294 dixisset:
1488 4262 1507 4285 ι
1552 4240 1756 4312 Aperta
1788 4244 1869 4294 est
1907 4244 2071 4306 terra,

467 4330 521 4379 et
549 4321 844 4395 deglutivit
894 4325 1133 4395 Dathan,
1184 4332 1331 4390 542
1377 4334 1432 4384 et
1481 4329 1699 4403 operuit
1739 4344 1904 4402 super
1930 4344 2076 4386 con-

2180 1792 2198 1813 ε
2228 1767 2433 1839 Diliges
2462 1767 2702 1823 amicum
2736 1774 2922 1836 tuum,
2953 1777 3005 1825 et
3043 1767 3172 1823 odio
3207 1766 3443 1824 habebis
3482 1766 3773 1824 inimicum

2166 1866 2324 1915 tuum
2357 1859 2571 1931 (Matth.
2604 1876 2661 1928 v,
2699 1858 2815 1931 43).
2851 1884 2869 1908 ι
2911 1858 3061 1915 Idem
3089 1868 3143 1917 et
3191 1858 3261 1915 de
3306 1859 3532 1915 cateris
3561 1858 3774 1915 virtuti-

2164 1948 2268 2006 bus
2297 1949 2719 2022 intelligendum
2751 1956 2851 2005 est.
2894 1947 3107 2021 Septem
3140 1965 3273 2021 ergo
3304 1948 3571 2006 tonitrua
3601 1948 3774 2005 locuta

2167 2046 2315 2107 sunt,
2366 2038 2586 2112 quando
2635 2055 2731 2111 per
2757 2037 3065 2094 doctrinam
3111 2039 3407 2111 Evangelii
3462 2037 3774 2096 sublimitas

2167 2128 2437 2184 virtutum
2464 2128 2630 2201 capit
2656 2127 3045 2184 demonstrari.

2242 2254 2424 2327 (Vers.
2448 2254 2524 2325 4.)
2552 2256 2625 2311 Et
2649 2254 2835 2310 audivi
2862 2270 3032 2310 vocem
3065 2252 3127 2309 de
3153 2253 3279 2309 calo
3309 2251 3576 2308 dicentem
3607 2254 3735 2309 mild
3758 2272 3773 2308 :

2171 2344 2333 2416 Signa
2372 2361 2489 2415 qua
2532 2344 2707 2399 locuta
2750 2350 2875 2399 sunt
2921 2349 3110 2416 septem
3160 2342 3420 2410 tonitrua,
3466 2348 3519 2397 et
3561 2343 3680 2399 noli
3722 2360 3776 2399 ea

2167 2434 2413 2489 scribere.
2433 2434 2560 2491 Vox
2584 2433 2653 2490 de
2682 2435 2822 2490 calo
2855 2450 2963 2489 vox
2998 2440 3080 2490 est
3105 2430 3174 2488 de
3196 2431 3453 2487 Ecclesia
3483 2449 3497 2487 :
3542 2431 3777 2489 scribere

2170 2539 2303 2579 vero
2332 2530 2413 2579 est
2457 2521 2789 2595 pradicare;
2838 2522 2968 2595 quia
3000 2521 3143 2578 sicut
3184 2520 3426 2592 scriptor
3468 2528 3778 2577 atramento

2174 2612 2233 2668 in
2276 2611 2563 2667 volumine
2609 2611 2824 2680 scribit,
2874 2610 3021 2667 unde
3068 2611 3311 2681 legentes
3356 2610 3775 2678 exercitentur;

2174 2702 2253 2757 ita
2280 2710 2335 2757 et
2382 2699 2616 2773 quilibet
2664 2699 2858 2757 doctor
2902 2699 3070 2755 verba
3120 2700 3219 2757 Dei
3272 2700 3496 2769 scribit,
3551 2718 3682 2756 cum
3723 2716 3780 2757 ea

2175 2788 2524 2864 pradicando
2570 2789 2627 2846 in
2673 2788 2934 2846 cordibus
2980 2789 3328 2846 audientium
3379 2790 3627 2862 plantat.
3678 2789 3779 2848 Cur

2174 2895 2304 2952 ergo
2337 2895 2432 2951 per
2451 2894 2642 2934 vocem
2664 2894 2784 2950 qua
2809 2878 2877 2934 de
2905 2879 3045 2935 calo
3072 2878 3281 2947 sonuit,
3314 2877 3674 2950 prohibitum
3706 2886 3778 2935 est

2181 2985 2250 3025 ne
2294 2976 2500 3040 septem
2554 2967 2798 3023 tonitrua
2844 2966 3237 3034 scriberentur,
3272 2966 3331 3022 in
3363 2966 3612 3024 Actibus
3643 2983 3777 3040 apo-

2174 3060 2442 3117 stolorum
2465 3065 2519 3114 et
2549 3056 2607 3112 in
2634 3057 2898 3128 Epistolis
2918 3057 3070 3113 Pauli
3105 3056 3357 3113 invenire
3379 3074 3701 3129 possumus.
3723 3059 3779 3114 In

2174 3150 2341 3207 initio
2387 3163 2625 3221 namque
2671 3146 2800 3202 ﬁdei
2856 3146 3241 3218 praedicatores
3296 3148 3479 3203 sancti
3530 3147 3780 3204 videntes

2175 3244 2558 3302 infirmitatem
2606 3242 2853 3315 gentium
2906 3242 2974 3299 ad
3027 3242 3192 3299 fidem
3233 3242 3621 3311 venientium,
3676 3257 3780 3297 non

2175 3342 2302 3391 sunt
2324 3332 2442 3389 ausi
2461 3332 2539 3388 eis
2559 3330 2862 3387 austeriora
2878 3330 3084 3389 Christi
3115 3339 3389 3404 pracepta
3409 3331 3775 3396 committam;

2176 3440 2246 3479 ne
2284 3422 2427 3478 forte
2460 3420 2667 3477 duritia
2696 3428 3095 3492 praceptorum
3124 3419 3333 3486 territi,
3370 3436 3487 3475 non
3518 3418 3777 3475 auderent

2176 3511 2245 3568 ad
2274 3510 2437 3566 tidem
2469 3508 2674 3571 Christi
2713 3508 3121 3582 suscipiendam
3152 3507 3433 3575 accedere,
3457 3507 3608 3565 sicut
3635 3508 3777 3564 Pau-

2178 3601 2266 3657 lus
2295 3599 2579 3673 apostolus
2597 3597 2889 3671 discipulis
2918 3598 3033 3654 suis
3062 3597 3300 3669 scripsit,
3324 3596 3521 3653 dicens
3546 3617 3560 3653 :
3599 3621 3617 3643 ε
3648 3597 3775 3652 Tan-

2179 3705 2341 3762 quam
2403 3688 2651 3761 parvulis
2700 3688 2757 3742 in
2795 3686 3017 3744 Christo
3064 3686 3147 3742 lac
3193 3684 3355 3742 vobis
3404 3694 3605 3758 potum
3636 3683 3771 3753 dedi,

2179 3795 2291 3835 non
2322 3795 2499 3834 escam
2526 3796 2541 3845 ;
2574 3775 2822 3832 nondum
2852 3776 3000 3831 enim
3031 3774 3314 3849 poteratis,
3341 3773 3440 3830 sed
3473 3790 3579 3830 nec
3608 3773 3773 3830 adhuc

2180 3868 2400 3941 quidem
2427 3865 2677 3939 potestis;
2705 3865 2887 3923 adhuc
2900 3864 3047 3921 enim
3064 3864 3194 3921 estis
3214 3865 3466 3921 carnales
3483 3865 3543 3935 (Ι
3554 3866 3680 3921 Cor.
3697 3880 3769 3929 ιιι,

2180 3958 2260 4029 2).
2294 3982 2312 4005 ι
2356 3955 2463 4013 Sed
2504 3963 2560 4011 et
2607 3954 2838 4028 apostoli
2880 3953 2975 4027 qui
3025 3960 3179 4011 erant
3222 3953 3658 4026 Hierosolymis,
3706 3952 3775 4007 eis

2183 4046 2278 4120 qui
2299 4063 2369 4102 ex
2385 4046 2638 4118 gentibus
2658 4043 3033 4112 crediderant,
3048 4043 3480 4112 mandaverunt,
3506 4042 3774 4099 dicentes:

2197 4159 2216 4183 ε
2250 4134 2464 4191 Placuit
2511 4134 2742 4206 Spiritui
2773 4140 2962 4190 sancto
2991 4140 3046 4188 et
3098 4131 3257 4188 nobis
3310 4132 3459 4188 nihil
3506 4133 3775 4204 imponere

2183 4222 2344 4280 vobis
2369 4223 2572 4290 oneris,
2617 4221 2725 4278 nisi
2757 4228 2819 4277 ut
2864 4220 3184 4277 abstineatis
3213 4237 3314 4276 vos
3361 4220 3433 4277 ab
3473 4220 3641 4288 escis,
3668 4235 3775 4292 qua

2184 4312 2351 4368 idolis
2394 4310 2772 4380 immolantur,
2810 4317 2866 4367 et
2902 4327 2933 4366 a
2969 4308 3359 4378 fornicatione,
3390 4317 3449 4365 et
3499 4310 3774 4375 suﬂ'ocato,

468 4422 835 4498 gregationem
864 4423 1076 4481 Abiron
1107 4444 1121 4482 :
1154 4433 1209 4482 et
1255 4427 1462 4483 exarsit
1507 4397 1651 4500 ignis
1679 4427 1738 4483 in
1798 4397 2077 4502 synagoga
2102 4397 2152 4456 Β
2185 4409 2238 4502 ‘ft
2276 4400 2720 4502 san‘gf’inehwct'
2750 4417 2852 4469 xv:
2881 4399 2972 4502 2?»
3005 4400 3121 4502 ἦθ’
3148 4423 3183 4502 ζΔ
3215 4399 3344 4457 Vox
3374 4415 3509 4502 θῖβο
3546 4398 3618 4502 d_°
3652 4397 3777 4497 an!"

468 4530 678 4583 eorum,
708 4512 927 4570 ﬂamma
952 4514 1255 4572 combussit
1281 4523 1591 4588 peccatores
1640 4516 1822 4588 (Psal.
1854 4534 1943 4587 cv,
1984 4519 2070 4595 17,

471 4604 562 4675 18)
589 4622 604 4672 ;
629 4628 647 4652 ι
691 4611 838 4661 retro
866 4604 1182 4674 revertitur,
1212 4612 1267 4662 et
1293 4605 1433 4661 dicit
1467 4622 1483 4662 :
1528 4628 1547 4654 ι
1572 4607 1645 4661 Et
1689 4605 1941 4663 fecerunt
1977 4606 2075 4663 vi-

471 4698 647 4755 tulum
677 4695 738 4753 in
767 4695 1386 4766 Oreb,etadoravernnt
1400 4698 1658 4771 sculptile
1678 4698 1843 4771 (Ibid.
1878 4698 1967 4771 19)
1994 4716 2008 4768 ;
2042 4723 2060 4747 .

466 4809 570 4851 nec
598 4791 1052 4851 inconvenienter
1079 4808 1177 4865 per
1201 4792 1462 4850 dextrum
1506 4792 1699 4866 pedem
1739 4806 1946 4848 novum
1976 4791 2074 4847 Te-

467 4890 821 4953 stamentum,
849 4899 945 4957 per
967 4882 1257 4941 sinistrum
1288 4890 1469 4940 autem
1510 4889 1669 4939 vetus
1701 4881 2023 4955 designatur
2051 4897 2067 4951 ;

467 4989 532 5031 eo
562 4974 709 5048 quod
732 4981 890 5033 vetus
908 4974 1317 5033 Testamentum
1346 4973 1543 5032 umbra
1571 4973 1740 5032 fuerit
1768 4972 1901 5030 novi
1930 4973 2073 5031 Tes-

468 5065 718 5123 tamenti.

2184 4491 2382 4547 Joanni
2413 4490 2681 4564 loquitur,
2714 4506 2784 4545 ne
2811 4497 3021 4562 septem
3045 4487 3291 4546 tonitrua
3318 4488 3630 4554 scriberet;
3662 4485 3780 4561 quia

2185 4580 2419 4653 apostoli
2448 4579 2540 4653 qui
2581 4595 2677 4652 per
2705 4580 2904 4635 calum
2935 4578 3314 4652 designantur,
3361 4577 3567 4650 primis
3596 4573 3781 4650 pradi-

2183 4668 2461 4728 catoribus
2490 4675 2883 4742 praceperunt,
2918 4685 2987 4725 ne
3013 4668 3231 4725 noviter
3258 4666 3329 4724 ad
3357 4666 3533 4724 tidem
3569 4665 3783 4722 venien-

2183 4770 2283 4831 tes,
2320 4762 2505 4819 subito
2552 4760 2619 4817 ad
2666 4760 3051 4818 celsitudinem
3094 4760 3370 4817 virtutum
3415 4757 3785 4817 conscendere

2183 4859 2462 4923 cogerent,
2510 4849 2685 4907 donec
2718 4850 2776 4905 in
2820 4849 2929 4907 ﬁde
2976 4850 3297 4919 confortati,
3331 4848 3452 4922 jam
3487 4848 3560 4906 ad
3590 4862 3786 4921 opera-

2181 4942 2390 4999 tionem
2419 4941 2689 4997 virtutum
2720 4939 2954 4997 transire
2984 4947 3224 5013 possent.

2254 5070 2438 5142 (Vers.
2468 5069 2524 5138 5,
2554 5068 2611 5135 6,
2647 5067 2725 5141 7.)
2757 5068 2831 5124 Et
2854 5067 3073 5139 angelus
3100 5083 3253 5137 quem
3288 5064 3406 5121 vidi
3442 5071 3680 5123 stantem
3708 5080 3785 5118 su-

541 5155 724 5228 (Vers.
760 5155 842 5229 3.)
900 5157 976 5213 Et
1019 5154 1288 5224 clamavit,
1348 5154 1788 5228 quemadmodum
1828 5169 1948 5210 cum
1994 5154 2071 5213 leo
2174 5176 2282 5233 pra
2301 5175 2447 5215 mare
2469 5162 2518 5214 et
2546 5173 2705 5230 super
2726 5161 2942 5225 terram,
2967 5172 3087 5211 cum
3118 5156 3335 5211 levasset
3363 5172 3595 5211 manum
3616 5169 3780 5218 suam,

471 5245 630 5318 rugit.
665 5244 938 5305 Clamavit
966 5245 1220 5304 Christus
1267 5262 1364 5320 per
1392 5246 1585 5319 legem,
1608 5244 1705 5303 sed
1727 5261 1839 5303 non
1870 5261 2073 5321 quem-
2178 5257 2228 5307 et
2245 5249 2484 5321 jurasset
2505 5265 2604 5321 per
2618 5246 2870 5303 viventem
2886 5246 2944 5301 in
2962 5253 3215 5302 (sternunt
3230 5244 3325 5316 qui
3343 5244 3555 5301 ereavit
3582 5246 3781 5306 calum,

468 5333 767 5394 admodum
794 5352 923 5394 cum
948 5336 1032 5393 leo
1061 5336 1248 5409 rugit;
1296 5335 1428 5412 quia
1465 5335 1524 5392 in
1573 5354 1684 5395 una
1711 5337 1878 5395 domo
1908 5339 2072 5396 Israel
2180 5346 2229 5396 et
2264 5356 2325 5395 ea
2364 5354 2483 5410 qua
2520 5337 2577 5393 in
2624 5353 2681 5392 eo
2725 5342 2887 5401 sunt;
2933 5342 2981 5392 et
3026 5342 3244 5402 terram,
3276 5340 3328 5389 et
3371 5352 3433 5390 ea
3473 5351 3599 5406 qua
3637 5334 3693 5388 in
3728 5347 3782 5386 ea

470 5437 582 5482 vox
611 5424 730 5498 ejus
768 5425 1153 5484 tantummodo
1180 5424 1367 5485 audita
1416 5434 1533 5484 est:
1574 5428 1836 5486 clamavit
1886 5434 2076 5500 postea
2180 5433 2305 5483 sunt
2334 5444 2351 5482 :
2390 5442 2558 5492 mare,
2587 5430 2637 5481 et
2662 5442 2725 5481 ea
2757 5441 2873 5496 qua
2898 5424 2958 5479 in
2986 5441 3042 5479 eo
3076 5429 3235 5489 sunt;
3270 5421 3401 5494 quia
3436 5429 3646 5495 tempus
3680 5436 3780 5476 am-

544 5576 626 5648 (4)
676 5579 739 5635 In
786 5578 920 5637 edit.
974 5579 1219 5649 deerant,
1270 5580 1378 5637 sive
1432 5580 1561 5653 quia
1610 5580 1819 5654 Spiritu
1874 5585 2053 5638 sancto
2100 5578 2234 5637 mito
2263 5577 2576 5651 resplendet,
2596 5575 2721 5646 sive,
2749 5591 2871 5652 qua
2899 5574 3268 5633 restituuntur
3294 5589 3367 5630 ex
3396 5588 3537 5631 mss.
