3902 6198
180 193 284 251 949

1069 190 1527 250 BERENGAUDI
1565 191 1940 251 EXPOSITIO
1979 193 2052 250 IN
2091 193 2590 253 APOCALYPSIN.

3382 199 3488 258 950

174 313 324 385 ptius
350 327 460 366 non
487 308 609 380 erit,
643 309 733 366 sed
759 309 817 364 in
838 309 1016 366 diebus
1041 312 1247 383 septimi
1264 313 1458 385 angeli,
1481 330 1598 369 cum
1626 331 1780 386 caepe-
1813 317 1864 376 Α
1890 314 2089 370 ductus
2109 323 2189 370 est
2215 334 2226 370 :
2254 315 2348 371 sed
2371 317 2501 389 quia
2530 321 2753 388 propter
2779 313 3082 372 absentiam
3096 315 3216 389 ejus
3235 314 3484 381 haeretici

179 404 258 459 rit
283 402 407 457 tuba
435 419 636 470 canere,
669 401 1114 457 consummabitur
1155 403 1458 473 mysterium
1493 404 1612 471 Dei,
1639 404 1778 474 quod
1801 394 1828 419 ⁸

179 493 561 565 evangelizavit
593 510 694 564 per
730 509 906 548 servos
940 509 1061 546 suos
1085 493 1387 564 prophetas.
1421 495 1530 550 Nos
1559 493 1779 565 quando

175 582 450 655 juramus,
499 582 756 637 volumus
802 589 863 636 ut
899 581 1121 636 ﬁrmum
1169 583 1240 637 sit
1289 582 1434 655 quod
1478 583 1776 654 loquimur.

178 675 399 733 Dixisse
450 690 576 746 ergo
627 673 850 729 Domini
898 672 1112 744 jurasse
1164 683 1274 741 est;
1331 675 1461 747 quia
1502 674 1622 729 ﬁeri
1668 690 1779 729 non

179 773 360 840 potest
407 773 468 821 ut
517 764 666 837 quod
709 764 956 838 loquitur
998 767 1164 833 Deus,
1205 765 1424 820 irritum
1470 765 1588 834 ﬁat,
1639 766 1780 822 sicut

179 857 297 929 ipse
327 855 467 913 dicit
497 857 556 911 in
592 856 896 928 Evangelio
930 874 941 911 :
1001 880 1019 903 ε
1065 856 1276 913 Caelum
1309 867 1364 912 et
1391 865 1536 913 terra
1567 859 1780 914 transi-

175 946 346 1016 bunt,
376 946 545 1002 verba
573 954 753 1002 autem
803 963 925 1002 mea
969 963 1082 1002 non
1120 949 1434 1004 transibunt
1473 949 1623 1019 (Luc.
1655 965 1777 1018 xxx,

175 1039 295 1110 33).
319 1061 338 1086 ι
377 1039 514 1096 Cum
537 1038 708 1110 igitur
729 1038 980 1095 Christus
1001 1055 1096 1111 per
1116 1040 1392 1094 viventem
1415 1040 1471 1095 in
1489 1049 1776 1109 aeternum,

175 1137 236 1185 et
264 1145 361 1200 per
389 1145 512 1184 eum
546 1129 641 1202 qui
689 1129 819 1185 fecit
869 1145 1058 1185 omnes
1106 1137 1383 1186 creaturas
1422 1128 1654 1200 juravit,
1686 1147 1780 1201 per

175 1224 538 1296 semetipsum
563 1223 774 1295 juravit
808 1242 819 1279 :
850 1224 989 1292 Quia
1028 1249 1046 1272 ι
1075 1225 1261 1280 omnia
1307 1242 1401 1297 per
1431 1226 1609 1297 ipsum
1641 1227 1782 1282 facta

175 1319 334 1381 sunt,
364 1320 418 1368 et
447 1312 566 1368 sine
605 1312 723 1385 ipso
772 1312 976 1369 factum
1020 1322 1102 1370 est
1143 1313 1286 1369 nihil
1337 1315 1516 1385 (Joan.
1552 1334 1590 1383 Ι,
1631 1317 1710 1384 3).
1744 1340 1763 1363 ι

173 1401 395 1458 Juravit
435 1409 617 1457 autem
665 1418 777 1458 non
815 1402 1143 1476 quibusdam
1193 1403 1377 1459 verbis
1423 1404 1778 1477 semetipsum

174 1491 510 1563 obligando;
567 1491 661 1547 sed
720 1493 956 1550 dicendo
1009 1509 1072 1549 ea
1133 1510 1256 1566 qua:
1312 1502 1544 1549 ventura
1602 1501 1776 1549 erant.

172 1581 283 1637 Per
320 1580 614 1653 septimum
655 1598 788 1638 vero
831 1583 1084 1654 angelum
1127 1583 1528 1655 praedicatores,
1575 1584 1668 1656 qui
1721 1583 1778 1639 in

1887 403 2190 460 Ecclesiam
2233 405 2332 461 Dei
2387 405 2720 472 invaserant,
2754 413 2876 479 post
2921 407 3294 465 reversionem
3324 424 3482 465 suam

1887 497 1954 553 de
1964 496 2162 552 exsilio
2182 496 2249 551 ad
2269 513 2457 552 eorum
2479 496 2848 569 blasphemias
2862 498 3222 555 destruendas
3239 500 3484 572 compul-

1887 603 1979 642 sus
2015 594 2096 641 est
2143 586 2503 656 Evangelium
2540 585 2795 642 scribere.
2827 587 3090 659 Praecepit
3143 587 3314 660 igitur
3371 605 3480 645 vox

1888 674 2080 730 divina
2108 674 2325 741 Joanni,
2359 682 2420 729 ut
2461 673 2565 729 iret
2593 674 2663 729 ad
2708 676 2984 747 angelum,
3033 684 3087 732 et
3115 676 3384 749 acciperet
3413 677 3482 735 ab

1888 787 1953 827 eo
2007 770 2248 837 librum;
2286 771 2416 842 quia
2443 769 2586 826 543
2617 772 2854 843 Spiritus
2892 780 3113 830 sanctus
3141 773 3245 830 hoc
3281 775 3481 830 Joanni

1890 860 2210 931 inspirando
2232 860 2422 926 suasit,
2453 869 2513 916 ut
2543 861 2646 916 iret
2675 862 2740 917 ad
2774 861 3052 918 Christum
3093 879 3202 917 non
3233 859 3482 935 passibus

1888 948 2152 1020 corporis,
2203 949 2294 1004 sed
2348 949 2598 1020 passibus
2638 950 2856 1018 mentis,
2908 950 2978 1006 ad
3025 950 3481 1008 considerandam

1888 1037 2198 1094 divinitatis
2221 1037 2336 1110 ejus
2367 1040 2669 1111 potentiam
2709 1049 2871 1113 atque
2901 1057 3026 1095 cum
3057 1041 3216 1097 Patre
3249 1041 3479 1114 aequali-

1889 1125 2080 1194 tatem,
2103 1135 2164 1182 ut
2201 1128 2268 1182 de
2295 1128 2587 1183 divinitate
2617 1128 2734 1199 ejus
2762 1129 3011 1185 libellum
3052 1128 3310 1185 omnibus
3335 1129 3482 1185 ﬁde-

1890 1216 2034 1271 libus
2056 1216 2399 1273 salutiferum
2427 1226 2608 1290 posset
2635 1219 2998 1275 conscribere.
3023 1220 3321 1275 Devoravit
3350 1236 3480 1276 vero

1889 1305 2124 1361 Joannes
2153 1305 2379 1373 librum,
2411 1323 2536 1362 cum
2567 1307 2852 1362 scientiam
2879 1309 3166 1380 Evangelii
3196 1310 3342 1382 quod
3373 1327 3481 1382 po-

1889 1401 2001 1449 stea
2031 1395 2267 1466 scripsit,
2317 1395 2634 1467 plenissime
2675 1397 2904 1468 accepit.
2944 1396 3110 1452 Liber
3137 1398 3321 1472 itaque
3345 1399 3479 1456 dum

1887 1484 2263 1554 devoraretur,
2293 1486 2640 1542 dulcedinem
2687 1485 2868 1542 mellis
2914 1487 2998 1541 ori
3027 1487 3319 1555 exhibuit;
3352 1489 3483 1562 quia

1887 1574 2076 1630 divina
2097 1576 2377 1648 Scriptura
2401 1587 2606 1649 quanto
2629 1577 2866 1648 amplius
2887 1577 2941 1632 in
2965 1578 3127 1634 corde
3144 1580 3478 1648 ruminatur,

172 1671 292 1728 ﬁne
334 1670 530 1726 mundi
575 1671 751 1728 futuri
796 1681 945 1741 sum,
981 1673 1355 1745 designantur,
1388 1672 1455 1728 de
1493 1671 1694 1745 quibus
1720 1671 1778 1726 in
1809 1681 1854 1739 Β
1888 1672 2040 1720 tanto
2077 1665 2439 1721 salubriorem
2472 1666 2822 1722 dulcedinem
2861 1668 3032 1723 menti
3061 1669 3306 1726 exhibet.
3339 1670 3482 1726 Pos-

171 1762 534 1835 sequentibus
555 1762 822 1820 dicemus.
844 1765 1060 1820 Iuravit
1088 1782 1215 1837 ergo
1245 1764 1514 1832 Christus,
1545 1764 1692 1835 quod
1717 1765 1775 1819 in

168 1859 375 1916 diebus
422 1860 641 1932 septimi
691 1861 870 1932 angeli
922 1861 1396 1918 consummabitur
1450 1860 1774 1933 mysterium

166 1949 300 2018 Dei,
332 1951 479 2022 quod
525 1951 926 2022 evangelizavit
965 1968 1061 2023 per
1107 1968 1234 2007 suos
1279 1950 1607 2023 prophetas;
1647 1950 1777 2023 quia

167 2039 440 2110 praedixit
483 2039 611 2112 quia
653 2049 786 2096 tunc
834 2040 1019 2095 veniet
1066 2040 1213 2108 ﬁnis,
1265 2056 1391 2095 cum
1425 2039 1608 2094 omnis
1656 2039 1776 2094 ele-

164 2134 396 2185 ctorum
421 2144 685 2184 numerus
713 2129 884 2184 fuerit
913 2131 1238 2202 completus.

246 2218 434 2288 (Vers.
475 2217 557 2288 8.)
589 2220 662 2273 Et
691 2234 862 2272 vocem
899 2235 1060 2287 quam
1104 2219 1287 2273 audivi
1327 2219 1390 2274 de
1433 2220 1558 2274 caelo
1589 2219 1778 2274 iterum

166 2309 470 2378 loquentem
515 2324 733 2374 mecum,
783 2311 831 2360 et
868 2307 1113 2362 dicentem
1151 2325 1162 2363 :
1213 2308 1368 2376 Vade,
1401 2314 1449 2362 et
1489 2307 1660 2379 accipe
1701 2309 1778 2363 li-

167 2398 332 2454 brum
379 2396 441 2451 de
477 2413 640 2452 manu
675 2397 849 2470 angeli
895 2396 1083 2454 stantis
1128 2414 1294 2468 supra
1336 2414 1484 2452 mare
1522 2404 1569 2451 et
1614 2413 1780 2468 supra

173 2499 402 2547 ter-ram.
437 2490 642 2547 Vocem
679 2489 914 2561 primam
944 2505 1062 2545 eam
1092 2488 1250 2557 dicit,
1286 2489 1505 2561 quando
1535 2487 1602 2542 de
1641 2490 1780 2544 coelo

165 2580 228 2637 ei
266 2579 477 2637 dictum
507 2587 588 2635 est
622 2599 634 2636 :
671 2578 835 2648 Signa
868 2595 984 2649 quae
1032 2580 1203 2635 locuta
1247 2585 1370 2634 sunt
1413 2585 1602 2649 septem
1636 2577 1782 2632 toni-

169 2682 324 2746 trua,
357 2683 405 2731 et
431 2675 545 2731 noli
583 2693 643 2732 ea
670 2676 913 2730 scribere.
945 2676 1210 2732 Eamdem
1257 2676 1442 2749 itaque
1493 2692 1682 2732 vocem
1723 2692 1780 2732 se

167 2767 381 2824 iterum
413 2766 628 2823 audisse
659 2766 839 2835 dicit;
874 2767 1005 2840 quia
1050 2766 1293 2838 ejusdem
1334 2766 1570 2839 Spiritus
1605 2769 1779 2825 sancti

169 2871 295 2910 vox
337 2854 445 2912 fuit
491 2856 608 2925 illa,
652 2856 810 2929 cujus
843 2865 897 2914 et
938 2858 1062 2914 ista.
1111 2859 1212 2914 Per
1256 2859 1519 2914 Joannem
1569 2858 1627 2913 in
1675 2858 1781 2916 hoc

169 2945 304 3002 loco
334 2960 524 3002 omnes
554 2947 829 3018 apostolos
858 2945 1165 3020 intelligere
1194 2945 1474 3003 debemus.
1499 2946 1626 3003 Vox
1654 2964 1780 3020 ergo

1885 1769 2072 1808 sumus
2112 1761 2292 1809 autem
2325 1770 2420 1825 per
2448 1762 2717 1821 ventrem,
2752 1754 2808 1809 in
2831 1771 2939 1826 quo
2972 1773 3107 1812 escae
3135 1765 3482 1828 putrescunt,

1885 1858 2102 1896 carnem
2144 1840 2286 1898 hanc
2315 1844 2600 1898 mortalem
2633 1841 2960 1915 intelligere.
2992 1843 3157 1899 Liber
3187 1844 3356 1916 igitur
3385 1845 3481 1917 qui

1885 1929 1943 1985 in
1974 1947 2067 1986 ore
2115 1931 2294 1988 dulcis
2324 1932 2451 1999 fuit,
2491 1932 2915 1988 amaritudinem
2946 1933 3128 1987 ventri
3160 1933 3478 2004 generavit;

1887 2019 2015 2092 quia
2035 2021 2208 2077 sancti
2244 2019 2351 2074 viri
2381 2027 2587 2092 quanto
2607 2021 2845 2091 amplius
2873 2020 2931 2075 in
2954 2020 3309 2077 meditatione
3339 2021 3481 2079 divi-

1886 2125 2080 2165 narum
2112 2109 2519 2181 Scripturarum
2550 2109 2722 2166 dediti
2753 2118 2904 2179 sunt,
2938 2119 3250 2186 quantoque
3290 2129 3481 2169 eorum

1888 2199 2172 2256 meditatio
2201 2199 2417 2256 dulcior
2445 2200 2508 2256 ﬁt
2538 2200 2595 2255 in
2624 2209 2827 2270 mente,
2858 2209 3013 2257 tanto
3044 2202 3304 2274 majorem
3335 2219 3479 2258 ama-

1887 2289 2187 2344 ritudinem
2237 2289 2387 2345 carni
2433 2305 2544 2345 suae
2582 2290 2868 2358 exhibent,
2901 2291 3192 2364 aﬂligendo
3222 2291 3480 2350 videlicet

1888 2393 2003 2432 eam
2032 2377 2280 2448 jejuniis,
2313 2377 2541 2448 vigiliis,
2590 2377 2942 2447 abstinentia,
2974 2379 3293 2454 caeterisque
3343 2397 3480 2438 cru-

1889 2465 2123 2522 ciatibus
2145 2467 2249 2538 (5),
2283 2466 2486 2539 quibus
2514 2482 2641 2522 caro
2671 2467 2974 2525 atterritur.

1961 2591 2142 2662 (Vers.
2183 2591 2294 2660 11.)
2335 2593 2411 2646 Et
2453 2591 2592 2645 dicit
2619 2592 2749 2646 mihi
2782 2609 2792 2646 :
2839 2593 3053 2664 Oportet
3080 2599 3126 2648 te
3163 2595 3484 2665 prophetare

1886 2682 2076 2736 iterum
2127 2681 2362 2753 populis,
2402 2687 2448 2734 et
2511 2682 2764 2751 gentibus,
2809 2687 2855 2737 et
2914 2681 3126 2752 linguis,
3180 2689 3229 2736 et
3277 2684 3483 2754 regibus

1887 2772 2086 2828 multis.
2118 2770 2443 2826 Praedicitur
2471 2769 2519 2826 ei
2549 2769 2696 2842 quod
2723 2769 2791 2825 ab
2820 2769 3017 2825 exsilio
3062 2769 3129 2826 ad
3169 2771 3485 2843 praedican-

1887 2860 2018 2916 dum
2051 2859 2329 2915 rediturus
2367 2858 2457 2914 sit.
2507 2858 2613 2914 Sed
2661 2874 2786 2914 cum
2836 2858 3007 2914 sancti
3043 2860 3230 2915 Patres
3258 2860 3482 2917 tradant

1888 2949 2032 3021 quod
2053 2950 2185 3020 post
2213 2947 2579 3003 reversionem
2602 2963 2756 3003 suam
2785 2947 2852 3002 de
2872 2947 3070 3003 exsilio
3097 2949 3481 3006 tantummodo

165 3041 371 3098 divina
411 3042 608 3099 Joanni
661 3043 842 3099 locuta
888 3051 989 3112 est,
1039 3051 1101 3098 ut
1150 3042 1255 3099 iret
1299 3043 1366 3099 ad
1414 3043 1688 3115 angelum,
1727 3039 1858 3102 etC
1889 3039 1947 3092 in
1973 3037 2447 3109 Ephesoﬁtcirca
2473 3035 2778 3107 adiacentia
2799 3036 2918 3092 1003
2937 3035 3054 3107 eius
3076 3036 3478 3108 Ρτδθάίοδνθΐίεο

164 3136 448 3211 acciperet
477 3139 544 3194 ab
583 3155 647 3195 eo
679 3139 926 3205 librum;
980 3137 1109 3211 quia
1149 3137 1388 3209 Spiritus
1430 3136 1602 3193 sancti
1647 3154 1779 3210 gra-

165 3234 255 3290 tia
294 3237 559 3307 apostolis
597 3235 912 3308 inspiravit,
943 3243 1007 3291 ut
1047 3235 1253 3291 relictis
1300 3235 1576 3303 omnibus,
1622 3235 1780 3294 Chri-

165 3335 323 3383 stum
365 3335 758 3401 sequerentur;
809 3335 872 3384 ut
927 3327 1233 3383 doctrinam
1279 3327 1565 3400 Evangelii
1599 3326 1668 3382 ab
1715 3343 1778 3381 eo

167 3419 539 3492 perciperent.

251 3508 438 3578 (Vers.
469 3509 522 3576 9,
559 3507 672 3580 10.)
722 3509 796 3563 Et
845 3507 954 3562 abii
999 3509 1071 3564 ad
1117 3511 1380 3580 angelum,
1421 3508 1593 3563 dicens
1630 3506 1679 3562 ei
1723 3511 1781 3560 ut

167 3598 330 3653 daret
378 3597 509 3652 mihi
557 3598 772 3654 librum.
806 3597 1079 3654 Abierunt
1109 3599 1341 3671 apostoli
1377 3599 1446 3654 ad
1476 3597 1775 3664 Christum,

166 3696 237 3742 ut
267 3686 336 3742 ab
371 3702 435 3742 eo
471 3685 722 3743 doctrina
752 3686 1067 3743 divinarum
1097 3687 1500 3761 Scripturarum
1533 3686 1781 3741 instrue—

169 3785 390 3833 rentur.
435 3779 510 3833 Et
542 3778 682 3834 dixit
717 3780 847 3834 mihi
880 3797 896 3835 :
927 3781 1136 3853 Accipe,
1188 3788 1235 3835 et
1271 3782 1466 3837 devora
1515 3781 1690 3846 illum,
1735 3787 1782 3835 et

168 3868 339 3940 faciet
378 3870 677 3926 amaricare
715 3878 945 3927 ventrem
986 3879 1151 3942 tuum,
1183 3872 1270 3927 sed
1316 3872 1374 3926 in
1420 3889 1510 3926 ore
1553 3877 1638 3925 tuo
1681 3870 1781 3925 erit

169 3963 328 4017 dulce
369 3968 620 4032 tanquam
664 3963 784 4018 mel.
819 3964 894 4018 Et
918 3980 1035 4017 cum
1082 3965 1408 4018 devorassem
1444 3979 1581 4027 eum,
1621 3977 1781 4016 ama-

171 4053 381 4106 ricatus
413 4058 488 4107 est
512 4058 689 4107 venter
715 4070 878 4108 meus.
911 4054 1012 4108 Per
1058 4070 1119 4109 os
1160 4053 1217 4108 in
1267 4069 1375 4125 quo
1413 4069 1631 4125 sapores
1658 4051 1782 4108 dis-

170 4151 504 4213 cernuntur,
528 4144 693 4200 corda
712 4146 1086 4218 apostolorum
1113 4147 1421 4217 intelligere
1450 4162 1740 4218 possumus
1765 4163 1776 4201 :

170 4251 278 4307 per
307 4241 555 4290 ventrem
590 4244 772 4291 autem
819 4234 877 4290 in
924 4252 1032 4307 quo
1076 4251 1265 4291 omnes
1313 4235 1589 4308 spurcitiae
1619 4251 1780 4290 com-

171 4333 468 4380 morantur
489 4325 754 4397 corporis,
771 4324 1090 4379 memoriam
1114 4332 1458 4396 peccatorum
1477 4323 1781 4395 intelligere

1889 3127 2075 3200 ibique
2106 3133 2356 3182 mortuus
2385 3126 2476 3193 sit,
2504 3133 2559 3181 et
2587 3141 2812 3197 corpore
2841 3126 3179 3198 requiescat;
3205 3125 3482 3198 quomodo

1889 3215 2125 3288 populis,
2159 3224 2212 3270 et
2266 3214 2538 3286 gentibus,
2571 3221 2627 3269 et
2679 3213 2902 3285 linguis,
2935 3221 2989 3269 et
3036 3214 3254 3286 regibus
3291 3216 3482 3272 multis

1889 3305 2238 3376 prophetasse
2259 3303 2465 3359 dicitur
2482 3303 2509 3358 ‘l
2527 3302 2631 3359 Sed
2651 3303 3082 3375 prophetavit,id
3099 3311 3200 3372 est,
3224 3304 3483 3376 praedica-

1889 3393 1971 3448 vit.
1985 3409 2079 3465 per
2099 3391 2460 3464 Evangelium
2481 3407 2662 3459 suum,
2687 3391 2833 3464 quod
2854 3398 3039 3463 postea
3055 3391 3276 3464 scripsit
3304 3393 3482 3448 omni-

1887 3483 1992 3539 bus
2023 3481 2294 3554 gentibus,
2319 3489 2372 3536 et
2392 3481 2617 3552 linguis,
2640 3488 2694 3536 et
2723 3480 2943 3552 regibus
2971 3481 3194 3546 multis;
3229 3481 3358 3553 quia
3387 3498 3484 3554 per

1889 3587 2078 3627 omnes
2107 3579 2295 3642 gentes
2322 3570 2626 3641 dispersum
2658 3577 2758 3636 est,
2791 3577 2843 3624 et
2890 3569 2948 3624 in
2976 3569 3338 3626 meditatione
3364 3568 3485 3641 ejus

1890 3677 2080 3718 omnes
2127 3669 2399 3715 terrarum
2453 3658 2643 3731 populi
2671 3674 2930 3731 regesque
2970 3657 3132 3714 multi
3163 3657 3482 3731 proﬁciunt.

1958 3793 2185 3852 CAPUT
2214 3793 2311 3848 XI.
2345 3823 2414 3833 —
2447 3791 2627 3862 (Vers.
2662 3789 2737 3863 1.)
2775 3792 2850 3846 Ει
2890 3790 3046 3845 datus
3070 3797 3146 3845 est
3169 3790 3299 3845 mihi
3325 3791 3486 3846 cala-

1887 3905 2002 3942 mus
2041 3903 2297 3941 mensura:
2325 3883 2516 3939 similis
2548 3883 2725 3952 virgae,
2757 3882 2928 3936 dicens
2962 3898 2974 3936 :
3010 3881 3194 3950 Surge,
3231 3887 3279 3934 et
3304 3880 3486 3936 metire

1891 3977 2136 4047 templum
2166 3975 2284 4041 Dei,
2319 3980 2367 4036 et
2393 3974 2586 4038 altare,
2617 3976 2666 4024 et
2701 3971 2983 4025 adorantes
3012 3969 3172 4023 ineo.
3206 3969 3309 4023 Per
3337 3969 3481 4025 cala-

1890 4082 2040 4121 mum
2093 4081 2200 4136 quo
2252 4062 2467 4132 antiqui
2512 4059 2749 4115 scribere
2800 4057 3066 4125 solebant,
3117 4057 3483 4129 Evangelium

1889 4153 2036 4228 quod
2057 4153 2106 4207 ei
2129 4152 2316 4208 datum
2339 4160 2421 4205 est
2439 4166 2470 4205 a
2489 4147 2748 4216 Domino,
2773 4154 2827 4202 et
2853 4146 3001 4219 quod
3028 4153 3214 4218 postea
3241 4145 3483 4219 scripsit,

1890 4244 2206 4315 designatur
2237 4259 2247 4296 :
2302 4257 2398 4313 per
2426 4239 2638 4310 virgam
2668 4255 2800 4293 vero
2834 4254 2978 4309 saepe
3022 4235 3318 4308 disciplina
3343 4237 3482 4293 acci-

1890 4334 2059 4406 pitur.
2093 4331 2349 4389 Calamus
2375 4329 2546 4401 igitur
2584 4327 2677 4401 qui
2717 4325 2916 4383 Joanni
2946 4325 3106 4382 datus
3141 4333 3241 4395 est,
3272 4325 3486 4382 simiii-

170 4415 463 4472 debemus-
518 4416 684 4472 Liber
730 4415 899 4488 igitur
945 4416 1076 4471 dum
1136 4415 1508 4482 devoraretur,
1559 4422 1620 4471 ut
1674 4417 1781 4470 mel
1816 4420 1863 4476 D
1890 4425 2139 4482 tudinem
2180 4422 2347 4495 virgae
2378 4420 2602 4484 habuit;
2636 4418 2766 4492 quia
2807 4417 3102 4490 disciplina
3131 4417 3485 4474 Christiano-

171 4504 343 4561 dulce
367 4503 535 4560 fuisse
565 4505 806 4570 dicitur;
843 4505 971 4576 quia
1003 4504 1192 4559 divina
1239 4504 1518 4576 Scriptura
1557 4504 1687 4560 dum
1719 4505 1778 4560 in

175 4583 367 4653 mente
405 4597 734 4665 revolvitur,
777 4595 1057 4667 vitamque
1091 4604 1347 4652 aeternam
1396 4595 1651 4651 mandata
1680 4596 1778 4651 Dei

175 4684 623 4744 custodientibus
652 4684 1010 4758 repromittit,
1046 4685 1225 4742 dulcis
1271 4691 1332 4739 ut
1375 4685 1480 4740 mel
1521 4685 1578 4740 in
1617 4685 1779 4741 corde

175 4775 420 4832 efﬁcitur
451 4792 463 4830 :
501 4792 625 4831 cum
658 4789 790 4830 vero
822 4782 1059 4830 mentem
1089 4791 1121 4829 a
1143 4774 1516 4847 superioribus
1545 4774 1614 4830 ad
1644 4775 1779 4830 infe-

173 4869 350 4934 riora,
386 4865 443 4922 id
490 4877 595 4933 est,
625 4883 654 4922 a
684 4866 1149 4938 contemplatione
1194 4867 1431 4923 caelestis
1477 4869 1666 4939 patriae
1712 4866 1780 4922 ad

173 4963 405 5030 peccata
432 4972 529 5011 sua
559 4955 825 5012 intuenda
854 4954 1096 5024 deducit,
1139 4972 1432 5028 poenasque
1461 4973 1594 5028 quas
1622 4956 1779 5027 impii

170 5064 282 5122 pro
325 5048 564 5120 peccatis
608 5047 722 5104 suis
751 5049 960 5120 passuri
1001 5056 1150 5117 sunt,
1181 5051 1440 5116 ostendit,
1474 5065 1593 5122 quae
1625 5057 1782 5104 antea

171 5143 363 5198 fuerat
415 5142 595 5198 dulcis
650 5141 709 5196 in
764 5139 1230 5197 demonstratione
1285 5140 1520 5196 coalestis
1572 5138 1779 5209 gloria,

171 5247 368 5288 amara
401 5230 639 5288 efficitur
661 5231 717 5286 in
751 5238 1094 5302 peccatorum
1125 5229 1454 5284 ostensione.
1488 5228 1782 5283 Possumus

171 5319 351 5378 etiam
382 5319 488 5376 hoc
529 5319 597 5376 de
643 5320 851 5376 Joanne
880 5318 1098 5390 proprie
1128 5316 1456 5387 intelligere,
1487 5314 1583 5386 qui
1619 5322 1784 5368 ante-

172 5426 349 5485 quam
386 5410 752 5483 Evangelium
791 5410 1075 5478 scriberet,
1110 5408 1370 5466 Pathmos
1416 5406 1474 5461 in
1522 5405 1781 5462 exsilium

253 5513 342 5588 (5)
590 5513 923 5595 Abstinentia
967 5513 1241 5579 vitiorum,
1286 5509 1603 5580 cwterisque,
1635 5517 1780 5577 etc.;

178 5603 318 5645 mss.
351 5592 639 5655 omittunt,
672 5592 942 5641 vitiorum.

1887 4531 2008 4570 rum
2041 4521 2122 4568 est
2148 4510 2532 4583 Evangelium.
2565 4508 2718 4566 Unde
2765 4514 2820 4563 et
2847 4507 3117 4579 templum
3147 4513 3200 4561 et
3229 4507 3399 4561 altare
3431 4513 3486 4561 et

1887 4604 2174 4660 adorantes
2216 4602 2273 4656 in
2319 4618 2382 4657 eo
2435 4599 2617 4655 metiri
2664 4595 3025 4670 pracipitur:
3073 4611 3172 4667 per
3215 4594 3483 4667 templum

1889 4709 2124 4765 namque
2157 4691 2402 4747 Ecclesia
2438 4707 2448 4744 :
2480 4705 2576 4760 per
2605 4689 2773 4742 altare
2806 4685 2979 4742 sancti
3010 4692 3065 4740 et
3093 4685 3332 4757 perfecti
3351 4683 3482 4753 viri,

1889 4783 1983 4856 qui
2011 4781 2069 4837 in
2099 4781 2344 4838 Ecclesia
2373 4778 2683 4835 consistunt
2717 4794 2729 4831 :
2769 4791 2866 4847 per
2892 4774 3181 4831 adorantes
3210 4783 3394 4830 autem
3425 4774 3485 4830 in

1889 4889 1952 4928 eo
1983 4879 2174 4928 caetera
2228 4865 2550 4932 multitudo,
2585 4881 2704 4936 quze
2756 4878 2945 4918 eorum
2977 4862 3229 4919 doctrina
3259 4863 3486 4919 instrui-

1889 4967 2001 5024 tur,
2058 4957 2394 5027 designatur.
2438 4952 2724 5024 Templum
2783 4966 2978 5024 nempe
3033 4953 3132 5008 Dei
3193 4959 3247 5007 et
3291 4952 3483 5021 altare,

1890 5055 2052 5120 atque
2080 5045 2368 5100 adorantes
2400 5043 2457 5097 in
2489 5058 2553 5097 eo
2596 5041 2976 5113 unusquisque
3005 5041 3333 5112 praedicator
3361 5057 3488 5097 me-

1890 5135 2046 5201 titur,
2077 5133 2207 5187 dum
2237 5129 2535 5203 unicuique
2582 5128 2881 5186 secundum
2914 5130 3187 5201 propriam
3219 5129 3485 5200 capacita-

1892 5233 2000 5280 tem
2041 5221 2345 5294 spiritualis
2401 5220 2588 5292 gratiae
2623 5217 2933 5276 doctrinam
2979 5219 3328 5274 administrat
3359 5217 3483 5289 (6);

1890 5314 2053 5370 aliter
2082 5313 2228 5369 enim
2259 5310 2538 5367 docendus
2575 5316 2657 5365 est
2684 5307 2922 5380 sapiens,
2960 5309 3122 5364 aliter
3151 5306 3417 5379 insipiens
3468 5325 3482 5364 :

1891 5405 2051 5460 aliter
2101 5404 2392 5470 litteratus,
2426 5400 2587 5456 aliter
2616 5397 2936 5454 illitteratus
2970 5412 2982 5450 :
3033 5396 3194 5453 aliter
3222 5414 3483 5471 paganus,

1967 5506 2046 5577 (6)
2080 5505 2280 5578 Omnes
2309 5501 2465 5568 edit.,
2499 5498 2861 5578 administrat,
2891 5498 3050 5578 aliter
3078 5498 3354 5578 heretica,
3383 5498 3484 5555 αιε.

1896 5568 1983 5633 ter‘
1999 5568 2308 5638 catholicis;
2347 5589 2475 5628 mss.
2511 5585 2643 5624 vero
2675 5568 2960 5626 nobiscum
2993 5568 3228 5625 faciunt.
