3902 6198
445 146 548 203 951

1478 152 1577 207 AD
1615 151 1850 211 OPERA
1888 155 1945 212 S.
1983 155 2318 214 AMBROSII
2356 158 2735 219 APPENDIX.

3669 167 3771 226 952

445 270 606 328 aliter
629 269 1004 366 Christianus;
1022 273 1190 366 aliter
1203 272 1514 347 haereticus,
1537 278 1697 335 aliter
1709 280 2036 341 catholicus.
2071 285 2124 346 Α
2148 283 2492 355 abscondito,
2526 287 2716 344 reddet
2744 288 2848 346 tibi
2883 291 3092 361 (Matth.
3123 309 3200 362 vr,
3229 293 3285 363 3,
3316 293 3399 366 4).
3436 317 3455 343 ι
3502 293 3763 353 Candela-

442 361 576 418 Nam
610 367 665 418 et
708 361 979 420 Dominus
1008 363 1146 422 dicit
1199 367 1255 422 in
1283 367 1607 440 Evangelio,
1637 370 1768 441 quia
1813 373 2044 443 paterfa-

442 449 627 508 milias
666 474 686 499 ι
714 467 938 524 peregre
985 453 1360 526 proﬁciscens,
1395 458 1617 514 vocavit
1663 476 1850 516 servos
1895 479 2040 532 suos,

441 547 498 597 et
525 539 753 598 tradidit
791 543 903 600 illis
951 544 1094 599 bona
1121 560 1238 612 sua,
1278 547 1350 601 Et
1380 547 1476 602 uni
1507 546 1659 604 dedit
1697 550 1939 623 quinque
1970 562 2044 610 ta-

442 637 614 701 tenta,
644 630 740 687 alii
792 640 974 688 autem
1011 633 1140 700 duo,
1173 634 1268 688 alii
1300 651 1429 689 vero
1479 653 1692 705 unum;
1743 639 2043 714 unicuique

439 721 742 779 secundum
766 721 1042 794 propriam
1066 721 1328 779 virtutem
1360 724 1572 796 (Matth.
1595 744 1734 796 xxv,
1762 728 1846 796 14,
1872 733 1984 801 15).
2009 758 2027 780 ι

514 822 695 892 (Vers.
726 820 806 890 2.)
836 819 1094 892 Sequitur
1127 837 1138 876 :
1165 822 1380 878 Atrium
1407 831 1583 881 autem
1610 828 1751 896 quod
1779 836 1853 883 est
1879 829 2038 898 foris,

436 908 561 978 ejice
587 907 758 977 foras,
791 915 839 962 et
863 925 927 962 ne
954 907 1193 964 metiaris
1222 911 1395 980 illud;
1448 915 1701 984 quoniam
1745 918 1930 972 datum
1969 926 2042 974 est

437 995 689 1069 gentibus.
722 995 779 1051 Si
818 995 954 1052 foris
977 1005 1114 1066 erat,
1144 1001 1421 1072 quomodo
1452 1003 1600 1060 foras
1629 1005 1754 1076 ejici
1776 1017 1990 1080 poterat
2012 1010 2041 1066 ‘I

437 1086 540 1143 Per
565 1086 768 1142 atrium
799 1103 927 1160 ergo
977 1087 1152 1145 Judaei
1201 1091 1600 1164 designantur:
1642 1097 1816 1154 Judaei
1873 1100 2042 1171 igitur

439 1175 574 1233 foris
603 1182 758 1232 erant
787 1192 883 1248 per
929 1177 1372 1236 incredulitatem
1416 1198 1427 1237 :
1461 1181 1556 1238 sed
1581 1183 1818 1243 Joannes
1847 1195 1901 1243 et
1939 1205 2037 1246 cae-

437 1265 541 1322 teri
590 1264 822 1338 apostoli
881 1265 1062 1326 adhuc
1111 1284 1203 1324 eos
1234 1285 1330 1343 per
1371 1287 1616 1328 amorem
1668 1274 1727 1330 in
1777 1277 2038 1336 cordibus

437 1354 553 1412 suis
577 1353 858 1424 tenebant,
890 1354 1034 1412 sicut
1061 1355 1198 1414 dicit
1224 1361 1504 1432 apostolus
1533 1363 1734 1421 Paulus
1767 1383 1780 1422 :
1825 1392 1844 1414 ι
1873 1367 2033 1440 Opta-

436 1447 561 1504 bam
593 1463 690 1521 ego
721 1449 836 1520 ipse
864 1448 1156 1506 anathema
1181 1467 1297 1508 esse
1323 1468 1354 1508 a
1393 1451 1616 1511 Christo
1643 1473 1741 1529 pro
1772 1457 2034 1517 fratribus

435 1538 592 1608 meis,
625 1538 721 1612 qui
748 1547 878 1598 sunt
904 1541 1125 1613 cognati
1170 1542 1277 1598 mei
1326 1545 1629 1602 secundum
1661 1554 1902 1619 carnem,
1935 1553 2028 1624 qui

2154 373 2316 430 brum
2346 393 2477 432 vero
2507 385 2638 434 tunc
2659 377 2741 447 ﬁt,
2767 381 2984 452 quando
3013 382 3152 438 illud
3177 383 3376 457 implet
3401 383 3562 458 quod
3584 386 3764 440 Domi.

2153 481 2256 520 nus
2280 466 2417 522 dicit
2434 466 2490 522 in
2506 468 2839 539 Evangelio:
2874 495 2893 519 ι
2918 471 3154 529 Videant
3184 491 3352 546 opera
3377 483 3574 531 vestra
3606 475 3762 542 bona,

2153 565 2205 610 et
2248 555 2556 622 glorificent
2613 559 2825 616 Patrem
2877 569 3142 631 vestrum,
3197 565 3293 637 qui
3351 565 3411 620 in
3471 564 3638 622 caelis
3693 573 3765 621 est

2155 646 2365 715 (Matth.
2398 664 2454 715 v,
2489 647 2599 718 16).
2629 672 2646 696 ι
2690 651 2811 705 Duo
2841 651 3011 722 igitur
3041 652 3132 707 isti
3162 654 3340 709 sancti
3383 654 3558 709 modo
3607 654 3762 712 oliva

2152 745 2300 802 sunt,
2331 752 2456 792 cum
2488 736 2544 792 in
2575 738 2760 811 aliquo
2789 740 2908 797 loco
2939 751 3095 798 terrae
3126 743 3310 815 positi,
3336 743 3434 799 ubi
3466 760 3564 800 eos
3591 745 3763 816 maje-

2151 833 2260 881 stas
2283 826 2475 882 divina
2494 829 2822 885 commorari
2846 832 3124 903 praecepit,
3149 849 3245 906 per
3266 834 3762 906 contemplationis

2152 917 2378 987 gratiam
2408 918 2518 972 Deo
2543 917 2866 976 deserviunt
2891 939 2901 976 :
2927 922 3254 979 candelabra
3274 931 3414 980 tunc
3447 923 3616 990 ﬁent,
3642 940 3763 980 cum

2151 1006 2219 1061 ad
2250 1007 2581 1079 explendum
2613 1010 3019 1080 praedicationis
3069 1028 3180 1067 suae
3219 1012 3470 1068 ofﬁcium
3506 1013 3764 1069 venerint

2154 1096 2259 1167 (7),
2291 1095 2508 1168 quando
2539 1097 2816 1166 omnibus,
2850 1106 2904 1154 et
2941 1099 3198 1156 ﬁdelibus
3245 1101 3517 1158 videlicet
3568 1111 3627 1158 et
3675 1119 3764 1160 re-

2149 1185 2355 1257 probis,
2375 1185 2601 1241 verbum
2623 1187 2721 1242 Dei
2749 1188 3177 1246 annuntiabunt.
3197 1192 3276 1246 De
3296 1190 3405 1248 hoc
3424 1192 3762 1250 candelabro

2147 1276 2417 1333 Dominus
2463 1277 2600 1333 dicit
2642 1278 2700 1334 in
2747 1279 3096 1351 Evangelio:
3151 1305 3170 1328 ι
3209 1283 3397 1355 Neque
3443 1282 3760 1341 accendunt

2149 1365 2448 1435 lucernam,
2499 1374 2553 1422 et
2604 1376 2820 1440 ponunt
2857 1385 2976 1425 eam
3025 1369 3126 1426 sub
3174 1372 3384 1442 modio,
3445 1374 3544 1430 sed
3599 1391 3760 1448 super

2145 1454 2556 1526 candelabrum,
2588 1465 2649 1512 ut
2685 1459 2861 1514 luceat
2890 1459 3150 1517 omnibus
3178 1463 3276 1534 qui
3313 1463 3372 1518 in
3417 1463 3596 1520 domo
3635 1471 3758 1520 sunt

2147 1547 2310 1616 (Ibid.
2346 1547 2457 1618 15).
2481 1570 2500 1593 ι
2544 1546 2792 1603 Lucerna
2812 1548 3015 1621 quippe
3037 1566 3199 1623 super
3227 1552 3636 1611 candelabrum
3671 1573 3758 1629 po-

433 1637 564 1687 sunt
593 1629 850 1687 Israelita
884 1630 1058 1702 (Rom.
1082 1648 1163 1701 ιι,
1187 1632 1240 1702 3,
1265 1633 1344 1704 4).
1369 1656 1392 1685 ι
1433 1637 1587 1693 Unde
1618 1641 1936 1712 praecipitur
1956 1643 2026 1713 ei,
2062 1655 2106 1716 Β
2144 1636 2316 1705 nitur,
2366 1636 2586 1708 quando
2629 1636 2875 1694 ofﬁcium
2923 1639 3332 1712 praedicationis
3385 1652 3591 1700 sancto
3641 1647 3758 1703 viro

433 1736 504 1778 ne
530 1720 672 1777 illud
701 1720 982 1790 metiatur,
1027 1721 1084 1778 id
1123 1733 1226 1792 est,
1257 1723 1426 1781 verba
1469 1727 1878 1798 praedicationis
1919 1750 2032 1790 non

433 1808 512 1866 eis
549 1808 846 1880 ministret,
878 1811 1021 1868 sicut
1050 1811 1110 1868 in
1138 1813 1441 1887 Evangelia
1485 1815 1602 1889 ipse
1643 1821 1913 1893 praecipit,
1949 1823 2032 1878 di-

431 1915 559 1958 cens
593 1918 607 1960 :
654 1924 674 1950 ι
702 1901 882 1958 Nolite
913 1901 1129 1960 mittere
1161 1906 1481 1978 margaritas
1511 1917 1720 1965 vestras
1748 1919 1874 1968 ante
1906 1930 2031 1986 por-

430 2005 560 2058 cos;
611 2005 680 2046 ne
724 1991 1052 2048 conculcent
1095 2007 1185 2048 eas
1239 1992 1469 2066 pedibus
1522 1995 1657 2065 suis,
1689 2007 1744 2056 et
1775 2003 2031 2059 conversi

429 2079 639 2138 elidant
666 2097 766 2137 vos
797 2081 1010 2153 (Matth.
1044 2098 1142 2151 vn,
1177 2082 1258 2154 6).
1290 2107 1308 2130 -
1351 2084 1423 2140 Et
1451 2084 1518 2140 ad
1541 2087 1864 2159 prophetam
1897 2092 2030 2148 Eze-

427 2171 662 2229 chielem
687 2171 956 2230 Dominus
986 2172 1251 2245 loquitur,
1277 2172 1496 2231 dicens:
1527 2177 1700 2235 cEcce
1729 2195 1828 2252 ego
1848 2181 2028 2239 adhae.

428 2277 635 2318 rescere
679 2261 878 2318 faciam
927 2263 1170 2334 linguam
1219 2269 1370 2319 tuam
1407 2265 1588 2338 palato
1635 2275 1751 2337 tuo,
1784 2287 1886 2327 nec
1919 2273 2030 2329 eris

427 2367 582 2424 quasi
638 2350 727 2406 vir
777 2350 1108 2424 objurgans;
1165 2353 1296 2427 quia
1338 2354 1536 2412 domus
1564 2373 1895 2432 exasperans
1941 2370 2023 2419 est

429 2439 644 2512 (Ezech.
677 2457 761 2508 ιη,
793 2439 906 2513 26).
953 2464 974 2493 ι
1017 2442 1239 2517 Hocque
1269 2444 1471 2502 atrium
1519 2446 1708 2504 datum
1754 2467 1869 2507 esse
1899 2467 2024 2523 gen-

427 2528 576 2588 tibus
614 2528 851 2601 dicitur;
903 2532 1033 2606 quia
1086 2532 1261 2590 Judzei
1310 2544 1532 2610 propter
1580 2538 2022 2597 incredulitatem

425 2638 581 2680 suam
614 2621 839 2697 paganis
869 2622 1126 2696 gentibus
1151 2631 1307 2682 erant
1333 2625 1652 2700 conjuncti;
1685 2629 1803 2686 sive
1832 2632 2023 2689 traditi

423 2720 578 2770 erant
604 2713 877 2786 gentibus,
905 2710 963 2769 id
992 2720 1074 2771 est
1101 2713 1383 2786 Romanis,
1415 2724 1478 2774 ut
1507 2717 1576 2774 ab
1604 2718 1683 2776 eis
1711 2719 2025 2779 delerentur

422 2812 585 2880 atque
615 2805 1136 2864 exterminarentur.
1168 2808 1246 2864 Et
1285 2807 1548 2865 civitatem
1592 2817 1828 2868 sanctam
1857 2815 2024 2870 calca-

424 2896 552 2952 bunt
594 2895 855 2953 mensibus
902 2895 1262 2968 quadraginta
1310 2897 1530 2955 duobus.
1573 2899 1767 2957 Subito
1817 2903 2016 2960 saltum

419 2984 556 3090 facit
583 2983 651 3084 ad
680 2984 864 3087 Eliam
909 2992 1071 3058 atque
1121 2985 1336 3090 Enoch,
1371 2988 1465 3062 qui
1494 2991 1835 3090 temporibus
1860 2993 2018 3090 A-nti-
2058 3029 2101 3090 Ο

419 3072 615 3132 christi
644 3075 868 3132 venturi
897 3082 1027 3131 sunt
1056 3091 1070 3133 :
1103 3085 1158 3134 et
1191 3075 1424 3150 pulchro
1453 3079 1587 3136 satis
1618 3079 1832 3151 ordine,
1864 3082 2016 3139 vide~

419 3164 568 3233 licet,
597 3173 658 3222 ut
687 3163 783 3240 qui
811 3164 1126 3224 Iudaeorum
1155 3164 1522 3240 dejectionem
1539 3185 1635 3242 per
1655 3169 1884 3243 ﬁguram
1912 3171 2019 3228 atri

419 3255 742 3328 protulerat,
794 3270 983 3312 eorum
1030 3257 1486 3316 restaurationem
1539 3258 1702 3316 tacite
1735 3259 2020 3317 subnecte-

417 3353 535 3416 ret;
568 3352 783 3404 constat
811 3345 961 3403 enim
989 3346 1208 3405 Iudaeos
1239 3347 1296 3404 in
1329 3349 1438 3406 ﬁne
1465 3348 1662 3406 mundi
1692 3365 1788 3422 per
1815 3350 2012 3423 praedi-

414 3436 686 3492 cationem
743 3435 883 3491 Eliae
936 3443 990 3491 et
1036 3437 1231 3493 Enoch
1288 3438 1357 3492 ad
1413 3437 1582 3495 ﬁdem
1631 3439 1841 3497 Christi
1897 3455 2013 3496 esse

414 3539 751 3582 reversuros.
802 3520 1100 3581 Civitatem
1141 3524 1326 3597 itaque
1374 3535 1642 3597 sanctam,
1673 3528 1729 3584 id
1778 3537 1880 3597 est,
1911 3530 2012 3587 Ec-

412 3611 658 3680 clesiam,
687 3610 1064 3668 Antichristus
1093 3619 1148 3667 et
1178 3612 1418 3670 ministri
1446 3614 1570 3686 ejus
1614 3617 1924 3689 calcabunt,
1959 3619 2016 3677 id

413 3708 516 3772 est,
548 3707 942 3776 persequentur
967 3702 1249 3759 mensibus
1279 3703 1644 3779 quadraginta
1672 3706 1889 3766 duobus
1920 3710 2017 3782 qui

411 3791 625 3851 faciunt
651 3799 762 3850 tres
787 3807 961 3850 annos
989 3799 1044 3850 et
1072 3793 1389 3854 dimidium.

483 3901 665 3974 (Vera.
697 3901 751 3973 3,
783 3899 864 3974 4.)
897 3903 970 3958 Et
995 3902 1130 3959 dabo
1163 3903 1365 3960 duobus
1397 3903 1606 3961 testibus
1626 3903 1774 3977 meis,
1805 3913 1855 3964 et
1871 3926 2014 3982 pro—

403 3995 693 4066 phetabunt
755 3994 933 4050 diebus
993 3993 1138 4051 mitte
1193 3995 1425 4052 ducentis
1478 3998 1770 4070 sexaginta,
1834 4002 2016 4058 amicti

409 4082 591 4140 saccis.
623 4084 808 4141 Testes
851 4083 990 4141 duos
1016 4085 1289 4142 Dominus
1315 4085 1493 4142 Eliam
1525 4095 1578 4143 et
1606 4089 1798 4147 Enoch
1828 4104 2011 4164 vocat,

409 4172 506 4245 qui
561 4173 859 4229 adventum
910 4174 1030 4247 ejus
1093 4175 1398 4233 secundum
1454 4187 1809 4250 praecurrent,
1865 4181 2011 4242 sicut

408 4261 645 4318 Joannes
691 4263 976 4332 praecurrit
1018 4263 1280 4335 primum.
1319 4266 1370 4322 Ii
1417 4274 1542 4322 sunt
1593 4269 1712 4325 dum
1755 4271 1930 4341 oliva},
1965 4281 2014 4330 et

2143 1727 2402 1796 traditur,
2429 1727 2524 1800 qui
2555 1727 2762 1784 bonum
2798 1729 2946 1803 quod
2976 1731 3256 1804 praedicat,
3297 1734 3548 1792 ﬂammis
3589 1737 3757 1795 bono.

2145 1835 2267 1875 rum
2299 1835 2526 1889 operum
2558 1819 2838 1887 illustrat;
2873 1821 3094 1878 lucerna
3121 1840 3251 1879 vero
3294 1826 3400 1882 sub
3434 1827 3632 1885 modio
3670 1847 3758 1903 po-

2145 1915 2320 1986 nitur,
2369 1915 2517 1970 544
2557 1917 2780 1989 quando
2829 1919 3071 1976 oﬂicium
3120 1921 3540 1993 praedicationis
3591 1927 3754 1984 alicui

2141 2007 2372 2080 reprobo
2415 2007 2806 2077 committitur,
2863 2010 2958 2082 qui
3008 2010 3214 2067 bonum
3267 2014 3420 2086 quod
3465 2016 3750 2087 praedicat,

2139 2096 2323 2170 pravis
2352 2097 2609 2170 operibus
2644 2099 2814 2170 tegit;
2859 2115 2928 2155 ne
2966 2101 3154 2158 lumen
3185 2103 3424 2174 praebeat
3458 2105 3542 2162 eis
3574 2108 3672 2180 qui
3698 2108 3753 2162 in

2138 2187 2302 2244 domo
2333 2195 2479 2255 sunt,
2509 2188 2652 2244 sicut
2679 2189 2820 2246 dicit
2843 2198 3065 2247 sanctus
3093 2192 3408 2266 Gregorius,
3431 2197 3569 2268 quia
3596 2198 3750 2270 cujus

2139 2277 2253 2332 vita
2285 2275 2588 2349 despicitur
2617 2277 2721 2351 (8),
2756 2287 2926 2337 restat
2953 2289 3016 2336 ut
3042 2290 3097 2337 et
3129 2281 3448 2353 praedicatio
3476 2283 3603 2356 ejus
3622 2301 3750 2342 con-

2137 2375 2432 2424 temnatur.
2489 2369 2622 2425 Duae
2665 2385 2793 2442 ergo
2840 2370 3003 2428 olivae
3051 2381 3106 2428 et
3150 2373 3261 2430 duo
3305 2375 3648 2432 candelabra
3695 2376 3750 2432 in

2134 2465 2434 2530 conspectu
2460 2457 2687 2515 Domini
2717 2467 2861 2517 stare
2891 2460 3190 2530 dicuntur;
3222 2463 3352 2537 quia
3385 2465 3445 2520 in
3477 2473 3633 2522 terra
3661 2481 3749 2538 po-

2135 2547 2248 2616 siti,
2281 2547 2421 2606 illud
2452 2555 2668 2621 tempus
2698 2551 3102 2621 praestolamur,
3131 2569 3240 2625 quo
3268 2553 3518 2610 oﬂicium
3553 2554 3748 2627 praedi-

2134 2637 2375 2695 cationis
2403 2655 2514 2695 suae
2544 2639 2818 2712 expleant,
2853 2648 2906 2696 et
2953 2642 3147 2700 mortis
3192 2642 3445 2700 debitum
3497 2645 3738 2713 solvant,

2135 2728 2278 2786 sicut
2315 2729 2599 2802 sequentia
2631 2730 3004 2787 manifestant.

2208 2819 2390 2890 (Vers.
2429 2819 2510 2892 5.)
2555 2821 2629 2876 Et
2675 2821 2721 2874 si
2775 2821 2894 2891 quis
2939 2821 3165 2878 voluerit
3216 2823 3292 2878 eis
3344 2840 3558 2893 nocere,
3615 2825 3744 2898 ignis

2134 2907 2270 2964 exist
2298 2908 2361 2964 de
2399 2925 2489 2964 ore
2522 2925 2722 2976 eorum,
2768 2916 2817 2964 et
2858 2910 3129 2967 devorab-it
3167 2911 3406 2968 inimicos
3436 2931 3626 2970 eorum
3658 2935 3671 2971 :
3701 2922 3744 2970 et

2134 2998 2183 3052 si
2225 2997 2341 3067 quis
2387 2998 2612 3053 voluerit
2657 3015 2740 3053 eos
2781 2999 2984 3068 laedere,
3033 3000 3105 3056 sic
3141 3008 3344 3073 oportet
3387 3021 3509 3059 eum
3556 3004 3738 3061 occidi.

2131 3085 2270 3154 Quia
2300 3086 2538 3158 Spiritus
2568 3095 2786 3144 sanctus
2830 3089 3078 3162 loquitur
3119 3107 3216 3164 per
3251 3107 3349 3149 ora
3392 3101 3738 3163 sanctorum,

2133 3179 2276 3236 sicut
2303 3181 2575 3238 Dominus
2603 3181 2740 3238 dicit
2767 3181 2825 3237 in
2850 3183 3155 3257 Evangelio
3191 3202 3202 3242 :
3247 3209 3265 3234 ι
3293 3186 3415 3242 Non
3447 3187 3604 3244 enim
3646 3205 3739 3246 vos

2130 3269 2285 3338 estis,
2336 3270 2433 3344 qui
2482 3271 2775 3345 loquimini
2821 3290 2833 3328 :
2881 3271 2975 3328 sed
3029 3273 3264 3346 Spiritus
3313 3275 3500 3333 Patris
3545 3279 3735 3346 vestri,

2130 3359 2225 3432 qui
2273 3359 2520 3433 loquitur
2565 3360 2624 3416 in
2677 3360 2836 3417 vobis
2881 3360 3093 3431 (Matth.
3135 3380 3190 3430 χ,
3241 3364 3370 3436 20);
3414 3388 3434 3412 ι
3488 3382 3605 3422 non
3645 3366 3738 3423 in-

2131 3465 2372 3522 congrue
2425 3450 2591 3507 verba
2647 3459 2960 3508 sanctorum
3029 3451 3172 3524 ignis
3238 3463 3533 3524 vocantur,
3594 3456 3734 3514 sicut

2130 3537 2420 3596 Psalmista
2469 3539 2720 3618 dicitde
2765 3541 3051 3598 Domino:
3110 3542 3401 3614 «Ignitum
3449 3545 3733 3618 eloquium

2128 3636 2289 3686 tuum
2347 3629 2721 3698 vehementer,
2773 3638 2827 3686 et
2882 3647 3074 3688 servus
3144 3640 3273 3690 tuus
3331 3633 3537 3692 dilexit
3597 3636 3734 3693 illud

2132 3720 2308 3792 (Psal.
2343 3737 2540 3788 cxvur,
2576 3719 2725 3794 140).
2757 3739 2785 3774 ››
2829 3721 2975 3793 Ignis
3005 3721 3173 3795 igitur
3198 3723 3345 3780 exiet
3373 3723 3443 3780 de
3476 3742 3574 3783 ore
3602 3744 3731 3784 san-

2125 3819 2343 3868 ctorum
2401 3811 2656 3880 istorum,
2723 3822 2777 3869 et
2830 3813 3118 3869 devorabit
3175 3813 3432 3872 inimicos
3494 3833 3727 3884 eorum;

2125 3900 2253 3974 quia
2296 3901 2548 3958 doctrina
2589 3917 2779 3958 eorum
2830 3902 2910 3958 ita
2959 3919 3172 3960 errores
3224 3905 3566 3964 Antichristi
3628 3907 3729 3964 de-

2122 3998 2318 4058 struet,
2367 3998 2430 4046 ut
2475 3990 2734 4048 omnibus
2784 4008 2970 4048 sanam
3021 4003 3261 4050 mentem
3315 3995 3728 4067 possidentibus

2122 4079 2266 4136 nihil
2322 4079 2617 4138 videantur
2669 4099 2804 4152 esse,
2860 4083 3006 4156 quod
3071 4100 3309 4140 asserere
3374 4087 3727 4144 conabuntur

2121 4168 2500 4227 Antichristus
2526 4179 2579 4227 et
2606 4172 2847 4228 ministri
2877 4172 3018 4244 ejus.
3053 4174 3210 4242 Quod
3234 4181 3418 4232 autem
3453 4176 3725 4250 sequitur,

2119 4262 2187 4315 Et
2228 4260 2275 4315 si
2319 4260 2438 4332 quis
2469 4261 2694 4316 voluerit
2739 4278 2822 4316 eos
2865 4261 3067 4332 taedere,
3100 4264 3174 4319 sic
3201 4270 3406 4336 oportet
3433 4282 3558 4321 eum
3604 4266 3724 4323 oeci.

408 4351 513 4407 duo
549 4350 866 4406 candelabra
922 4353 978 4406 in
1027 4362 1299 4426 conspectu
1354 4356 1567 4412 Domini
1599 4365 1752 4416 terra:
1791 4370 2003 4423 stantes.
2034 4401 2081 4459 D
2117 4350 2191 4418 ἀί»
2216 4349 2287 4459 id
2314 4349 2562 4459 θδσὶάξὶῐξι
2595 4367 2708 4459 ff”:
2739 4351 2998 4424 Pertinet.

410 4437 563 4459 ΛΙΞ---
606 4437 775 4459 -ΙΑ--...
841 4437 943 4459 Ι-..Α
1017 4454 1074 4459 ,η
1096 4457 1109 4459 -
1135 4441 1151 4459 Ι
1519 4446 1535 4459 ι
1578 4447 1590 4459 I
1629 4448 1644 4459 ι
2193 4440 2208 4459 Ι
2274 4453 2351 4459 .__-
2559 4439 2573 4459 .⁹
2658 4457 2675 4459 -
2725 4446 2796 4459 -..ι
2891 4446 2998 4459 κινηι

408 4437 571 4495 Oliva
599 4437 782 4494 oleum
839 4437 966 4508 fort,
1009 4441 1156 4513 quod
1203 4459 1368 4516 supra
1400 4446 1788 4506 candelabrum
1820 4462 2008 4524 postea

407 4528 650 4601 ponitur,
675 4537 738 4586 ut
765 4528 942 4587 luceat
973 4530 1231 4587 omnibus
1253 4533 1346 4605 qui
1370 4533 1426 4590 in
1450 4535 1614 4592 domo
1634 4548 1764 4596 sunt
1788 4541 2001 4612 (Matth.

407 4633 464 4685 v,
488 4617 602 4690 l5).
625 4617 726 4675 Per
747 4618 929 4676 oleum
965 4618 1024 4677 in
1063 4619 1168 4678 hoc
1191 4622 1310 4680 loco
1341 4624 1667 4697 sapientiam
1696 4629 2002 4702 spiritalem

406 4722 697 4779 possumus
741 4709 1023 4782 accipere;
1089 4714 1466 4788 unusquisque
1499 4715 1647 4772 enim
1691 4718 1840 4777 oliva
1872 4727 2003 4779 tunc

405 4801 508 4864 est,
540 4795 759 4870 quando
789 4797 934 4871 apud
967 4815 1026 4858 se
1055 4800 1362 4875 quiescens,
1395 4820 1490 4879 per
1516 4810 2002 4882 contemplationis

405 4884 636 4956 gratiam
669 4887 783 4945 Deo
812 4887 1088 4950 deservire
1111 4893 1294 4951 studet
1318 4913 1332 4963 ;
1357 4897 1577 4969 quando
1600 4898 1740 4970 illud
1773 4901 2000 4975 implere

404 4974 609 5046 studet,
639 4977 786 5051 quod
809 4980 1080 5039 Dominus
1105 4982 1242 5041 dicit
1272 4983 1329 5040 in
1350 4986 1654 5061 Evangelio
1679 5007 1692 5046 :
1737 5014 1756 5039 ι
1783 4974 2000 5049 Nesciat

403 5063 626 5124 sinistra
655 5073 750 5124 tua
779 5069 914 5142 quid
941 5071 1109 5130 faciat
1153 5072 1380 5132 dextera
1407 5084 1534 5146 tua;
1568 5087 1630 5137 ut
1661 5079 1738 5138 sit
1769 5080 1998 5138 eleemo-

403 5168 542 5228 syna
564 5162 662 5214 tua
687 5155 748 5213 in
775 5158 1102 5220 abscondito
1135 5178 1148 5218 :
1182 5172 1237 5222 et
1263 5166 1423 5223 Pater
1474 5175 1605 5226 tuus
1635 5171 1730 5244 qui
1760 5170 1914 5230 videt
1939 5172 2000 5230 in

583 5335 668 5423 Ita
683 5352 838 5423 mss.”
860 5337 968 5423 nisi
984 5338 1136 5423 quod
1158 5340 1255 5423 ubi
1281 5343 1412 5423 alii,
1423 5352 1478 5401 et
1502 5344 1654 5423 edit._
1677 5349 1866 5423 legunt
1890 5351 1995 5423 o/ﬁ-

399 5406 556 5483 cium,
607 5406 729 5480 Sag.
787 5406 1330 5483 habet-mysterium,
1385 5406 1526 5474 forte
1580 5406 1991 5478 ministerium':

399 5479 757 5566 2939539“!!!
787 5479 940 5566 ιοςιιε
969 5480 1028 5539 in
1046 5479 1180 5566 edit
1210 5479 1520 5566 119911.11on
1539 5497 1736 5566 exstat,
1769 5494 1996 5566 alliciam

397 5551 650 5615 venerint,
679 5551 892 5620 quando
920 5553 1179 5625 omnibus,
1209 5555 1447 5614 uidelicet
1485 5551 1735 5632 ﬁdelibus
1763 5551 1828 5619 et"
1854 5565 1994 5636 ἰπνί-

2191 4438 2373 4509 (Vera.
2411 4438 2491 4510 6.)
2523 4439 2573 4494 Ii
2610 4439 2797 4494 habent
2839 4446 3138 4512 potestatem
3185 4441 3470 4498 claudendi
3517 4445 3721 4510 calum,

2115 4532 2170 4581 ut
2197 4543 2301 4581 non
2327 4528 2481 4598 pluat
2509 4527 2688 4583 diebus
2730 4529 3023 4600 prophetiae
3053 4547 3234 4586 eorum
3255 4550 3276 4598 ;
3307 4539 3353 4588 et
3402 4533 3598 4590 habent
3619 4550 3722 4607 po-

2116 4623 2344 4672 testatem
2372 4633 2532 4689 super
2566 4635 2758 4689 aquas,
2788 4621 3122 4675 convertendi
3169 4638 3258 4678 eas
3302 4622 3362 4677 in
3390 4625 3719 4697 sanguinem,

2111 4713 2159 4761 et
2181 4713 2451 4779 percutere
2484 4713 2682 4763 terram
2722 4709 2867 4764 omni
2903 4711 3069 4781 plaga
3113 4712 3524 4784 quotiescunque
3554 4717 3719 4771 votue-

2111 4796 2240 4852 rint.
2276 4797 2535 4870 Legimus
2574 4799 2756 4855 Eliam
2795 4801 3044 4857 oratione
3089 4802 3354 4859 clausisse
3395 4805 3629 4875 coelum,
3671 4814 3720 4862 et

2111 4887 2310 4943 iterum
2341 4890 2620 4962 aperuisse
2654 4908 2665 4946 :
2698 4891 2794 4947 sed
2822 4898 2875 4948 et
2906 4892 3135 4965 Moysen
3173 4909 3342 4966 aquas
3387 4894 3446 4949 in
3488 4896 3719 4968 sangui-

2110 4991 2234 5031 nem
2279 4980 2637 5037 convertisse.
2686 4981 2810 5038 Non
2856 4997 2983 5055 ergo
3038 4984 3345 5056 putandum
3403 4992 3487 5039 est
3540 4985 3714 5041 Etiam

2109 5073 2380 5131 minorem
2441 5075 2702 5134 virtutem
2772 5075 2988 5146 habere,
3057 5094 3184 5135 cum
3243 5079 3311 5135 ad
3376 5082 3712 5155 explendum

2109 5163 2352 5223 oﬂicium
2403 5182 2516 5224 sua)
2562 5166 2970 5240 praedicationis
3016 5169 3252 5238 venerit,
3301 5185 3474 5243 quam
3523 5170 3712 5229 habuit

2107 5353 2328 5422 delibus,
2358 5353 2591 5419 verbum,
2624 5361 2729 5410 etc.

2181 5424 2262 5494 (8)
2294 5423 2471 5493 Edit.,
2499 5424 2903 5506 sicut_script_um
2922 5430 2994 5506 est
3019 5441 3030 5481 :
3060 5424 3231 5506 Cujus
3248 5425 3360 5482 vita
3388 5425 3678 5506 despicitur
3686 5445 3707 5492 ,-

2104 5511 2294 5622 ompites
2318 5512 2448 5622 vei-0
2478 5513 2606 5554 mss.
2631 5497 2774 5556 hanc
2793 5497 3042 5554 fraudem
3072 5497 3259 5570 potius
3285 5513 3455 5572 quam
3476 5497 3701 5572 lapsum

2105 5582 2190 5622 res
2219 5584 2234 5622 ι
2265 5583 2381 5622 uun
2415 5611 2427 5622 .
