3902 6198
141 261 247 319 953

1023 251 1482 313 BERENGAUDI
1517 251 1892 314 EXPOSITIO
1930 249 2002 308 IN
2040 247 2543 308 APOCALYPSIN.

3320 242 3428 304 954

139 403 202 445 eo
255 394 522 458 tempore,
565 398 674 456 quo
731 382 874 441 inter
919 380 1176 440 homines
1221 387 1577 439 conversatus
1619 387 1721 449 est,
1755 383 1801 443 Α
1833 395 2040 451 magna)
2065 393 2292 452 corpora
2345 391 2536 434 eorum
2591 371 2930 447 projicienda
2981 389 3097 432 esse
3140 373 3423 446 dicuntur,

139 478 232 538 sed
261 477 550 551 potiorem.
599 475 896 533 Possumus
947 472 1110 529 etiam
1150 489 1246 546 per
1295 473 1493 530 coelum
1541 473 1726 530 Ecclev

139 567 294 635 siam,
326 581 422 639 per
451 563 695 637 pluviam
726 562 894 619 verba
922 571 1242 620 sanctorum
1277 563 1600 636 spiritaliter
1628 561 1727 617 in-

139 659 418 731 telligere;
473 655 752 712 clauditur
798 670 1035 727 namque
1087 655 1285 712 coelum
1345 653 1550 726 impiis,
1600 669 1726 709 cum

138 749 283 805 Deus
322 763 421 803 suo
463 745 676 819 judicio
726 745 890 801 corda
936 761 1126 799 eorum
1174 745 1249 800 ita
1279 743 1539 799 obdurari
1571 742 1725 811 sinit,

137 846 199 894 ut
254 836 409 892 nullo
457 834 618 891 modo
666 833 836 890 verbo
891 834 989 889 Dei
1035 832 1249 890 aditum
1308 831 1601 889 accedendi
1658 831 1728 888 ad

139 940 232 981 cor
268 939 429 980 suum
468 923 748 990 tribuant,
779 929 841 978 ut
871 922 1175 979 salventur.
1206 922 1343 978 Nam
1375 929 1428 976 et
1463 919 1727 992 propheta

137 1012 301 1072 Isaias
337 1015 538 1071 coelum
577 1011 780 1069 Judazis
807 1012 1025 1079 clausit,
1055 1028 1180 1067 cum
1221 1011 1270 1066 ei
1308 1027 1339 1066 a
1377 1009 1614 1066 Domino
1645 1008 1724 1064 dio

137 1113 284 1162 ctum
335 1111 457 1162 est:
518 1126 536 1150 ι
590 1104 820 1161 Ειιοωοα
867 1120 962 1160 cor
1007 1103 1199 1178 populi
1247 1101 1432 1174 hujus,
1468 1110 1521 1158 et
1565 1117 1726 1159 aures

138 1192 252 1267 ejus
288 1209 540 1266 aggrava,
595 1200 648 1248 et
700 1193 889 1248 oculos
931 1191 1048 1264 ejus
1091 1191 1315 1259 claude;
1349 1207 1417 1247 ne
1462 1191 1602 1248 forte
1632 1190 1728 1246 viw

138 1283 298 1340 deant
326 1283 522 1350 oculis,
583 1290 635 1338 et
663 1281 890 1338 auribus
936 1281 1184 1350 audiant,
1219 1290 1272 1338 et
1299 1283 1462 1340 corde
1492 1298 1590 1337 suo
1627 1280 1727 1337 in-

138 1373 385 1445 telligant
417 1389 429 1428 :
483 1379 535 1428 et
581 1381 996 1442 convertantur,
1040 1381 1094 1430 et
1132 1389 1317 1428 sanem
1349 1389 1440 1428 eos
1477 1372 1612 1443 (Isa.
1645 1388 1725 1440 vr,

139 1463 249 1535 10).
297 1488 316 1512 ι
359 1462 572 1521 Clausit
595 1469 649 1518 et
685 1463 886 1520 caelum
912 1462 1172 1519 Jeremias
1201 1461 1444 1518 inimicis
1473 1462 1588 1518 suis
1619 1461 1723 1533 (9),

136 1567 258 1609 cum
305 1550 526 1610 dicebat
573 1550 642 1608 ad
681 1551 1027 1610 Dominum:
1083 1576 1101 1599 ‹
1148 1551 1227 1608 Ne
1263 1551 1577 1624 propitieris
1608 1549 1728 1607 ini-

137 1644 330 1720 quitati
379 1661 592 1715 eorum,
655 1652 710 1703 et
766 1652 1048 1718 peccatum
1105 1661 1294 1701 eorum
1350 1660 1381 1700 a
1439 1643 1577 1700 facie
1632 1649 1730 1699 tua

1834 485 2124 542 possumus
2150 466 2476 540 simpliciter
2522 464 2848 538 intelligere,
2906 471 2970 521 ut
3013 463 3073 519 in
3103 479 3427 539 quacunque

1835 561 2031 634 platea,
2065 576 2183 632 qua:
2211 558 2280 614 ad
2321 557 2413 630 jus
2467 554 2703 627 alicujus
2748 553 2966 627 reprobi
3013 554 3300 630 pertineat,
3328 553 3428 629 ja-

1835 657 2012 707 ceant.
2041 649 2144 706 Sed
2186 648 2383 705 melius
2436 645 2576 702 mihi
2609 644 2850 712 videtur,
2886 652 2949 700 ut
2977 643 3120 701 sicut
3151 660 3244 715 per
3274 644 3426 706 civi-

1835 747 2000 797 tatem
2033 755 2282 812 magnam
2335 753 2524 794 omnes
2580 735 2840 810 reprobos
2883 734 3270 809 intelligendos
3310 751 3427 792 esse

1835 830 2102 898 diximus,
2135 831 2212 886 ita
2239 838 2292 886 et
2319 846 2416 902 per
2445 829 2676 901 plateam
2715 827 2880 887 corda
2923 827 3282 901 reproborum
3329 829 3429 884 in-

1836 920 2144 991 telligamus
2203 937 2215 976 :
2266 918 2527 992 jacebunt
2577 918 2761 991 itaque
2818 934 3048 991 corpora
3109 925 3426 976 sanctorum

1835 1009 1894 1066 in
1932 1011 2110 1083 platea
2144 1009 2387 1068 civitatis
2414 1026 2623 1082 magna:
2651 1027 2664 1076 ;
2697 1009 2825 1082 quia
2866 1009 3039 1067 sancti
3072 1009 3191 1067 illic
3215 1008 3421 1083 jacent,

1834 1116 1866 1156 a
1914 1100 2113 1174 quibus
2156 1099 2366 1158 nullius
2418 1115 2533 1156 esse
2588 1099 2851 1156 momenti
2908 1099 3344 1160 existimantur:
3398 1116 3428 1157 e

1835 1187 2111 1245 contrario
2164 1187 2421 1245 fidelibus
2475 1196 2641 1256 stant,
2699 1187 2794 1261 qui
2843 1195 3048 1261 quanta
3105 1187 3177 1243 sit
3233 1203 3424 1247 eorum

1835 1278 2012 1336 virtus
2041 1287 2201 1354 atque
2231 1278 2426 1352 gloria,
2465 1279 2646 1336 cordis
2667 1277 2843 1335 oculis
2876 1277 3186 1335 intuentur.
3216 1276 3428 1337 Civitas

1835 1389 1966 1428 vero
2012 1372 2220 1429 diaboli
2261 1388 2374 1428 non
2405 1372 2859 1429 inconvenienter
2897 1369 3134 1427 Sodoma
3163 1376 3216 1427 et
3244 1369 3429 1444 Egy-

1836 1471 1962 1536 ptus
1991 1463 2341 1530 nominatur;
2398 1479 2462 1519 eo
2519 1462 2666 1543 quod
2724 1461 2962 1519 Sodoma
2989 1461 3227 1530 caecitas,
3256 1461 3429 1536 JEgyv

1836 1562 1962 1627 ptus
1990 1551 2227 1610 tenebrae
2256 1551 2704 1626 interpretentur.
2738 1550 2874 1620 Quis
2921 1551 3069 1609 enim
3097 1550 3428 1609 deteriorem

1837 1647 2136 1705 caecitatem
2180 1655 2342 1721 atque
2373 1647 2620 1705 tenebras
2650 1648 2877 1722 patitur,
2909 1664 3071 1722 quam
3122 1647 3302 1722 impii,
3331 1645 3425 1722 qui

138 1753 244 1794 non
279 1736 548 1793 deleatur.
599 1734 761 1792 Fiant
804 1743 1121 1792 corruentes
1168 1735 1226 1791 in
1257 1741 1553 1809 conspectu
1581 1739 1678 1788 tuo
1708 1749 1720 1792 :
1756 1753 1800 1814 Β
1837 1737 2109 1816 praecipiti
2140 1736 2330 1809 gradu,
2361 1744 2422 1793 ut
2448 1737 2505 1792 in
2523 1737 2763 1795 cloacam
2785 1737 2988 1797 inferni
3017 1738 3424 1810 demergantur,

137 1825 193 1884 in
240 1835 487 1900 tempore
515 1825 853 1883 visitatinnis
882 1832 990 1881 tua:
1019 1824 1281 1897 peribunt
1312 1826 1527 1898 (Jerem.
1557 1839 1721 1890 xvut,

137 1911 248 1983 23).
298 1935 317 1960 ι
374 1912 658 1987 Numquid
712 1914 926 1987 Moyses
965 1929 1076 1969 non
1124 1912 1360 1970 habebat
1400 1920 1723 1985 potestatem

137 1999 427 2059 claudendi
468 2003 668 2061 ccelum
717 2009 772 2059 et
813 2003 1115 2078 aperiendi,
1157 2005 1246 2062 cui
1276 2003 1494 2062 dicebat
1523 2003 1728 2062 Domi-

137 2109 256 2162 nus,
309 2110 440 2151 cnm
492 2096 728 2170 populus
777 2104 1094 2168 peccasset:
1165 2121 1184 2145 ι
1237 2099 1467 2155 Dimitte
1511 2115 1619 2165 me,
1665 2106 1728 2158 ut

137 2183 402 2242 irascatur
453 2185 608 2241 furor
651 2202 806 2241 meus
858 2196 1048 2244 contra
1103 2203 1216 2258 eos,
1250 2197 1304 2245 et
1351 2189 1562 2246 deleam
1611 2207 1723 2259 eos,

136 2273 443 2348 faciamque
496 2281 550 2330 te
608 2274 666 2330 in
719 2284 932 2347 gentem
989 2291 1239 2348 magnam
1283 2277 1482 2348 (Exod.
1540 2295 1723 2348 χχχιι,

141 2365 223 2437 10)
273 2366 303 2422 ?
355 2389 374 2413 ›
450 2365 637 2424 Sancti
694 2366 880 2440 itaque
932 2366 1016 2423 illi
1073 2367 1404 2440 quibusdam
1468 2369 1728 2427 claudent

139 2457 354 2526 cmlum,
403 2465 466 2514 ut
513 2473 626 2515 non
661 2457 954 2516 descendat
991 2475 1154 2531 super
1194 2475 1285 2514 eos
1314 2458 1490 2516 imber
1517 2461 1728 2516 miseri-

141 2545 334 2605 cordias
383 2546 508 2617 Dei,
541 2547 620 2604 eis
668 2547 948 2617 videlicet,
998 2565 1135 2622 quos
1164 2549 1232 2608 ab
1262 2551 1540 2608 erroribus
1570 2551 1725 2607 Anti-

142 2635 329 2694 christi
377 2654 636 2696 revocare
683 2655 794 2695 non
843 2639 1123 2712 potuerint
1174 2656 1186 2695 :
1229 2641 1556 2715 quibusdam
1598 2659 1729 2700 vero

141 2727 401 2800 aperient,
455 2729 535 2785 eis
576 2728 835 2787 videlicet
863 2746 1000 2803 quos
1038 2730 1106 2787 ab
1140 2731 1418 2788 erroribus
1447 2732 1728 2789 Antichri-

139 2817 204 2875 sti
256 2819 690 2886 revocaverint;
751 2819 1095 2895 imbremque
1152 2837 1314 2893 super
1367 2837 1458 2878 eos
1514 2823 1724 2894 pluent,

135 2907 340 2979 quando
385 2907 514 2964 suis
577 2908 832 2981 precibus
880 2911 1054 2966 Deum
1097 2909 1212 2966 illis
1259 2910 1560 2984 propitium
1616 2911 1726 2969 eﬂi-

142 2995 299 3054 cient.
354 2997 464 3054 Per
512 3013 678 3072 aquas
725 3015 857 3072 quas
915 2999 973 3055 in
1027 3000 1349 3073 sanguinem
1407 3008 1728 3058 convertere

1837 1827 1980 1883 mala
2009 1827 2284 1900 operando
2315 1843 2600 1901 properare
2629 1844 2739 1884 non
2776 1826 3048 1884 desistunt
3073 1827 3101 1884 ?
3155 1827 3218 1886 In
3246 1826 3426 1900 platea

1835 1934 1967 1974 vero
1996 1919 2241 1976 civitatis
2274 1936 2505 1993 magnae,
2554 1919 2649 1975 ubi
2686 1917 2955 1976 Dominus
2995 1917 3294 1978 cruciﬁxus
3323 1926 3426 1992 est,

1834 2025 2064 2082 corpora
2100 2017 2411 2067 sanctorum
2459 2008 2800 2082 projicienda
2831 2027 2946 2067 esse
2992 2007 3380 2067 describuntur
3410 2024 3425 2076 ;

1835 2096 1964 2169 quia
1979 2097 2121 2153 sicut
2149 2113 2180 2153 a
2200 2098 2460 2154 membris
2481 2098 2687 2156 diaboli
2716 2098 2970 2158 Christus
2997 2099 3298 2157 cruciﬁxus
3325 2104 3426 2169 est,

1835 2185 1913 2244 ita
1939 2185 2006 2242 ab
2035 2186 2240 2244 eisdem
2269 2187 2310 2244 ii
2349 2188 2460 2246 duo
2487 2189 2764 2264 prophetae
2795 2189 3137 2247 occidantur.

1909 2285 2092 2358 (Vere.
2121 2286 2295 2360 9-12.)
2335 2288 2412 2344 Et
2456 2288 2703 2348 videbunt
2742 2288 2804 2346 de
2823 2290 3061 2362 populis,
3093 2295 3141 2346 et
3167 2288 3426 2359 tribubus,

1836 2383 1883 2433 et
1914 2377 2128 2449 linguis,
2157 2385 2206 2434 et
2231 2379 2465 2451 gentibus
2493 2397 2719 2453 corpora
2748 2398 2930 2437 eorum
2967 2398 3065 2455 per
3095 2388 3198 2438 tres
3225 2382 3336 2438 dies
3381 2387 3432 2438 et

1837 2465 2134 2536 dimidium,
2163 2474 2211 2526 et
2237 2485 2464 2542 corpora
2491 2486 2673 2525 eorum
2711 2487 2818 2525 non
2845 2471 3016 2526 sinent
3046 2471 3177 2542 poni
3204 2471 3261 2526 in
3306 2486 3430 2528 mo-

1834 2557 2141 2617 numentis:
2191 2564 2240 2613 et
2284 2557 2632 2615 inhabitantes
2687 2565 2886 2615 ter-ram
2934 2560 3234 2632 gaudebunt
3271 2575 3431 2615 suner

1837 2662 1940 2715 eos,
1971 2653 2020 2702 et
2061 2646 2526 2718 jucundabuntur,
2578 2655 2627 2705 et
2682 2665 2903 2709 munera
2943 2649 3147 2705 mittent
3173 2649 3425 2716 invicem;

1837 2736 2085 2807 quoniam
2131 2739 2174 2793 ii
2203 2739 2306 2795 duo
2329 2741 2600 2812 propheta:
2627 2740 2997 2797 cruciaverunt
3043 2755 3128 2795 eos
3156 2741 3249 2812 qui
3282 2739 3429 2799 habi~

1839 2826 2020 2884 tabant
2045 2835 2260 2886 terram.
2291 2833 2365 2891 Et
2405 2837 2530 2904 post
2567 2831 2677 2887 dies
2710 2838 2814 2889 tres
2841 2838 2891 2886 et
2927 2830 3203 2890 dimidium
3251 2831 3428 2905 spiri-

1839 2924 1920 2974 tus
1949 2919 2066 2975 vita:
2094 2938 2128 2975 a
2155 2923 2263 2978 Deo
2293 2923 2516 2979 intravit
2551 2923 2608 2982 in
2636 2940 2719 2981 eos
2752 2942 2763 2980 :
2800 2930 2847 2980 et
2871 2929 3121 2980 steterunt
3146 2940 3306 2996 super
3339 2940 3427 2997 pe-

1836 3008 1924 3064 des
1977 3026 2120 3078 suos,
2177 3017 2225 3066 et
2268 3012 2425 3068 timor
2453 3030 2674 3086 magnus
2720 3013 2901 3070 cecidit
2950 3031 3108 3086 super
3135 3031 3309 3072 omnes
3337 3011 3430 3087 qui

143 3082 430 3186 dicuntur,
465 3089 657 3184 populi
689 3088 1063 3186 designantur
1094 3108 1106 3186 ι
1149 3090 1371 3186 sanguis
1412 3099 1600 3186 autem
1630 3092 1728 3148 ul—
1758 3126 1802 3186 Ο
1836 3099 2084 3155 viderunt
2108 3117 2212 3158 eos.
2269 3103 2344 3158 Et
2381 3082 2667 3160 audierunt
2709 3122 2881 3161 vocem
2934 3082 3180 3178 magnam
3215 3105 3277 3161 de
3303 3082 3428 3163 caelo

144 3173 335 3232 tionem
377 3175 629 3233 divinam
674 3175 1031 3235 demonstrat.
1073 3181 1259 3251 Aquas
1300 3179 1469 3251 igitur
1505 3179 1564 3236 in
1593 3196 1723 3237 san-

143 3263 350 3336 guinem
379 3273 728 3338 convertent,
753 3267 972 3340 quando
1000 3276 1186 3341 gentes
1207 3285 1328 3343 quae
1348 3269 1497 3328 afide
1515 3269 1725 3329 Christi

143 3351 487 3412 discesserint
516 3399 532 3425 ,
570 3363 829 3430 perpetua
871 3365 1048 3414 morte
1088 3374 1204 3415 esse
1247 3359 1586 3417 damnandas
1623 3377 1723 3419 suo

135 3438 336 3515 judicio
361 3445 681 3503 decernent.

207 3541 379 3611 ('Vers.
413 3544 512 3616 7.)
544 3545 617 3600 Et
643 3561 760 3600 cum
793 3545 1030 3618 ﬁnierint
1059 3546 1407 3604 testimonium
1435 3565 1609 3620 suum,
1646 3549 1723 3606 be-

141 3629 235 3686 stia
261 3649 374 3702 qua:
401 3634 641 3690 ascendit
669 3635 730 3690 de
748 3635 952 3706 abysso,
984 3634 1143 3705 faciet
1185 3643 1368 3694 contra
1396 3655 1479 3693 eos
1509 3639 1718 3708 bellum,

141 3729 184 3779 et
216 3725 372 3784 vincet
416 3729 563 3794 illos,
616 3734 663 3784 et
707 3729 898 3784 occidet
944 3746 1048 3786 eos.
1084 3729 1266 3786 Bestia
1296 3730 1412 3788 haec
1443 3731 1720 3789 Antichri-

142 3820 274 3869 stum
302 3815 598 3889 signiﬁcat.
626 3818 806 3874 Faciet
821 3825 1006 3876 contra
1030 3837 1112 3876 eos
1139 3821 1350 3890 bellum,
1384 3822 1604 3895 quando
1631 3839 1723 3878 eos

141 3915 503 3978 persequetur:
535 3906 701 3964 vincet
717 3925 846 3965 vero
883 3909 1006 3966 illos
1034 3926 1147 3966 non
1177 3911 1488 3985 superando
1508 3912 1715 3982 verbis,

143 3990 228 4047 sed
257 3993 661 4054 interﬁciendo.

208 4081 379 4153 (Vers.
416 4085 503 4157 8.)
539 4085 690 4144 Unde
746 4095 800 4143 et
844 4087 1137 4163 sequitur:
1183 4091 1257 4146 Et
1302 4090 1493 4147 occidet
1539 4108 1644 4160 eos,
1676 4096 1722 4146 et

133 4168 365 4237 jacebunt
400 4193 629 4249 corpora
666 4195 845 4233 eorum
896 4178 953 4234 in
1000 4181 1182 4250 platea
1220 4181 1448 4236 civitatis
1495 4199 1717 4254 magnw,

141 4253 246 4329 qua:
270 4273 490 4322 vocatur
520 4267 837 4338 spiritaliter
872 4268 1101 4325 Sodoma
1135 4274 1182 4324 et
1209 4270 1474 4342 Egyptus
1506 4289 1526 4336 ;
1559 4253 1646 4326 ubi
1675 4277 1723 4326 et

140 4348 382 4410 Dominus
438 4373 624 4412 eorum
698 4359 986 4431 cruciﬁxus
1042 4365 1133 4414 est.
1190 4359 1246 4414 Si
1291 4375 1386 4432 per
1437 4360 1719 4417 civitatem

141 4454 377 4552 magnam
437 4447 740 4504 Jerusalem
809 4455 1119 4506 terrestrem
1177 4450 1515 4506 voluerimus
1561 4451 1718 4508 intel-
1758 4455 2016 4552 Dminus
2063 4457 2326 4532 loquitur,
2387 4458 2575 4516 dicens
2625 4475 2637 4515 :

1833 3190 2082 3246 dicentem
2133 3191 2294 3248 illis:
2355 3191 2630 3250 Ascendite
2687 3196 2805 3250 huc.
2846 3197 2920 3253 Et
2973 3196 3319 3251 ascenderunt
3371 3195 3430 3250 in

1833 3281 2015 3336 caelum
2042 3279 2099 3334 in
2135 3280 2287 3347 nube,
2321 3285 2368 3335 et
2412 3282 2657 3339 viderunt
2700 3283 2824 3340 illos
2851 3283 3054 3338 inimici
3081 3300 3283 3340 eorum.
3313 3285 3428 3342 Hoc

1832 3368 1878 3425 si
1908 3368 2209 3428 secundum
2242 3369 2529 3428 historiam
2574 3371 2886 3444 impleatur,
2942 3371 3262 3429 hominibus
3308 3371 3426 3445 qui-

1833 3457 1956 3516 dem
2011 3459 2376 3532 incognitum,
2433 3463 2546 3519 Deo
2603 3471 2786 3520 autem
2850 3470 2981 3520 nota
3039 3470 3170 3518 sunt
3216 3460 3422 3519 omnia.

1833 3549 2130 3606 Possumus
2179 3559 2360 3608 autem
2409 3560 2463 3608 et
2518 3568 2619 3607 nos
2670 3551 2800 3608 huic
2847 3550 3092 3608 historiae
3123 3549 3426 3625 spiritalem

1831 3637 2252 3710 intelligentiam
2282 3639 2622 3714 adjungere:
2671 3641 2765 3699 sed
2809 3641 3157 3700 temerarium
3208 3640 3429 3699 videtur

1831 3727 1983 3784 illam
2018 3727 2326 3799 historiam,
2361 3748 2524 3805 quam
2556 3738 2702 3796 545
2734 3733 3118 3806 intelligimus,
3151 3731 3430 3806 spiritali-

1829 3827 1933 3885 bus
1957 3831 2207 3889 sensibus
2236 3832 2378 3888 velle
2407 3833 2692 3890 adornare.
2723 3833 2942 3890 Nullam
2970 3832 3172 3906 quippe
3199 3830 3427 3887 domum

1830 3928 1986 3977 extra
2041 3921 2225 3992 positi,
2285 3921 2518 3978 interius
2587 3937 2783 3992 ornare
2834 3922 3082 3977 valemus
3127 3937 3140 3976 :
3206 3917 3305 3974 sed
3359 3933 3429 3974 ne

1830 3991 2057 4065 omnino
2086 4009 2319 4067 tacuisse
2349 3991 2656 4078 videamui‘,
2689 4026 2858 4082 pauca
2905 4009 3178 4066 dicamus.
3231 4006 3428 4064 Possu-

1831 4113 1954 4154 mus
1988 4115 2082 4170 per
2111 4105 2219 4155 tres
2273 4098 2392 4156 dies
2439 4107 2494 4156 et
2547 4098 2845 4155 dimidium
2884 4105 2994 4154 tres
3023 4113 3198 4154 annos
3241 4105 3297 4154 et
3332 4113 3428 4154 se-

1830 4187 1936 4243 mis
1965 4187 2288 4260 intelligere,
2333 4187 2532 4262 quibus
2570 4188 2611 4244 ii
2668 4188 2779 4244 duo
2826 4187 3105 4261 propheta
3153 4187 3428 4262 praedica-

1830 4277 1942 4332 turi
1971 4285 2144 4334 sunt:
2199 4293 2294 4350 per
2341 4285 2695 4335 monumenta
2735 4294 2866 4335 vero
2907 4287 3118 4336 mentes
3170 4277 3426 4352 reprobo-

1827 4383 1952 4422 rum
1982 4365 2287 4441 intelligere
2322 4385 2628 4442 possumus.
2671 4369 2751 4425 De
2793 4367 2864 4424 iis
2905 4367 3280 4427 monumentis
3320 4369 3426 4424 Do-

2713 4483 2732 4508 ‹
2780 4459 2876 4516 Vae
2931 4458 3107 4527 vobis,
3139 4457 3342 4516 Scriba:
3371 4465 3426 4516 et

139 4527 294 4602 ligere
346 4544 571 4610 propter
612 4537 718 4596 hoc
765 4539 913 4612 quod
969 4539 1108 4598 dicit
1143 4558 1154 4596 :
1213 4541 1310 4598 Ubi
1363 4548 1410 4596 et
1463 4542 1722 4600 Dominus
1761 4527 1806 4552 υ
1830 4527 2272 4621 Ρῒιειιὶεωὶ,’ίιιιὶει
2299 4527 2430 4606 estis
2457 4549 2600 4607 sicut
2628 4549 2877 4622 sepulcra
2921 4547 3194 4616 dealbata,
3241 4563 3362 4620 qua:
3391 4563 3424 4606 a

141 4635 308 4678 eorum
354 4627 642 4699 cruciﬁxus
688 4636 778 4697 est,
824 4646 855 4685 a
891 4631 1121 4687 veritate
1165 4631 1540 4691 aberrabimus
1573 4634 1712 4707 (10);

141 4723 201 4764 eo
239 4715 380 4784 quod
418 4716 517 4773 illa
544 4717 844 4775 Jerusalem
885 4736 1058 4793 usque
1101 4721 1170 4776 ad
1218 4722 1397 4779 solum
1441 4723 1720 4781 destructa

141 4797 223 4868 sit,
274 4810 325 4858 et
369 4805 472 4862 ista
521 4823 641 4880 quae
689 4824 788 4879 pro
836 4825 897 4864 ea
943 4810 1211 4867 aediﬁcata
1255 4821 1356 4881 est,
1393 4830 1504 4870 non
1553 4813 1610 4870 in
1653 4829 1718 4869 eo

142 4887 270 4959 loco,
302 4899 394 4950 sed
444 4895 500 4952 in
547 4897 656 4952 alio
700 4898 805 4954 sita
837 4914 951 4954 esse
979 4898 1196 4956 dicatur
1229 4920 1240 4958 :
1274 4919 1450 4976 neque
1481 4903 1718 4960 Sodoma

140 4983 191 5030 et
213 4978 480 5054 Egyptus
526 4985 761 5042 dicenda
805 4994 906 5055 est,
937 5004 1000 5042 eo
1031 4989 1177 5060 quod
1203 5007 1234 5046 a
1263 4991 1591 5049 Christianis
1621 4991 1718 5048 in-

139 5068 358 5156 colatur.
409 5075 692 5149 Simulque
739 5078 1200 5136 considerandum
1245 5083 1372 5154 quia
1402 5085 1716 5156 ubicunque

141 5153 193 5210 in
245 5157 346 5218 hoc
398 5163 538 5221 libro
576 5165 774 5223 civitas
834 5183 1029 5240 magna
1073 5153 1320 5242 ponitur,
1378 5153 1716 5245 Babylonem

141 5261 251 5318 quae
295 5259 374 5308 est
412 5252 607 5313 civitas
657 5256 885 5326 diaboli,
934 5266 989 5315 et
1036 5273 1107 5314 ex
1159 5259 1417 5316 omnibus
1473 5261 1718 5334 reprobis

141 5347 362 5411 constat,
401 5344 692 5416 signiﬁcat.
743 5347 900 5416 Quod
942 5357 1125 5406 autem
1159 5349 1217 5405 in
1245 5351 1423 5424 platea
1475 5351 1718 5409 civitatis

205 5541 282 5630 (9)
313 5546 513 5630 omnes
552 5553 732 5630 edit,
767 5557 1024 5630 Jeremias
1080 5561 1265 5618 amicis
1318 5563 1475 5630 suis;
1529 5577 1719 5622 omnes

141 5624 262 5672 mss.
291 5621 508 5693 melius,
537 5621 796 5686 Jeremias
824 5629 1056 5690 inimicis
1083 5634 1213 5692 suis.

1827 4637 1962 4694 foris
1995 4639 2216 4712 quidem
2247 4642 2510 4699 videntur
2552 4641 2808 4711 candida,
2856 4640 3189 4696 intrinsecus
3233 4645 3421 4698 autem

1828 4727 1988 4800 plena
2033 4737 2161 4785 sunt
2200 4730 2353 4786 omni
2398 4729 2752 4787 immunditia
2806 4737 2860 4785 et
2905 4728 3121 4785 ossibus
3176 4735 3418 4784 mortuo-

1829 4839 1950 4878 rum
1984 4822 2196 4895 (Matth.
2228 4841 2391 4892 χχιιι,
2422 4825 2537 4896 27).
2571 4849 2590 4873 ι
2633 4824 2723 4880 Sic
2746 4831 2799 4880 et
2843 4840 2942 4879 vos
2969 4840 3001 4879 a
3027 4822 3165 4880 foris
3193 4821 3420 4896 quidem

1828 4912 2028 4984 paretis
2057 4911 2376 4969 hominibus
2403 4912 2563 4986 justi,
2590 4913 2741 4968 intus
2770 4920 2949 4969 autem
2983 4913 3130 4986 pleni
3161 4911 3293 4970 estis
3327 4928 3425 4969 ra-

1828 5004 1958 5076 pina
2003 5011 2058 5060 et
2099 5003 2410 5078 iniquitate.
2458 5005 2522 5060 In
2567 5003 2943 5061 monumentis
2991 5005 3159 5078 igitur
3203 5002 3423 5074 reprobi

1827 5109 2057 5168 corpora
2085 5101 2397 5151 sanctorum
2447 5110 2557 5150 non
2604 5093 2788 5150 sinent
2835 5095 2993 5167 poni;
3040 5093 3170 5167 quia
3221 5093 3422 5152 doctri-

1829 5198 1955 5239 nam
1986 5183 2210 5240 illorum
2238 5199 2270 5240 a
2289 5183 2565 5242 mentibus
2589 5182 2704 5242 suis
2732 5181 3016 5256 abjicient.
3048 5183 3207 5253 Quod
3237 5191 3421 5246 autem

1829 5280 1951 5346 post
1979 5273 2096 5331 dies
2125 5282 2235 5331 tres
2262 5283 2318 5332 et
2341 5274 2637 5332 dimidium
2667 5275 2895 5350 spiritus
2926 5275 3055 5334 vita)
3099 5291 3132 5331 a
3171 5277 3286 5335 Deo
3322 5274 3422 5332 ιιι-ο

1829 5369 1972 5419 trare
2008 5363 2068 5419 in
2124 5379 2215 5442 eos
2267 5365 2494 5436 dicitur,
2541 5373 2596 5422 et
2651 5373 2793 5423 stare
2841 5383 3004 5440 super
3051 5364 3215 5440 pedes
3267 5382 3418 5436 suos,

1903 5565 2132 5642 (10)_I_ta
2169 5584 2332 5642 msszg
2364 5577 2419 5627 at
2437 5568 2570 5626 edit.
2603 5585 2634 5626 e
2660 5571 2960 5642 contrario,
2991 5591 3026 5629 a
3053 5571 3273 5629 veritate
3309 5588 3414 5630 non

1828 5637 2212 5697 aberrabimus.
2247 5639 2431 5700 Minus
2450 5640 2756 5700 commode.
