3902 6198
418 145 524 203 955

1439 144 1536 198 AD
1576 142 1810 199 OPEBA
1848 142 1902 197 S.
1942 139 2274 196 AMBROSII
2312 138 2693 197 APPENDIX.

3667 144 3769 201 956

416 267 835 327 resurrectionis
903 273 1119 339 tempus
1192 265 1439 338 accipere
1505 281 1816 336 possumus,
1870 265 2015 337 quod
2044 268 2093 325 Α
2125 265 2267 320 rium
2321 272 2689 322 commutatus
2734 272 2861 333 est;
2912 265 3042 338 quia
3092 265 3277 322 Judaei
3322 264 3763 324 observationes

416 369 539 435 post
560 350 670 418 tria
704 368 949 432 tempora
976 367 1030 414 et
1058 356 1376 424 dimidium,
1401 356 1655 429 quamvis
1678 372 1787 410 non
1804 354 2012 423 statim,

417 450 474 507 in
504 450 762 524 proximo
794 457 977 504 tamen
1006 446 1120 503 ﬁet.
1157 446 1393 502 Stabunt
1422 445 1623 519 quippe
1662 460 1825 518 super
1854 443 2019 516 pedes

416 560 567 613 suos,
600 540 821 617 quando
869 546 993 612 post
1049 537 1467 594 resurrectionis
1525 543 1759 608 tempus,
1815 542 2019 607 quanta

422 633 495 702 sit
579 648 770 688 eorum
828 629 1009 684 virtus
1056 635 1219 699 atque
1274 624 1701 696 magniﬁcentia,
1757 625 2019 681 omnibus

416 722 605 796 impiis
662 718 1125 778 manifestabitur.
1183 718 1372 773 Timor
1420 733 1552 772 vero
1605 732 1834 788 magnus
1864 715 2020 771 cadet

416 829 579 884 super
608 810 868 867 inimicos
906 823 1120 874 eorum,
1162 823 1287 863 cum
1335 806 1578 862 viderint
1611 822 1746 873 eos;
1795 806 1923 879 quia
1960 805 2020 861 in

415 901 505 957 die
530 899 733 972 judicii
785 914 909 952 cum
944 895 1187 951 viderint
1242 913 1353 964 eos,
1400 896 1739 969 gloriamque
1770 895 2017 965 illorum,

422 988 792 1047 turbabuntur
828 986 1025 1042 timore
1068 985 1347 1054 horribili,
1396 986 1681 1043 dicentes:
1729 1009 1748 1032 ι
1796 987 1841 1042 Ii
1894 992 2022 1042 sunt

424 1097 563 1155 quos
608 1076 906 1151 aliquando
956 1076 1253 1132 habuimus
1278 1076 1336 1130 in
1365 1075 1631 1141 derisum,
1662 1083 1716 1132 et
1748 1076 1807 1131 in
1828 1075 2022 1132 simili-

421 1169 673 1227 tudinem
704 1166 1047 1241 improperii.
1106 1166 1217 1222 Nos
1272 1166 1534 1221 insensati
1590 1166 1760 1221 vitam
1797 1166 2021 1221 illorum

420 1258 834 1318 aestimabamus
867 1256 1159 1325 insaniam,
1191 1265 1244 1312 et
1273 1255 1436 1312 ﬁnem
1486 1255 1709 1312 illorum
1748 1255 1867 1312 sine
1912 1256 2022 1311 ho-

418 1370 573 1412 nore.
605 1351 899 1421 Quomodo
929 1348 1236 1423 computati
1278 1357 1408 1405 sunt
1451 1348 1597 1404 inter
1635 1347 1782 1403 ﬁlios
1820 1347 1940 1416 Dei,
1969 1353 2021 1402 et

422 1443 569 1503 inter
619 1449 840 1499 sanctos
881 1457 999 1497 sors
1027 1440 1251 1496 illorum
1280 1446 1361 1495 est
1393 1439 1545 1510 (Sap.
1596 1455 1655 1505 v,
1704 1437 1865 1510 3-5)?
1892 1460 1909 1483 ι
1952 1435 2025 1493 Et

420 1536 551 1611 quia
577 1532 879 1592 Malachias
908 1530 1175 1605 propheta
1206 1546 1275 1585 ex
1317 1545 1547 1602 persona
1584 1528 1808 1584 Domini
1850 1527 2022 1600 loqui-

2126 355 2322 427 legales
2351 362 2690 426 respuentes,
2718 355 3024 411 doctrinam
3056 356 3359 429 Evangelii
3388 357 3718 429 suscipient
3745 380 3757 415 :

2126 465 2244 521 quae
2281 454 2502 519 propter
2549 456 2755 520 septem
2790 447 2934 503 dona
2962 448 3205 521 Spiritus
3237 449 3424 505 sancti
3450 465 3557 520 per
3582 459 3760 523 septe

2127 537 2342 592 narium
2374 553 2664 594 numerum
2699 537 3078 609 designantur.
3105 538 3332 611 Septem
3385 554 3528 610 ergo
3580 540 3758 595 millia

2128 634 2345 682 mortua
2389 642 2505 683 esse
2551 626 2975 696 describuntur;
3008 629 3139 701 quia
3171 629 3503 685 morientur
3531 628 3756 686 diabolo

2128 726 2189 772 ut
2220 717 2412 772 vivant
2462 719 2616 773 Deo:
2674 717 2874 789 reliqui
2916 734 3047 773 vero
3101 718 3198 791 qui
3246 718 3308 774 in
3359 718 3577 774 timore
3634 729 3755 777 sunt

2128 806 2305 875 missi,
2342 808 2543 863 electos
2574 816 2798 862 caeteros
2827 805 3136 879 designant,
3189 808 3289 880 qui
3326 807 3603 865 videntes
3634 826 3756 865 con-

2129 898 2437 953 versionem
2490 897 2803 953 Iudaeorum
2863 905 3028 971 atque
3082 898 3340 954 divinam
3399 899 3755 971 Scripturam

2131 990 2187 1044 in
2220 988 2333 1043 illis
2363 1006 2477 1044 esse
2508 989 2857 1060 completam,
2908 989 2965 1043 in
2997 989 3196 1045 timore
3224 989 3327 1045 Dei
3359 997 3539 1062 atque
3568 1007 3756 1048 amore

2133 1077 2444 1150 proﬁcient,
2471 1079 2754 1150 Deumque
2775 1093 2876 1149 pro
2896 1093 3087 1134 eorum
3116 1079 3496 1136 conversione
3529 1079 3755 1137 laudare

2133 1184 2242 1222 non
2274 1167 2556 1223 desistant.

2205 1268 2391 1339 (Vers.
2426 1267 2540 1339 14.)
2596 1267 2682 1325 Vos
2727 1267 3009 1322 secundum
3049 1266 3203 1335 abiit,
3248 1274 3299 1322 et
3347 1285 3463 1324 ecce
3518 1287 3603 1325 var
3658 1278 3752 1325 ter-

2134 1359 2261 1414 tium
2316 1358 2483 1413 veniet
2519 1358 2638 1414 cito.
2670 1359 2766 1415 Vae
2814 1360 3037 1415 tertium
3067 1359 3138 1416 ad
3174 1375 3238 1414 ea
3276 1361 3451 1429 mala,
3505 1377 3636 1434 qua
3666 1379 3755 1435 per

2131 1448 2536 1505 Antichristum
2584 1448 2828 1506 facturus
2876 1456 2958 1506 est
3006 1449 3283 1516 diabolus,
3314 1449 3390 1505 ad
3418 1450 3585 1508 diem
3608 1451 3754 1524 judi-

2130 1540 2202 1596 cii
2239 1539 2495 1611 pertinet.
2528 1540 2601 1594 Et
2639 1540 2769 1613 quia
2797 1541 3050 1613 superius
3075 1542 3333 1613 angelum
3387 1558 3570 1613 quem
3611 1542 3752 1599 vidit

420 1635 533 1695 tur,
564 1624 754 1682 dicens
779 1641 791 1679 :
829 1646 847 1669 ι
875 1623 1017 1678 Ecce
1046 1637 1144 1693 ego
1163 1619 1375 1674 mittam
1402 1617 1561 1674 vobis
1589 1618 1770 1673 Eliam
1794 1617 2023 1690 prophe-
2052 1630 2099 1691 Β
2134 1638 2277 1686 διειτο
2307 1645 2471 1701 supra
2502 1646 2651 1684 mare
2700 1637 2755 1684 et
2783 1646 2947 1703 super
2975 1638 3199 1699 terram,
3229 1629 3453 1701 jurasse
3485 1632 3636 1688 dicit
3664 1649 3753 1705 per

420 1728 557 1788 tam,
592 1717 689 1792 qui
727 1721 1016 1774 convertat
1043 1711 1209 1769 corda
1240 1721 1453 1783 patrum
1483 1710 1550 1767 ad
1587 1710 1733 1767 ﬁlios
1764 1710 2016 1783 (Malach.

418 1829 501 1880 ιγ,
531 1810 585 1878 5,
617 1808 719 1880 6);
774 1829 794 1854 ι
865 1811 919 1860 et
974 1812 1171 1860 caetera
1211 1818 1331 1875 qua
1362 1810 1667 1875 sequuntur
1701 1820 1711 1857 :
1744 1801 2024 1858 credimus

420 1899 639 1957 Iudaeos
670 1913 767 1970 per
795 1893 1244 1969 praedicationem
1273 1892 1432 1960 Elim,
1456 1891 1600 1948 sicut
1622 1890 2017 1963 superius(il),

418 1997 581 2064 prout
611 1986 913 2062 potuimus,
963 1983 1486 2052 demonstravimus,
1535 1981 1603 2037 ad
1652 1981 1817 2037 ﬁdem
1864 1981 2021 2039 Chri-

421 2081 493 2138 sti
528 2094 649 2135 esse
701 2074 1123 2133 convertendos.
1180 2074 1479 2129 Possumus
1536 2079 1719 2127 autem
1760 2087 1855 2142 per
1883 2070 2021 2127 duos

419 2177 584 2227 testes
612 2167 851 2225 duorum
894 2166 1227 2238 populorum
1259 2162 1646 2237 praedicatores
1692 2162 2020 2234 intelligere,

417 2262 735 2319 Iudaeorum
793 2257 1056 2313 videlicet
1118 2264 1282 2329 atque
1332 2255 1599 2327 gentium.
1658 2253 1765 2322 Qui
1828 2253 2023 2310 diebus

420 2350 575 2407 mille
612 2347 868 2405 ducentis
897 2346 1181 2419 sexaginta
1229 2345 1607 2419 prophetaturi
1665 2360 1780 2400 esse
1815 2344 2024 2401 dicun-

419 2448 546 2506 tur;
582 2437 711 2511 quia
738 2436 890 2492 omni
926 2444 1171 2509 tempore
1204 2451 1314 2508 quo
1344 2433 1675 2491 Antichristi
1711 2434 2017 2506 persecutio

422 2537 589 2603 atque
645 2525 895 2600 deceptio
961 2540 1057 2600 per
1111 2525 1434 2581 universum
1497 2524 1684 2580 orbem
1742 2522 2019 2592 desaeviet,

423 2633 781 2695 quoscunque
838 2622 1117 2690 poterunt,
1166 2613 1235 2671 ad
1271 2614 1419 2670 viam
1467 2613 1716 2670 veritatis
1766 2612 2023 2670 reducere

420 2712 742 2770 studebant.

500 2813 683 2885 (Vers.
720 2809 834 2881 13.)
866 2811 941 2867 Et
967 2810 1026 2865 in
1062 2810 1162 2866 illa
1190 2810 1327 2865 hora
1352 2808 1526 2880 factus
1551 2813 1625 2863 est
1673 2813 1829 2863 terra:
1854 2812 2024 2863 motus

424 2916 666 2973 magnus.
722 2899 882 2957 Nunc
931 2898 999 2955 ad
1047 2898 1271 2954 initium
1328 2896 1733 2970 praedicationis
1787 2895 1923 2951 Eliae
1970 2904 2025 2952 et

2133 1719 2412 1774 viventem
2443 1719 2501 1773 in
2532 1727 2795 1775 aeternum
2822 1738 2836 1787 ;
2868 1719 2997 1792 quia
3039 1719 3098 1774 in
3144 1719 3344 1775 diebus
3392 1721 3635 1793 septimi
3665 1738 3753 1777 an-

2134 1809 2278 1882 geli,
2330 1826 2457 1865 cum
2507 1810 2735 1881 coeperit
2780 1810 2912 1865 tuba
2955 1826 3152 1865 canere
3182 1853 3197 1877 ,
3256 1812 3752 1869 consummabitur

2133 1899 2457 1971 mysterium
2492 1901 2613 1969 Dei,
2645 1900 2793 1973 quod
2832 1900 3232 1972 evangelizavit
3262 1918 3361 1973 per
3391 1918 3596 1959 servos
3622 1920 3749 1959 suos

2134 1988 2607 2062 prophetas,diem
2633 1988 2837 2061 judicii
2864 1988 3108 2046 breviter
3136 2007 3341 2063 ponere
3371 1991 3591 2061 voluit,
3609 1992 3748 2049 etad

2134 2080 2276 2134 mala
2304 2079 2637 2136 Antichristi
2667 2088 2856 2153 postea
2898 2079 3173 2136 narranda
3220 2081 3557 2137 revertitur.
3593 2081 3745 2149 Quod

2134 2167 2179 2225 si
2208 2167 2501 2239 diligenter
2530 2168 2876 2241 inspicimus,
2911 2169 3227 2226 videbimus
3274 2186 3403 2226 eum
3447 2170 3566 2227 hoc
3607 2171 3745 2228 ordi-

2134 2264 2260 2313 nate
2316 2256 2540 2325 fecisse;
2602 2258 2809 2315 scimus
2866 2274 3105 2331 namque
3158 2258 3292 2332 quia
3342 2259 3745 2332 praedicatum

2133 2348 2329 2417 sancti,
2362 2350 2457 2421 qui
2487 2349 2545 2404 in
2571 2349 2680 2405 ﬁne
2728 2348 2923 2405 mundi
2970 2349 3237 2406 nascituri
3284 2358 3445 2420 sunt,
3474 2352 3591 2409 hoc
3617 2369 3745 2425 pra-

2134 2437 2415 2507 dicabunt,
2477 2438 2623 2511 quod
2675 2438 2793 2495 dies
2838 2438 3061 2495 Domini
3120 2439 3179 2495 in
3223 2440 3487 2511 proximo
3540 2440 3655 2509 sit;
3687 2450 3744 2497 ut

2135 2544 2270 2601 quos
2316 2527 2800 2585 exhortationibus
2854 2529 2923 2585 ad
2973 2530 3120 2585 viam
3164 2530 3421 2586 veritatis
3479 2531 3743 2588 reducere

2133 2633 2247 2673 non
2276 2618 2576 2690 potuerint,
2625 2618 2818 2674 saltem
2876 2617 3182 2675 terroribus
3228 2617 3298 2674 ad
3349 2620 3742 2692 paenitentiam

2134 2715 2457 2781 provocent.
2509 2707 2582 2763 Et
2637 2707 2765 2779 quia
2812 2714 2939 2763 ante
2989 2707 3404 2780 persecutiones
3456 2709 3741 2766 Antichri-

2134 2797 2226 2866 sti,
2258 2796 2375 2853 dies
2415 2795 2617 2869 judicii
2671 2796 2901 2868 incipiet
2948 2796 3255 2869 praedicari,
3287 2798 3554 2855 eumdem
3597 2799 3740 2856 diem

2129 2885 2330 2959 judicii
2359 2886 2596 2942 Joannes
2623 2892 2783 2941 antea
2811 2902 3012 2958 ponere
3040 2886 3239 2954 voluit,
3292 2903 3467 2961 quam
3505 2887 3581 2944 ad
3610 2904 3739 2962 per-

424 2988 619 3046 Enoch
650 2988 969 3045 revertitur.
1004 2987 1183 3043 Terrae
1212 2993 1414 3054 motus,
1462 2986 1604 3042 sicut
1632 2985 1882 3057 superius
1904 2983 2017 3055 jam
2057 2992 2100 3053 ο
2137 2975 2449 3034 secutiones
2475 2975 2650 3048 ipsius
2679 2975 3013 3033 Antichristi
3044 2976 3321 3033 narrando
3350 2977 3597 3034 veniret.

420 3080 698 3149 diximus,
729 3079 1031 3137 motionem
1064 3078 1314 3135 cordium
1350 3078 1488 3133 solet
1506 3077 1789 3150 designare
1818 3095 1829 3133 :
1861 3083 2022 3132 terra;

427 3177 613 3227 motus
658 3177 792 3227 tunc
839 3169 952 3238 ﬁet,
1011 3185 1136 3225 cum
1169 3184 1266 3242 per
1306 3166 1748 3241 praedicationem
1801 3165 1939 3221 Elia;
1969 3171 2023 3219 et

419 3259 615 3317 Enoch
646 3259 810 3315 multi
840 3257 909 3314 ad
939 3257 1340 3331 pmnitentiam,
1395 3256 1557 3313 multi
1586 3255 1655 3311 ad
1700 3254 1865 3311 ﬁdem
1896 3269 2022 3309 con-

424 3359 731 3407 vertentur.
760 3352 837 3405 Et
862 3350 1063 3404 decima
1087 3365 1221 3420 pars
1267 3347 1496 3403 civitatis
1540 3346 1742 3401 cecidit.
1793 3346 1914 3401 Non
1942 3359 2021 3399 sa-

421 3456 527 3495 nus
556 3455 750 3495 sensus
778 3436 919 3492 mihi
967 3436 1193 3491 videtur
1250 3452 1387 3502 esse,
1448 3445 1511 3492 ut
1565 3452 1661 3508 per
1710 3434 2017 3501 civitatem,

418 3525 578 3597 cujus
607 3524 824 3579 decima
853 3538 978 3593 pars
1010 3520 1232 3589 cecidit,
1277 3521 1547 3577 Ecclesim
1605 3520 2018 3592 intelligamus;

419 3628 483 3667 eo
527 3610 674 3685 quod
728 3609 823 3665 hic
887 3624 1067 3664 sermo
1124 3609 1193 3664 ad
1257 3608 1537 3664 civitatem
1586 3610 1757 3681 magis
1813 3608 2021 3665 diaboli

420 3715 585 3774 quam
641 3697 709 3755 ad
761 3696 1044 3753 civitatem
1101 3695 1201 3751 Dei
1241 3694 1518 3765 respiciat.
1552 3694 1709 3750 Illius
1738 3711 1865 3766 ergo
1888 3696 2020 3752 civi-

421 3788 555 3846 tatis
584 3787 643 3844 in
690 3786 797 3843 hoc
834 3785 955 3843 loco
1000 3785 1271 3842 decimam
1314 3791 1523 3858 partem
1565 3782 1834 3840 corruisse
1864 3784 2020 3855 dicit,

421 3896 585 3955 quam
651 3879 906 3953 superius
959 3876 1262 3935 civitatem.
1290 3891 1566 3948 magnam,
1620 3874 2024 3949 Sodomamque

420 3979 476 4029 et
509 3973 811 4046 Egyptum
840 3970 1087 4039 vocavit,
1143 3978 1196 4027 et
1251 3968 1309 4025 in
1360 3967 1523 4040 cujus
1574 3969 1751 4042 platea
1798 3985 2026 4041 corpora

422 4072 739 4120 sanctorum
774 4080 870 4135 per
908 4071 1020 4119 tres
1048 4062 1165 4119 dies
1213 4072 1270 4119 et
1294 4061 1590 4120 dimidium
1633 4062 1905 4136 insepulta
1927 4062 2024 4136 ja—

422 4171 545 4212 cere
599 4153 883 4211 dicuntur.
943 4157 1013 4210 Et
1066 4156 1197 4229 quia
1246 4173 1342 4228 per
1390 4156 1675 4212 denarium
1733 4172 2023 4212 numerum

424 4257 568 4315 saepe
595 4242 686 4299 lex
715 4241 1052 4313 designatur,
1086 4260 1151 4299 eo
1203 4244 1351 4316 quod
1408 4245 1495 4300 lex
1552 4262 1650 4318 per
1704 4245 2021 4317 decalogum

421 4330 494 4387 sit
527 4337 790 4403 accepta;
850 4345 1144 4401 possumus
1192 4348 1288 4402 per
1341 4331 1610 4387 decimam
1660 4342 1865 4404 partem
1904 4350 2023 4407 quae

423 4422 655 4492 corruit,
696 4420 913 4477 Iudaeos
935 4420 1312 4477 observatores
1362 4423 1496 4493 legis
1548 4424 1875 4495 intelligere,
1931 4426 2026 4497 qui

422 4527 519 4585 per
547 4509 999 4584 praedicationem
1044 4509 1183 4566 Elian
1211 4509 1375 4566 ﬁdem
1408 4509 1615 4566 Christi
1642 4513 2023 4585 suscipientes,

422 4618 453 4656 a
483 4600 711 4658 civitate
740 4599 950 4677 diaboli
999 4606 1260 4658 corruent
1292 4607 1347 4655 et
1380 4598 1767 4673 praecidentur.
1800 4603 1875 4657 Et
1896 4602 2021 4657 occi-

419 4711 483 4749 sa
538 4699 662 4749 sunt
716 4699 874 4749 terra;
911 4698 1055 4749 motu
1112 4691 1381 4748 hominum
1433 4697 1619 4764 septem
1669 4692 1841 4748 millia
1911 4711 1921 4748 :
1978 4702 2026 4750 et

422 4784 621 4855 reliqui
647 4784 705 4839 in
737 4784 979 4840 timorem
1032 4788 1158 4838 sunt
1198 4782 1370 4852 missi,
1415 4788 1461 4837 et
1513 4783 1767 4838 dederunt
1793 4783 2025 4855 gloriam

420 4877 533 4933 Deo
559 4874 696 4932 caeli.
728 4873 881 4932 Sicut
910 4890 1007 4947 per
1036 4872 1325 4930 denarium
1355 4888 1647 4928 numerum
1696 4873 1808 4943 lex,
1849 4873 1927 4929 ita
1971 4879 2025 4928 et

424 4981 521 5037 per
576 4965 947 5037 septenarium
994 4980 1135 5036 saepe
1191 4962 1362 5036 gratia
1416 4962 1705 5036 Evangelii
1735 4962 2021 5035 accipitur.

423 5056 567 5123 Ecce
595 5055 810 5113 decima
838 5072 962 5129 pars
983 5054 1245 5124 civitatis,
1279 5072 1441 5129 quam
1473 5072 1584 5111 non
1631 5071 1700 5111 ex
1726 5054 2023 5127 lapidibus,

425 5145 520 5205 sed
568 5162 638 5201 ex
684 5144 1010 5201 hominibus
1059 5153 1308 5201 constare
1337 5144 1646 5214 docuimus,
1685 5144 1929 5213 cecidit;
1974 5152 2027 5200 et

430 5253 545 5294 non
574 5236 761 5294 decem
795 5236 991 5306 millia,
1028 5236 1121 5293 sed
1152 5245 1360 5310 septem
1419 5237 1597 5294 millia
1643 5246 1860 5294 mortua
1911 5253 2027 5294 esse

428 5327 809 5399 perhibentur.
840 5327 1113 5386 Densrius
1149 5329 1321 5403 igitur
1369 5345 1631 5387 numerus
1676 5329 1735 5387 in
1762 5336 2023 5404 septena-

2206 3075 2388 3139 (Vers.
2420 3073 2529 3146 15.)
2560 3075 2636 3129 Ει
2681 3074 2931 3145 septimus
2967 3077 3185 3147 angelus
3230 3076 3359 3131 tuba
3383 3076 3596 3133 cecinit.
3638 3078 3735 3134 Per

2131 3165 2425 3238 septimum
2481 3164 2757 3236 angelum,
2815 3163 2958 3221 sicut
3018 3164 3285 3231 diximus,
3347 3165 3734 3237 praedicatores

2132 3254 2306 3311 sancti
2334 3254 2507 3327 quiin
2526 3253 2636 3311 ﬁne
2666 3254 2861 3311 mundi
2884 3252 3151 3310 nascituri
3172 3260 3324 3316 sunt.
3346 3252 3729 3325 designantur.

2132 3344 2283 3400 Tuba
2309 3352 2526 3414 canent,
2576 3360 2704 3401 cum
2749 3344 2980 3401 verbum
3026 3343 3127 3399 Dei
3172 3343 3616 3400 annuntiabunt.
3664 3346 3736 3401 Et

2131 3432 2287 3505 factae
2315 3440 2438 3489 sunt
2464 3451 2608 3490 voces
2637 3450 2842 3505 magnae
2865 3433 2921 3488 in
2950 3434 3094 3499 calo,
3151 3432 3395 3488 dicentes.
3435 3433 3730 3490 Possumus

2135 3539 2233 3594 per
2262 3523 2461 3578 coelum
2502 3520 2827 3589 Ecclesiam,
2858 3537 2953 3593 per
2983 3537 3146 3577 voces
3175 3536 3307 3576 vero
3337 3537 3573 3595 magnas
3602 3538 3729 3579 san-

2130 3619 2344 3667 ctorum
2376 3610 2543 3666 verba
2574 3611 2898 3683 intelligere,
2934 3610 3109 3683 quiin
3139 3610 3386 3667 adventu
3414 3612 3649 3668 Domini
3666 3611 3726 3668 ad

2126 3698 2401 3772 judicium
2440 3700 2724 3757 venientes
2767 3699 3143 3768 exsultabunt,
3175 3700 3318 3756 sicut
3348 3702 3628 3759 Dominus
3654 3702 3724 3759 di-

2131 3790 2207 3846 cit
2228 3790 2283 3845 in
2302 3789 2605 3862 Evangelio
2630 3809 2642 3846 :
2688 3789 2987 3863 «Respicite
3018 3798 3073 3846 et
3092 3790 3267 3845 levate
3296 3790 3486 3861 capita
3516 3800 3720 3859 vestra;

2133 3878 2260 3952 quia
2281 3880 2685 3954 appropinquat
2712 3878 3016 3951 redemptio
3034 3886 3218 3935 vestra
3243 3879 3397 3949 (Luc.
3432 3896 3562 3948 xxx,
3581 3880 3709 3953 28).-

2212 3974 2433 4029 Faclum
2482 3980 2557 4029 est
2598 3992 2818 4048 regnum
2845 3973 3005 4043 hujus
3035 3971 3219 4027 mundi
3244 3972 3472 4028 Domini
3499 3980 3547 4029 et
3581 3974 3720 4031 Chri-

2133 4068 2201 4123 sti
2230 4067 2364 4138 ejus,
2418 4073 2466 4121 et
2491 4064 2730 4137 regnabit
2754 4064 2811 4120 in
2847 4064 3039 4119 saecula
3070 4062 3408 4118 saeculorum.
3452 4059 3721 4135 Numquid

2133 4169 2293 4216 antea
2318 4173 2430 4213 non
2463 4165 2579 4213 erat
2605 4154 2827 4213 Domini
2857 4162 2912 4211 et
2935 4152 3280 4226 Christiejus
3312 4168 3543 4225 regnem
3572 4153 3721 4227 hujus

2134 4248 2378 4305 mundi?
2402 4248 2507 4304 Sed
2521 4262 2750 4319 regnum
2782 4245 2951 4317 hujus
2976 4244 3173 4301 mundi
3198 4243 3456 4300 homines
3489 4247 3716 4312 vocavit,

2055 4354 2103 4412 ι)
2134 4338 2190 4393 in
2222 4353 2452 4411 quorum
2492 4335 2768 4392 mentibus
2816 4342 2912 4390 aut
2958 4341 3150 4406 regnat
3197 4335 3364 4403 Deus,
3395 4342 3498 4390 aut
3548 4340 3720 4407 regnat

2135 4427 2407 4484 diabolus.
2448 4427 2658 4498 Regnat
2684 4426 2830 4481 Deus
2859 4424 2917 4480 in
2946 4423 3151 4482 sanctis
3181 4424 3295 4481 suis
3338 4442 3350 4480 :
3398 4432 3596 4498 regnat
3621 4424 3719 4482 dia-

2134 4517 2295 4574 bolus
2334 4516 2393 4571 in
2422 4514 2502 4571 eis
2530 4513 2624 4589 qui
2656 4521 2786 4569 sunt
2809 4530 2877 4569 ex
2904 4522 3059 4587 parte
3106 4512 3226 4584 ejus
3278 4531 3289 4568 ;
3324 4513 3445 4586 ipse
3494 4524 3549 4571 et
3585 4515 3717 4571 enim

2134 4624 2233 4663 rex
2261 4621 2423 4679 super
2452 4619 2644 4659 omnes
2671 4603 2816 4658 ﬁlios
2844 4602 3112 4675 superbiae
3145 4604 3266 4675 (Job
3325 4620 3441 4671 xu,
3475 4604 3599 4675 25).
3635 4605 3719 4661 Re-

2132 4714 2301 4771 gnum
2342 4695 2511 4769 igitur
2548 4694 2716 4767 hujus
2761 4693 2953 4749 mundi
3005 4693 3232 4749 Domini
3279 4700 3333 4748 et
3377 4691 3593 4750 Christi
3616 4694 3719 4766 ejus

2131 4796 2268 4844 tunc
2299 4786 2413 4853 ﬁet,
2442 4802 2566 4843 cum
2594 4784 2848 4841 diabolus
2886 4798 3012 4838 cum
3040 4782 3303 4838 omnibus
3332 4798 3475 4856 quos
3496 4784 3715 4857 decepit,

2132 4878 2190 4933 in
2224 4876 2501 4933 infernum
2523 4876 2802 4931 demersus
2830 4873 3030 4929 fuerit:
3054 4890 3181 4929 cum
3214 4872 3355 4928 illud
3389 4872 3713 4947 implebitur,

2131 4966 2279 5041 quod
2310 4966 2536 5038 angelus
2580 4963 2647 5020 ad
2683 4963 2961 5020 Danielem
2996 4962 3264 5035 loquitur,
3285 4962 3481 5019 dicens
3511 4982 3523 5019 :
3572 4989 3588 5012 α
3632 4965 3713 5021 Re-

2133 5074 2301 5131 gnum
2344 5063 2525 5112 autem
2558 5062 2615 5111 et
2645 5061 2903 5127 potestas,
2951 5070 3071 5126 quae
3103 5060 3186 5109 est
3214 5053 3406 5109 subter
3435 5070 3601 5110 omne
3627 5071 3712 5111 cm-

2134 5147 2273 5215 lum,
2298 5144 2546 5201 tradetur
2573 5144 2775 5216 populo
2803 5150 3144 5211 sanctorum,
3176 5142 3271 5215 qui
3302 5149 3386 5199 est
3401 5141 3711 5200 obtinebunt

2134 5235 2277 5292 illud
2304 5250 2477 5308 usque
2508 5234 2567 5289 in
2598 5232 2890 5302 saeculum,
2935 5239 2991 5288 et
3016 5231 3073 5288 in
3100 5233 3367 5290 saeculum
3399 5232 3709 5290 saeculorum

2134 5326 2299 5398 (Dan.
2325 5342 2426 5392 vn,
2457 5322 2573 5396 27).
2606 5348 2625 5372 ι

497 5548 615 5619 (11)
669 5546 872 5603 Omnes
920 5546 1102 5627 _edit.,
1152 5548 1396 5621 superius
1447 5548 1962 5617 demonstravimus;
2021 5564 2149 5605 mss.
2182 5556 2245 5604 ut
2273 5548 2332 5604 in
2359 5561 2605 5619 corpore.
