3902 6198
148 254 262 311 957

1038 248 1498 307 BERENGAUDI
1537 247 1910 307 EXPOSITIO
1927 224 1931 228 â€™
1949 246 2021 305 IN
2059 246 2563 307 APOCALYPSIN.

3346 236 3455 298 958

230 377 414 450 (Vers.
451 377 564 449 16.)
595 378 671 433 Et
703 377 891 449 viginti
927 381 1161 448 quatuor
1187 376 1416 431 seniores
1444 376 1536 447 qui
1566 376 1620 430 in
1639 392 1756 431 con~
1785 377 1833 436 A
1862 374 1987 432 dius
2015 374 2084 430 ad
2111 390 2173 430 ea
2192 372 2551 447 exprimenda
2578 355 2882 446 perveniat,
2918 371 2986 427 ab
3011 369 3254 426 adventu
3292 369 3453 427 Chri-

147 471 334 537 spectu
360 465 461 521 Dei
488 465 662 520 sedent
701 466 759 521 in
802 466 1007 521 sedibus
1034 464 1163 534 suis,
1198 469 1342 527 546
1380 464 1673 520 ceciderunt
1698 466 1756 519 in

148 558 322 630 facies
351 578 494 628 suas,
541 566 589 615 et
621 562 983 617 adoraverunt
1027 563 1216 629 Deum,
1247 563 1487 619 dicentes.
1530 564 1630 619 Per
1660 562 1755 618 vi-

148 648 298 721 ginti
319 656 553 720 quatuor
571 653 812 706 seniores
844 650 900 706 in
917 650 1021 706 hoc
1051 653 1169 707 loco
1184 654 1396 708 animas
1416 659 1750 719 sanctorum,

148 754 279 811 quae
310 738 365 793 in
396 739 603 795 caelesti
634 738 974 795 beatitudine
1000 758 1126 797 cum
1146 740 1384 796 Domino
1408 757 1752 797 commoran-

148 832 268 895 tur,
298 843 587 899 possumus
619 827 925 901 intelligere
952 847 964 884 :
1003 829 1157 885 sedes
1187 845 1319 885 vero
1348 829 1593 902 requiem
1617 846 1754 886 sem-

148 914 427 987 piternam
486 915 793 989 designant.
848 917 1061 989 Viginti
1106 927 1340 990 quatuor
1397 919 1638 975 seniores
1695 918 1755 974 in

155 1013 463 1077 conspectu
492 1004 595 1061 Dei
625 1005 815 1062 sedent
845 1006 901 1062 in
932 1005 1154 1062 sedibus
1182 1006 1297 1062 suis
1324 1025 1335 1063 :
1369 1007 1499 1080 quia
1528 1015 1755 1063 sancto-

148 1111 283 1150 rum
315 1095 514 1151 animae
557 1095 676 1152 sine
721 1095 1047 1168 corporibus
1087 1094 1145 1151 in
1174 1097 1381 1153 caelesti
1413 1097 1754 1154 beatitudine

148 1184 325 1240 modo
354 1201 478 1240 cum
510 1185 748 1241 Domino
778 1185 1148 1259 requiescunt.
1183 1187 1243 1242 In
1274 1187 1440 1243 facies
1467 1204 1591 1243 suas
1620 1188 1756 1245 ceci-

146 1272 359 1329 derunt
385 1281 441 1330 et
468 1273 866 1345 adoraverunt;
891 1276 1021 1350 quia
1040 1275 1217 1333 sancti
1248 1276 1344 1332 Dei
1365 1293 1489 1333 cum
1514 1277 1759 1333 viderint

143 1363 520 1436 justissimum
554 1366 654 1422 Dei
678 1365 953 1438 judicium
984 1369 1189 1441 peragi,
1224 1368 1756 1442 inenarrabilemque

147 1451 278 1525 ejus
305 1454 629 1526 potentiam,
659 1455 921 1528 dejicient
949 1474 1007 1513 se
1049 1474 1144 1530 per
1190 1457 1527 1514 humilitatis
1564 1457 1757 1530 subje-

147 1541 398 1598 ctionem
450 1541 509 1598 in
552 1531 850 1617 conspectu
882 1544 1155 1603 Creatoris
1185 1546 1292 1615 sui,
1337 1547 1573 1604 scientes
1615 1547 1756 1603 nihil

147 1647 275 1688 esse
303 1630 572 1706 quidquid
601 1641 704 1705 est,
754 1634 813 1691 in
851 1636 1263 1712 comparatione
1306 1637 1461 1694 illius
1488 1638 1582 1714 qui
1613 1639 1759 1694 Deus

148 1730 260 1781 est.

231 1825 414 1897 (Vers.
449 1825 534 1894 17,
570 1824 684 1895 18.)
721 1824 938 1881 Gratias
968 1824 1171 1896 agimus
1216 1824 1327 1890 tibi,
1359 1823 1581 1880 Domine
1616 1824 1757 1880 Deus

148 1914 503 1986 omnipotens,
535 1913 628 1985 qui
668 1931 741 1980 es,
790 1920 837 1969 et
864 1913 957 1984 qui
994 1930 1116 1967 eras
1144 1920 1378 1981 sanctus,
1427 1919 1475 1968 et
1501 1913 1593 1984 qui
1619 1929 1756 1967 acce-

140 2002 287 2074 pisti
314 2004 560 2058 virtutem
599 2009 744 2057 tuam
779 2018 1044 2074 magnam,
1094 2008 1145 2057 et
1187 2002 1440 2073 regnasti.
1491 2003 1565 2057 Et
1605 2001 1759 2056 iratae

147 2097 284 2147 sunt
318 2099 507 2164 gentes,
538 2098 585 2148 et
610 2092 820 2148 advenit
856 2092 945 2147 ira
977 2097 1087 2160 tua,
1119 2098 1166 2147 et
1193 2098 1390 2164 tempus
1425 2097 1759 2153 mortuorum

135 2180 439 2251 judicari;
478 2187 528 2236 et
558 2181 774 2236 reddere
812 2181 1090 2235 mercedem
1119 2181 1284 2236 servis
1330 2182 1433 2236 tuis
1470 2181 1757 2253 prophetis,

148 2277 206 2326 et
232 2269 454 2338 sanctis,
484 2275 533 2323 et
560 2268 854 2324 timentibus
880 2285 1068 2324 nomen
1099 2275 1267 2337 tuum,
1303 2270 1521 2340 pusillis
1557 2278 1605 2326 et
1631 2288 1760 2327 ma-

149 2359 277 2432 gnis
299 2376 313 2427 ;
346 2364 394 2413 et
406 2358 796 2414 exterminandi
815 2375 898 2413 eos
917 2359 1009 2430 qui
1023 2366 1377 2430 corruperunt
1403 2366 1598 2416 terram
1621 2360 1755 2432 (l2).

151 2452 261 2507 Est
289 2448 541 2507 Christus
586 2447 772 2515 modo,
813 2458 1100 2522 postquam
1132 2448 1412 2505 hominem
1444 2449 1756 2521 assumpsit,

161 2539 412 2613 ejusdem
460 2539 767 2596 sanctitatis
800 2556 907 2613 qua
953 2547 1007 2596 et
1044 2540 1221 2605 Pater,
1253 2538 1495 2611 ejusdem
1527 2539 1759 2597 aeterni-

154 2629 294 2687 tatis
318 2626 593 2700 ;ejusdem
621 2629 882 2700 potentiae
906 2648 917 2685 :
942 2636 1059 2686 erat
1087 2636 1140 2685 et
1159 2637 1449 2702 antequam
1476 2629 1756 2685 hominem

157 2725 481 2786 assumeret,
514 2718 742 2790 aequalis
769 2734 865 2790 per
895 2718 1082 2773 omnia
1110 2717 1277 2774 Patri.
1310 2719 1538 2790 Accepit
1574 2725 1758 2773 autem

165 2808 432 2864 virtutem
490 2823 643 2862 suam
691 2823 966 2880 magnam,
1022 2805 1242 2879 quando
1298 2822 1395 2878 per
1449 2807 1757 2878 passionem

159 2913 321 2954 suam
350 2895 632 2952 diabolum
664 2895 836 2951 vicit:
878 2895 1128 2967 regnavit
1154 2911 1305 2965 vero,
1338 2895 1559 2968 quando
1591 2912 1761 2969 genus

161 2988 469 3044 humanum
513 2986 620 3042 sibi
664 2984 933 3057 subjecit:
986 2986 1138 3042 iratae
1185 2994 1313 3043 sunt
1370 2994 1579 3058 gentes,
1631 2986 1759 3060 quia

164 3076 328 3148 impii
359 3075 613 3132 homines
641 3075 944 3132 Ecclesiam
974 3075 1073 3131 Dei
1103 3076 1371 3147 persecuti
1400 3084 1550 3145 sunt,
1582 3086 1644 3133 ut
1663 3093 1761 3134 no-

163 3182 296 3223 men
326 3166 527 3224 Christi
559 3166 629 3222 de
663 3165 871 3221 mundo
901 3166 1312 3237 exstinguerent
1338 3184 1349 3221 :
1383 3166 1641 3225 adveniet
1668 3185 1760 3224 au-

162 3263 277 3312 tem
308 3254 388 3312 ira
434 3255 556 3321 Dei,
602 3271 728 3311 cum
770 3253 888 3310 dies
908 3253 1108 3326 judicii
1147 3255 1468 3312 advenerit:
1505 3256 1763 3315 adveniet

164 3350 383 3416 tempus
410 3350 751 3399 mortuorum
780 3342 1043 3414 judicari,
1071 3342 1333 3400 videlicet
1356 3353 1417 3401 ut
1445 3347 1649 3401 mortui
1674 3348 1760 3418 ju-

161 3433 441 3491 dicentur.
475 3433 563 3490 Illi
584 3434 795 3490 scilicet
823 3434 1050 3503 mortui,
1081 3433 1176 3506 qui
1208 3434 1265 3490 in
1295 3434 1399 3492 hac
1425 3434 1541 3492 vita
1572 3436 1761 3509 positi,

161 3523 378 3580 animas
410 3540 535 3579 suas
579 3524 720 3579 male
768 3523 1009 3579 vivendo
1055 3523 1362 3580 interï¬cere
1411 3541 1522 3581 non
1552 3525 1762 3582 timue-

162 3620 316 3671 runt.
354 3616 428 3670 Et
468 3614 687 3669 reddere
731 3615 1011 3669 mercedem
1054 3614 1220 3669 servis
1262 3615 1366 3670 tuis
1400 3617 1670 3687 prophetis
1716 3623 1766 3672 et

160 3703 380 3764 sanctis.
434 3709 483 3759 et
515 3704 812 3759 timentibus
848 3721 1034 3759 nomen
1082 3711 1248 3771 tuum,
1292 3706 1509 3776 pusillis
1555 3713 1605 3761 et
1650 3723 1760 3763 ma-

160 3792 301 3865 gnis.
352 3792 465 3849 Hoc
493 3800 629 3849 tunc
669 3793 1012 3865 implebitur,
1064 3794 1283 3867 quando
1330 3795 1388 3849 in
1437 3794 1527 3851 die
1561 3793 1760 3866 judicii

161 3881 418 3938 dicturus
447 3889 529 3938 est
557 3900 568 3938 :
606 3904 626 3930 Î¹
656 3882 879 3951 Venite,
909 3882 1184 3939 benedicti
1214 3883 1392 3939 Patris
1420 3884 1548 3952 mei,
1589 3886 1761 3955 perci-

164 3971 283 4043 pite
315 3986 543 4043 regnum
590 3971 740 4042 quod
791 3971 950 4028 vobis
997 3979 1247 4045 paratum
1306 3980 1389 4029 est
1436 3973 1505 4029 ab
1550 3974 1762 4047 origine

163 4059 359 4115 mundi
392 4060 606 4131 (Matth.
643 4077 782 4128 xxv,
830 4060 944 4133 34).
976 4085 996 4109 Î¹
1038 4061 1279 4117 Pusillos
1321 4061 1447 4118 illos
1475 4070 1636 4118 vocat
1665 4062 1761 4136 qui

162 4150 398 4207 minoris
426 4160 557 4208 sunt
586 4150 767 4206 meriti
793 4167 805 4205 :
839 4166 1083 4223 magnos,
1117 4152 1211 4223 qui
1241 4151 1501 4223 majorem
1529 4153 1757 4224 gratiam

161 4240 419 4297 obtinent
461 4239 606 4312 apud
632 4243 828 4297 Deum.
861 4242 935 4296 Et
977 4241 1368 4296 exterminandi
1404 4258 1489 4295 eos
1516 4242 1611 4312 qui
1634 4259 1764 4299 cor-

158 4337 429 4401 ruperunt
472 4338 687 4387 terram.
722 4332 1082 4404 Corruptores
1110 4340 1268 4388 terrae
1314 4331 1514 4403 impios
1559 4342 1756 4391 vocat:

159 4428 272 4486 hoc
296 4435 431 4485 tunc
459 4428 803 4501 implebitur,
826 4429 1044 4503 quando
1063 4429 1244 4487 dicet:
1291 4454 1310 4478 Îµ
1336 4432 1435 4495 Ite,
1460 4428 1759 4498 maledicti,

158 4518 219 4575 in
253 4517 435 4591 ignem
483 4527 773 4587 mtemum,
806 4520 900 4592 qui
931 4526 1151 4591 paratus
1179 4526 1261 4575 est
1303 4518 1527 4575 diabolo
1557 4518 1675 4590 (13)
1709 4526 1763 4575 et

158 4608 371 4680 angelis
396 4606 515 4681 ejus
547 4608 709 4680 (Ibid.
742 4608 858 4679 41).
893 4633 911 4657 Î¹
955 4608 1059 4684 Sed
1082 4608 1435 4681 quaerendum
1466 4607 1628 4664 nobis
1656 4614 1760 4675 est,

159 4712 329 4770 quam
359 4704 559 4753 terram
589 4703 954 4769 corruperunt
994 4695 1171 4767 impii.
1206 4696 1540 4768 Semetipsos
1567 4696 1762 4768 utique

159 4786 308 4843 male
336 4787 580 4844 vivendo
620 4794 1006 4859 corruperunt,
1038 4785 1257 4859 quando
1286 4786 1343 4841 in
1374 4786 1615 4843 luxuriis
1643 4802 1760 4843 cie-

76 4888 79 4889 '
156 4876 406 4949 terisque
443 4875 599 4932 vitiis
643 4891 874 4948 corpora
916 4892 1015 4931 sua
1061 4875 1429 4931 enutrierunt.
1477 4876 1761 4947 Corrupeâ€”

158 4972 295 5021 runt
340 4973 396 5022 et
443 4965 678 5022 aliorum
708 4973 932 5034 terram,
987 4979 1177 5020 eorum
1219 4963 1480 5021 videlicet
1531 4980 1669 5037 quos
1708 4973 1763 5021 et

158 5062 349 5121 verbis
375 5073 430 5121 et
457 5064 728 5137 exemplis
754 5064 823 5121 ad
862 5064 1005 5119 mala
1051 5078 1214 5134 opera
1250 5063 1458 5134 agenda
1486 5071 1761 5134 pertraxe-

158 5162 315 5210 runt.
364 5155 527 5211 Nunc
568 5154 637 5211 ad
695 5170 759 5210 ea
795 5170 915 5227 quea
954 5152 1392 5225 praetermiserat,
1444 5151 1501 5208 id
1539 5158 1639 5219 est,
1692 5151 1760 5207 ad

157 5243 309 5299 mala
339 5242 670 5300 Antichristi
700 5242 971 5300 narranda
991 5242 1306 5298 revertitur.
1338 5242 1410 5298 Et
1436 5248 1499 5297 ut
1518 5256 1758 5297 commo-

233 5414 357 5497 (12)
390 5416 552 5473 Rom.
583 5415 728 5497 edit._
757 5418 1113 5497 resecanerat,
1159 5419 1208 5470 et
1233 5413 1452 5469 reddere
1479 5411 1763 5467 mercedem

248 5493 346 5558 qui
372 5494 731 5558 corruperunt
760 5493 977 5544 terram.

233 5554 356 5631 (13)
386 5554 719 5616 Bestituitur
746 5574 818 5615 ex
844 5576 1002 5629 mss.,
1031 5558 1129 5635 qui
1150 5563 1380 5632 paratus
1420 5561 1496 5613 est
1521 5554 1757 5623 diabolo,

151 5640 265 5692 etc.

1864 465 1933 520 sti
1969 463 2199 536 incipit,
2230 469 2389 536 atque
2423 463 2565 519 mala
2593 477 2711 535 qua;
2739 460 2985 517 Ecclesia
3030 476 3062 515 a
3085 458 3306 514 diabolo
3334 473 3453 529 pas-

1863 568 1922 609 sa
1948 559 2049 621 est,
2080 568 2534 618 commemorans,
2574 550 2809 624 qualiter
2838 548 2981 605 idem
3013 546 3267 604 diabolus
3302 561 3452 601 eam-

1864 643 1987 700 dem
2018 643 2321 699 Ecclesiam
2350 658 2446 715 per
2480 640 2885 699 Antichristum
2933 645 3177 697 evertere
3222 642 3454 692 conetur

1864 734 2127 790 annectit.

1938 823 2118 895 (Vers.
2154 822 2266 895 19.)
2298 825 2371 879 Et
2392 828 2633 894 apertum
2655 827 2727 876 est
2747 822 2991 892 templum
3016 820 3115 876 Dei
3142 820 3200 874 in
3229 819 3376 887 ctelo,
3408 823 3458 873 et

1863 914 1978 969 visa
2025 920 2098 969 est
2138 932 2268 970 arca
2324 913 2630 970 Testamenti
2659 912 2770 981 ejus
2797 911 2855 965 in
2885 911 3073 981 templo
3098 907 3228 977 ejus.
3261 908 3457 963 Possu-

1865 1022 1988 1061 mus
2018 1022 2114 1078 per
2151 1006 2415 1077 templum
2448 1004 2547 1061 Dei
2589 1003 2800 1058 beatam
2831 1000 3056 1056 Mariam
3088 997 3402 1070 intelligere
3438 1014 3451 1053 :

1865 1111 1962 1167 per
2009 1110 2188 1151 arcam
2233 1111 2364 1150 vero
2414 1092 2748 1149 Testamenti
2803 1089 3108 1157 Christum,
3157 1087 3250 1161 qui
3288 1104 3359 1143 ex
3391 1103 3457 1143 ea

1866 1200 2085 1241 carnem
2136 1184 2449 1257 assumpsit.
2496 1183 2783 1254 Templum
2831 1188 3011 1236 autem
3050 1178 3149 1236 Dei
3188 1194 3301 1233 non
3333 1176 3458 1233 ideo

1865 1281 2114 1347 apertum
2195 1271 2418 1340 dicitur,
2487 1271 2634 1345 quod
2715 1278 2904 1325 uterus
2977 1269 3149 1325 beata;
3224 1265 3459 1340 virginis

1866 1362 2050 1419 Maria:
2083 1361 2139 1417 in
2170 1361 2430 1434 pariendo
2482 1362 2780 1417 Dominum
2825 1366 3044 1432 apertus
3075 1356 3169 1425 sit,
3201 1372 3321 1430 quae
3350 1355 3460 1412 fuit

1867 1452 2025 1523 virgo
2071 1459 2198 1507 ante
2227 1459 2466 1524 partum,
2499 1451 2655 1523 virgo
2682 1450 2737 1505 in
2770 1456 2953 1521 partu,
2996 1446 3155 1521 virgo
3183 1454 3308 1519 post
3336 1462 3457 1519 par-

1867 1557 1986 1606 tum
2018 1568 2029 1606 :
2063 1549 2157 1606 sed
2187 1549 2311 1605 ideo
2349 1558 2598 1622 apertum
2629 1548 2852 1617 dicitur,
2886 1548 3015 1622 quia
3043 1563 3139 1621 per
3170 1547 3343 1620 ipsam
3375 1546 3459 1603 vi-

1867 1637 2048 1695 sibilis
2074 1638 2234 1694 nobis
2261 1638 2439 1695 factus
2474 1648 2555 1696 est
2583 1639 2855 1695 Dominus
2896 1647 3082 1694 noster
3125 1638 3280 1693 Jesus
3307 1635 3466 1696 Chri-

1787 1740 1833 1801 Î’
1868 1735 2003 1785 stus.
2039 1728 2336 1785 Possumus
2365 1728 2529 1784 etiam
2552 1745 2648 1801 per
2668 1728 2935 1799 templum
2965 1736 3124 1782 vetus
3155 1727 3463 1781 Testamen-

1865 1828 1984 1875 tum
2034 1818 2345 1890 intelligere
2389 1834 2400 1873 :
2461 1834 2557 1890 per
2601 1834 2782 1874 arcam
2830 1823 3171 1873 sacramenta
3219 1832 3341 1888 qua:
3389 1814 3462 1871 de

1867 1907 2090 1967 Christo
2119 1907 2178 1962 in
2210 1906 2385 1963 veteri
2415 1907 2766 1962 Testamento
2796 1904 3172 1962 continentur.
3198 1904 3467 1961 Veniente

1866 1999 2068 2073 quippe
2102 1998 2325 2057 Christo
2356 1998 2412 2053 in
2444 2013 2607 2053 carne
2632 2041 2647 2065 ,
2696 2005 2945 2067 apertum
2978 2004 3059 2054 est
3088 2005 3247 2053 vetus
3272 1997 3469 2053 Testa-

1867 2097 2141 2156 mentum,
2182 2086 2360 2159 'atque
2406 2084 2674 2159 spiritalis
2722 2083 3117 2157 intelligentia,
3168 2100 3290 2157 quae
3319 2084 3378 2139 in
3404 2100 3468 2140 eo

1869 2176 2096 2244 latebat,
2126 2175 2391 2232 ï¬delibus
2421 2183 2501 2231 est
2533 2175 2800 2231 revelata:
2825 2176 2899 2230 Et
2915 2173 3058 2244 facta
3075 2180 3199 2229 sunt
3223 2173 3467 2246 fulgura,

1866 2273 1918 2322 et
1940 2283 2107 2331 voces,
2158 2272 2205 2321 et
2236 2271 2395 2320 terra:
2423 2271 2627 2335 motus,
2675 2272 2723 2320 et
2756 2264 2961 2336 grando
2991 2280 3202 2336 magna.
3235 2256 3338 2321 Per
3364 2263 3471 2319 ful-

1869 2371 2022 2427 gura,
2058 2355 2323 2412 miracula
2374 2371 2496 2429 qua)
2542 2370 2638 2427 per
2666 2353 2947 2411 Christum
2982 2354 3125 2410 facta
3170 2361 3341 2410 sunt:
3375 2368 3472 2426 per

1868 2460 2031 2501 voces
2055 2460 2209 2512 vero,
2240 2443 2358 2515 ejus
2412 2442 2735 2517 praedicatio
2780 2443 3115 2515 designatur.
3146 2443 3326 2499 Terra
3355 2459 3469 2499 mo-

1869 2541 1956 2589 tus
1984 2540 2165 2589 autem
2201 2533 2503 2589 motionem
2534 2533 2787 2589 cordium
2817 2532 3106 2604 designat;
3152 2533 3289 2589 moti
3336 2540 3468 2589 sunt

1865 2638 2102 2695 namque
2132 2622 2293 2677 multi
2340 2638 2436 2693 per
2468 2621 2916 2693 praedicationem
2950 2620 3158 2679 Christi
3193 2620 3261 2676 ad
3292 2618 3465 2693 pceni-

1869 2716 2098 2773 tentiam
2147 2715 2214 2771 de
2264 2714 2508 2787 peccatis
2557 2713 2672 2770 suis
2719 2712 3077 2786 peragendam
3114 2730 3125 2768 :
3169 2711 3305 2768 moti
3336 2721 3467 2767 sunt

1869 2810 1936 2867 de
1965 2809 2294 2866 inï¬delitate
2324 2808 2393 2864 ad
2424 2808 2779 2864 ï¬delitatem:
2807 2806 2940 2862 moti
2977 2813 3106 2862 sunt
3134 2806 3202 2862 de
3232 2806 3377 2861 malo
3397 2803 3465 2862 ad

1868 2899 2075 2956 bonum
2104 2898 2246 2972 (14).
2270 2899 2341 2954 Et
2365 2898 2495 2972 quia
2526 2896 2732 2971 grando
2763 2906 2965 2954 terram
2994 2897 3132 2953 solet
3160 2903 3464 2968 percutere,

1870 3007 2159 3062 possumus
2188 3006 2284 3063 per
2314 2989 2634 3062 grandinem
2654 2987 3112 3045 comminationes
3132 2986 3275 3059 ignis
3295 2994 3468 3042 aeter-

1795 3103 1838 3164 Î±
1868 3079 1948 3147 ni,
1972 3096 2090 3152 quae
2117 3080 2172 3134 in
2200 3080 2518 3152 Evangeliis
2542 3095 2683 3150 saepe
2714 3078 3100 3146 inveniuntur,
3133 3076 3461 3149 intelligere:

1872 3167 2072 3240 quibus
2095 3167 2259 3223 corda
2280 3184 2574 3240 pravorum
2600 3166 3007 3240 percutiuntur,
3049 3173 3112 3222 ut
3142 3165 3466 3239 resipiscant

1871 3255 1939 3311 ab
1970 3255 2358 3328 iniquitatibus
2384 3257 2518 3313 suis.

1945 3352 2173 3410 CAPUT
2205 3354 2329 3410 XII.
2373 3385 2444 3394 â€”
2486 3353 2669 3425 (Vers.
2727 3353 2806 3425 1.)
2853 3354 2927 3408 Et
2960 3350 3171 3422 signum
3210 3366 3463 3422 magnum

1869 3442 2125 3513 apparuit
2178 3442 2236 3497 in
2281 3444 2425 3510 cwlo,
2465 3443 2659 3498 mulier
2704 3441 2899 3498 amicta
2945 3440 3072 3506 sole,
3116 3446 3164 3494 et
3202 3440 3331 3494 luna
3368 3439 3464 3495 sub

1864 3531 2086 3603 pedibus
2111 3530 2243 3604 ejus,
2276 3537 2325 3586 et
2350 3532 2407 3586 in
2432 3532 2597 3603 capite
2643 3530 2757 3601 ejus
2796 3547 2991 3585 corona
3030 3529 3307 3584 stellarum
3334 3529 3462 3583 duo-

1871 3621 2053 3677 decim.
2090 3622 2217 3677 Hazc
2248 3620 2449 3677 mulier
2476 3620 2779 3677 Ecclesiam
2810 3619 3098 3692 designat;
3123 3633 3465 3691 consequens

1871 3709 2072 3783 quippe
2099 3720 2231 3778 erat,
2258 3717 2319 3765 ut
2339 3719 2460 3782 post
2480 3708 2928 3782 praedicationem
2959 3707 3187 3776 Christi,
3218 3705 3336 3777 ejus
3354 3707 3463 3763 for-

1870 3815 1960 3854 ma
1987 3799 2406 3868 describeretur,
2446 3815 2611 3872 quam
2643 3796 2964 3871 praedicatio
3006 3795 3211 3853 Christi
3240 3795 3462 3867 genuit.

1870 3889 2166 3946 Possumus
2195 3898 2375 3945 autem
2400 3905 2495 3961 per
2521 3890 2722 3945 coelum
2749 3888 2807 3943 in
2839 3887 2946 3942 hoc
2975 3885 3098 3941 loco
3128 3884 3278 3941 hunc
3308 3901 3465 3939 mun-

1871 3980 2002 4037 dum
2034 3980 2340 4052 intelligere
2374 3997 2386 4034 Îµ
2413 3995 2508 4050 per
2537 3978 2754 4049 signum
2787 3991 3043 4046 magnum
3076 3973 3306 4028 salutem
3336 3989 3466 4028 ma-

1871 4086 2052 4143 gnam,
2086 4085 2249 4142 quam
2277 4068 2547 4123 adventus
2577 4074 2631 4122 et
2660 4064 2979 4137 praedicatio
3018 4062 3226 4120 Christi
3257 4062 3465 4120 mundo

1870 4158 2111 4214 contulit
2144 4175 2154 4212 :
2192 4173 2289 4229 per
2316 4156 2487 4212 solem
2517 4171 2649 4211 vero
2697 4154 2960 4213 Christus
3011 4152 3351 4223 designatur,
3378 4153 3464 4208 si-

1870 4254 1963 4303 cut
2012 4245 2159 4302 dicit
2184 4245 2451 4318 propheta
2483 4262 2495 4299 :
2543 4267 2560 4291 Î¹
2592 4243 2766 4300 Vobis
2796 4249 2978 4298 autem
3009 4239 3336 4297 timentibus
3369 4258 3464 4297 no-

1870 4355 1995 4395 men
2022 4338 2243 4396 Domini
2278 4337 2506 4405 orietur,
2539 4337 2630 4393 Sol
2657 4335 2914 4408 justitize,
2948 4343 3001 4390 et
3021 4334 3225 4390 sanitas
3257 4334 3315 4389 in
3337 4348 3468 4406 pen-

1871 4430 1957 4485 nis
1984 4429 2101 4501 ejus
2134 4430 2388 4501 (Malach.
2423 4445 2502 4493 1v,
2528 4427 2609 4499 2).
2632 4451 2651 4474 Î¹
2694 4426 2894 4483 Mulier
2923 4425 3110 4498 itaque
3129 4423 3330 4480 amicta
3348 4431 3465 4480 erat

1871 4521 2004 4587 sole,
2038 4520 2167 4593 quia
2194 4519 2402 4587 ï¬deles,
2457 4535 2526 4575 ex
2574 4518 2776 4591 quibus
2830 4517 3084 4574 Ecclesia
3127 4522 3363 4581 constat,
3404 4515 3463 4570 in

1869 4610 2194 4683 baptismate
2225 4609 2505 4666 Christum
2529 4608 2793 4674 induunt,
2816 4607 2963 4661 sicut
2982 4604 3283 4676 Apostolus
3303 4602 3463 4659 dicit:

1883 4724 1902 4748 Î¹
1933 4703 2137 4757 Omnes
2171 4700 2268 4773 qui
2316 4699 2373 4754 in
2405 4698 2627 4756 Christo
2670 4695 2932 4767 baptizati
2979 4694 3131 4760 estis,
3178 4692 3462 4750 Christum

1870 4788 2130 4845 induistis
2179 4788 2385 4857 (Galat.
2432 4803 2516 4853 Ill,
2565 4784 2681 4855 27).
2713 4808 2731 4831 Î¹
2775 4784 2878 4838 Per
2906 4783 3093 4837 lunam
3112 4796 3266 4846 vero,
3297 4797 3463 4853 quam

1870 4878 1974 4934 sub
1999 4876 2230 4948 pedibus
2286 4873 2543 4929 habuisse
2571 4871 2691 4927 visa
2737 4878 2837 4936 est,
2894 4885 3014 4941 quas
3044 4867 3242 4925 crescit
3266 4876 3321 4925 et
3357 4868 3466 4925 de-

1870 4965 2084 5033 crescit,
2118 4962 2386 5018 mundum
2418 4962 2584 5017 istum
2616 4974 2908 5031 possumus
2933 4955 3266 5029 intelligere,
3299 4973 3462 5029 quem

1870 5052 2116 5110 Ecclesia
2165 5049 2520 5124 despicienda
2548 5051 2741 5116 caleat,
2774 5055 2839 5103 ut
2867 5048 3098 5104 liberius
3120 5047 3191 5104 ad
3218 5047 3463 5105 cmlestia

1869 5142 2079 5200 tendat.
2121 5142 2248 5210 Sed,
2297 5140 2426 5214 quia
2474 5142 2606 5197 luna
2636 5146 2853 5196 noctem
2906 5137 3211 5205 illuminat,
3260 5136 3463 5194 melius

1872 5232 2011 5289 mihi
2041 5231 2280 5300 videtur,
2313 5237 2375 5285 ut
2403 5245 2499 5303 per
2541 5229 2729 5285 lunam
2761 5228 3104 5301 Scripturam
3125 5242 3334 5284 sacram
3366 5226 3466 5282 in-

1942 5403 2358 5479 (lb)â€˜l_ta_mss.;
2392 5401 2527 5479 edit.
2553 5417 2704 5479 vero,
2733 5399 2861 5456 moti
2880 5406 3012 5479 sunt_
3024 5415 3129 5471 per
3155 5398 3460 5471 ï¬delitatem

1868 5470 1961 5560 Î±Ïâ€™
1987 5470 2393 5548 infidelitate....
2455 5474 2529 5531 ad
2588 5474 2780 5530 bonum
2827 5488 2926 5545 per
2995 5470 3186 5528 bonam
3244 5485 3458 5527 coneerv

1869 5564 2087 5607 sionem.
