3902 6198
453 281 559 341 959

1460 277 1557 338 AD
1596 273 1830 332 OPERA
1869 273 1924 329 S.
1965 271 2296 331 AMBROSII
2332 269 2712 328 APPENDIX.

3666 268 3768 328 960

452 407 786 482 telligamus,
828 403 948 462 sine
975 402 1134 478 cujus
1157 403 1370 461 lumine
1401 399 1460 458 in
1489 406 1648 457 nocte
1675 396 1843 471 hujus
1865 397 2050 456 saculi
2079 400 2127 460 A
2160 404 2309 466 runt,
2359 413 2494 470 quos
2537 393 2820 469 Scriptura
2849 393 2994 450 ﬁlios
3031 393 3331 451 hominum
3380 401 3588 462 vocat;
3639 398 3764 469 quia

451 516 548 576 per
567 499 692 557 vias
718 493 1071 554 rectitudinis
1114 493 1369 552 incedere
1397 508 1507 548 non
1537 489 1804 546 valemus.
1832 489 1911 546 De
1938 487 2045 545 hoc

455 590 667 648 lumine
696 587 988 645 Psalmista
1020 584 1157 641 dicit
1200 602 1211 639 :
1275 607 1293 630 ε
1325 583 1572 640 Lucerna
1619 579 1853 654 pedibus
1910 577 2044 636 meis

451 681 684 738 verbum
718 686 900 745 tuum,
935 683 988 734 et
1017 676 1203 730 lumen
1243 671 1453 728 semitis
1479 671 1615 727 meis
1640 671 1813 740 (Psal.
1846 686 2042 739 cxvm,

453 771 600 842 105).
633 794 651 818 ι
694 767 897 824 Mulier
929 764 1099 837 igitur
1132 764 1316 819 lunam
1366 761 1468 818 sub
1509 760 1743 836 pedibus
1789 760 1908 817 suis
1936 759 2045 815 ha-

450 861 642 921 buisse
669 857 787 913 visa
816 863 934 923 est;
984 853 1113 930 quia
1163 851 1409 910 Ecclesia
1455 869 1667 925 gressus
1705 850 1904 907 mentis
1932 868 2042 907 sua

449 949 508 1008 in
539 945 827 1021 praeceptis
848 943 1162 1001 divinarum
1185 941 1587 1015 Scripturarum
1617 941 1809 1014 ﬁgens,
1837 941 1903 998 ad
1923 956 2043 997 cce-

449 1037 609 1095 lestia
637 1034 886 1110 quotidie
924 1033 1082 1090 novit
1124 1031 1364 1090 tendere.
1415 1032 1546 1100 Qua
1575 1030 1738 1088 etiam
1780 1029 1837 1089 in
1866 1031 2042 1104 capite

449 1143 553 1185 suo
581 1123 1149 1187 coronamstellarum
1180 1121 1471 1180 duodecim
1502 1121 1758 1178 habuisse
1790 1121 1908 1176 visa
1937 1128 2040 1180 est.

449 1216 628 1289 Caput
659 1214 923 1272 Ecclesia
956 1213 1210 1271 Christus
1233 1220 1336 1282 est,
1373 1210 1664 1268 duodecim
1713 1227 1841 1268 vero
1869 1212 2040 1268 stella

448 1305 742 1366 duodecim
773 1313 904 1364 sunt
931 1303 1188 1377 apostoli.
1219 1303 1515 1360 Possumus
1554 1300 1920 1357 nihilominus
1947 1317 2042 1374 per

447 1401 616 1469 caput
664 1399 881 1450 mentes
927 1391 1175 1449 ﬁdelium
1208 1391 1533 1465 intelligere.
1570 1391 1768 1448 Mulier
1816 1406 1943 1463 ergo
1982 1389 2040 1445 in

445 1484 628 1561 capite
676 1498 937 1542 coronam
983 1483 1267 1540 stellarum
1316 1480 1607 1539 duodecim
1639 1479 1893 1537 habuisse
1921 1480 2041 1537 visa

441 1581 559 1642 est;
614 1572 744 1648 quia
795 1579 1008 1629 mentes
1056 1571 1304 1630 ﬁdelium
1346 1570 1598 1629 doctrina
1626 1578 1681 1626 et
1717 1579 1870 1629 actus
1898 1572 2039 1644 Apo-

439 1663 737 1734 stolorum,
769 1678 897 1721 cum
925 1677 1018 1719 eos
1047 1661 1257 1718 imitari
1286 1669 1559 1736 satagunt,
1587 1667 1876 1719 exornant.

2151 487 2230 544 eis
2259 486 2351 560 qui
2382 486 2484 542 ﬁlii
2516 485 2616 542 Dei
2637 484 2995 551 vocabantur,
3026 483 3083 540 in
3107 484 3369 557 laqueum
3396 482 3655 540 fuerunt.
3679 486 3764 543 Se~

2151 576 2393 634 cundum
2425 583 2588 649 caput
2613 575 2820 632 diaboli
2850 575 3072 632 fuerunt
3103 573 3162 642 ii,
3184 573 3280 646 qui
3313 581 3442 647 post
3477 574 3760 633 diluvium

2153 683 2323 740 usque
2369 665 2437 722 ad
2469 666 2641 738 legem
2674 664 2936 730 fuerunt;
2987 663 3308 718 inventores
3337 662 3561 719 scilicet
3592 664 3760 721 idolo-

2153 773 2296 825 rum,
2329 755 2782 828 diversorumque
2811 769 3080 816 errorum,
3132 769 3229 826 per
3256 769 3396 826 quos
3438 771 3620 826 genus
3652 754 3760 811 hu-

2152 862 2374 901 manum
2400 845 2688 919 deceptum
2715 851 2813 900 est.
2844 842 3086 899 Tertium
3110 850 3274 915 caput
3296 842 3511 899 diaboli
3536 844 3761 902 fuerunt

2151 935 2212 1004 ii,
2245 935 2340 1010 qui
2371 945 2659 1010 postquam
2692 937 2780 991 lex
2821 932 2949 988 data
2978 940 3059 989 est
3100 933 3305 1006 populo
3333 933 3457 1001 Dei,
3493 933 3654 989 idola
3682 951 3761 991 co-

2151 1027 2263 1084 lere
2317 1026 2640 1084 suadebant.
2701 1026 2968 1094 Quartum
3025 1032 3189 1097 caput
3254 1024 3468 1081 diaboli
3534 1026 3762 1082 fuerunt

2151 1119 2273 1176 falsi
2303 1119 2601 1192 prophetae,
2652 1133 2911 1190 regesque
2958 1115 3137 1189 impii,
3195 1132 3226 1171 a
3271 1116 3477 1189 quibus
3518 1116 3761 1190 populus

2149 1214 2249 1270 Dei
2280 1212 2336 1268 in
2369 1219 2583 1269 tantum
2612 1210 2871 1282 deceptus
2915 1217 3018 1276 est,
3059 1215 3121 1263 ut
3151 1224 3250 1280 pro
3279 1207 3395 1264 suis
3435 1207 3760 1279 iniquitati-

2149 1302 2254 1358 bus
2286 1302 2342 1358 in
2373 1300 2748 1374 captivitatem
2780 1297 3090 1354 duceretur.
3124 1297 3389 1366 Quintum
3441 1305 3619 1370 caput
3649 1299 3760 1354 fueo

2149 1399 2288 1448 runt.
2308 1389 2466 1464 impii
2495 1389 2692 1458 Judaei,
2743 1387 2837 1462 qui
2885 1395 2939 1444 et
2986 1385 3287 1445 Dominum
3319 1387 3676 1455 occiderunt,
3708 1395 3760 1443 et

2148 1481 2423 1556 apostolos
2467 1479 2586 1552 ejus
2631 1477 2902 1552 persecuti
2951 1486 3101 1534 sunt.
3147 1477 3374 1534 Sextum
3423 1486 3601 1550 caput
3647 1477 3758 1534 fue-

2113 1581 2278 1631 ‘runt
2321 1579 2692 1646 persecutores
2738 1569 3018 1627 Ecclesia.
3065 1569 3370 1641 Septimum
3423 1584 3567 1627 vero
3597 1577 3758 1642 caput

2146 1663 2354 1722 diaboli
2382 1662 2487 1720 erit
2513 1660 2906 1719 Antichristus.
2934 1654 3079 1727 Qiiid
3109 1657 3424 1731 signiﬁcent
3452 1665 3647 1714 autem
3671 1658 3757 1714 de

517 1771 699 1844 (vers,
749 1769 830 1843 2,)
887 1771 964 1830 Et
1004 1769 1062 1826 in
1110 1775 1260 1826 υιενο
1320 1769 1532 1838 habens,
1587 1775 1634 1824 ει
1684 1766 1945 1824 clamabat
1979 1767 2038 1824 ίη
2065 1765 2110 1827 Β
2150 1771 2268 1812 cem
2294 1769 2520 1822 cornua,
2556 1751 2614 1808 in
2644 1749 3002 1825 sequentibus
3028 1748 3294 1817 dicemus,
3329 1749 3385 1804 in
3410 1765 3477 1804 eo
3502 1749 3637 1806 loco
3665 1748 3756 1805 ubi

439 1860 716 1918 doloribus
744 1904 762 1932 ,
811 1866 859 1916 et
903 1859 1255 1917 cruciabatur
1282 1902 1300 1929 ,
1356 1865 1416 1915 ut
1463 1864 1697 1933 pareret.
1750 1857 2037 1927 Quomodo

439 1951 626 2012 infans
672 1949 732 2008 in
778 1957 937 2008 utero
969 1949 1314 2022 coagulatur,
1361 1947 1771 2022 humanamque
1801 1948 2035 2006 formam

437 2041 642 2116 accipit
694 2048 858 2115 atque
906 2039 1341 2114 spiramentum;
1397 2036 1657 2094 similiter
1694 2047 1748 2094 et
1790 2037 2037 2095 Ecclesia

438 2131 692 2191 inﬁdeles
721 2147 992 2206 quosque,
1043 2145 1178 2204 quos
1228 2129 1287 2187 in
1338 2137 1496 2186 utero
1541 2134 1748 2202 gestat,
1780 2128 1913 2184 dum
1943 2145 2036 2187 eos

439 2221 795 2298 pradicando
843 2219 1040 2278 tandiu
1088 2219 1302 2289 nutrit,
1333 2235 1508 2294 usque
1555 2218 1687 2275 dum
1734 2217 2029 2277 humanam

439 2314 675 2372 formam
706 2312 1000 2387 accipiant,
1049 2311 1107 2368 id
1149 2320 1260 2382 est,
1292 2327 1465 2385 usque
1495 2311 1628 2368 dum
1659 2309 1718 2367 in
1750 2309 2031 2368 Christum

441 2405 689 2474 credant,
738 2411 901 2478 atque
947 2401 1189 2461 animam
1231 2403 1537 2478 spiritalem
1584 2401 1878 2475 accipiant,
1910 2419 2031 2477 qua

434 2494 494 2552 in
525 2494 800 2568 baptismo
845 2493 1029 2563 datur,
1078 2510 1203 2551 cum
1253 2493 1571 2553 efﬁciuntur
1600 2498 1746 2556 547
1773 2492 1871 2552 Dei
1902 2492 2027 2550 ﬁlii.

437 2572 592 2632 Unde
623 2579 675 2630 et
724 2574 961 2632 clamare
1005 2573 1066 2630 in
1110 2571 1396 2629 doloribus
1443 2573 1670 2642 dicitur,
1712 2581 1766 2631 et
1793 2571 2028 2631 cruciari

439 2671 501 2722 ut
558 2663 770 2739 pariat;
825 2665 1024 2723 clamat
1073 2679 1311 2738 namque
1362 2663 1610 2722 Ecclesia
1656 2661 2025 2737 pradicando,

431 2755 631 2814 clamat
672 2754 838 2812 etiam
883 2771 982 2828 pro
1032 2753 1349 2812 auditorum
1393 2769 1616 2812 suorum
1647 2752 1821 2810 salute
1851 2753 2026 2810 Deum

435 2842 802 2919 deprecando.
854 2842 1148 2903 Cruciatur
1175 2859 1304 2900 vero
1351 2849 1414 2901 ut
1455 2841 1649 2916 pariat,
1702 2857 1830 2898 cum
1879 2841 2027 2912 luget

431 2951 545 3004 eos,
579 2951 716 3011 quos
743 2934 802 2991 in
833 2933 1071 3009 peccatis
1094 2931 1276 3007 jacere
1317 2933 1608 3006 conspicit,
1639 2931 1788 2994 sicut
1825 2931 2026 2988 Paulus

429 3028 710 3102 apostolus
737 3025 1156 3086 inﬁrmantibus
1185 3025 1474 3100 discipulis
1506 3025 1770 3099 loquitur,
1794 3024 1984 3082 dicens
2008 3042 2020 3082 :

2148 1846 2350 1902 mulier
2393 1843 2658 1900 meretrix
2705 1857 2872 1915 super
2905 1839 3132 1896 bestiam
3180 1838 3499 1897 coccineam
3553 1839 3755 1897 sedisse

2147 1935 2266 1991 visa
2308 1942 2389 1992 est
2423 1933 2609 2006 (Apoc.
2643 1928 2798 2000 xvn,’
2833 1929 2910 2002 3).
2950 1931 3051 1987 Per
3078 1928 3307 1987 caudam
3337 1934 3506 1997 vero,
3545 1946 3670 2002 qua
3695 1928 3752 1986 ﬁ-

2146 2025 2234 2085 nis
2280 2033 2362 2082 est
2407 2023 2673 2096 corporis,
2724 2019 3101 2078 Antichristus
3132 2018 3474 2090 designatur.
3507 2019 3749 2075 Tertiam

2146 2117 2314 2191 igitur
2340 2121 2546 2189 partem
2576 2112 2860 2170 stellarum
2891 2110 3016 2168 coeli
3037 2108 3212 2166 cauda
3230 2108 3490 2167 draconis
3510 2109 3750 2166 traxisse

2144 2207 2262 2263 visa
2290 2215 2412 2274 est;
2459 2203 2591 2277 quia
2631 2201 3009 2260 Antichristus
3052 2200 3259 2256 multos
3303 2215 3373 2255 ex
3409 2197 3502 2266 iis,
3557 2199 3657 2273 qui
3686 2199 3749 2255 ab

2143 2295 2462 2355 hominibus
2490 2293 2649 2350 electi
2671 2290 3023 2365 putabantur,
3055 2297 3108 2346 et
3135 2290 3230 2362 qui
3263 2289 3320 2345 in
3351 2287 3610 2344 Ecclesia
3642 2288 3748 2344 vel~

2141 2397 2203 2444 ut
2243 2387 2414 2443 stella
2458 2386 2516 2441 in
2569 2385 2730 2452 calo,
2761 2381 2992 2440 scientia
3027 2387 3081 2436 et
3110 2379 3398 2436 intellectu
3446 2378 3744 2451 refulgent,

2141 2476 2376 2548 decipiet
2407 2482 2568 2548 atque
2616 2473 2675 2530 in
2723 2470 3050 2545 perditionis
3091 2469 3306 2525 foveam
3335 2468 3648 2540 demerget.
3679 2469 3750 2525 Et

2139 2567 2299 2624 draco
2328 2565 2466 2622 stetit
2512 2569 2633 2620 ante
2677 2561 2973 2630 mulierem,
3022 2576 3138 2631 qua:
3177 2559 3438 2632 paritura
3485 2563 3611 2613 erat
3625 2575 3648 2622 ;
3693 2563 3748 2612 ut

2138 2677 2252 2715 cum
2278 2657 2586 2731 peperisset,
2631 2655 2803 2729 ﬁlium
2831 2653 2944 2724 ejus
2973 2653 3269 2708 devoraret.
3314 2651 3628 2707 Possumus
3657 2666 3748 2723 per

2139 2751 2426 2808 mulierem
2455 2747 2514 2804 in
2545 2747 2651 2804 hoc
2683 2747 2804 2802 loco
2831 2753 2886 2802 et
2914 2745 3128 2804 beatam
3149 2743 3378 2799 Mariam
3405 2742 3741 2815 intelligere,

2138 2857 2201 2898 eo
2247 2839 2394 2913 quod
2435 2837 2553 2911 ipsa
2599 2843 2774 2892 mater
2820 2835 2894 2891 sit
2923 2833 3222 2900 Ecclesia;
3257 2832 3389 2910 quia
3415 2848 3549 2889 eum
3588 2847 3741 2905 pepe-

2136 2933 2230 3002 rit,
2264 2933 2359 3006 qui
2407 2938 2572 3004 caput
2612 2937 2694 2986 est
2740 2927 3041 2986 Ecclesia:
3091 2935 3145 2983 et
3178 2925 3294 2982 ﬁlia
3331 2926 3402 2982 sit
3450 2925 3739 2991 Ecclesia,

2135 3021 2264 3097 quia
2293 3021 2597 3080 maximum
2644 3018 2954 3076 membrum
3007 3025 3088 3074 est
3123 3015 3402 3074 Ecclesia.
3435 3017 3620 3072 Draco
3646 3013 3738 3088 igi-

440 3141 460 3166 ι
494 3117 686 3178 Filioli
717 3117 849 3186 mei,
881 3132 1020 3189 quos
1047 3115 1251 3173 iterum
1274 3116 1539 3190 parturio,
1563 3115 1738 3173 donec
1757 3114 2026 3172 formetur
2058 3137 2102 3198 ρ
2133 3121 2224 3170 tur
2251 3111 2404 3168 stetit
2445 3118 2572 3167 ante
2600 3109 2911 3176 mulierem,
2941 3115 3003 3163 ut
3047 3123 3173 3162 cum
3203 3105 3525 3178 peperisset,
3557 3104 3735 3161 ﬁlium

427 3205 681 3266 Christus
727 3207 787 3265 in
817 3205 976 3266 vobis
1026 3207 1232 3278 (Galat.
1283 3225 1360 3275 1v,
1397 3207 1509 3281 19).
1540 3230 1559 3256 ι
1603 3207 1675 3264 Et
1702 3207 1763 3264 in
1791 3203 2023 3262 Actibus
2066 3192 2102 3198 ⁷
2131 3202 2250 3276 ejus
2279 3201 2600 3259 devoraret:
2651 3199 2781 3273 quia
2815 3198 2873 3254 in
2916 3195 3144 3253 exordio
3175 3195 3486 3252 nativitatis
3523 3192 3733 3253 Christi

424 3300 796 3375 apostolorum
830 3299 1088 3376 Ephesiis
1126 3300 1394 3376 loquitur,
1439 3299 1628 3359 dicens
1661 3316 1674 3356 :
1715 3323 1734 3348 ι
1778 3299 1880 3356 Per
1912 3298 2022 3354 tri-
2130 3309 2256 3350 eum
2285 3308 2382 3365 per
2413 3288 2679 3346 Herodem
2712 3287 3030 3344 ministrum
3073 3302 3233 3344 suum
3282 3283 3601 3342 interﬁcere
3643 3299 3730 3376 vo:

424 3370 652 3450 ennium
675 3370 925 3465 quotidie
952 3408 1065 3450 non
1087 3370 1317 3462 cessavi,
1352 3407 1480 3449 cum
1513 3390 1771 3465 lacrymis
1795 3405 2021 3448 monens
2131 3382 2236 3438 luit
2267 3381 2481 3443 (Matth.
2516 3397 2578 3449 ιι,
2630 3378 2744 3449 16).
2779 3377 2898 3434 Stat
2937 3377 3099 3432 etiam
3150 3383 3276 3465 ante
3323 3375 3645 3465 mulierem,
3677 3370 3732 3428 id

2129 3479 2210 3528 est
2237 3470 2564 3538 Ecclesiam,
2597 3474 2660 3523 ut
2689 3483 2781 3524 eos
2810 3483 2946 3540 quos
2992 3483 3088 3540 per
3114 3463 3456 3540 baptismum
3504 3463 3622 3543 Deo
3649 3477 3728 3535 ge-

2126 3569 2303 3631 nerat,
2336 3560 2478 3618 male
2509 3554 2791 3616 suadendo
2821 3555 3031 3635 perdat.

2197 3680 2382 3753 (Vers.
2413 3678 2495 3751 5.)
2519 3681 2595 3736 Et
2615 3677 2819 3750 peperit
2837 3677 3010 3750 ﬁlium
3036 3674 3350 3730 masculum.
3375 3673 3441 3729 In
3461 3681 3725 3746 quantum

2126 3770 2232 3829 hoc
2269 3771 2337 3828 ad
2384 3770 2686 3828 Dominum
2737 3777 2984 3825 nostrum
3033 3766 3216 3824 Jesum
3247 3763 3537 3823 Christum
3570 3764 3726 3837 perti-

2127 3871 2241 3932 net,
2281 3862 2415 3936 quid
2462 3876 2682 3919 necesse
2709 3860 2819 3917 fuit
2845 3858 3027 3916 dicere
3057 3857 3234 3914 ﬁlium
3265 3856 3583 3913 masculum
3615 3871 3724 3910 mu-

2125 3953 2312 4009 lierem
2362 3951 2655 4025 peperisse,
2704 3965 2832 4008 cum
2884 3964 3076 4006 omnes
3118 3947 3357 4006 sciamus
3414 3945 3722 4002 masculum

2124 4059 2240 4099 esse
2267 4042 2568 4100 Dominum
2601 4048 2850 4096 nostrum
2879 4037 3060 4095 Jesum
3095 4036 3376 4095 Christum
3400 4034 3430 4091 Ἰ
3467 4036 3532 4092 lu
3558 4049 3723 4108 quan-

2123 4140 2240 4189 tum
2289 4149 2420 4189 vero
2459 4131 2528 4188 ad
2571 4130 2896 4198 Ecclesiam,
2951 4144 3050 4186 cur
3086 4127 3223 4184 dicit
3253 4127 3568 4182 masculum
3608 4141 3720 4180 eam

2123 4221 2418 4296 peperisse,
2459 4237 2585 4279 cum
2617 4237 2687 4277 ex
2715 4229 2948 4293 utroque
2974 4233 3111 4274 sexu
3157 4217 3302 4274 ﬁlios
3330 4223 3385 4272 et
3413 4214 3564 4271 ﬁlias
3594 4229 3722 4290 quo-

2120 4312 2258 4370 tidie
2285 4315 2400 4370 Deo
2437 4311 2698 4386 generet?
2748 4311 3040 4368 Femineus
3072 4308 3274 4381 quippe
3308 4322 3480 4363 sexus
3512 4303 3722 4378 fragilis

2121 4411 2232 4460 est:
2267 4403 2473 4460 femina
2505 4403 2673 4476 igitur
2704 4419 2824 4476 qua
2859 4398 3188 4458 fortitudine
3231 4397 3407 4454 animi
3440 4404 3720 4468 assumpta

423 3494 876 3553 unumquemque
907 3487 1149 3536 vestrum
1185 3481 1328 3550 (Act.
1365 3497 1462 3549 xx,
1498 3479 1614 3552 31).
1646 3503 1664 3527 ι
1700 3480 1772 3536 Et
1791 3479 2019 3536 Psalmi-

422 3574 506 3625 sta
553 3567 621 3623 de
671 3566 1126 3638 praedicatoribus
1175 3568 1440 3640 loquitur,
1474 3568 1699 3626 dicens:
1761 3592 1781 3616 ε
1813 3569 2019 3627 Euntes

421 3654 577 3715 ibant
593 3663 647 3712 et
666 3655 1190 3724 ﬂebant,mittentes
1214 3655 1427 3716 semina
1439 3656 2002 3729 sua(Psal.cxxv,6)..

493 3755 676 3828 (Vera.
711 3754 766 3825 3,
799 3753 882 3828 4.)
930 3757 1006 3814 Et
1033 3755 1206 3813 visum
1234 3761 1309 3812 est
1336 3754 1491 3811 aliud
1519 3755 1725 3826 signum
1754 3758 1814 3811 in
1839 3759 1963 3814 caelo
1996 3776 2015 3815 :

417 3850 466 3902 et
494 3862 601 3902 ecce
635 3845 800 3902 draco
828 3862 1052 3920 magnus
1093 3845 1274 3918 rufus,
1313 3845 1507 3902 habens
1543 3845 1718 3919 capita
1747 3853 1936 3920 septem
1966 3855 2016 3906 et

415 3953 620 3994 cornua
655 3937 844 4007 decem,
877 3944 926 3994 et
954 3937 1011 3993 in
1050 3936 1309 4010 capitibus
1338 3936 1450 3992 suis
1479 3943 1668 4010 septem
1692 3937 2010 3996 diademata:

415 4033 465 4083 et
491 4029 664 4086 cauda
691 4027 805 4099 ejus
835 4027 1075 4086 trahebat
1105 4028 1312 4086 tertiam
1329 4034 1541 4101 partem
1567 4030 1845 4086 stellarum
1873 4029 2010 4099 cali,

415 4127 463 4177 et
491 4121 637 4177 misit
665 4139 752 4177 eas
779 4122 837 4177 in
868 4128 1087 4181 terram.
1122 4123 1298 4180 Draco
1326 4121 1430 4180 iste
1457 4122 1741 4183 diabolum
1791 4124 2016 4198 signiﬁ-

415 4215 503 4265 cat
535 4224 549 4263 ε
583 4208 740 4265 rufus
791 4217 974 4266 autem
1022 4211 1176 4267 color
1203 4211 1329 4268 talis
1361 4220 1464 4280 est,
1509 4229 1572 4270 ac
1610 4214 1654 4270 si
1705 4230 1896 4271 croceo
1927 4231 2014 4272 co-

414 4295 520 4353 lori
540 4297 904 4368 sanguineum
935 4297 1258 4356 admisceas.
1295 4299 1603 4358 Concordat
1619 4318 1748 4359 vero
1774 4305 2015 4376 pallidus

413 4385 585 4456 color,
619 4385 676 4442 id
706 4393 812 4454 est,
843 4402 1068 4443 croceus
1096 4403 1222 4444 cum
1249 4390 1582 4462 sanguineo;
1626 4393 1756 4465 quia
1794 4395 2014 4469 sanguis

413 4475 548 4534 dum
579 4475 904 4546 effunditur,
935 4484 1170 4533 mortem
1201 4477 1424 4535 adducit
1459 4498 1470 4536 :
1506 4482 1682 4552 pallor
1706 4493 1887 4540 autem
1915 4493 2012 4541 to—
2039 4503 2088 4563 Ι)
2121 4493 2402 4551 diabolum
2435 4475 2631 4562 vincit,
2663 4475 2827 4566 atque
2856 4508 2951 4565 per
2978 4491 3124 4548 bona
3168 4504 3334 4562 opera
3360 4489 3477 4544 Deo
3507 4489 3718 4560 placere

413 4574 530 4624 tum
580 4582 782 4640 corpus
836 4566 1126 4624 morientis
1177 4567 1440 4640 cooperit.
1499 4570 1663 4627 Recte
1709 4587 1836 4645 ergo
1884 4573 2012 4630 dia-

409 4653 569 4713 bolus
621 4655 822 4713 habere
864 4655 1076 4714 dicitur
1119 4657 1360 4715 colorem
1409 4659 1642 4728 mortis;
1698 4662 1828 4735 quia
1856 4663 2010 4722 illius

410 4743 626 4804 invidia
656 4763 802 4804 mors
831 4746 1090 4805 introivit
1113 4747 1170 4804 in
1217 4747 1403 4805 orbem
1442 4757 1713 4807 terrarum
1756 4752 1909 4826 (Sep.
1943 4771 2006 4824 ιι,

406 4835 500 4909 24)
537 4854 550 4894 :
595 4853 690 4910 per
717 4847 923 4912 septem
961 4855 1094 4895 vero
1127 4839 1306 4912 capita
1345 4841 1588 4914 reprobi,
1639 4843 1842 4916 quibus
1877 4843 2007 4902 dia-

405 4926 567 4986 bolus
620 4929 687 4986 ad
737 4929 1124 5004 decipiendum
1177 4948 1349 5006 genus
1393 4933 1696 4992 humanum
1741 4953 1874 4993 usus
1901 4947 2001 5007 est,

406 5015 784 5090 designantur.
815 5019 1138 5078 Diademata
1163 5022 1368 5094 regiam
1397 5023 1515 5097 ejus
1543 5033 1866 5097 potestatem
1897 5025 2004 5083 de-

403 5110 661 5184 signant;
714 5114 828 5188 ipse
866 5123 948 5172 est
993 5115 1140 5172 enim
1192 5133 1312 5187 rex,
1362 5117 1505 5176 sicut
1546 5119 1684 5177 dicit
1721 5120 2004 5194 Scriptura

407 5200 528 5274 (Job
558 5219 672 5273 xu,
723 5203 840 5275 25),
889 5221 1054 5278 super
1097 5221 1289 5264 omnes
1333 5207 1480 5265 ﬁlios
1525 5211 1817 5283 superbia.
1862 5214 2000 5270 Nam

402 5291 548 5350 sicut
576 5310 673 5367 per
689 5302 895 5368 septem
925 5311 1133 5353 cornua
1153 5297 1300 5370 Agni
1327 5315 1519 5356 omnes
1547 5301 1708 5359 electi
1730 5302 2000 5376 designati

402 5390 556 5449 sunt,
592 5399 731 5458 quos
776 5385 836 5442 in
863 5393 1071 5458 septem
1102 5393 1310 5458 partem
1348 5388 1644 5448 divisimus
1674 5409 1688 5459 ;
1723 5392 1800 5448 ita
1825 5402 1879 5449 et
1907 5410 2002 5465 per

403 5480 612 5545 septem
662 5475 842 5549 capita
869 5474 1126 5534 draconis
1153 5477 1395 5551 reprobi,
1443 5479 1539 5553 qui
1588 5481 1667 5537 eis
1695 5481 1753 5538 in
1782 5481 1873 5540 via
1900 5484 2000 5541 Dei

404 5561 679 5647 adversati
699 5571 848 5632 sunt,
883 5563 1264 5638 designantur.
1294 5568 1542 5627 Primum
1571 5587 1808 5646 namque
1837 5579 2002 5647 caput

402 5646 660 5706 draconis
707 5650 933 5710 fuerunt
976 5652 1216 5729 reprobi,
1258 5655 1353 5733 qui
1398 5667 1526 5717 ante
1565 5659 1841 5719 diluvium
1871 5646 2004 5721 fue-

2120 4582 2322 4652 studet,
2372 4599 2486 4640 non
2523 4582 2826 4656 incongrue
2855 4581 2945 4637 vir
2990 4587 3251 4646 vocatur;
3298 4577 3431 4652 quia
3462 4576 3716 4650 quamvis

2117 4689 2344 4747 corpore
2372 4674 2446 4730 sit
2476 4672 2700 4742 femina,
2734 4672 2939 4729 virtute
2967 4678 3150 4728 tamen
3180 4667 3357 4724 animi
3387 4667 3532 4723 viris
3560 4664 3717 4722 bonis

2115 4772 2448 4840 coaquatur.
2487 4763 2684 4820 Mulier
2717 4763 2900 4837 itaque
2948 4761 3252 4818 masculum
3300 4757 3556 4831 peperit:
3592 4754 3718 4830 quia

2115 4855 2234 4928 ejus
2269 4853 2515 4911 membra
2544 4869 2706 4926 quem
2750 4852 2906 4908 beata
2933 4850 3105 4908 Maria
3131 4849 3290 4921 virgo
3321 4846 3557 4920 peperit,
3586 4862 3715 4919 quo-

2112 4945 2249 5002 tidie
2278 4942 2526 5000 Ecclesia
2555 4943 2717 5014 parit.
2749 4943 2902 4999 Unus
2929 4957 3057 5013 ergo
3088 4939 3367 4996 masculus
3396 4944 3501 5005 est,
3552 4951 3712 5009 quem

2112 5034 2268 5107 virgo
2299 5035 2470 5091 Maria
2496 5033 2727 5106 peperit,
2755 5040 2808 5089 et
2837 5031 3080 5089 Ecclesia
3109 5028 3359 5105 quotidie
3388 5029 3557 5100 parit;
3588 5026 3714 5100 quia

2110 5124 2366 5182 Christus
2395 5139 2522 5180 cum
2555 5123 2816 5179 omnibus
2845 5122 3106 5179 membris
3135 5120 3251 5177 suis
3279 5135 3427 5174 unus
3458 5116 3711 5176 Christus

2110 5223 2210 5272 est.
2250 5215 2352 5284 Qui
2382 5219 2621 5268 recturus
2667 5213 2767 5268 erit
2807 5229 2981 5268 omnes
3022 5217 3190 5282 gentes
3237 5209 3295 5264 in
3326 5209 3484 5280 virga
3510 5206 3706 5278 ferrea.

2109 5307 2225 5363 Hoc
2237 5305 2487 5378 superius
2503 5308 2642 5376 (cap.
2669 5321 2708 5360 ιι
2731 5321 2864 5358 vers.
2885 5303 2974 5373 17)
2988 5302 3199 5358 dictum
3219 5307 3318 5356 est.
3339 5301 3414 5356 Et
3430 5306 3625 5370 raptus
3639 5300 3708 5350 est

2108 5396 2254 5468 ﬁlius
2292 5395 2405 5466 ejus
2447 5394 2519 5451 ad
2563 5395 2752 5462 Deum,
2783 5399 2834 5450 et
2873 5393 2945 5449 ad
2974 5394 3222 5449 thronum
3249 5391 3384 5463 ejus.
3427 5390 3548 5447 Hoc
3577 5396 3706 5445 tunc

2110 5485 2400 5560 impletum
2446 5493 2549 5553 est,
2599 5483 2818 5558 quando
2848 5481 3262 5557 quadragesima
3288 5479 3382 5536 die
3412 5488 3704 5555 postquam

2109 5575 2432 5645 resurrexit,
2464 5573 2714 5632 ascendit
2742 5574 2800 5630 in
2829 5573 3051 5632 calum.
3098 5571 3412 5645 Bapiuntur
3452 5566 3701 5643 quotidie

2108 5663 2212 5724 ﬁlii
2241 5664 2525 5736 Ecclesia,
2577 5664 2636 5724 id
2662 5671 2763 5735 est,
2805 5661 3052 5722 membra
3089 5659 3296 5722 Christi
3341 5658 3408 5716 ad
3438 5661 3619 5719 Deum
3647 5663 3697 5714 et
