  <div class='ocr_page' id='page_1' title='image "/cluster/home/n/w/nwhite01/storage/ocr_20150623/17/uva.x000826553/488.png"; bbox 0 0 3902 6198; ppageno 0'>
   <div class='ocr_carea' id='block_1_1' title="bbox 221 308 324 368">
    <p class='ocr_par' dir='ltr' id='par_1_1' title="bbox 221 308 324 368">
     <span class='ocr_line' id='line_1_1' title="bbox 221 308 324 368; baseline 0.019 -2"><span class='ocrx_word' id='word_1_1' title='bbox 221 308 324 368; x_wconf 84' lang='grc'><strong><em>961</em></strong></span> 
     </span>
    </p>
   </div>
   <div class='ocr_carea' id='block_1_2' title="bbox 1112 311 2632 377">
    <p class='ocr_par' dir='ltr' id='par_1_2' title="bbox 1112 311 2632 377">
     <span class='ocr_line' id='line_1_2' title="bbox 1112 311 2632 377; baseline 0.003 -4"><span class='ocrx_word' id='word_1_2' title='bbox 1112 312 1568 374; x_wconf 85' lang='lat' dir='ltr'><strong><em>BERENGAUDI</em></strong></span> <span class='ocrx_word' id='word_1_3' title='bbox 1602 311 1978 376; x_wconf 80' lang='lat' dir='ltr'><strong><em>EXPOSITIO</em></strong></span> <span class='ocrx_word' id='word_1_4' title='bbox 2017 312 2090 373; x_wconf 88' lang='lat' dir='ltr'><strong><em>IN</em></strong></span> <span class='ocrx_word' id='word_1_5' title='bbox 2125 314 2632 377; x_wconf 80' lang='lat' dir='ltr'><strong><em>APOCALYPSIN.</em></strong></span> 
     </span>
    </p>
   </div>
   <div class='ocr_carea' id='block_1_3' title="bbox 3425 320 3531 384">
    <p class='ocr_par' dir='ltr' id='par_1_3' title="bbox 3425 320 3531 384">
     <span class='ocr_line' id='line_1_3' title="bbox 3425 320 3531 384; baseline -0.019 0"><span class='ocrx_word' id='word_1_6' title='bbox 3425 320 3531 384; x_wconf 75' lang='lat'><strong><em>962</em></strong></span> 
     </span>
    </p>
   </div>
   <div class='ocr_carea' id='block_1_4' title="bbox 217 436 3528 523">
    <p class='ocr_par' dir='ltr' id='par_1_4' title="bbox 217 436 3528 523">
     <span class='ocr_line' id='line_1_4' title="bbox 217 436 3528 523; baseline 0.005 -30"><span class='ocrx_word' id='word_1_7' title='bbox 217 436 289 494; x_wconf 86' lang='lat' dir='ltr'><strong><em>ad</em></strong></span> <span class='ocrx_word' id='word_1_8' title='bbox 319 436 584 496; x_wconf 79' lang='lat' dir='ltr'><strong>thronum</strong></span> <span class='ocrx_word' id='word_1_9' title='bbox 613 438 752 514; x_wconf 84' lang='lat' dir='ltr'><strong><em>ejus,</em></strong></span> <span class='ocrx_word' id='word_1_10' title='bbox 784 456 909 499; x_wconf 90' lang='lat' dir='ltr'><strong><em>cum</em></strong></span> <span class='ocrx_word' id='word_1_11' title='bbox 939 450 1061 516; x_wconf 91' lang='lat' dir='ltr'><strong><em>post</em></strong></span> <span class='ocrx_word' id='word_1_12' title='bbox 1090 452 1326 501; x_wconf 89' lang='lat' dir='ltr'><strong><em>mortem</em></strong></span> <span class='ocrx_word' id='word_1_13' title='bbox 1347 444 1416 502; x_wconf 85' lang='lat' dir='ltr'><strong><em>ad</em></strong></span> <span class='ocrx_word' id='word_1_14' title='bbox 1443 445 1686 504; x_wconf 86' lang='lat' dir='ltr'><strong><em>coelestia</em></strong></span> <span class='ocrx_word' id='word_1_15' title='bbox 1704 461 1820 519; x_wconf 90' lang='lat' dir='ltr'><strong><em>per-</em></strong></span> <span class='ocrx_word' id='word_1_16' title='bbox 1849 447 1902 508; x_wconf 78' lang='grc' dir='ltr'><strong>Α</strong></span> <span class='ocrx_word' id='word_1_17' title='bbox 1929 444 2022 517; x_wconf 89' lang='lat' dir='ltr'><strong><em>qui</em></strong></span> <span class='ocrx_word' id='word_1_18' title='bbox 2072 445 2268 502; x_wconf 87' lang='lat' dir='ltr'><strong><em>seducit</em></strong></span> <span class='ocrx_word' id='word_1_19' title='bbox 2312 447 2614 504; x_wconf 83' lang='lat' dir='ltr'><strong><em>universum</em></strong></span> <span class='ocrx_word' id='word_1_20' title='bbox 2665 448 2842 506; x_wconf 89' lang='lat' dir='ltr'><strong><em>orbem</em></strong></span> <span class='ocrx_word' id='word_1_21' title='bbox 2871 467 2890 506; x_wconf 90' lang='lat'><strong><em>:</em></strong></span> <span class='ocrx_word' id='word_1_22' title='bbox 2937 455 2986 506; x_wconf 86' lang='lat' dir='ltr'><strong><em>et</em></strong></span> <span class='ocrx_word' id='word_1_23' title='bbox 3022 449 3293 523; x_wconf 78' lang='lat' dir='ltr'><strong><em>projectus</em></strong></span> <span class='ocrx_word' id='word_1_24' title='bbox 3343 458 3418 509; x_wconf 87' lang='lat' dir='ltr'><strong><em>est</em></strong></span> <span class='ocrx_word' id='word_1_25' title='bbox 3470 453 3528 509; x_wconf 87' lang='lat' dir='ltr'><strong><em>in</em></strong></span> 
     </span>
    </p>
   </div>
   <div class='ocr_carea' id='block_1_5' title="bbox 216 525 522 585">
    <p class='ocr_par' dir='ltr' id='par_1_5' title="bbox 216 525 522 585">
     <span class='ocr_line' id='line_1_5' title="bbox 216 525 522 585; baseline 0.01 -3"><span class='ocrx_word' id='word_1_26' title='bbox 216 525 522 585; x_wconf 87' lang='lat' dir='ltr'><strong><em>ducuntur.</em></strong></span> 
     </span>
    </p>
   </div>
   <div class='ocr_carea' id='block_1_6' title="bbox 293 617 1820 697">
    <p class='ocr_par' dir='ltr' id='par_1_6' title="bbox 293 617 1820 697">
     <span class='ocr_line' id='line_1_6' title="bbox 293 617 1820 697; baseline 0.006 -23"><span class='ocrx_word' id='word_1_27' title='bbox 293 617 475 690; x_wconf 83' lang='lat' dir='ltr'><strong><em>(Vers.</em></strong></span> <span class='ocrx_word' id='word_1_28' title='bbox 528 617 607 692; x_wconf 87' lang='lat'><strong><em>6.)</em></strong></span> <span class='ocrx_word' id='word_1_29' title='bbox 639 621 714 676; x_wconf 91' lang='lat' dir='ltr'><strong><em>Et</em></strong></span> <span class='ocrx_word' id='word_1_30' title='bbox 740 621 932 678; x_wconf 79' lang='lat' dir='ltr'><strong><em>mulier</em></strong></span> <span class='ocrx_word' id='word_1_31' title='bbox 961 623 1099 697; x_wconf 79' lang='lat' dir='ltr'><strong><em>fugit</em></strong></span> <span class='ocrx_word' id='word_1_32' title='bbox 1127 625 1182 680; x_wconf 88' lang='lat' dir='ltr'><strong><em>in</em></strong></span> <span class='ocrx_word' id='word_1_33' title='bbox 1211 627 1566 696; x_wconf 78' lang='lat' dir='ltr'><strong><em>solitudinem,</em></strong></span> <span class='ocrx_word' id='word_1_34' title='bbox 1597 627 1686 684; x_wconf 89' lang='lat' dir='ltr'><strong><em>ubi</em></strong></span> <span class='ocrx_word' id='word_1_35' title='bbox 1712 627 1820 683; x_wconf 80' lang='lat' dir='ltr'><strong><em>ha—</em></strong></span> 
     </span>
    </p>
   </div>
   <div class='ocr_carea' id='block_1_7' title="bbox 214 715 1817 796">
    <p class='ocr_par' dir='ltr' id='par_1_7' title="bbox 214 715 1817 796">
     <span class='ocr_line' id='line_1_7' title="bbox 214 715 1817 796; baseline 0.007 -25"><span class='ocrx_word' id='word_1_36' title='bbox 214 715 297 771; x_wconf 87' lang='lat' dir='ltr'><strong><em>bet</em></strong></span> <span class='ocrx_word' id='word_1_37' title='bbox 323 718 491 773; x_wconf 90' lang='lat' dir='ltr'><strong><em>locum</em></strong></span> <span class='ocrx_word' id='word_1_38' title='bbox 513 726 767 791; x_wconf 86' lang='lat' dir='ltr'><strong><em>paratum</em></strong></span> <span class='ocrx_word' id='word_1_39' title='bbox 789 739 823 777; x_wconf 91' lang='lat' dir='ltr'><strong><em>a</em></strong></span> <span class='ocrx_word' id='word_1_40' title='bbox 851 722 978 792; x_wconf 90' lang='lat' dir='ltr'><strong><em>Deo,</em></strong></span> <span class='ocrx_word' id='word_1_41' title='bbox 1018 730 1075 778; x_wconf 87' lang='lat' dir='ltr'><strong><em>ut</em></strong></span> <span class='ocrx_word' id='word_1_42' title='bbox 1105 725 1179 780; x_wconf 91' lang='lat' dir='ltr'><strong><em>ibi</em></strong></span> <span class='ocrx_word' id='word_1_43' title='bbox 1202 733 1428 796; x_wconf 83' lang='lat' dir='ltr'><strong><em>pascant</em></strong></span> <span class='ocrx_word' id='word_1_44' title='bbox 1457 727 1609 783; x_wconf 83' lang='lat' dir='ltr'><strong><em>illam</em></strong></span> <span class='ocrx_word' id='word_1_45' title='bbox 1638 727 1817 783; x_wconf 88' lang='lat' dir='ltr'><strong><em>diebus</em></strong></span> 
     </span>
    </p>
   </div>
   <div class='ocr_carea' id='block_1_8' title="bbox 211 802 1814 884">
    <p class='ocr_par' dir='ltr' id='par_1_8' title="bbox 211 802 1814 884">
     <span class='ocr_line' id='line_1_8' title="bbox 211 802 1814 884; baseline 0.009 -23"><span class='ocrx_word' id='word_1_46' title='bbox 211 807 360 863; x_wconf 83' lang='lat' dir='ltr'><strong><em>mille</em></strong></span> <span class='ocrx_word' id='word_1_47' title='bbox 407 808 641 864; x_wconf 75' lang='lat' dir='ltr'><strong><em>ducentis</em></strong></span> <span class='ocrx_word' id='word_1_48' title='bbox 683 813 979 884; x_wconf 68' lang='lat' dir='ltr'><strong><em>sexaginta.</em></strong></span> <span class='ocrx_word' id='word_1_49' title='bbox 1010 802 1376 872; x_wconf 80' lang='lat' dir='ltr'><strong><em>Solitudinem</em></strong></span> <span class='ocrx_word' id='word_1_50' title='bbox 1409 816 1690 874; x_wconf 80' lang='lat' dir='ltr'><strong><em>Christum</em></strong></span> <span class='ocrx_word' id='word_1_51' title='bbox 1721 836 1814 875; x_wconf 88' lang='lat' dir='ltr'><strong><em>vo-</em></strong></span> 
     </span>
    </p>
   </div>
   <div class='ocr_carea' id='block_1_9' title="bbox 210 898 1814 980">
    <p class='ocr_par' dir='ltr' id='par_1_9' title="bbox 210 898 1814 980">
     <span class='ocr_line' id='line_1_9' title="bbox 210 898 1814 980; baseline 0.008 -27"><span class='ocrx_word' id='word_1_52' title='bbox 210 905 343 966; x_wconf 84' lang='lat' dir='ltr'><strong><em>cat;</em></strong></span> <span class='ocrx_word' id='word_1_53' title='bbox 380 898 622 957; x_wconf 85' lang='lat' dir='ltr'><strong><em>solitudo</em></strong></span> <span class='ocrx_word' id='word_1_54' title='bbox 651 901 853 974; x_wconf 87' lang='lat' dir='ltr'><strong><em>quippe</em></strong></span> <span class='ocrx_word' id='word_1_55' title='bbox 885 903 1112 974; x_wconf 89' lang='lat' dir='ltr'><strong><em>dicitur,</em></strong></span> <span class='ocrx_word' id='word_1_56' title='bbox 1145 922 1209 962; x_wconf 92' lang='lat' dir='ltr'><strong><em>eo</em></strong></span> <span class='ocrx_word' id='word_1_57' title='bbox 1242 907 1389 980; x_wconf 91' lang='lat' dir='ltr'><strong><em>quod</em></strong></span> <span class='ocrx_word' id='word_1_58' title='bbox 1441 909 1558 964; x_wconf 89' lang='lat' dir='ltr'><strong><em>sola</em></strong></span> <span class='ocrx_word' id='word_1_59' title='bbox 1595 909 1687 977; x_wconf 85' lang='lat' dir='ltr'><strong><em>sit,</em></strong></span> <span class='ocrx_word' id='word_1_60' title='bbox 1724 909 1814 966; x_wconf 86' lang='lat' dir='ltr'><strong><em>de-</em></strong></span> 
     </span>
    </p>
   </div>
   <div class='ocr_carea' id='block_1_10' title="bbox 208 989 1811 1057">
    <p class='ocr_par' dir='ltr' id='par_1_10' title="bbox 208 989 1811 1057">
     <span class='ocr_line' id='line_1_10' title="bbox 208 989 1811 1057; baseline 0.007 -11"><span class='ocrx_word' id='word_1_61' title='bbox 208 997 357 1046; x_wconf 83' lang='lat' dir='ltr'><strong><em>serta</em></strong></span> <span class='ocrx_word' id='word_1_62' title='bbox 388 989 456 1046; x_wconf 89' lang='lat' dir='ltr'><strong><em>ab</em></strong></span> <span class='ocrx_word' id='word_1_63' title='bbox 487 990 922 1050; x_wconf 79' lang='lat' dir='ltr'><strong><em>habitatoribus:</em></strong></span> <span class='ocrx_word' id='word_1_64' title='bbox 970 995 1231 1053; x_wconf 76' lang='lat' dir='ltr'><strong><em>similiter</em></strong></span> <span class='ocrx_word' id='word_1_65' title='bbox 1258 1005 1311 1053; x_wconf 89' lang='lat' dir='ltr'><strong><em>et</em></strong></span> <span class='ocrx_word' id='word_1_66' title='bbox 1343 997 1596 1056; x_wconf 81' lang='lat' dir='ltr'><strong><em>Christus</em></strong></span> <span class='ocrx_word' id='word_1_67' title='bbox 1634 1000 1811 1057; x_wconf 88' lang='lat' dir='ltr'><strong><em>deser-</em></strong></span> 
     </span>
    </p>
   </div>
   <div class='ocr_carea' id='block_1_11' title="bbox 206 1082 1806 1162">
    <p class='ocr_par' dir='ltr' id='par_1_11' title="bbox 206 1082 1806 1162">
     <span class='ocr_line' id='line_1_11' title="bbox 206 1082 1806 1162; baseline 0.009 -27"><span class='ocrx_word' id='word_1_68' title='bbox 206 1086 302 1136; x_wconf 90' lang='lat' dir='ltr'><strong><em>tus</em></strong></span> <span class='ocrx_word' id='word_1_69' title='bbox 353 1089 433 1137; x_wconf 91' lang='lat' dir='ltr'><strong><em>est</em></strong></span> <span class='ocrx_word' id='word_1_70' title='bbox 471 1097 503 1136; x_wconf 91' lang='lat' dir='ltr'><strong><em>a</em></strong></span> <span class='ocrx_word' id='word_1_71' title='bbox 547 1082 684 1152; x_wconf 84' lang='lat' dir='ltr'><strong><em>suis,</em></strong></span> <span class='ocrx_word' id='word_1_72' title='bbox 733 1084 875 1141; x_wconf 89' lang='lat' dir='ltr'><strong><em>sicut</em></strong></span> <span class='ocrx_word' id='word_1_73' title='bbox 919 1086 1253 1159; x_wconf 80' lang='lat' dir='ltr'><strong><em>evangelista</em></strong></span> <span class='ocrx_word' id='word_1_74' title='bbox 1287 1089 1551 1162; x_wconf 88' lang='lat' dir='ltr'><strong><em>loquitur,</em></strong></span> <span class='ocrx_word' id='word_1_75' title='bbox 1584 1089 1806 1149; x_wconf 88' lang='lat' dir='ltr'><strong><em>dicens:</em></strong></span> 
     </span>
    </p>
   </div>
   <div class='ocr_carea' id='block_1_12' title="bbox 220 1169 1813 1252">
    <p class='ocr_par' dir='ltr' id='par_1_12' title="bbox 220 1169 1813 1252">
     <span class='ocr_line' id='line_1_12' title="bbox 220 1169 1813 1252; baseline 0.008 -28"><span class='ocrx_word' id='word_1_76' title='bbox 220 1191 243 1215; x_wconf 75' lang='grc' dir='ltr'>ι</span> <span class='ocrx_word' id='word_1_77' title='bbox 273 1169 335 1225; x_wconf 91' lang='lat' dir='ltr'><strong><em>In</em></strong></span> <span class='ocrx_word' id='word_1_78' title='bbox 387 1171 606 1243; x_wconf 90' lang='lat' dir='ltr'><strong><em>propria</em></strong></span> <span class='ocrx_word' id='word_1_79' title='bbox 663 1173 864 1243; x_wconf 89' lang='lat' dir='ltr'><strong><em>venit,</em></strong></span> <span class='ocrx_word' id='word_1_80' title='bbox 919 1184 972 1232; x_wconf 90' lang='lat' dir='ltr'><strong><em>et</em></strong></span> <span class='ocrx_word' id='word_1_81' title='bbox 1026 1175 1111 1232; x_wconf 92' lang='lat' dir='ltr'><strong><em>sui</em></strong></span> <span class='ocrx_word' id='word_1_82' title='bbox 1149 1192 1276 1234; x_wconf 86' lang='lat' dir='ltr'><strong><em>eum</em></strong></span> <span class='ocrx_word' id='word_1_83' title='bbox 1337 1194 1447 1234; x_wconf 91' lang='lat' dir='ltr'><strong><em>non</em></strong></span> <span class='ocrx_word' id='word_1_84' title='bbox 1492 1188 1813 1252; x_wconf 89' lang='lat' dir='ltr'><strong><em>receperunt</em></strong></span> 
     </span>
    </p>
   </div>
   <div class='ocr_carea' id='block_1_13' title="bbox 205 1256 1808 1340">
    <p class='ocr_par' dir='ltr' id='par_1_13' title="bbox 205 1256 1808 1340">
     <span class='ocr_line' id='line_1_13' title="bbox 205 1256 1808 1340; baseline 0.007 -26"><span class='ocrx_word' id='word_1_85' title='bbox 205 1256 394 1330; x_wconf 83' lang='lat' dir='ltr'><strong><em>(Joan.</em></strong></span> <span class='ocrx_word' id='word_1_86' title='bbox 425 1275 466 1326; x_wconf 87' lang='lat' dir='ltr'><strong><em>r,</em></strong></span> <span class='ocrx_word' id='word_1_87' title='bbox 501 1261 639 1334; x_wconf 80' lang='grc'><strong>11).»</strong></span> <span class='ocrx_word' id='word_1_88' title='bbox 666 1262 737 1318; x_wconf 84' lang='lat' dir='ltr'><strong><em>Et</em></strong></span> <span class='ocrx_word' id='word_1_89' title='bbox 764 1278 860 1334; x_wconf 89' lang='lat' dir='ltr'><strong><em>per</em></strong></span> <span class='ocrx_word' id='word_1_90' title='bbox 881 1264 1202 1337; x_wconf 86' lang='lat' dir='ltr'><strong><em>prophetam</em></strong></span> <span class='ocrx_word' id='word_1_91' title='bbox 1234 1267 1498 1340; x_wconf 85' lang='lat' dir='ltr'><strong><em>loquitur,</em></strong></span> <span class='ocrx_word' id='word_1_92' title='bbox 1518 1268 1808 1338; x_wconf 89' lang='lat' dir='ltr'><strong><em>Dominus,</em></strong></span> 
     </span>
    </p>
   </div>
   <div class='ocr_carea' id='block_1_14' title="bbox 199 1346 1808 1430">
    <p class='ocr_par' dir='ltr' id='par_1_14' title="bbox 199 1346 1808 1430">
     <span class='ocr_line' id='line_1_14' title="bbox 199 1346 1808 1430; baseline 0.006 -26"><span class='ocrx_word' id='word_1_93' title='bbox 199 1346 396 1406; x_wconf 89' lang='lat' dir='ltr'><strong><em>dicens</em></strong></span> <span class='ocrx_word' id='word_1_94' title='bbox 421 1367 434 1406; x_wconf 92' lang='lat'><strong>:</strong></span> <span class='ocrx_word' id='word_1_95' title='bbox 477 1374 495 1399; x_wconf 76' lang='grc' dir='ltr'>ι</span> <span class='ocrx_word' id='word_1_96' title='bbox 525 1351 788 1409; x_wconf 90' lang='lat' dir='ltr'><strong><em>Torcular</em></strong></span> <span class='ocrx_word' id='word_1_97' title='bbox 816 1355 1025 1412; x_wconf 91' lang='lat' dir='ltr'><strong><em>calcavi</em></strong></span> <span class='ocrx_word' id='word_1_98' title='bbox 1056 1357 1226 1427; x_wconf 91' lang='lat' dir='ltr'><strong><em>solus,</em></strong></span> <span class='ocrx_word' id='word_1_99' title='bbox 1257 1365 1310 1413; x_wconf 90' lang='lat' dir='ltr'><strong><em>et</em></strong></span> <span class='ocrx_word' id='word_1_100' title='bbox 1329 1357 1396 1414; x_wconf 92' lang='lat' dir='ltr'><strong><em>de</em></strong></span> <span class='ocrx_word' id='word_1_101' title='bbox 1424 1357 1677 1430; x_wconf 86' lang='lat' dir='ltr'><strong><em>gentibus</em></strong></span> <span class='ocrx_word' id='word_1_102' title='bbox 1698 1375 1808 1415; x_wconf 90' lang='lat' dir='ltr'><strong><em>non</em></strong></span> 
     </span>
    </p>
   </div>
   <div class='ocr_carea' id='block_1_15' title="bbox 198 1439 1808 1520">
    <p class='ocr_par' dir='ltr' id='par_1_15' title="bbox 198 1439 1808 1520">
     <span class='ocr_line' id='line_1_15' title="bbox 198 1439 1808 1520; baseline 0.005 -25"><span class='ocrx_word' id='word_1_103' title='bbox 198 1447 287 1496; x_wconf 85' lang='lat' dir='ltr'><strong><em>est</em></strong></span> <span class='ocrx_word' id='word_1_104' title='bbox 321 1439 408 1494; x_wconf 89' lang='lat' dir='ltr'><strong><em>vir</em></strong></span> <span class='ocrx_word' id='word_1_105' title='bbox 432 1456 647 1497; x_wconf 91' lang='lat' dir='ltr'><strong><em>mecum</em></strong></span> <span class='ocrx_word' id='word_1_106' title='bbox 679 1444 815 1513; x_wconf 87' lang='lat' dir='ltr'><strong><em>(Isa.</em></strong></span> <span class='ocrx_word' id='word_1_107' title='bbox 855 1461 1013 1512; x_wconf 84' lang='lat' dir='ltr'><strong><em>LXIII,</em></strong></span> <span class='ocrx_word' id='word_1_108' title='bbox 1055 1444 1134 1516; x_wconf 91' lang='lat'><strong><em>3).</em></strong></span> <span class='ocrx_word' id='word_1_109' title='bbox 1181 1470 1200 1494; x_wconf 74' lang='grc' dir='ltr'><strong>ι</strong></span> <span class='ocrx_word' id='word_1_110' title='bbox 1243 1445 1441 1502; x_wconf 85' lang='lat' dir='ltr'><strong><em>Mulier</em></strong></span> <span class='ocrx_word' id='word_1_111' title='bbox 1470 1447 1640 1520; x_wconf 85' lang='lat' dir='ltr'><strong><em>igitur</em></strong></span> <span class='ocrx_word' id='word_1_112' title='bbox 1666 1447 1808 1520; x_wconf 84' lang='lat' dir='ltr'><strong><em>fugit</em></strong></span> 
     </span>
    </p>
   </div>
   <div class='ocr_carea' id='block_1_16' title="bbox 197 1527 1806 1610">
    <p class='ocr_par' dir='ltr' id='par_1_16' title="bbox 197 1527 1806 1610">
     <span class='ocr_line' id='line_1_16' title="bbox 197 1527 1806 1610; baseline 0.006 -26"><span class='ocrx_word' id='word_1_113' title='bbox 197 1527 266 1585; x_wconf 88' lang='lat' dir='ltr'><strong><em>in</em></strong></span> <span class='ocrx_word' id='word_1_114' title='bbox 303 1529 662 1588; x_wconf 90' lang='lat' dir='ltr'><strong><em>solitudinem</em></strong></span> <span class='ocrx_word' id='word_1_115' title='bbox 697 1549 710 1599; x_wconf 92' lang='lat'><strong><em>;</em></strong></span> <span class='ocrx_word' id='word_1_116' title='bbox 745 1532 874 1606; x_wconf 87' lang='lat' dir='ltr'><strong><em>quia</em></strong></span> <span class='ocrx_word' id='word_1_117' title='bbox 894 1536 1130 1607; x_wconf 89' lang='lat' dir='ltr'><strong><em>apostoli</em></strong></span> <span class='ocrx_word' id='word_1_118' title='bbox 1151 1542 1205 1592; x_wconf 92' lang='lat' dir='ltr'><strong><em>et</em></strong></span> <span class='ocrx_word' id='word_1_119' title='bbox 1232 1537 1414 1594; x_wconf 69' lang='lat' dir='ltr'><strong><em>caeteri</em></strong></span> <span class='ocrx_word' id='word_1_120' title='bbox 1436 1536 1714 1610; x_wconf 89' lang='lat' dir='ltr'><strong><em>discipuli,</em></strong></span> <span class='ocrx_word' id='word_1_121' title='bbox 1738 1554 1806 1593; x_wconf 82' lang='lat' dir='ltr'><strong><em>ex</em></strong></span> 
     </span>
    </p>
   </div>
   <div class='ocr_carea' id='block_1_17' title="bbox 195 1618 1804 1694">
    <p class='ocr_par' dir='ltr' id='par_1_17' title="bbox 195 1618 1804 1694">
     <span class='ocr_line' id='line_1_17' title="bbox 195 1618 1804 1694; baseline 0.006 -21"><span class='ocrx_word' id='word_1_122' title='bbox 195 1618 407 1691; x_wconf 86' lang='lat' dir='ltr'><strong><em>quibus</em></strong></span> <span class='ocrx_word' id='word_1_123' title='bbox 461 1626 596 1678; x_wconf 90' lang='lat' dir='ltr'><strong><em>tunc</em></strong></span> <span class='ocrx_word' id='word_1_124' title='bbox 652 1622 938 1679; x_wconf 89' lang='lat' dir='ltr'><strong><em>constabat</em></strong></span> <span class='ocrx_word' id='word_1_125' title='bbox 995 1625 1262 1694; x_wconf 90' lang='lat' dir='ltr'><strong><em>Ecclesia,</em></strong></span> <span class='ocrx_word' id='word_1_126' title='bbox 1323 1625 1516 1683; x_wconf 91' lang='lat' dir='ltr'><strong><em>relicto</em></strong></span> <span class='ocrx_word' id='word_1_127' title='bbox 1559 1626 1804 1692; x_wconf 88' lang='lat' dir='ltr'><strong><em>diabolo,</em></strong></span> 
     </span>
    </p>
   </div>
   <div class='ocr_carea' id='block_1_18' title="bbox 193 1708 1802 1787">
    <p class='ocr_par' dir='ltr' id='par_1_18' title="bbox 193 1708 1802 1787">
     <span class='ocr_line' id='line_1_18' title="bbox 193 1708 1802 1787; baseline 0.006 -24"><span class='ocrx_word' id='word_1_128' title='bbox 193 1708 523 1783; x_wconf 85' lang='lat' dir='ltr'><strong><em>relictisque</em></strong></span> <span class='ocrx_word' id='word_1_129' title='bbox 575 1711 836 1770; x_wconf 90' lang='lat' dir='ltr'><strong><em>omnibus</em></strong></span> <span class='ocrx_word' id='word_1_130' title='bbox 891 1729 1012 1786; x_wconf 64' lang='lat' dir='ltr'><strong><em>quae</em></strong></span> <span class='ocrx_word' id='word_1_131' title='bbox 1069 1714 1465 1787; x_wconf 89' lang='lat' dir='ltr'><strong><em>possidebant,</em></strong></span> <span class='ocrx_word' id='word_1_132' title='bbox 1520 1715 1802 1774; x_wconf 90' lang='lat' dir='ltr'><strong><em>Christum</em></strong></span> 
     </span>
    </p>
   </div>
   <div class='ocr_carea' id='block_1_19' title="bbox 1931 543 3527 617">
    <p class='ocr_par' dir='ltr' id='par_1_19' title="bbox 1931 543 3527 617">
     <span class='ocr_line' id='line_1_19' title="bbox 1931 543 3527 617; baseline 0.004 -19"><span class='ocrx_word' id='word_1_133' title='bbox 1931 548 2151 611; x_wconf 86' lang='lat' dir='ltr'><strong><em>terram,</em></strong></span> <span class='ocrx_word' id='word_1_134' title='bbox 2180 550 2229 598; x_wconf 91' lang='lat' dir='ltr'><strong><em>et</em></strong></span> <span class='ocrx_word' id='word_1_135' title='bbox 2250 545 2422 617; x_wconf 83' lang='lat' dir='ltr'><strong><em>angeli</em></strong></span> <span class='ocrx_word' id='word_1_136' title='bbox 2457 543 2570 613; x_wconf 88' lang='lat' dir='ltr'><strong><em>ejus</em></strong></span> <span class='ocrx_word' id='word_1_137' title='bbox 2607 561 2723 600; x_wconf 83' lang='lat' dir='ltr'><strong><em>cum</em></strong></span> <span class='ocrx_word' id='word_1_138' title='bbox 2753 561 2809 600; x_wconf 90' lang='lat' dir='ltr'><strong><em>eo</em></strong></span> <span class='ocrx_word' id='word_1_139' title='bbox 2846 546 3025 603; x_wconf 78' lang='lat' dir='ltr'><strong><em>missis</em></strong></span> <span class='ocrx_word' id='word_1_140' title='bbox 3049 554 3188 604; x_wconf 86' lang='lat' dir='ltr'><strong><em>sunt.</em></strong></span> <span class='ocrx_word' id='word_1_141' title='bbox 3220 547 3385 606; x_wconf 84' lang='lat' dir='ltr'><strong><em>Recte</em></strong></span> <span class='ocrx_word' id='word_1_142' title='bbox 3415 548 3527 605; x_wconf 82' lang='lat' dir='ltr'><strong><em>dia-</em></strong></span> 
     </span>
    </p>
   </div>
   <div class='ocr_carea' id='block_1_20' title="bbox 1930 629 3526 712">
    <p class='ocr_par' dir='ltr' id='par_1_20' title="bbox 1930 629 3526 712">
     <span class='ocr_line' id='line_1_20' title="bbox 1930 629 3526 712; baseline 0.006 -25"><span class='ocrx_word' id='word_1_143' title='bbox 1930 629 2091 688; x_wconf 89' lang='lat' dir='ltr'><strong><em>bolus</em></strong></span> <span class='ocrx_word' id='word_1_144' title='bbox 2143 649 2365 706; x_wconf 86' lang='lat' dir='ltr'><strong><em>serpens</em></strong></span> <span class='ocrx_word' id='word_1_145' title='bbox 2411 645 2659 703; x_wconf 84' lang='lat' dir='ltr'><strong><em>vocatur,</em></strong></span> <span class='ocrx_word' id='word_1_146' title='bbox 2716 635 2833 692; x_wconf 88' lang='lat' dir='ltr'><strong><em>sive</em></strong></span> <span class='ocrx_word' id='word_1_147' title='bbox 2878 637 3025 709; x_wconf 91' lang='lat' dir='ltr'><strong><em>quod</em></strong></span> <span class='ocrx_word' id='word_1_148' title='bbox 3071 653 3168 710; x_wconf 89' lang='lat' dir='ltr'><strong><em>per</em></strong></span> <span class='ocrx_word' id='word_1_149' title='bbox 3219 647 3526 712; x_wconf 89' lang='lat' dir='ltr'><strong><em>serpentem</em></strong></span> 
     </span>
    </p>
   </div>
   <div class='ocr_carea' id='block_1_21' title="bbox 1929 722 3526 800">
    <p class='ocr_par' dir='ltr' id='par_1_21' title="bbox 1929 722 3526 800">
     <span class='ocr_line' id='line_1_21' title="bbox 1929 722 3526 800; baseline 0.006 -22"><span class='ocrx_word' id='word_1_150' title='bbox 1929 722 2170 796; x_wconf 89' lang='lat' dir='ltr'><strong><em>primum</em></strong></span> <span class='ocrx_word' id='word_1_151' title='bbox 2203 723 2482 780; x_wconf 87' lang='lat' dir='ltr'><strong><em>hominem</em></strong></span> <span class='ocrx_word' id='word_1_152' title='bbox 2513 725 2808 798; x_wconf 88' lang='lat' dir='ltr'><strong><em>deceperit,</em></strong></span> <span class='ocrx_word' id='word_1_153' title='bbox 2839 725 2957 782; x_wconf 90' lang='lat' dir='ltr'><strong><em>sive</em></strong></span> <span class='ocrx_word' id='word_1_154' title='bbox 2985 727 3132 800; x_wconf 86' lang='lat' dir='ltr'><strong><em>quod</em></strong></span> <span class='ocrx_word' id='word_1_155' title='bbox 3166 744 3382 786; x_wconf 86' lang='lat' dir='ltr'><strong><em>veneno</em></strong></span> <span class='ocrx_word' id='word_1_156' title='bbox 3414 746 3526 786; x_wconf 60' lang='lat' dir='ltr'><strong><em>suae</em></strong></span> 
     </span>
    </p>
   </div>
   <div class='ocr_carea' id='block_1_22' title="bbox 1929 812 3524 889">
    <p class='ocr_par' dir='ltr' id='par_1_22' title="bbox 1929 812 3524 889">
     <span class='ocr_line' id='line_1_22' title="bbox 1929 812 3524 889; baseline 0.006 -23"><span class='ocrx_word' id='word_1_157' title='bbox 1929 812 2153 868; x_wconf 67' lang='lat' dir='ltr'><strong><em>malitiae</em></strong></span> <span class='ocrx_word' id='word_1_158' title='bbox 2185 829 2353 885; x_wconf 89' lang='lat' dir='ltr'><strong><em>genus</em></strong></span> <span class='ocrx_word' id='word_1_159' title='bbox 2383 813 2686 871; x_wconf 87' lang='lat' dir='ltr'><strong><em>humanum</em></strong></span> <span class='ocrx_word' id='word_1_160' title='bbox 2730 814 3051 889; x_wconf 84' lang='lat' dir='ltr'><strong><em>perdiderit.</em></strong></span> <span class='ocrx_word' id='word_1_161' title='bbox 3101 817 3367 874; x_wconf 88' lang='lat' dir='ltr'><strong><em>Diabolus</em></strong></span> <span class='ocrx_word' id='word_1_162' title='bbox 3390 834 3524 875; x_wconf 90' lang='lat' dir='ltr'><strong><em>vero</em></strong></span> 
     </span>
    </p>
   </div>
   <div class='ocr_carea' id='block_1_23' title="bbox 1927 901 3524 979">
    <p class='ocr_par' dir='ltr' id='par_1_23' title="bbox 1927 901 3524 979">
     <span class='ocr_line' id='line_1_23' title="bbox 1927 901 3524 979; baseline 0.003 -22"><span class='ocrx_word' id='word_1_163' title='bbox 1927 901 2318 975; x_wconf 83' lang='lat' dir='ltr'><strong><em>interpretatur</em></strong></span> <span class='ocrx_word' id='word_1_164' title='bbox 2367 905 2623 961; x_wconf 84' lang='lat' dir='ltr'><strong><em>deorsum</em></strong></span> <span class='ocrx_word' id='word_1_165' title='bbox 2673 922 2878 963; x_wconf 89' lang='lat' dir='ltr'><strong><em>ruens:</em></strong></span> <span class='ocrx_word' id='word_1_166' title='bbox 2944 905 3057 961; x_wconf 92' lang='lat' dir='ltr'><strong><em>ruit</em></strong></span> <span class='ocrx_word' id='word_1_167' title='bbox 3099 907 3299 979; x_wconf 89' lang='lat' dir='ltr'><strong><em>quippe</em></strong></span> <span class='ocrx_word' id='word_1_168' title='bbox 3345 905 3524 979; x_wconf 91' lang='lat' dir='ltr'><strong><em>primo</em></strong></span> 
     </span>
    </p>
   </div>
   <div class='ocr_carea' id='block_1_24' title="bbox 1926 991 3523 1067">
    <p class='ocr_par' dir='ltr' id='par_1_24' title="bbox 1926 991 3523 1067">
     <span class='ocr_line' id='line_1_24' title="bbox 1926 991 3523 1067; baseline 0.004 -21"><span class='ocrx_word' id='word_1_169' title='bbox 1926 1007 2022 1064; x_wconf 89' lang='lat' dir='ltr'><strong><em>per</em></strong></span> <span class='ocrx_word' id='word_1_170' title='bbox 2066 991 2374 1064; x_wconf 84' lang='lat' dir='ltr'><strong><em>superbiam</em></strong></span> <span class='ocrx_word' id='word_1_171' title='bbox 2425 993 2491 1049; x_wconf 89' lang='lat' dir='ltr'><strong><em>de</em></strong></span> <span class='ocrx_word' id='word_1_172' title='bbox 2536 995 2708 1062; x_wconf 79' lang='lat' dir='ltr'><strong><em>ccelo;</em></strong></span> <span class='ocrx_word' id='word_1_173' title='bbox 2759 995 2872 1051; x_wconf 90' lang='lat' dir='ltr'><strong><em>ruit</em></strong></span> <span class='ocrx_word' id='word_1_174' title='bbox 2902 1002 3107 1067; x_wconf 86' lang='lat' dir='ltr'><strong><em>postea,</em></strong></span> <span class='ocrx_word' id='word_1_175' title='bbox 3155 1012 3281 1052; x_wconf 90' lang='lat' dir='ltr'><strong><em>cum</em></strong></span> <span class='ocrx_word' id='word_1_176' title='bbox 3313 995 3382 1051; x_wconf 90' lang='lat' dir='ltr'><strong><em>ab</em></strong></span> <span class='ocrx_word' id='word_1_177' title='bbox 3419 997 3523 1052; x_wconf 89' lang='lat' dir='ltr'><strong><em>ele-</em></strong></span> 
     </span>
    </p>
   </div>
   <div class='ocr_carea' id='block_1_25' title="bbox 1925 1083 3524 1158">
    <p class='ocr_par' dir='ltr' id='par_1_25' title="bbox 1925 1083 3524 1158">
     <span class='ocr_line' id='line_1_25' title="bbox 1925 1083 3524 1158; baseline 0.004 -21"><span class='ocrx_word' id='word_1_178' title='bbox 1925 1089 2139 1138; x_wconf 84' lang='lat' dir='ltr'><strong><em>ctorum</em></strong></span> <span class='ocrx_word' id='word_1_179' title='bbox 2189 1083 2448 1140; x_wconf 89' lang='lat' dir='ltr'><strong><em>cordibus</em></strong></span> <span class='ocrx_word' id='word_1_180' title='bbox 2501 1101 2597 1158; x_wconf 91' lang='lat' dir='ltr'><strong><em>per</em></strong></span> <span class='ocrx_word' id='word_1_181' title='bbox 2629 1085 2908 1144; x_wconf 87' lang='lat' dir='ltr'><strong><em>Christum</em></strong></span> <span class='ocrx_word' id='word_1_182' title='bbox 2960 1085 3205 1158; x_wconf 88' lang='lat' dir='ltr'><strong><em>dejectus</em></strong></span> <span class='ocrx_word' id='word_1_183' title='bbox 3250 1093 3349 1156; x_wconf 89' lang='lat' dir='ltr'><strong><em>est,</em></strong></span> <span class='ocrx_word' id='word_1_184' title='bbox 3381 1085 3524 1144; x_wconf 90' lang='lat' dir='ltr'><strong><em>sicut</em></strong></span> 
     </span>
    </p>
   </div>
   <div class='ocr_carea' id='block_1_26' title="bbox 1923 1173 3521 1246">
    <p class='ocr_par' dir='ltr' id='par_1_26' title="bbox 1923 1173 3521 1246">
     <span class='ocr_line' id='line_1_26' title="bbox 1923 1173 3521 1246; baseline 0.003 -18"><span class='ocrx_word' id='word_1_185' title='bbox 1923 1189 2160 1246; x_wconf 65' lang='lat' dir='ltr'><strong><em>praesens</em></strong></span> <span class='ocrx_word' id='word_1_186' title='bbox 2205 1173 2477 1246; x_wconf 87' lang='lat' dir='ltr'><strong><em>scriptura</em></strong></span> <span class='ocrx_word' id='word_1_187' title='bbox 2527 1173 2890 1231; x_wconf 87' lang='lat' dir='ltr'><strong><em>demonstrat.</em></strong></span> <span class='ocrx_word' id='word_1_188' title='bbox 2939 1173 3164 1230; x_wconf 89' lang='lat' dir='ltr'><strong><em>Satanas</em></strong></span> <span class='ocrx_word' id='word_1_189' title='bbox 3210 1183 3392 1232; x_wconf 88' lang='lat' dir='ltr'><strong><em>autem</em></strong></span> <span class='ocrx_word' id='word_1_190' title='bbox 3440 1175 3521 1233; x_wconf 90' lang='lat' dir='ltr'><strong><em>in-</em></strong></span> 
     </span>
    </p>
   </div>
   <div class='ocr_carea' id='block_1_27' title="bbox 1923 1264 3517 1337">
    <p class='ocr_par' dir='ltr' id='par_1_27' title="bbox 1923 1264 3517 1337">
     <span class='ocr_line' id='line_1_27' title="bbox 1923 1264 3517 1337; baseline 0.003 -17"><span class='ocrx_word' id='word_1_191' title='bbox 1923 1271 2255 1337; x_wconf 90' lang='lat' dir='ltr'><strong><em>terpretatur</em></strong></span> <span class='ocrx_word' id='word_1_192' title='bbox 2302 1264 2640 1334; x_wconf 90' lang='lat' dir='ltr'><strong><em>contrarius;</em></strong></span> <span class='ocrx_word' id='word_1_193' title='bbox 2699 1264 3010 1322; x_wconf 89' lang='lat' dir='ltr'><strong><em>contrarius</em></strong></span> <span class='ocrx_word' id='word_1_194' title='bbox 3059 1273 3140 1321; x_wconf 89' lang='lat' dir='ltr'><strong><em>est</em></strong></span> <span class='ocrx_word' id='word_1_195' title='bbox 3190 1265 3336 1322; x_wconf 89' lang='lat' dir='ltr'><strong><em>enim</em></strong></span> <span class='ocrx_word' id='word_1_196' title='bbox 3383 1267 3517 1336; x_wconf 92' lang='lat' dir='ltr'><strong><em>Deo,</em></strong></span> 
     </span>
    </p>
   </div>
   <div class='ocr_carea' id='block_1_28' title="bbox 1921 1355 3519 1431">
    <p class='ocr_par' dir='ltr' id='par_1_28' title="bbox 1921 1355 3519 1431">
     <span class='ocr_line' id='line_1_28' title="bbox 1921 1355 3519 1431; baseline 0.001 -20"><span class='ocrx_word' id='word_1_197' title='bbox 1921 1355 2287 1430; x_wconf 90' lang='lat' dir='ltr'><strong><em>omnibusque</em></strong></span> <span class='ocrx_word' id='word_1_198' title='bbox 2321 1356 2482 1414; x_wconf 90' lang='lat' dir='ltr'><strong><em>bonis</em></strong></span> <span class='ocrx_word' id='word_1_199' title='bbox 2517 1356 2858 1414; x_wconf 90' lang='lat' dir='ltr'><strong><em>hominibus.</em></strong></span> <span class='ocrx_word' id='word_1_200' title='bbox 2900 1356 2997 1414; x_wconf 79' lang='lat' dir='ltr'><strong><em>Vae</em></strong></span> <span class='ocrx_word' id='word_1_201' title='bbox 3025 1356 3141 1414; x_wconf 88' lang='lat' dir='ltr'><strong><em>illis</em></strong></span> <span class='ocrx_word' id='word_1_202' title='bbox 3178 1357 3380 1431; x_wconf 88' lang='lat' dir='ltr'><strong><em>quibus</em></strong></span> <span class='ocrx_word' id='word_1_203' title='bbox 3407 1355 3519 1413; x_wconf 88' lang='lat' dir='ltr'><strong><em>dia-</em></strong></span> 
     </span>
    </p>
   </div>
   <div class='ocr_carea' id='block_1_29' title="bbox 1920 1445 3520 1522">
    <p class='ocr_par' dir='ltr' id='par_1_29' title="bbox 1920 1445 3520 1522">
     <span class='ocr_line' id='line_1_29' title="bbox 1920 1445 3520 1522; baseline 0.003 -20"><span class='ocrx_word' id='word_1_204' title='bbox 1920 1445 2079 1503; x_wconf 91' lang='lat' dir='ltr'><strong><em>bolus</em></strong></span> <span class='ocrx_word' id='word_1_205' title='bbox 2107 1447 2316 1505; x_wconf 90' lang='lat' dir='ltr'><strong><em>amicus</em></strong></span> <span class='ocrx_word' id='word_1_206' title='bbox 2345 1456 2426 1504; x_wconf 91' lang='lat' dir='ltr'><strong><em>est</em></strong></span> <span class='ocrx_word' id='word_1_207' title='bbox 2450 1449 2460 1504; x_wconf 84' lang='lat' dir='ltr'><strong><em>l</em></strong></span> <span class='ocrx_word' id='word_1_208' title='bbox 2509 1465 2636 1504; x_wconf 88' lang='lat' dir='ltr'><strong><em>nam</em></strong></span> <span class='ocrx_word' id='word_1_209' title='bbox 2678 1457 2884 1522; x_wconf 87' lang='lat' dir='ltr'><strong><em>quanto</em></strong></span> <span class='ocrx_word' id='word_1_210' title='bbox 2913 1447 3150 1521; x_wconf 88' lang='lat' dir='ltr'><strong><em>amplius</em></strong></span> <span class='ocrx_word' id='word_1_211' title='bbox 3178 1455 3260 1504; x_wconf 90' lang='lat' dir='ltr'><strong><em>est</em></strong></span> <span class='ocrx_word' id='word_1_212' title='bbox 3289 1446 3520 1506; x_wconf 89' lang='lat' dir='ltr'><strong><em>cuilibet</em></strong></span> 
     </span>
    </p>
   </div>
   <div class='ocr_carea' id='block_1_30' title="bbox 1918 1536 3520 1612">
    <p class='ocr_par' dir='ltr' id='par_1_30' title="bbox 1918 1536 3520 1612">
     <span class='ocr_line' id='line_1_30' title="bbox 1918 1536 3520 1612; baseline 0.001 -20"><span class='ocrx_word' id='word_1_213' title='bbox 1918 1537 2150 1606; x_wconf 88' lang='lat' dir='ltr'><strong><em>amicus,</em></strong></span> <span class='ocrx_word' id='word_1_214' title='bbox 2200 1545 2355 1594; x_wconf 90' lang='lat' dir='ltr'><strong><em>tanto</em></strong></span> <span class='ocrx_word' id='word_1_215' title='bbox 2385 1539 2652 1612; x_wconf 87' lang='lat' dir='ltr'><strong><em>ampliora</em></strong></span> <span class='ocrx_word' id='word_1_216' title='bbox 2698 1540 2747 1596; x_wconf 90' lang='lat' dir='ltr'><strong><em>ei</em></strong></span> <span class='ocrx_word' id='word_1_217' title='bbox 2788 1547 3060 1596; x_wconf 89' lang='lat' dir='ltr'><strong><em>tormenta</em></strong></span> <span class='ocrx_word' id='word_1_218' title='bbox 3101 1536 3332 1612; x_wconf 84' lang='lat' dir='ltr'><strong><em>ingerit;</em></strong></span> <span class='ocrx_word' id='word_1_219' title='bbox 3383 1537 3520 1595; x_wconf 83' lang='lat' dir='ltr'><strong><em>infe-</em></strong></span> 
     </span>
    </p>
   </div>
   <div class='ocr_carea' id='block_1_31' title="bbox 1919 1624 3512 1696">
    <p class='ocr_par' dir='ltr' id='par_1_31' title="bbox 1919 1624 3512 1696">
     <span class='ocr_line' id='line_1_31' title="bbox 1919 1624 3512 1696; baseline 0.004 -18"><span class='ocrx_word' id='word_1_220' title='bbox 1919 1624 2000 1679; x_wconf 86' lang='lat' dir='ltr'><strong><em>lix</em></strong></span> <span class='ocrx_word' id='word_1_221' title='bbox 2028 1634 2110 1682; x_wconf 90' lang='lat' dir='ltr'><strong><em>est</em></strong></span> <span class='ocrx_word' id='word_1_222' title='bbox 2143 1626 2292 1682; x_wconf 89' lang='lat' dir='ltr'><strong><em>enim</em></strong></span> <span class='ocrx_word' id='word_1_223' title='bbox 2341 1627 2585 1684; x_wconf 89' lang='lat' dir='ltr'><strong><em>amicitia</em></strong></span> <span class='ocrx_word' id='word_1_224' title='bbox 2628 1627 2856 1685; x_wconf 89' lang='lat' dir='ltr'><strong><em>diaboli.</em></strong></span> <span class='ocrx_word' id='word_1_225' title='bbox 2903 1626 3061 1696; x_wconf 88' lang='lat' dir='ltr'><strong><em>Quod</em></strong></span> <span class='ocrx_word' id='word_1_226' title='bbox 3104 1635 3285 1684; x_wconf 89' lang='lat' dir='ltr'><strong><em>autem</em></strong></span> <span class='ocrx_word' id='word_1_227' title='bbox 3329 1625 3512 1685; x_wconf 88' lang='lat' dir='ltr'><strong><em>dicit:</em></strong></span> 
     </span>
    </p>
   </div>
   <div class='ocr_carea' id='block_1_32' title="bbox 1920 1715 3515 1789">
    <p class='ocr_par' dir='ltr' id='par_1_32' title="bbox 1920 1715 3515 1789">
     <span class='ocr_line' id='line_1_32' title="bbox 1920 1715 3515 1789; baseline 0.004 -22"><span class='ocrx_word' id='word_1_228' title='bbox 1920 1715 2024 1781; x_wconf 87' lang='lat' dir='ltr'><strong><em>Qui</em></strong></span> <span class='ocrx_word' id='word_1_229' title='bbox 2065 1715 2261 1770; x_wconf 84' lang='lat' dir='ltr'><strong><em>seducit</em></strong></span> <span class='ocrx_word' id='word_1_230' title='bbox 2308 1717 2609 1771; x_wconf 84' lang='lat' dir='ltr'><strong><em>universum</em></strong></span> <span class='ocrx_word' id='word_1_231' title='bbox 2649 1717 2846 1786; x_wconf 89' lang='lat' dir='ltr'><strong><em>orbem,</em></strong></span> <span class='ocrx_word' id='word_1_232' title='bbox 2895 1733 3132 1789; x_wconf 71' lang='lat' dir='ltr'><strong><em>praesens</em></strong></span> <span class='ocrx_word' id='word_1_233' title='bbox 3172 1724 3389 1789; x_wconf 91' lang='lat' dir='ltr'><strong><em>tempus</em></strong></span> <span class='ocrx_word' id='word_1_234' title='bbox 3416 1733 3515 1788; x_wconf 91' lang='lat' dir='ltr'><strong><em>pro</em></strong></span> 
     </span>
    </p>
   </div>
   <div class='ocr_carea' id='block_1_33' title="bbox 191 1799 3511 1878">
    <p class='ocr_par' dir='ltr' id='par_1_33' title="bbox 191 1799 3511 1878">
     <span class='ocr_line' id='line_1_33' title="bbox 191 1799 3511 1878; baseline 0.002 -25"><span class='ocrx_word' id='word_1_235' title='bbox 191 1799 377 1854; x_wconf 90' lang='lat' dir='ltr'><strong><em>secuti</em></strong></span> <span class='ocrx_word' id='word_1_236' title='bbox 402 1809 531 1857; x_wconf 87' lang='lat' dir='ltr'><strong><em>sunt</em></strong></span> <span class='ocrx_word' id='word_1_237' title='bbox 562 1802 775 1873; x_wconf 84' lang='lat' dir='ltr'><strong><em>(Matth.</em></strong></span> <span class='ocrx_word' id='word_1_238' title='bbox 807 1819 930 1873; x_wconf 80' lang='lat' dir='ltr'><strong><em>xix,</em></strong></span> <span class='ocrx_word' id='word_1_239' title='bbox 962 1803 1078 1877; x_wconf 84' lang='lat'><strong><em>27).</em></strong></span> <span class='ocrx_word' id='word_1_240' title='bbox 1101 1805 1204 1860; x_wconf 91' lang='lat' dir='ltr'><strong><em>Per</em></strong></span> <span class='ocrx_word' id='word_1_241' title='bbox 1231 1804 1348 1862; x_wconf 91' lang='lat' dir='ltr'><strong><em>dies</em></strong></span> <span class='ocrx_word' id='word_1_242' title='bbox 1373 1821 1504 1862; x_wconf 90' lang='lat' dir='ltr'><strong><em>vero</em></strong></span> <span class='ocrx_word' id='word_1_243' title='bbox 1533 1805 1687 1862; x_wconf 90' lang='lat' dir='ltr'><strong><em>mille</em></strong></span> <span class='ocrx_word' id='word_1_244' title='bbox 1707 1805 1804 1864; x_wconf 89' lang='lat' dir='ltr'><strong><em>du-</em></strong></span> <span class='ocrx_word' id='word_1_245' title='bbox 1841 1815 1880 1874; x_wconf 82' lang='grc' dir='ltr'>Β</span> <span class='ocrx_word' id='word_1_246' title='bbox 1916 1803 2194 1874; x_wconf 79' lang='lat' dir='ltr'><strong><em>praeterito</em></strong></span> <span class='ocrx_word' id='word_1_247' title='bbox 2225 1805 2428 1876; x_wconf 90' lang='lat' dir='ltr'><strong><em>posuit.</em></strong></span> <span class='ocrx_word' id='word_1_248' title='bbox 2460 1805 2766 1862; x_wconf 88' lang='lat' dir='ltr'><strong><em>Seduxerat</em></strong></span> <span class='ocrx_word' id='word_1_249' title='bbox 2787 1814 2967 1861; x_wconf 90' lang='lat' dir='ltr'><strong><em>autem</em></strong></span> <span class='ocrx_word' id='word_1_250' title='bbox 2996 1821 3165 1878; x_wconf 90' lang='lat' dir='ltr'><strong><em>genus</em></strong></span> <span class='ocrx_word' id='word_1_251' title='bbox 3187 1803 3511 1874; x_wconf 89' lang='lat' dir='ltr'><strong><em>humanum,</em></strong></span> 
     </span>
    </p>
   </div>
   <div class='ocr_carea' id='block_1_34' title="bbox 189 1895 1799 1971">
    <p class='ocr_par' dir='ltr' id='par_1_34' title="bbox 189 1895 1799 1971">
     <span class='ocr_line' id='line_1_34' title="bbox 189 1895 1799 1971; baseline 0.006 -26"><span class='ocrx_word' id='word_1_252' title='bbox 189 1896 390 1946; x_wconf 85' lang='lat' dir='ltr'><strong><em>centos</em></strong></span> <span class='ocrx_word' id='word_1_253' title='bbox 436 1895 720 1966; x_wconf 84' lang='lat' dir='ltr'><strong><em>sexaginta</em></strong></span> <span class='ocrx_word' id='word_1_254' title='bbox 769 1901 983 1968; x_wconf 86' lang='lat' dir='ltr'><strong><em>tempus</em></strong></span> <span class='ocrx_word' id='word_1_255' title='bbox 1025 1912 1133 1970; x_wconf 91' lang='lat' dir='ltr'><strong><em>quo</em></strong></span> <span class='ocrx_word' id='word_1_256' title='bbox 1178 1896 1429 1954; x_wconf 85' lang='lat' dir='ltr'><strong><em>Christus</em></strong></span> <span class='ocrx_word' id='word_1_257' title='bbox 1457 1897 1799 1971; x_wconf 72' lang='lat' dir='ltr'><strong><em>prmdicavit,</em></strong></span> 
     </span>
    </p>
   </div>
   <div class='ocr_carea' id='block_1_35' title="bbox 191 1978 1799 2059">
    <p class='ocr_par' dir='ltr' id='par_1_35' title="bbox 191 1978 1799 2059">
     <span class='ocr_line' id='line_1_35' title="bbox 191 1978 1799 2059; baseline 0.006 -24"><span class='ocrx_word' id='word_1_258' title='bbox 191 1978 543 2055; x_wconf 86' lang='lat' dir='ltr'><strong><em>designatur.</em></strong></span> <span class='ocrx_word' id='word_1_259' title='bbox 595 1984 844 2041; x_wconf 86' lang='lat' dir='ltr'><strong><em>Pascitur</em></strong></span> <span class='ocrx_word' id='word_1_260' title='bbox 886 2001 1013 2059; x_wconf 89' lang='lat' dir='ltr'><strong><em>ergo</em></strong></span> <span class='ocrx_word' id='word_1_261' title='bbox 1051 1987 1251 2043; x_wconf 88' lang='lat' dir='ltr'><strong><em>mulier</em></strong></span> <span class='ocrx_word' id='word_1_262' title='bbox 1279 1987 1474 2044; x_wconf 90' lang='lat' dir='ltr'><strong><em>diebus</em></strong></span> <span class='ocrx_word' id='word_1_263' title='bbox 1504 1988 1656 2045; x_wconf 89' lang='lat' dir='ltr'><strong><em>mille</em></strong></span> <span class='ocrx_word' id='word_1_264' title='bbox 1683 1987 1799 2044; x_wconf 90' lang='lat' dir='ltr'><strong><em>du-</em></strong></span> 
     </span>
    </p>
   </div>
   <div class='ocr_carea' id='block_1_36' title="bbox 187 2075 1794 2154">
    <p class='ocr_par' dir='ltr' id='par_1_36' title="bbox 187 2075 1794 2154">
     <span class='ocr_line' id='line_1_36' title="bbox 187 2075 1794 2154; baseline 0.006 -27"><span class='ocrx_word' id='word_1_265' title='bbox 187 2075 376 2131; x_wconf 88' lang='lat' dir='ltr'><strong><em>centis</em></strong></span> <span class='ocrx_word' id='word_1_266' title='bbox 419 2076 746 2148; x_wconf 87' lang='lat' dir='ltr'><strong><em>sexaginta;</em></strong></span> <span class='ocrx_word' id='word_1_267' title='bbox 789 2077 917 2150; x_wconf 91' lang='lat' dir='ltr'><strong><em>quia</em></strong></span> <span class='ocrx_word' id='word_1_268' title='bbox 951 2079 1182 2151; x_wconf 89' lang='lat' dir='ltr'><strong><em>apostoli</em></strong></span> <span class='ocrx_word' id='word_1_269' title='bbox 1213 2089 1267 2137; x_wconf 90' lang='lat' dir='ltr'><strong><em>et</em></strong></span> <span class='ocrx_word' id='word_1_270' title='bbox 1296 2080 1476 2137; x_wconf 83' lang='lat' dir='ltr'><strong><em>caeteri</em></strong></span> <span class='ocrx_word' id='word_1_271' title='bbox 1514 2079 1794 2154; x_wconf 89' lang='lat' dir='ltr'><strong><em>discipuli,</em></strong></span> 
     </span>
    </p>
   </div>
   <div class='ocr_carea' id='block_1_37' title="bbox 183 2169 1798 2244">
    <p class='ocr_par' dir='ltr' id='par_1_37' title="bbox 183 2169 1798 2244">
     <span class='ocr_line' id='line_1_37' title="bbox 183 2169 1798 2244; baseline 0.005 -20"><span class='ocrx_word' id='word_1_272' title='bbox 183 2183 262 2224; x_wconf 86' lang='lat' dir='ltr'><strong><em>ex</em></strong></span> <span class='ocrx_word' id='word_1_273' title='bbox 311 2169 536 2241; x_wconf 87' lang='lat' dir='ltr'><strong><em>quibus,</em></strong></span> <span class='ocrx_word' id='word_1_274' title='bbox 588 2171 733 2227; x_wconf 89' lang='lat' dir='ltr'><strong><em>sicut</em></strong></span> <span class='ocrx_word' id='word_1_275' title='bbox 782 2169 1036 2244; x_wconf 90' lang='lat' dir='ltr'><strong><em>superius</em></strong></span> <span class='ocrx_word' id='word_1_276' title='bbox 1071 2171 1339 2240; x_wconf 87' lang='lat' dir='ltr'><strong><em>diximus,</em></strong></span> <span class='ocrx_word' id='word_1_277' title='bbox 1388 2175 1636 2231; x_wconf 87' lang='lat' dir='ltr'><strong><em>Ecclesia</em></strong></span> <span class='ocrx_word' id='word_1_278' title='bbox 1668 2184 1798 2232; x_wconf 91' lang='lat' dir='ltr'><strong><em>tunc</em></strong></span> 
     </span>
    </p>
   </div>
   <div class='ocr_carea' id='block_1_38' title="bbox 180 2257 1796 2336">
    <p class='ocr_par' dir='ltr' id='par_1_38' title="bbox 180 2257 1796 2336">
     <span class='ocr_line' id='line_1_38' title="bbox 180 2257 1796 2336; baseline 0.004 -21"><span class='ocrx_word' id='word_1_279' title='bbox 180 2257 502 2326; x_wconf 87' lang='lat' dir='ltr'><strong><em>constabat,</em></strong></span> <span class='ocrx_word' id='word_1_280' title='bbox 535 2275 632 2332; x_wconf 91' lang='lat' dir='ltr'><strong><em>per</em></strong></span> <span class='ocrx_word' id='word_1_281' title='bbox 651 2267 760 2316; x_wconf 91' lang='lat' dir='ltr'><strong><em>tres</em></strong></span> <span class='ocrx_word' id='word_1_282' title='bbox 774 2277 946 2318; x_wconf 88' lang='lat' dir='ltr'><strong><em>annos</em></strong></span> <span class='ocrx_word' id='word_1_283' title='bbox 973 2269 1026 2318; x_wconf 91' lang='lat' dir='ltr'><strong><em>et</em></strong></span> <span class='ocrx_word' id='word_1_284' title='bbox 1041 2262 1335 2320; x_wconf 90' lang='lat' dir='ltr'><strong><em>dimidium</em></strong></span> <span class='ocrx_word' id='word_1_285' title='bbox 1365 2262 1598 2336; x_wconf 91' lang='lat' dir='ltr'><strong><em>dapibus</em></strong></span> <span class='ocrx_word' id='word_1_286' title='bbox 1619 2265 1796 2321; x_wconf 85' lang='lat' dir='ltr'><strong><em>Evan-</em></strong></span> 
     </span>
    </p>
   </div>
   <div class='ocr_carea' id='block_1_39' title="bbox 182 2347 1000 2422">
    <p class='ocr_par' dir='ltr' id='par_1_39' title="bbox 182 2347 1000 2422">
     <span class='ocr_line' id='line_1_39' title="bbox 182 2347 1000 2422; baseline 0.006 -20"><span class='ocrx_word' id='word_1_287' title='bbox 182 2347 326 2420; x_wconf 80' lang='lat' dir='ltr'><strong><em>gelii</em></strong></span> <span class='ocrx_word' id='word_1_288' title='bbox 354 2362 386 2402; x_wconf 91' lang='lat' dir='ltr'><strong><em>a</em></strong></span> <span class='ocrx_word' id='word_1_289' title='bbox 421 2348 662 2404; x_wconf 90' lang='lat' dir='ltr'><strong><em>Domino</em></strong></span> <span class='ocrx_word' id='word_1_290' title='bbox 691 2350 828 2422; x_wconf 89' lang='lat' dir='ltr'><strong><em>pasti</em></strong></span> <span class='ocrx_word' id='word_1_291' title='bbox 851 2358 1000 2407; x_wconf 89' lang='lat' dir='ltr'><strong><em>sunt.</em></strong></span> 
     </span>
    </p>
   </div>
   <div class='ocr_carea' id='block_1_40' title="bbox 266 2442 1787 2524">
    <p class='ocr_par' dir='ltr' id='par_1_40' title="bbox 266 2442 1787 2524">
     <span class='ocr_line' id='line_1_40' title="bbox 266 2442 1787 2524; baseline 0.004 -24"><span class='ocrx_word' id='word_1_292' title='bbox 266 2442 450 2516; x_wconf 78' lang='lat' dir='ltr'><strong><em>(Vera.</em></strong></span> <span class='ocrx_word' id='word_1_293' title='bbox 475 2445 555 2513; x_wconf 89' lang='lat'><strong><em>7.)</em></strong></span> <span class='ocrx_word' id='word_1_294' title='bbox 585 2447 660 2502; x_wconf 88' lang='lat' dir='ltr'><strong><em>Et</em></strong></span> <span class='ocrx_word' id='word_1_295' title='bbox 687 2445 888 2516; x_wconf 83' lang='lat' dir='ltr'><strong><em>factum</em></strong></span> <span class='ocrx_word' id='word_1_296' title='bbox 915 2454 988 2504; x_wconf 88' lang='lat' dir='ltr'><strong><em>est</em></strong></span> <span class='ocrx_word' id='word_1_297' title='bbox 1010 2449 1262 2520; x_wconf 73' lang='lat' dir='ltr'><strong><em>prwlium</em></strong></span> <span class='ocrx_word' id='word_1_298' title='bbox 1287 2465 1531 2520; x_wconf 85' lang='lat' dir='ltr'><strong><em>magnum</em></strong></span> <span class='ocrx_word' id='word_1_299' title='bbox 1558 2448 1616 2504; x_wconf 88' lang='lat' dir='ltr'><strong><em>in</em></strong></span> <span class='ocrx_word' id='word_1_300' title='bbox 1641 2452 1787 2524; x_wconf 64' lang='lat' dir='ltr'><strong><em>creto,</em></strong></span> 
     </span>
    </p>
   </div>
   <div class='ocr_carea' id='block_1_41' title="bbox 181 2536 1790 2612">
    <p class='ocr_par' dir='ltr' id='par_1_41' title="bbox 181 2536 1790 2612">
     <span class='ocr_line' id='line_1_41' title="bbox 181 2536 1790 2612; baseline 0.002 -16"><span class='ocrx_word' id='word_1_301' title='bbox 181 2536 419 2596; x_wconf 85' lang='lat' dir='ltr'><strong><em>Michael</em></strong></span> <span class='ocrx_word' id='word_1_302' title='bbox 467 2543 516 2592; x_wconf 89' lang='lat' dir='ltr'><strong><em>et</em></strong></span> <span class='ocrx_word' id='word_1_303' title='bbox 568 2539 741 2610; x_wconf 85' lang='lat' dir='ltr'><strong><em>angeli</em></strong></span> <span class='ocrx_word' id='word_1_304' title='bbox 787 2539 900 2610; x_wconf 84' lang='lat' dir='ltr'><strong><em>ejus</em></strong></span> <span class='ocrx_word' id='word_1_305' title='bbox 941 2541 1336 2612; x_wconf 72' lang='lat' dir='ltr'><strong><em>prwliabantur</em></strong></span> <span class='ocrx_word' id='word_1_306' title='bbox 1379 2558 1497 2597; x_wconf 90' lang='lat' dir='ltr'><strong><em>cum</em></strong></span> <span class='ocrx_word' id='word_1_307' title='bbox 1543 2542 1790 2600; x_wconf 86' lang='lat' dir='ltr'><strong><em>dracone.</em></strong></span> 
     </span>
    </p>
   </div>
   <div class='ocr_carea' id='block_1_42' title="bbox 182 2627 1790 2705">
    <p class='ocr_par' dir='ltr' id='par_1_42' title="bbox 182 2627 1790 2705">
     <span class='ocr_line' id='line_1_42' title="bbox 182 2627 1790 2705; baseline 0.004 -22"><span class='ocrx_word' id='word_1_308' title='bbox 182 2627 335 2695; x_wconf 85' lang='lat' dir='ltr'><strong><em>Quia</em></strong></span> <span class='ocrx_word' id='word_1_309' title='bbox 362 2628 613 2702; x_wconf 87' lang='lat' dir='ltr'><strong><em>superius</em></strong></span> <span class='ocrx_word' id='word_1_310' title='bbox 643 2631 988 2688; x_wconf 86' lang='lat' dir='ltr'><strong><em>nativitatem</em></strong></span> <span class='ocrx_word' id='word_1_311' title='bbox 1019 2639 1073 2689; x_wconf 92' lang='lat' dir='ltr'><strong><em>et</em></strong></span> <span class='ocrx_word' id='word_1_312' title='bbox 1103 2633 1552 2705; x_wconf 69' lang='lat' dir='ltr'><strong><em>praedicationem</em></strong></span> <span class='ocrx_word' id='word_1_313' title='bbox 1583 2633 1790 2691; x_wconf 89' lang='lat' dir='ltr'><strong><em>Christi</em></strong></span> 
     </span>
    </p>
   </div>
   <div class='ocr_carea' id='block_1_43' title="bbox 181 2714 1792 2796">
    <p class='ocr_par' dir='ltr' id='par_1_43' title="bbox 181 2714 1792 2796">
     <span class='ocr_line' id='line_1_43' title="bbox 181 2714 1792 2796; baseline 0.004 -22"><span class='ocrx_word' id='word_1_314' title='bbox 181 2714 436 2775; x_wconf 85' lang='lat' dir='ltr'><strong><em>breviter</em></strong></span> <span class='ocrx_word' id='word_1_315' title='bbox 481 2719 919 2793; x_wconf 87' lang='lat' dir='ltr'><strong><em>comprehendit,</em></strong></span> <span class='ocrx_word' id='word_1_316' title='bbox 969 2738 1310 2796; x_wconf 89' lang='lat' dir='ltr'><strong><em>consequens</em></strong></span> <span class='ocrx_word' id='word_1_317' title='bbox 1357 2730 1440 2780; x_wconf 91' lang='lat' dir='ltr'><strong><em>est</em></strong></span> <span class='ocrx_word' id='word_1_318' title='bbox 1469 2731 1530 2780; x_wconf 90' lang='lat' dir='ltr'><strong><em>ut</em></strong></span> <span class='ocrx_word' id='word_1_319' title='bbox 1551 2724 1792 2796; x_wconf 86' lang='lat' dir='ltr'><strong><em>qualiter</em></strong></span> 
     </span>
    </p>
   </div>
   <div class='ocr_carea' id='block_1_44' title="bbox 185 2807 1790 2887">
    <p class='ocr_par' dir='ltr' id='par_1_44' title="bbox 185 2807 1790 2887">
     <span class='ocr_line' id='line_1_44' title="bbox 185 2807 1790 2887; baseline 0.003 -23"><span class='ocrx_word' id='word_1_320' title='bbox 185 2823 291 2881; x_wconf 89' lang='lat' dir='ltr'><strong><em>per</em></strong></span> <span class='ocrx_word' id='word_1_321' title='bbox 321 2807 625 2879; x_wconf 88' lang='lat' dir='ltr'><strong><em>passionem</em></strong></span> <span class='ocrx_word' id='word_1_322' title='bbox 654 2827 809 2868; x_wconf 91' lang='lat' dir='ltr'><strong><em>suam</em></strong></span> <span class='ocrx_word' id='word_1_323' title='bbox 837 2811 1122 2869; x_wconf 89' lang='lat' dir='ltr'><strong><em>diabolum</em></strong></span> <span class='ocrx_word' id='word_1_324' title='bbox 1149 2813 1304 2882; x_wconf 89' lang='lat' dir='ltr'><strong><em>vicit,</em></strong></span> <span class='ocrx_word' id='word_1_325' title='bbox 1329 2813 1641 2887; x_wconf 88' lang='lat' dir='ltr'><strong><em>subjungat.</em></strong></span> <span class='ocrx_word' id='word_1_326' title='bbox 1675 2814 1790 2871; x_wconf 89' lang='lat' dir='ltr'><strong><em>Mi—</em></strong></span> 
     </span>
    </p>
   </div>
   <div class='ocr_carea' id='block_1_45' title="bbox 181 2895 1786 2976">
    <p class='ocr_par' dir='ltr' id='par_1_45' title="bbox 181 2895 1786 2976">
     <span class='ocr_line' id='line_1_45' title="bbox 181 2895 1786 2976; baseline 0.005 -24"><span class='ocrx_word' id='word_1_327' title='bbox 181 2895 345 2953; x_wconf 86' lang='lat' dir='ltr'><strong><em>chael</em></strong></span> <span class='ocrx_word' id='word_1_328' title='bbox 398 2898 492 2971; x_wconf 90' lang='lat' dir='ltr'><strong><em>qui</em></strong></span> <span class='ocrx_word' id='word_1_329' title='bbox 547 2899 958 2974; x_wconf 88' lang='lat' dir='ltr'><strong><em>interpretatur,</em></strong></span> <span class='ocrx_word' id='word_1_330' title='bbox 1018 2902 1142 2976; x_wconf 90' lang='lat' dir='ltr'><strong><em>quis</em></strong></span> <span class='ocrx_word' id='word_1_331' title='bbox 1191 2911 1253 2959; x_wconf 91' lang='lat' dir='ltr'><strong><em>ut</em></strong></span> <span class='ocrx_word' id='word_1_332' title='bbox 1287 2905 1454 2973; x_wconf 88' lang='lat' dir='ltr'><strong><em>Deus,</em></strong></span> <span class='ocrx_word' id='word_1_333' title='bbox 1505 2903 1786 2962; x_wconf 89' lang='lat' dir='ltr'><strong><em>Christum</em></strong></span> 
     </span>
    </p>
   </div>
   <div class='ocr_carea' id='block_1_46' title="bbox 181 2984 1788 3066">
    <p class='ocr_par' dir='ltr' id='par_1_46' title="bbox 181 2984 1788 3066">
     <span class='ocr_line' id='line_1_46' title="bbox 181 2984 1788 3066; baseline 0.004 -23"><span class='ocrx_word' id='word_1_334' title='bbox 181 2984 482 3060; x_wconf 87' lang='lat' dir='ltr'><strong><em>signiﬁcat.</em></strong></span> <span class='ocrx_word' id='word_1_335' title='bbox 514 2989 773 3047; x_wconf 68' lang='lat' dir='ltr'><strong><em>Pratlium</em></strong></span> <span class='ocrx_word' id='word_1_336' title='bbox 806 2991 864 3048; x_wconf 86' lang='lat' dir='ltr'><strong><em>in</em></strong></span> <span class='ocrx_word' id='word_1_337' title='bbox 903 2994 1041 3050; x_wconf 82' lang='lat' dir='ltr'><strong><em>ccelo</em></strong></span> <span class='ocrx_word' id='word_1_338' title='bbox 1062 2993 1268 3050; x_wconf 88' lang='lat' dir='ltr'><strong><em>factum</em></strong></span> <span class='ocrx_word' id='word_1_339' title='bbox 1304 3002 1406 3063; x_wconf 88' lang='lat' dir='ltr'><strong><em>est,</em></strong></span> <span class='ocrx_word' id='word_1_340' title='bbox 1426 2993 1483 3050; x_wconf 91' lang='lat' dir='ltr'><strong><em>id</em></strong></span> <span class='ocrx_word' id='word_1_341' title='bbox 1516 3003 1616 3064; x_wconf 90' lang='lat' dir='ltr'><strong><em>est,</em></strong></span> <span class='ocrx_word' id='word_1_342' title='bbox 1651 3010 1788 3066; x_wconf 85' lang='lat' dir='ltr'><strong><em>pro—</em></strong></span> 
     </span>
    </p>
   </div>
   <div class='ocr_carea' id='block_1_47' title="bbox 180 3079 1784 3153">
    <p class='ocr_par' dir='ltr' id='par_1_47' title="bbox 180 3079 1784 3153">
     <span class='ocr_line' id='line_1_47' title="bbox 180 3079 1784 3153; baseline 0.004 -19"><span class='ocrx_word' id='word_1_343' title='bbox 180 3085 312 3153; x_wconf 90' lang='lat' dir='ltr'><strong><em>pter</em></strong></span> <span class='ocrx_word' id='word_1_344' title='bbox 339 3079 559 3151; x_wconf 67' lang='lat' dir='ltr'><strong><em>oculum,</em></strong></span> <span class='ocrx_word' id='word_1_345' title='bbox 592 3097 691 3153; x_wconf 93' lang='lat' dir='ltr'><strong><em>pro</em></strong></span> <span class='ocrx_word' id='word_1_346' title='bbox 721 3083 896 3138; x_wconf 87' lang='lat' dir='ltr'><strong><em>salute</em></strong></span> <span class='ocrx_word' id='word_1_347' title='bbox 921 3082 1178 3140; x_wconf 89' lang='lat' dir='ltr'><strong><em>videlicet</em></strong></span> <span class='ocrx_word' id='word_1_348' title='bbox 1209 3083 1457 3140; x_wconf 90' lang='lat' dir='ltr'><strong><em>omnium</em></strong></span> <span class='ocrx_word' id='word_1_349' title='bbox 1488 3085 1784 3140; x_wconf 90' lang='lat' dir='ltr'><strong><em>electorum</em></strong></span> 
     </span>
    </p>
   </div>
   <div class='ocr_carea' id='block_1_48' title="bbox 1913 1891 3515 1967">
    <p class='ocr_par' dir='ltr' id='par_1_48' title="bbox 1913 1891 3515 1967">
     <span class='ocr_line' id='line_1_48' title="bbox 1913 1891 3515 1967; baseline 0.002 -20"><span class='ocrx_word' id='word_1_350' title='bbox 1913 1891 2060 1965; x_wconf 92' lang='lat' dir='ltr'><strong><em>quod</em></strong></span> <span class='ocrx_word' id='word_1_351' title='bbox 2108 1908 2203 1964; x_wconf 90' lang='lat' dir='ltr'><strong><em>per</em></strong></span> <span class='ocrx_word' id='word_1_352' title='bbox 2252 1893 2438 1948; x_wconf 91' lang='lat' dir='ltr'><strong><em>orbem</em></strong></span> <span class='ocrx_word' id='word_1_353' title='bbox 2482 1893 2804 1966; x_wconf 84' lang='lat' dir='ltr'><strong><em>designatur</em></strong></span> <span class='ocrx_word' id='word_1_354' title='bbox 2843 1913 2854 1951; x_wconf 94' lang='lat'><strong>:</strong></span> <span class='ocrx_word' id='word_1_355' title='bbox 2903 1894 2998 1951; x_wconf 83' lang='lat' dir='ltr'><strong><em>sed</em></strong></span> <span class='ocrx_word' id='word_1_356' title='bbox 3034 1911 3104 1951; x_wconf 89' lang='lat' dir='ltr'><strong><em>ex</em></strong></span> <span class='ocrx_word' id='word_1_357' title='bbox 3143 1910 3336 1967; x_wconf 89' lang='lat' dir='ltr'><strong><em>magna</em></strong></span> <span class='ocrx_word' id='word_1_358' title='bbox 3364 1901 3515 1967; x_wconf 87' lang='lat' dir='ltr'><strong><em>parte</em></strong></span> 
     </span>
    </p>
   </div>
   <div class='ocr_carea' id='block_1_49' title="bbox 1909 1981 3514 2058">
    <p class='ocr_par' dir='ltr' id='par_1_49' title="bbox 1909 1981 3514 2058">
     <span class='ocr_line' id='line_1_49' title="bbox 1909 1981 3514 2058; baseline 0.002 -21"><span class='ocrx_word' id='word_1_359' title='bbox 1909 1981 2051 2038; x_wconf 90' lang='lat' dir='ltr'><strong><em>illud</em></strong></span> <span class='ocrx_word' id='word_1_360' title='bbox 2085 1999 2180 2055; x_wconf 90' lang='lat' dir='ltr'><strong><em>per</em></strong></span> <span class='ocrx_word' id='word_1_361' title='bbox 2213 1982 2498 2041; x_wconf 89' lang='lat' dir='ltr'><strong><em>Christum</em></strong></span> <span class='ocrx_word' id='word_1_362' title='bbox 2531 1983 2806 2041; x_wconf 90' lang='lat' dir='ltr'><strong><em>amiserat.</em></strong></span> <span class='ocrx_word' id='word_1_363' title='bbox 2834 1981 3118 2056; x_wconf 89' lang='lat' dir='ltr'><strong><em>Projectus</em></strong></span> <span class='ocrx_word' id='word_1_364' title='bbox 3147 1990 3230 2040; x_wconf 90' lang='lat' dir='ltr'><strong><em>est</em></strong></span> <span class='ocrx_word' id='word_1_365' title='bbox 3253 1999 3381 2058; x_wconf 90' lang='lat' dir='ltr'><strong><em>ergo</em></strong></span> <span class='ocrx_word' id='word_1_366' title='bbox 3400 1983 3514 2041; x_wconf 83' lang='lat' dir='ltr'><strong><em>dia-</em></strong></span> 
     </span>
    </p>
   </div>
   <div class='ocr_carea' id='block_1_50' title="bbox 1906 2070 3515 2149">
    <p class='ocr_par' dir='ltr' id='par_1_50' title="bbox 1906 2070 3515 2149">
     <span class='ocr_line' id='line_1_50' title="bbox 1906 2070 3515 2149; baseline 0.002 -23"><span class='ocrx_word' id='word_1_367' title='bbox 1906 2070 2068 2128; x_wconf 91' lang='lat' dir='ltr'><strong><em>bolus</em></strong></span> <span class='ocrx_word' id='word_1_368' title='bbox 2096 2078 2150 2130; x_wconf 92' lang='lat' dir='ltr'><strong><em>et</em></strong></span> <span class='ocrx_word' id='word_1_369' title='bbox 2177 2073 2358 2146; x_wconf 87' lang='lat' dir='ltr'><strong><em>angeli</em></strong></span> <span class='ocrx_word' id='word_1_370' title='bbox 2393 2072 2514 2146; x_wconf 89' lang='lat' dir='ltr'><strong><em>ejus</em></strong></span> <span class='ocrx_word' id='word_1_371' title='bbox 2545 2073 2602 2130; x_wconf 90' lang='lat' dir='ltr'><strong><em>in</em></strong></span> <span class='ocrx_word' id='word_1_372' title='bbox 2633 2081 2874 2143; x_wconf 89' lang='lat' dir='ltr'><strong><em>terram;</em></strong></span> <span class='ocrx_word' id='word_1_373' title='bbox 2921 2073 3051 2149; x_wconf 87' lang='lat' dir='ltr'><strong><em>quia</em></strong></span> <span class='ocrx_word' id='word_1_374' title='bbox 3079 2073 3148 2130; x_wconf 91' lang='lat' dir='ltr'><strong><em>ab</em></strong></span> <span class='ocrx_word' id='word_1_375' title='bbox 3188 2073 3379 2131; x_wconf 84' lang='lat' dir='ltr'><strong><em>electis</em></strong></span> <span class='ocrx_word' id='word_1_376' title='bbox 3407 2088 3515 2130; x_wconf 87' lang='lat' dir='ltr'><strong><em>ex-</em></strong></span> 
     </span>
    </p>
   </div>
   <div class='ocr_carea' id='block_1_51' title="bbox 1906 2163 3501 2241">
    <p class='ocr_par' dir='ltr' id='par_1_51' title="bbox 1906 2163 3501 2241">
     <span class='ocr_line' id='line_1_51' title="bbox 1906 2163 3501 2241; baseline 0.004 -23"><span class='ocrx_word' id='word_1_377' title='bbox 1906 2163 2117 2235; x_wconf 91' lang='lat' dir='ltr'><strong><em>pulsus,</em></strong></span> <span class='ocrx_word' id='word_1_378' title='bbox 2149 2164 2294 2222; x_wconf 92' lang='lat' dir='ltr'><strong><em>solos</em></strong></span> <span class='ocrx_word' id='word_1_379' title='bbox 2321 2167 2604 2240; x_wconf 91' lang='lat' dir='ltr'><strong><em>reprobos,</em></strong></span> <span class='ocrx_word' id='word_1_380' title='bbox 2635 2166 2730 2241; x_wconf 90' lang='lat' dir='ltr'><strong><em>qui</em></strong></span> <span class='ocrx_word' id='word_1_381' title='bbox 2759 2183 2856 2241; x_wconf 89' lang='lat' dir='ltr'><strong><em>per</em></strong></span> <span class='ocrx_word' id='word_1_382' title='bbox 2885 2174 3091 2224; x_wconf 88' lang='lat' dir='ltr'><strong><em>terram</em></strong></span> <span class='ocrx_word' id='word_1_383' title='bbox 3123 2165 3501 2241; x_wconf 87' lang='lat' dir='ltr'><strong><em>designantur,</em></strong></span> 
     </span>
    </p>
   </div>
   <div class='ocr_carea' id='block_1_52' title="bbox 1905 2253 2169 2326">
    <p class='ocr_par' dir='ltr' id='par_1_52' title="bbox 1905 2253 2169 2326">
     <span class='ocr_line' id='line_1_52' title="bbox 1905 2253 2169 2326; baseline 0.011 -17"><span class='ocrx_word' id='word_1_384' title='bbox 1905 2253 2169 2326; x_wconf 89' lang='lat' dir='ltr'><strong><em>possedit.</em></strong></span> 
     </span>
    </p>
   </div>
   <div class='ocr_carea' id='block_1_53' title="bbox 1979 2353 3510 2429">
    <p class='ocr_par' dir='ltr' id='par_1_53' title="bbox 1979 2353 3510 2429">
     <span class='ocr_line' id='line_1_53' title="bbox 1979 2353 3510 2429; baseline 0.003 -20"><span class='ocrx_word' id='word_1_385' title='bbox 1979 2353 2159 2423; x_wconf 87' lang='lat' dir='ltr'><strong><em>(Vers.</em></strong></span> <span class='ocrx_word' id='word_1_386' title='bbox 2194 2353 2306 2426; x_wconf 81' lang='grc'><strong>10.)</strong></span> <span class='ocrx_word' id='word_1_387' title='bbox 2347 2356 2421 2411; x_wconf 91' lang='lat' dir='ltr'><strong><em>Et</em></strong></span> <span class='ocrx_word' id='word_1_388' title='bbox 2453 2353 2639 2411; x_wconf 81' lang='lat' dir='ltr'><strong><em>audivi</em></strong></span> <span class='ocrx_word' id='word_1_389' title='bbox 2680 2371 2852 2412; x_wconf 79' lang='lat' dir='ltr'><strong><em>vocem</em></strong></span> <span class='ocrx_word' id='word_1_390' title='bbox 2890 2372 3138 2429; x_wconf 86' lang='lat' dir='ltr'><strong><em>magnam</em></strong></span> <span class='ocrx_word' id='word_1_391' title='bbox 3176 2355 3238 2412; x_wconf 86' lang='lat' dir='ltr'><strong><em>de</em></strong></span> <span class='ocrx_word' id='word_1_392' title='bbox 3265 2356 3390 2413; x_wconf 72' lang='lat' dir='ltr'><strong><em>caelo</em></strong></span> <span class='ocrx_word' id='word_1_393' title='bbox 3429 2355 3510 2413; x_wconf 84' lang='lat' dir='ltr'><strong><em>di-</em></strong></span> 
     </span>
    </p>
   </div>
   <div class='ocr_carea' id='block_1_54' title="bbox 1901 2443 3510 2517">
    <p class='ocr_par' dir='ltr' id='par_1_54' title="bbox 1901 2443 3510 2517">
     <span class='ocr_line' id='line_1_54' title="bbox 1901 2443 3510 2517; baseline 0.003 -20"><span class='ocrx_word' id='word_1_394' title='bbox 1901 2448 2127 2497; x_wconf 89' lang='lat' dir='ltr'><strong><em>centem:</em></strong></span> <span class='ocrx_word' id='word_1_395' title='bbox 2184 2444 2337 2500; x_wconf 88' lang='lat' dir='ltr'><strong><em>Nunc</em></strong></span> <span class='ocrx_word' id='word_1_396' title='bbox 2386 2443 2532 2514; x_wconf 82' lang='lat' dir='ltr'><strong><em>facta</em></strong></span> <span class='ocrx_word' id='word_1_397' title='bbox 2577 2451 2650 2500; x_wconf 81' lang='lat' dir='ltr'><strong><em>est</em></strong></span> <span class='ocrx_word' id='word_1_398' title='bbox 2695 2446 2843 2500; x_wconf 87' lang='lat' dir='ltr'><strong><em>salus</em></strong></span> <span class='ocrx_word' id='word_1_399' title='bbox 2888 2453 2936 2501; x_wconf 90' lang='lat' dir='ltr'><strong><em>et</em></strong></span> <span class='ocrx_word' id='word_1_400' title='bbox 2983 2446 3160 2501; x_wconf 84' lang='lat' dir='ltr'><strong><em>virtus</em></strong></span> <span class='ocrx_word' id='word_1_401' title='bbox 3196 2452 3244 2502; x_wconf 89' lang='lat' dir='ltr'><strong><em>et</em></strong></span> <span class='ocrx_word' id='word_1_402' title='bbox 3289 2463 3510 2517; x_wconf 85' lang='lat' dir='ltr'><strong><em>regnum</em></strong></span> 
     </span>
    </p>
   </div>
   <div class='ocr_carea' id='block_1_55' title="bbox 1900 2531 3508 2610">
    <p class='ocr_par' dir='ltr' id='par_1_55' title="bbox 1900 2531 3508 2610">
     <span class='ocr_line' id='line_1_55' title="bbox 1900 2531 3508 2610; baseline 0.004 -22"><span class='ocrx_word' id='word_1_403' title='bbox 1900 2531 2000 2588; x_wconf 90' lang='lat' dir='ltr'><strong><em>Dei</em></strong></span> <span class='ocrx_word' id='word_1_404' title='bbox 2025 2532 2216 2602; x_wconf 86' lang='lat' dir='ltr'><strong><em>nostri,</em></strong></span> <span class='ocrx_word' id='word_1_405' title='bbox 2259 2539 2306 2587; x_wconf 91' lang='lat' dir='ltr'><strong><em>et</em></strong></span> <span class='ocrx_word' id='word_1_406' title='bbox 2344 2540 2574 2606; x_wconf 81' lang='lat' dir='ltr'><strong><em>potestas</em></strong></span> <span class='ocrx_word' id='word_1_407' title='bbox 2623 2536 2818 2594; x_wconf 83' lang='lat' dir='ltr'><strong><em>Christi</em></strong></span> <span class='ocrx_word' id='word_1_408' title='bbox 2861 2536 2994 2606; x_wconf 86' lang='lat' dir='ltr'><strong><em>ejus.</em></strong></span> <span class='ocrx_word' id='word_1_409' title='bbox 3052 2537 3178 2596; x_wconf 84' lang='lat' dir='ltr'><strong><em>Vox</em></strong></span> <span class='ocrx_word' id='word_1_410' title='bbox 3215 2553 3409 2610; x_wconf 88' lang='lat' dir='ltr'><strong><em>magna</em></strong></span> <span class='ocrx_word' id='word_1_411' title='bbox 3441 2537 3508 2595; x_wconf 91' lang='lat' dir='ltr'><strong><em>de</em></strong></span> 
     </span>
    </p>
   </div>
   <div class='ocr_carea' id='block_1_56' title="bbox 1900 2621 3502 2699">
    <p class='ocr_par' dir='ltr' id='par_1_56' title="bbox 1900 2621 3502 2699">
     <span class='ocr_line' id='line_1_56' title="bbox 1900 2621 3502 2699; baseline 0.004 -22"><span class='ocrx_word' id='word_1_412' title='bbox 1900 2621 2036 2677; x_wconf 61' lang='lat' dir='ltr'><strong><em>caelo</em></strong></span> <span class='ocrx_word' id='word_1_413' title='bbox 2065 2637 2176 2678; x_wconf 89' lang='lat' dir='ltr'><strong><em>vox</em></strong></span> <span class='ocrx_word' id='word_1_414' title='bbox 2205 2630 2287 2678; x_wconf 88' lang='lat' dir='ltr'><strong><em>est</em></strong></span> <span class='ocrx_word' id='word_1_415' title='bbox 2317 2624 2634 2696; x_wconf 89' lang='lat' dir='ltr'><strong><em>angelorum</em></strong></span> <span class='ocrx_word' id='word_1_416' title='bbox 2680 2641 2778 2698; x_wconf 93' lang='lat' dir='ltr'><strong><em>pro</em></strong></span> <span class='ocrx_word' id='word_1_417' title='bbox 2808 2626 2984 2682; x_wconf 90' lang='lat' dir='ltr'><strong><em>salute</em></strong></span> <span class='ocrx_word' id='word_1_418' title='bbox 3029 2626 3243 2699; x_wconf 89' lang='lat' dir='ltr'><strong><em>generis</em></strong></span> <span class='ocrx_word' id='word_1_419' title='bbox 3273 2626 3502 2683; x_wconf 89' lang='lat' dir='ltr'><strong><em>humani</em></strong></span> 
     </span>
    </p>
   </div>
   <div class='ocr_carea' id='block_1_57' title="bbox 1902 2711 3504 2786">
    <p class='ocr_par' dir='ltr' id='par_1_57' title="bbox 1902 2711 3504 2786">
     <span class='ocr_line' id='line_1_57' title="bbox 1902 2711 3504 2786; baseline 0.004 -20"><span class='ocrx_word' id='word_1_420' title='bbox 1902 2711 2280 2784; x_wconf 87' lang='lat' dir='ltr'><strong><em>gaudentium,</em></strong></span> <span class='ocrx_word' id='word_1_421' title='bbox 2315 2714 2598 2786; x_wconf 91' lang='lat' dir='ltr'><strong><em>Deumque</em></strong></span> <span class='ocrx_word' id='word_1_422' title='bbox 2644 2713 3015 2784; x_wconf 87' lang='lat' dir='ltr'><strong><em>laudantium,</em></strong></span> <span class='ocrx_word' id='word_1_423' title='bbox 3059 2715 3204 2772; x_wconf 90' lang='lat' dir='ltr'><strong><em>sicut</em></strong></span> <span class='ocrx_word' id='word_1_424' title='bbox 3233 2715 3370 2771; x_wconf 90' lang='lat' dir='ltr'><strong><em>dicit</em></strong></span> <span class='ocrx_word' id='word_1_425' title='bbox 3397 2717 3504 2772; x_wconf 83' lang='lat' dir='ltr'><strong><em>Do-</em></strong></span> 
     </span>
    </p>
   </div>
   <div class='ocr_carea' id='block_1_58' title="bbox 1899 2800 3501 2878">
    <p class='ocr_par' dir='ltr' id='par_1_58' title="bbox 1899 2800 3501 2878">
     <span class='ocr_line' id='line_1_58' title="bbox 1899 2800 3501 2878; baseline 0.003 -22"><span class='ocrx_word' id='word_1_426' title='bbox 1899 2801 2091 2860; x_wconf 86' lang='lat' dir='ltr'><strong><em>minus</em></strong></span> <span class='ocrx_word' id='word_1_427' title='bbox 2106 2800 2164 2857; x_wconf 90' lang='lat' dir='ltr'><strong><em>in</em></strong></span> <span class='ocrx_word' id='word_1_428' title='bbox 2185 2802 2506 2876; x_wconf 88' lang='lat' dir='ltr'><strong><em>Evangelio:</em></strong></span> <span class='ocrx_word' id='word_1_429' title='bbox 2529 2828 2546 2850; x_wconf 80' lang='grc' dir='ltr'>ι</span> <span class='ocrx_word' id='word_1_430' title='bbox 2561 2803 2840 2861; x_wconf 90' lang='lat' dir='ltr'><strong><em>Gaudium</em></strong></span> <span class='ocrx_word' id='word_1_431' title='bbox 2862 2803 3041 2877; x_wconf 87' lang='lat' dir='ltr'><strong><em>majus</em></strong></span> <span class='ocrx_word' id='word_1_432' title='bbox 3056 2812 3139 2862; x_wconf 91' lang='lat' dir='ltr'><strong><em>est</em></strong></span> <span class='ocrx_word' id='word_1_433' title='bbox 3159 2804 3217 2862; x_wconf 91' lang='lat' dir='ltr'><strong><em>in</em></strong></span> <span class='ocrx_word' id='word_1_434' title='bbox 3239 2804 3501 2878; x_wconf 79' lang='lat' dir='ltr'><strong><em>ccelo(l5)</em></strong></span> 
     </span>
    </p>
   </div>
   <div class='ocr_carea' id='block_1_59' title="bbox 1899 2898 3502 2972">
    <p class='ocr_par' dir='ltr' id='par_1_59' title="bbox 1899 2898 3502 2972">
     <span class='ocr_line' id='line_1_59' title="bbox 1899 2898 3502 2972; baseline 0.002 -20"><span class='ocrx_word' id='word_1_435' title='bbox 1899 2913 2063 2970; x_wconf 90' lang='lat' dir='ltr'><strong><em>super</em></strong></span> <span class='ocrx_word' id='word_1_436' title='bbox 2113 2914 2225 2954; x_wconf 93' lang='lat' dir='ltr'><strong><em>uno</em></strong></span> <span class='ocrx_word' id='word_1_437' title='bbox 2282 2903 2567 2970; x_wconf 89' lang='lat' dir='ltr'><strong><em>peccatore</em></strong></span> <span class='ocrx_word' id='word_1_438' title='bbox 2625 2898 3008 2970; x_wconf 77' lang='lat' dir='ltr'><strong><em>paenitentiam</em></strong></span> <span class='ocrx_word' id='word_1_439' title='bbox 3070 2906 3281 2971; x_wconf 87' lang='lat' dir='ltr'><strong><em>agente,</em></strong></span> <span class='ocrx_word' id='word_1_440' title='bbox 3340 2915 3502 2972; x_wconf 90' lang='lat' dir='ltr'><strong><em>quam</em></strong></span> 
     </span>
    </p>
   </div>
   <div class='ocr_carea' id='block_1_60' title="bbox 1896 2986 3504 3063">
    <p class='ocr_par' dir='ltr' id='par_1_60' title="bbox 1896 2986 3504 3063">
     <span class='ocr_line' id='line_1_60' title="bbox 1896 2986 3504 3063; baseline 0.002 -21"><span class='ocrx_word' id='word_1_441' title='bbox 1896 3003 2060 3060; x_wconf 87' lang='lat' dir='ltr'><strong><em>super</em></strong></span> <span class='ocrx_word' id='word_1_442' title='bbox 2087 2986 2392 3060; x_wconf 89' lang='lat' dir='ltr'><strong><em>nonaginta</em></strong></span> <span class='ocrx_word' id='word_1_443' title='bbox 2421 3003 2621 3044; x_wconf 92' lang='lat' dir='ltr'><strong><em>novem</em></strong></span> <span class='ocrx_word' id='word_1_444' title='bbox 2646 2986 2835 3060; x_wconf 90' lang='lat' dir='ltr'><strong><em>justis,</em></strong></span> <span class='ocrx_word' id='word_1_445' title='bbox 2862 2988 2956 3063; x_wconf 91' lang='lat' dir='ltr'><strong><em>qui</em></strong></span> <span class='ocrx_word' id='word_1_446' title='bbox 2981 3005 3094 3045; x_wconf 90' lang='lat' dir='ltr'><strong><em>non</em></strong></span> <span class='ocrx_word' id='word_1_447' title='bbox 3117 2988 3367 3062; x_wconf 88' lang='lat' dir='ltr'><strong><em>indigent</em></strong></span> <span class='ocrx_word' id='word_1_448' title='bbox 3394 3005 3504 3062; x_wconf 74' lang='lat' dir='ltr'><strong><em>poe-</em></strong></span> 
     </span>
    </p>
   </div>
   <div class='ocr_carea' id='block_1_61' title="bbox 1897 3075 3506 3152">
    <p class='ocr_par' dir='ltr' id='par_1_61' title="bbox 1897 3075 3506 3152">
     <span class='ocr_line' id='line_1_61' title="bbox 1897 3075 3506 3152; baseline 0.002 -20"><span class='ocrx_word' id='word_1_449' title='bbox 1897 3075 2133 3133; x_wconf 89' lang='lat' dir='ltr'><strong><em>nitentia</em></strong></span> <span class='ocrx_word' id='word_1_450' title='bbox 2166 3078 2319 3149; x_wconf 89' lang='lat' dir='ltr'><strong><em>(Luc.</em></strong></span> <span class='ocrx_word' id='word_1_451' title='bbox 2361 3094 2460 3148; x_wconf 86' lang='lat' dir='ltr'><strong><em>xv,</em></strong></span> <span class='ocrx_word' id='word_1_452' title='bbox 2510 3078 2588 3150; x_wconf 94' lang='lat'><strong><em>7).</em></strong></span> <span class='ocrx_word' id='word_1_453' title='bbox 2634 3103 2653 3127; x_wconf 73' lang='grc' dir='ltr'><strong>ι</strong></span> <span class='ocrx_word' id='word_1_454' title='bbox 2697 3078 2994 3136; x_wconf 90' lang='lat' dir='ltr'><strong><em>Possumus</em></strong></span> <span class='ocrx_word' id='word_1_455' title='bbox 3023 3094 3120 3151; x_wconf 90' lang='lat' dir='ltr'><strong><em>per</em></strong></span> <span class='ocrx_word' id='word_1_456' title='bbox 3164 3095 3337 3136; x_wconf 92' lang='lat' dir='ltr'><strong><em>unum</em></strong></span> <span class='ocrx_word' id='word_1_457' title='bbox 3367 3094 3506 3152; x_wconf 82' lang='lat' dir='ltr'><strong><em>pec-</em></strong></span> 
     </span>
    </p>
   </div>
   <div class='ocr_carea' id='block_1_62' title="bbox 180 3167 3502 3248">
    <p class='ocr_par' dir='ltr' id='par_1_62' title="bbox 180 3167 3502 3248">
     <span class='ocr_line' id='line_1_62' title="bbox 180 3167 3502 3248; baseline -0 -25"><span class='ocrx_word' id='word_1_458' title='bbox 180 3169 468 3242; x_wconf 76' lang='lat' dir='ltr'><strong><em>praaliatus</em></strong></span> <span class='ocrx_word' id='word_1_459' title='bbox 513 3178 594 3227; x_wconf 88' lang='lat' dir='ltr'><strong><em>est</em></strong></span> <span class='ocrx_word' id='word_1_460' title='bbox 637 3170 872 3228; x_wconf 83' lang='lat' dir='ltr'><strong><em>Michael</em></strong></span> <span class='ocrx_word' id='word_1_461' title='bbox 903 3189 1028 3229; x_wconf 91' lang='lat' dir='ltr'><strong><em>cum</em></strong></span> <span class='ocrx_word' id='word_1_462' title='bbox 1061 3172 1339 3243; x_wconf 90' lang='lat' dir='ltr'><strong><em>dracone;</em></strong></span> <span class='ocrx_word' id='word_1_463' title='bbox 1372 3172 1502 3248; x_wconf 90' lang='lat' dir='ltr'><strong><em>quia</em></strong></span> <span class='ocrx_word' id='word_1_464' title='bbox 1531 3172 1782 3231; x_wconf 90' lang='lat' dir='ltr'><strong><em>Christus</em></strong></span> <span class='ocrx_word' id='word_1_465' title='bbox 1820 3186 1862 3248; x_wconf 72' lang='grc' dir='ltr'>ο</span> <span class='ocrx_word' id='word_1_466' title='bbox 1899 3175 2140 3224; x_wconf 88' lang='lat' dir='ltr'><strong><em>catorem</em></strong></span> <span class='ocrx_word' id='word_1_467' title='bbox 2172 3167 2436 3241; x_wconf 90' lang='lat' dir='ltr'><strong><em>populum</em></strong></span> <span class='ocrx_word' id='word_1_468' title='bbox 2489 3167 2771 3240; x_wconf 87' lang='lat' dir='ltr'><strong><em>gentilem,</em></strong></span> <span class='ocrx_word' id='word_1_469' title='bbox 2819 3184 2914 3241; x_wconf 85' lang='lat' dir='ltr'><strong><em>per</em></strong></span> <span class='ocrx_word' id='word_1_470' title='bbox 2956 3167 3254 3240; x_wconf 88' lang='lat' dir='ltr'><strong><em>nonaginta</em></strong></span> <span class='ocrx_word' id='word_1_471' title='bbox 3301 3183 3502 3226; x_wconf 87' lang='lat' dir='ltr'><strong><em>novem</em></strong></span> 
     </span>
    </p>
   </div>
   <div class='ocr_carea' id='block_1_63' title="bbox 179 3258 1784 3337">
    <p class='ocr_par' dir='ltr' id='par_1_63' title="bbox 179 3258 1784 3337">
     <span class='ocr_line' id='line_1_63' title="bbox 179 3258 1784 3337; baseline 0.004 -23"><span class='ocrx_word' id='word_1_472' title='bbox 179 3258 559 3333; x_wconf 74' lang='lat' dir='ltr'><strong><em>praedicando,</em></strong></span> <span class='ocrx_word' id='word_1_473' title='bbox 613 3261 870 3332; x_wconf 89' lang='lat' dir='ltr'><strong><em>patiendo</em></strong></span> <span class='ocrx_word' id='word_1_474' title='bbox 915 3271 968 3320; x_wconf 93' lang='lat' dir='ltr'><strong><em>et</em></strong></span> <span class='ocrx_word' id='word_1_475' title='bbox 1009 3263 1317 3333; x_wconf 89' lang='lat' dir='ltr'><strong><em>moriendo,</em></strong></span> <span class='ocrx_word' id='word_1_476' title='bbox 1364 3280 1465 3336; x_wconf 90' lang='lat' dir='ltr'><strong><em>pro</em></strong></span> <span class='ocrx_word' id='word_1_477' title='bbox 1493 3264 1668 3320; x_wconf 89' lang='lat' dir='ltr'><strong><em>salute</em></strong></span> <span class='ocrx_word' id='word_1_478' title='bbox 1698 3281 1784 3337; x_wconf 89' lang='lat' dir='ltr'><strong><em>ge-</em></strong></span> 
     </span>
    </p>
   </div>
   <div class='ocr_carea' id='block_1_64' title="bbox 179 3348 1786 3427">
    <p class='ocr_par' dir='ltr' id='par_1_64' title="bbox 179 3348 1786 3427">
     <span class='ocr_line' id='line_1_64' title="bbox 179 3348 1786 3427; baseline 0.004 -23"><span class='ocrx_word' id='word_1_479' title='bbox 179 3348 338 3405; x_wconf 87' lang='lat' dir='ltr'><strong><em>neris</em></strong></span> <span class='ocrx_word' id='word_1_480' title='bbox 367 3348 596 3406; x_wconf 88' lang='lat' dir='ltr'><strong><em>humani</em></strong></span> <span class='ocrx_word' id='word_1_481' title='bbox 626 3351 905 3423; x_wconf 68' lang='lat' dir='ltr'><strong><em>prazliatus</em></strong></span> <span class='ocrx_word' id='word_1_482' title='bbox 930 3360 1030 3410; x_wconf 89' lang='lat' dir='ltr'><strong><em>est.</em></strong></span> <span class='ocrx_word' id='word_1_483' title='bbox 1062 3353 1300 3410; x_wconf 85' lang='lat' dir='ltr'><strong><em>Praeliati</em></strong></span> <span class='ocrx_word' id='word_1_484' title='bbox 1330 3362 1460 3410; x_wconf 91' lang='lat' dir='ltr'><strong><em>sunt</em></strong></span> <span class='ocrx_word' id='word_1_485' title='bbox 1485 3355 1665 3427; x_wconf 84' lang='lat' dir='ltr'><strong><em>angeli</em></strong></span> <span class='ocrx_word' id='word_1_486' title='bbox 1686 3355 1786 3411; x_wconf 88' lang='lat' dir='ltr'><strong><em>Mi-</em></strong></span> 
     </span>
    </p>
   </div>
   <div class='ocr_carea' id='block_1_65' title="bbox 178 3436 1784 3516">
    <p class='ocr_par' dir='ltr' id='par_1_65' title="bbox 178 3436 1784 3516">
     <span class='ocr_line' id='line_1_65' title="bbox 178 3436 1784 3516; baseline 0.003 -20"><span class='ocrx_word' id='word_1_487' title='bbox 178 3436 419 3508; x_wconf 87' lang='lat' dir='ltr'><strong><em>chaelis,</em></strong></span> <span class='ocrx_word' id='word_1_488' title='bbox 468 3438 524 3495; x_wconf 89' lang='lat' dir='ltr'><strong><em>id</em></strong></span> <span class='ocrx_word' id='word_1_489' title='bbox 572 3448 674 3509; x_wconf 87' lang='lat' dir='ltr'><strong><em>est,</em></strong></span> <span class='ocrx_word' id='word_1_490' title='bbox 703 3442 936 3514; x_wconf 87' lang='lat' dir='ltr'><strong><em>apostoli</em></strong></span> <span class='ocrx_word' id='word_1_491' title='bbox 967 3442 1172 3501; x_wconf 90' lang='lat' dir='ltr'><strong><em>Christi</em></strong></span> <span class='ocrx_word' id='word_1_492' title='bbox 1203 3461 1330 3500; x_wconf 89' lang='lat' dir='ltr'><strong><em>cum</em></strong></span> <span class='ocrx_word' id='word_1_493' title='bbox 1371 3443 1626 3514; x_wconf 85' lang='lat' dir='ltr'><strong><em>dracone,</em></strong></span> <span class='ocrx_word' id='word_1_494' title='bbox 1653 3461 1784 3516; x_wconf 69' lang='lat' dir='ltr'><strong><em>prae-</em></strong></span> 
     </span>
    </p>
   </div>
   <div class='ocr_carea' id='block_1_66' title="bbox 177 3525 1784 3601">
    <p class='ocr_par' dir='ltr' id='par_1_66' title="bbox 177 3525 1784 3601">
     <span class='ocr_line' id='line_1_66' title="bbox 177 3525 1784 3601; baseline 0.005 -18"><span class='ocrx_word' id='word_1_495' title='bbox 177 3525 422 3584; x_wconf 89' lang='lat' dir='ltr'><strong><em>dicando</em></strong></span> <span class='ocrx_word' id='word_1_496' title='bbox 453 3529 732 3600; x_wconf 89' lang='lat' dir='ltr'><strong><em>videlicet,</em></strong></span> <span class='ocrx_word' id='word_1_497' title='bbox 757 3533 1021 3591; x_wconf 90' lang='lat' dir='ltr'><strong><em>miracula</em></strong></span> <span class='ocrx_word' id='word_1_498' title='bbox 1048 3533 1322 3601; x_wconf 84' lang='lat' dir='ltr'><strong><em>faciendo,</em></strong></span> <span class='ocrx_word' id='word_1_499' title='bbox 1351 3543 1405 3590; x_wconf 90' lang='lat' dir='ltr'><strong><em>et</em></strong></span> <span class='ocrx_word' id='word_1_500' title='bbox 1426 3535 1496 3590; x_wconf 91' lang='lat' dir='ltr'><strong><em>ad</em></strong></span> <span class='ocrx_word' id='word_1_501' title='bbox 1525 3536 1784 3592; x_wconf 89' lang='lat' dir='ltr'><strong><em>ultimum</em></strong></span> 
     </span>
    </p>
   </div>
   <div class='ocr_carea' id='block_1_67' title="bbox 174 3618 1788 3698">
    <p class='ocr_par' dir='ltr' id='par_1_67' title="bbox 174 3618 1788 3698">
     <span class='ocr_line' id='line_1_67' title="bbox 174 3618 1788 3698; baseline 0.006 -23"><span class='ocrx_word' id='word_1_502' title='bbox 174 3634 285 3693; x_wconf 87' lang='lat' dir='ltr'><strong><em>pro</em></strong></span> <span class='ocrx_word' id='word_1_503' title='bbox 317 3618 524 3678; x_wconf 90' lang='lat' dir='ltr'><strong><em>Christi</em></strong></span> <span class='ocrx_word' id='word_1_504' title='bbox 553 3623 778 3680; x_wconf 89' lang='lat' dir='ltr'><strong><em>nomine</em></strong></span> <span class='ocrx_word' id='word_1_505' title='bbox 800 3623 1106 3681; x_wconf 88' lang='lat' dir='ltr'><strong><em>moriendo.</em></strong></span> <span class='ocrx_word' id='word_1_506' title='bbox 1141 3627 1214 3682; x_wconf 89' lang='lat' dir='ltr'><strong><em>Et</em></strong></span> <span class='ocrx_word' id='word_1_507' title='bbox 1241 3626 1404 3681; x_wconf 86' lang='lat' dir='ltr'><strong><em>draco</em></strong></span> <span class='ocrx_word' id='word_1_508' title='bbox 1427 3627 1720 3698; x_wconf 83' lang='lat' dir='ltr'><strong><em>pugnabat,</em></strong></span> <span class='ocrx_word' id='word_1_509' title='bbox 1739 3633 1788 3684; x_wconf 89' lang='lat' dir='ltr'><strong><em>et</em></strong></span> 
     </span>
    </p>
   </div>
   <div class='ocr_carea' id='block_1_68' title="bbox 175 3711 1786 3788">
    <p class='ocr_par' dir='ltr' id='par_1_68' title="bbox 175 3711 1786 3788">
     <span class='ocr_line' id='line_1_68' title="bbox 175 3711 1786 3788; baseline 0.005 -22"><span class='ocrx_word' id='word_1_510' title='bbox 175 3711 360 3782; x_wconf 83' lang='lat' dir='ltr'><strong><em>angeli</em></strong></span> <span class='ocrx_word' id='word_1_511' title='bbox 413 3711 549 3782; x_wconf 87' lang='lat' dir='ltr'><strong><em>ejus.</em></strong></span> <span class='ocrx_word' id='word_1_512' title='bbox 601 3713 875 3786; x_wconf 91' lang='lat' dir='ltr'><strong><em>Pugnavit</em></strong></span> <span class='ocrx_word' id='word_1_513' title='bbox 914 3714 1080 3772; x_wconf 88' lang='lat' dir='ltr'><strong><em>draco</em></strong></span> <span class='ocrx_word' id='word_1_514' title='bbox 1115 3723 1170 3771; x_wconf 88' lang='lat' dir='ltr'><strong><em>et</em></strong></span> <span class='ocrx_word' id='word_1_515' title='bbox 1213 3715 1392 3788; x_wconf 87' lang='lat' dir='ltr'><strong><em>angeli</em></strong></span> <span class='ocrx_word' id='word_1_516' title='bbox 1435 3715 1554 3788; x_wconf 86' lang='lat' dir='ltr'><strong><em>ejus</em></strong></span> <span class='ocrx_word' id='word_1_517' title='bbox 1592 3724 1786 3774; x_wconf 89' lang='lat' dir='ltr'><strong><em>contra</em></strong></span> 
     </span>
    </p>
   </div>
   <div class='ocr_carea' id='block_1_69' title="bbox 175 3801 1782 3878">
    <p class='ocr_par' dir='ltr' id='par_1_69' title="bbox 175 3801 1782 3878">
     <span class='ocr_line' id='line_1_69' title="bbox 175 3801 1782 3878; baseline 0.004 -18"><span class='ocrx_word' id='word_1_518' title='bbox 175 3801 529 3874; x_wconf 80' lang='lat' dir='ltr'><strong><em>Michaelem,</em></strong></span> <span class='ocrx_word' id='word_1_519' title='bbox 581 3805 800 3878; x_wconf 89' lang='lat' dir='ltr'><strong><em>quando</em></strong></span> <span class='ocrx_word' id='word_1_520' title='bbox 846 3805 1099 3863; x_wconf 90' lang='lat' dir='ltr'><strong><em>diabolus</em></strong></span> <span class='ocrx_word' id='word_1_521' title='bbox 1146 3814 1201 3864; x_wconf 92' lang='lat' dir='ltr'><strong><em>et</em></strong></span> <span class='ocrx_word' id='word_1_522' title='bbox 1245 3816 1440 3865; x_wconf 70' lang='lat' dir='ltr'><strong><em>caetera</em></strong></span> <span class='ocrx_word' id='word_1_523' title='bbox 1483 3808 1782 3866; x_wconf 89' lang='lat' dir='ltr'><strong><em>multitudo</em></strong></span> 
     </span>
    </p>
   </div>
   <div class='ocr_carea' id='block_1_70' title="bbox 175 3891 1782 3960">
    <p class='ocr_par' dir='ltr' id='par_1_70' title="bbox 175 3891 1782 3960">
     <span class='ocr_line' id='line_1_70' title="bbox 175 3891 1782 3960; baseline 0.002 -10"><span class='ocrx_word' id='word_1_524' title='bbox 175 3891 497 3951; x_wconf 60' lang='lat' dir='ltr'><strong><em>daemonum</em></strong></span> <span class='ocrx_word' id='word_1_525' title='bbox 547 3896 765 3954; x_wconf 73' lang='lat' dir='ltr'><strong><em>Iudaeos</em></strong></span> <span class='ocrx_word' id='word_1_526' title='bbox 804 3902 950 3960; x_wconf 82' lang='lat'><strong><em>548</em></strong></span> <span class='ocrx_word' id='word_1_527' title='bbox 977 3905 1170 3956; x_wconf 90' lang='lat' dir='ltr'><strong><em>contra</em></strong></span> <span class='ocrx_word' id='word_1_528' title='bbox 1196 3897 1477 3956; x_wconf 89' lang='lat' dir='ltr'><strong><em>Christum</em></strong></span> <span class='ocrx_word' id='word_1_529' title='bbox 1508 3898 1782 3956; x_wconf 85' lang='lat' dir='ltr'><strong><em>excitave-</em></strong></span> 
     </span>
    </p>
   </div>
   <div class='ocr_carea' id='block_1_71' title="bbox 175 3994 1780 4069">
    <p class='ocr_par' dir='ltr' id='par_1_71' title="bbox 175 3994 1780 4069">
     <span class='ocr_line' id='line_1_71' title="bbox 175 3994 1780 4069; baseline 0.004 -23"><span class='ocrx_word' id='word_1_530' title='bbox 175 3997 336 4060; x_wconf 84' lang='lat' dir='ltr'><strong><em>runt,</em></strong></span> <span class='ocrx_word' id='word_1_531' title='bbox 375 4000 437 4048; x_wconf 89' lang='lat' dir='ltr'><strong><em>ut</em></strong></span> <span class='ocrx_word' id='word_1_532' title='bbox 485 4009 611 4051; x_wconf 91' lang='lat' dir='ltr'><strong><em>eum</em></strong></span> <span class='ocrx_word' id='word_1_533' title='bbox 651 3994 1045 4054; x_wconf 85' lang='lat' dir='ltr'><strong><em>interﬁcerent.</em></strong></span> <span class='ocrx_word' id='word_1_534' title='bbox 1075 3996 1348 4069; x_wconf 89' lang='lat' dir='ltr'><strong><em>Pugnavit</em></strong></span> <span class='ocrx_word' id='word_1_535' title='bbox 1373 4005 1427 4053; x_wconf 91' lang='lat' dir='ltr'><strong><em>et</em></strong></span> <span class='ocrx_word' id='word_1_536' title='bbox 1450 4005 1643 4054; x_wconf 86' lang='lat' dir='ltr'><strong><em>contra</em></strong></span> <span class='ocrx_word' id='word_1_537' title='bbox 1670 4012 1780 4053; x_wconf 86' lang='lat' dir='ltr'><strong><em>an—</em></strong></span> 
     </span>
    </p>
   </div>
   <div class='ocr_carea' id='block_1_72' title="bbox 175 4082 1778 4160">
    <p class='ocr_par' dir='ltr' id='par_1_72' title="bbox 175 4082 1778 4160">
     <span class='ocr_line' id='line_1_72' title="bbox 175 4082 1778 4160; baseline 0.003 -22"><span class='ocrx_word' id='word_1_538' title='bbox 175 4082 332 4154; x_wconf 84' lang='lat' dir='ltr'><strong><em>gelos</em></strong></span> <span class='ocrx_word' id='word_1_539' title='bbox 351 4082 653 4154; x_wconf 84' lang='lat' dir='ltr'><strong><em>Michaelis,</em></strong></span> <span class='ocrx_word' id='word_1_540' title='bbox 685 4087 904 4159; x_wconf 90' lang='lat' dir='ltr'><strong><em>quando</em></strong></span> <span class='ocrx_word' id='word_1_541' title='bbox 932 4088 1209 4159; x_wconf 90' lang='lat' dir='ltr'><strong><em>apostolos</em></strong></span> <span class='ocrx_word' id='word_1_542' title='bbox 1238 4085 1445 4144; x_wconf 89' lang='lat' dir='ltr'><strong><em>Christi</em></strong></span> <span class='ocrx_word' id='word_1_543' title='bbox 1476 4094 1529 4142; x_wconf 91' lang='lat' dir='ltr'><strong><em>et</em></strong></span> <span class='ocrx_word' id='word_1_544' title='bbox 1558 4103 1654 4160; x_wconf 92' lang='lat' dir='ltr'><strong><em>per</em></strong></span> <span class='ocrx_word' id='word_1_545' title='bbox 1687 4087 1778 4143; x_wconf 84' lang='lat' dir='ltr'><strong><em>Ju-</em></strong></span> 
     </span>
    </p>
   </div>
   <div class='ocr_carea' id='block_1_73' title="bbox 174 4171 1781 4252">
    <p class='ocr_par' dir='ltr' id='par_1_73' title="bbox 174 4171 1781 4252">
     <span class='ocr_line' id='line_1_73' title="bbox 174 4171 1781 4252; baseline 0.004 -22"><span class='ocrx_word' id='word_1_546' title='bbox 174 4171 330 4230; x_wconf 76' lang='lat' dir='ltr'><strong><em>dzeos</em></strong></span> <span class='ocrx_word' id='word_1_547' title='bbox 372 4182 426 4231; x_wconf 94' lang='lat' dir='ltr'><strong><em>et</em></strong></span> <span class='ocrx_word' id='word_1_548' title='bbox 469 4191 567 4248; x_wconf 89' lang='lat' dir='ltr'><strong><em>per</em></strong></span> <span class='ocrx_word' id='word_1_549' title='bbox 613 4194 850 4250; x_wconf 89' lang='lat' dir='ltr'><strong><em>paganos</em></strong></span> <span class='ocrx_word' id='word_1_550' title='bbox 881 4179 1079 4237; x_wconf 90' lang='lat' dir='ltr'><strong><em>tandiu</em></strong></span> <span class='ocrx_word' id='word_1_551' title='bbox 1106 4186 1423 4251; x_wconf 90' lang='lat' dir='ltr'><strong><em>persecutus</em></strong></span> <span class='ocrx_word' id='word_1_552' title='bbox 1449 4177 1576 4248; x_wconf 86' lang='lat' dir='ltr'><strong><em>fuit,</em></strong></span> <span class='ocrx_word' id='word_1_553' title='bbox 1608 4194 1781 4252; x_wconf 89' lang='lat' dir='ltr'><strong><em>usque</em></strong></span> 
     </span>
    </p>
   </div>
   <div class='ocr_carea' id='block_1_74' title="bbox 173 4264 820 4326">
    <p class='ocr_par' dir='ltr' id='par_1_74' title="bbox 173 4264 820 4326">
     <span class='ocr_line' id='line_1_74' title="bbox 173 4264 820 4326; baseline 0.006 -4"><span class='ocrx_word' id='word_1_554' title='bbox 173 4264 316 4322; x_wconf 91' lang='lat' dir='ltr'><strong><em>dum</em></strong></span> <span class='ocrx_word' id='word_1_555' title='bbox 350 4283 440 4323; x_wconf 89' lang='lat' dir='ltr'><strong><em>eos</em></strong></span> <span class='ocrx_word' id='word_1_556' title='bbox 469 4267 820 4326; x_wconf 88' lang='lat' dir='ltr'><strong><em>interﬁceret.</em></strong></span> 
     </span>
    </p>
   </div>
   <div class='ocr_carea' id='block_1_75' title="bbox 255 4356 1779 4433">
    <p class='ocr_par' dir='ltr' id='par_1_75' title="bbox 255 4356 1779 4433">
     <span class='ocr_line' id='line_1_75' title="bbox 255 4356 1779 4433; baseline 0.002 -21"><span class='ocrx_word' id='word_1_557' title='bbox 255 4356 438 4428; x_wconf 86' lang='lat' dir='ltr'><strong><em>(Vers.</em></strong></span> <span class='ocrx_word' id='word_1_558' title='bbox 488 4357 570 4431; x_wconf 90' lang='lat'><strong><em>8.)</em></strong></span> <span class='ocrx_word' id='word_1_559' title='bbox 602 4361 676 4415; x_wconf 91' lang='lat' dir='ltr'><strong><em>Et</em></strong></span> <span class='ocrx_word' id='word_1_560' title='bbox 702 4376 808 4415; x_wconf 87' lang='lat' dir='ltr'><strong><em>non</em></strong></span> <span class='ocrx_word' id='word_1_561' title='bbox 839 4360 1146 4431; x_wconf 84' lang='lat' dir='ltr'><strong><em>value-runt,</em></strong></span> <span class='ocrx_word' id='word_1_562' title='bbox 1174 4378 1336 4433; x_wconf 86' lang='lat' dir='ltr'><strong><em>neque</em></strong></span> <span class='ocrx_word' id='word_1_563' title='bbox 1367 4361 1509 4418; x_wconf 88' lang='lat' dir='ltr'><strong><em>locus</em></strong></span> <span class='ocrx_word' id='word_1_564' title='bbox 1539 4359 1779 4415; x_wconf 85' lang='lat' dir='ltr'><strong><em>inventus</em></strong></span> 
     </span>
    </p>
   </div>
   <div class='ocr_carea' id='block_1_76' title="bbox 175 4451 1779 4523">
    <p class='ocr_par' dir='ltr' id='par_1_76' title="bbox 175 4451 1779 4523">
     <span class='ocr_line' id='line_1_76' title="bbox 175 4451 1779 4523; baseline 0.003 -20"><span class='ocrx_word' id='word_1_565' title='bbox 175 4452 255 4503; x_wconf 85' lang='lat' dir='ltr'><strong><em>est</em></strong></span> <span class='ocrx_word' id='word_1_566' title='bbox 299 4464 479 4503; x_wconf 89' lang='lat' dir='ltr'><strong><em>eorum</em></strong></span> <span class='ocrx_word' id='word_1_567' title='bbox 503 4451 735 4523; x_wconf 84' lang='lat' dir='ltr'><strong><em>amplius</em></strong></span> <span class='ocrx_word' id='word_1_568' title='bbox 761 4451 819 4507; x_wconf 83' lang='lat' dir='ltr'><strong><em>in</em></strong></span> <span class='ocrx_word' id='word_1_569' title='bbox 848 4454 994 4509; x_wconf 71' lang='lat' dir='ltr'><strong><em>caalo.</em></strong></span> <span class='ocrx_word' id='word_1_570' title='bbox 1023 4453 1147 4509; x_wconf 91' lang='lat' dir='ltr'><strong><em>Non</em></strong></span> <span class='ocrx_word' id='word_1_571' title='bbox 1180 4453 1355 4510; x_wconf 90' lang='lat' dir='ltr'><strong><em>valuit</em></strong></span> <span class='ocrx_word' id='word_1_572' title='bbox 1384 4451 1639 4508; x_wconf 90' lang='lat' dir='ltr'><strong><em>diabolus</em></strong></span> <span class='ocrx_word' id='word_1_573' title='bbox 1670 4468 1779 4509; x_wconf 91' lang='lat' dir='ltr'><strong><em>ne—</em></strong></span> 
     </span>
    </p>
   </div>
   <div class='ocr_carea' id='block_1_77' title="bbox 175 4539 1855 4641">
    <p class='ocr_par' dir='ltr' id='par_1_77' title="bbox 175 4539 1855 4641">
     <span class='ocr_line' id='line_1_77' title="bbox 175 4539 1855 4641; baseline 0.005 -49"><span class='ocrx_word' id='word_1_574' title='bbox 175 4552 289 4611; x_wconf 89' lang='lat' dir='ltr'><strong><em>que</em></strong></span> <span class='ocrx_word' id='word_1_575' title='bbox 331 4539 573 4596; x_wconf 81' lang='lat' dir='ltr'><strong><em>ministri</em></strong></span> <span class='ocrx_word' id='word_1_576' title='bbox 621 4540 739 4614; x_wconf 87' lang='lat' dir='ltr'><strong><em>ejus</em></strong></span> <span class='ocrx_word' id='word_1_577' title='bbox 785 4541 1006 4599; x_wconf 89' lang='lat' dir='ltr'><strong><em>vincere</em></strong></span> <span class='ocrx_word' id='word_1_578' title='bbox 1041 4542 1324 4600; x_wconf 89' lang='lat' dir='ltr'><strong><em>Christum</em></strong></span> <span class='ocrx_word' id='word_1_579' title='bbox 1372 4559 1474 4599; x_wconf 93' lang='lat' dir='ltr'><strong><em>nec</em></strong></span> <span class='ocrx_word' id='word_1_580' title='bbox 1502 4543 1778 4617; x_wconf 90' lang='lat' dir='ltr'><strong><em>apostolos</em></strong></span> <span class='ocrx_word' id='word_1_581' title='bbox 1807 4582 1855 4641; x_wconf 71' lang='grc' dir='ltr'>Π</span> 
     </span>
    </p>
   </div>
   <div class='ocr_carea' id='block_1_78' title="bbox 177 4627 1780 4706">
    <p class='ocr_par' dir='ltr' id='par_1_78' title="bbox 177 4627 1780 4706">
     <span class='ocr_line' id='line_1_78' title="bbox 177 4627 1780 4706; baseline 0.006 -24"><span class='ocrx_word' id='word_1_582' title='bbox 177 4627 339 4700; x_wconf 87' lang='lat' dir='ltr'><strong><em>ejus;</em></strong></span> <span class='ocrx_word' id='word_1_583' title='bbox 397 4629 526 4703; x_wconf 88' lang='lat' dir='ltr'><strong><em>quia</em></strong></span> <span class='ocrx_word' id='word_1_584' title='bbox 579 4632 726 4689; x_wconf 91' lang='lat' dir='ltr'><strong><em>unde</em></strong></span> <span class='ocrx_word' id='word_1_585' title='bbox 781 4641 1116 4706; x_wconf 88' lang='lat' dir='ltr'><strong><em>putaverunt</em></strong></span> <span class='ocrx_word' id='word_1_586' title='bbox 1163 4635 1406 4704; x_wconf 89' lang='lat' dir='ltr'><strong><em>vincere,</em></strong></span> <span class='ocrx_word' id='word_1_587' title='bbox 1449 4635 1583 4692; x_wconf 90' lang='lat' dir='ltr'><strong><em>victi</em></strong></span> <span class='ocrx_word' id='word_1_588' title='bbox 1629 4642 1780 4691; x_wconf 90' lang='lat' dir='ltr'><strong><em>sunt.</em></strong></span> 
     </span>
    </p>
   </div>
   <div class='ocr_carea' id='block_1_79' title="bbox 175 4719 1783 4798">
    <p class='ocr_par' dir='ltr' id='par_1_79' title="bbox 175 4719 1783 4798">
     <span class='ocr_line' id='line_1_79' title="bbox 175 4719 1783 4798; baseline 0.004 -23"><span class='ocrx_word' id='word_1_589' title='bbox 175 4719 520 4778; x_wconf 88' lang='lat' dir='ltr'><strong><em>Putaverunt</em></strong></span> <span class='ocrx_word' id='word_1_590' title='bbox 549 4740 784 4798; x_wconf 90' lang='lat' dir='ltr'><strong><em>namque</em></strong></span> <span class='ocrx_word' id='word_1_591' title='bbox 815 4724 1095 4783; x_wconf 90' lang='lat' dir='ltr'><strong><em>Christum</em></strong></span> <span class='ocrx_word' id='word_1_592' title='bbox 1128 4742 1184 4781; x_wconf 90' lang='lat' dir='ltr'><strong><em>se</em></strong></span> <span class='ocrx_word' id='word_1_593' title='bbox 1222 4742 1318 4798; x_wconf 90' lang='lat' dir='ltr'><strong><em>per</em></strong></span> <span class='ocrx_word' id='word_1_594' title='bbox 1349 4733 1580 4782; x_wconf 91' lang='lat' dir='ltr'><strong><em>mortem</em></strong></span> <span class='ocrx_word' id='word_1_595' title='bbox 1613 4724 1783 4782; x_wconf 87' lang='lat' dir='ltr'><strong><em>vicis-</em></strong></span> 
     </span>
    </p>
   </div>
   <div class='ocr_carea' id='block_1_80' title="bbox 173 4810 1784 4887">
    <p class='ocr_par' dir='ltr' id='par_1_80' title="bbox 173 4810 1784 4887">
     <span class='ocr_line' id='line_1_80' title="bbox 173 4810 1784 4887; baseline 0.002 -21"><span class='ocrx_word' id='word_1_596' title='bbox 173 4825 257 4877; x_wconf 88' lang='lat' dir='ltr'><strong><em>se,</em></strong></span> <span class='ocrx_word' id='word_1_597' title='bbox 304 4810 398 4866; x_wconf 90' lang='lat' dir='ltr'><strong><em>sed</em></strong></span> <span class='ocrx_word' id='word_1_598' title='bbox 444 4826 512 4868; x_wconf 87' lang='lat' dir='ltr'><strong><em>ex</em></strong></span> <span class='ocrx_word' id='word_1_599' title='bbox 546 4822 719 4870; x_wconf 90' lang='lat' dir='ltr'><strong><em>morte</em></strong></span> <span class='ocrx_word' id='word_1_600' title='bbox 747 4813 866 4887; x_wconf 90' lang='lat' dir='ltr'><strong><em>ejus</em></strong></span> <span class='ocrx_word' id='word_1_601' title='bbox 896 4831 1094 4871; x_wconf 88' lang='lat' dir='ltr'><strong><em>nomen</em></strong></span> <span class='ocrx_word' id='word_1_602' title='bbox 1124 4813 1277 4871; x_wconf 90' lang='lat' dir='ltr'><strong><em>illius</em></strong></span> <span class='ocrx_word' id='word_1_603' title='bbox 1308 4815 1508 4871; x_wconf 89' lang='lat' dir='ltr'><strong><em>claruit</em></strong></span> <span class='ocrx_word' id='word_1_604' title='bbox 1538 4815 1597 4870; x_wconf 90' lang='lat' dir='ltr'><strong><em>in</em></strong></span> <span class='ocrx_word' id='word_1_605' title='bbox 1627 4831 1784 4870; x_wconf 89' lang='lat' dir='ltr'><strong><em>mun-</em></strong></span> 
     </span>
    </p>
   </div>
   <div class='ocr_carea' id='block_1_81' title="bbox 175 4898 1790 4978">
    <p class='ocr_par' dir='ltr' id='par_1_81' title="bbox 175 4898 1790 4978">
     <span class='ocr_line' id='line_1_81' title="bbox 175 4898 1790 4978; baseline 0.002 -22"><span class='ocrx_word' id='word_1_606' title='bbox 175 4898 273 4956; x_wconf 90' lang='lat' dir='ltr'><strong><em>do.</em></strong></span> <span class='ocrx_word' id='word_1_607' title='bbox 333 4901 454 4958; x_wconf 89' lang='lat' dir='ltr'><strong><em>Non</em></strong></span> <span class='ocrx_word' id='word_1_608' title='bbox 490 4905 777 4960; x_wconf 82' lang='lat' dir='ltr'><strong><em>valuerunt</em></strong></span> <span class='ocrx_word' id='word_1_609' title='bbox 830 4922 978 4978; x_wconf 89' lang='lat' dir='ltr'><strong><em>ergo,</em></strong></span> <span class='ocrx_word' id='word_1_610' title='bbox 1035 4922 1198 4976; x_wconf 84' lang='lat' dir='ltr'><strong><em>neque</em></strong></span> <span class='ocrx_word' id='word_1_611' title='bbox 1255 4907 1396 4961; x_wconf 86' lang='lat' dir='ltr'><strong><em>locus</em></strong></span> <span class='ocrx_word' id='word_1_612' title='bbox 1446 4906 1684 4960; x_wconf 82' lang='lat' dir='ltr'><strong><em>inventus</em></strong></span> <span class='ocrx_word' id='word_1_613' title='bbox 1711 4911 1790 4960; x_wconf 85' lang='lat' dir='ltr'><strong><em>est</em></strong></span> 
     </span>
    </p>
   </div>
   <div class='ocr_carea' id='block_1_82' title="bbox 173 4994 1783 5069">
    <p class='ocr_par' dir='ltr' id='par_1_82' title="bbox 173 4994 1783 5069">
     <span class='ocr_line' id='line_1_82' title="bbox 173 4994 1783 5069; baseline 0.004 -23"><span class='ocrx_word' id='word_1_614' title='bbox 173 5006 362 5046; x_wconf 85' lang='lat' dir='ltr'><strong><em>eorum</em></strong></span> <span class='ocrx_word' id='word_1_615' title='bbox 417 4994 650 5065; x_wconf 85' lang='lat' dir='ltr'><strong><em>amplius</em></strong></span> <span class='ocrx_word' id='word_1_616' title='bbox 699 4995 757 5051; x_wconf 82' lang='lat' dir='ltr'><strong><em>in</em></strong></span> <span class='ocrx_word' id='word_1_617' title='bbox 817 4999 974 5058; x_wconf 68' lang='lat' dir='ltr'><strong><em>creto,“</em></strong></span> <span class='ocrx_word' id='word_1_618' title='bbox 1029 4996 1156 5069; x_wconf 89' lang='lat' dir='ltr'><strong><em>quia</em></strong></span> <span class='ocrx_word' id='word_1_619' title='bbox 1194 5011 1290 5068; x_wconf 91' lang='lat' dir='ltr'><strong><em>per</em></strong></span> <span class='ocrx_word' id='word_1_620' title='bbox 1339 4997 1783 5068; x_wconf 60' lang='lat' dir='ltr'><strong><em>praedicationem</em></strong></span> 
     </span>
    </p>
   </div>
   <div class='ocr_carea' id='block_1_83' title="bbox 175 5081 1783 5158">
    <p class='ocr_par' dir='ltr' id='par_1_83' title="bbox 175 5081 1783 5158">
     <span class='ocr_line' id='line_1_83' title="bbox 175 5081 1783 5158; baseline 0.002 -21"><span class='ocrx_word' id='word_1_621' title='bbox 175 5081 555 5154; x_wconf 86' lang='lat' dir='ltr'><strong><em>apostolorum</em></strong></span> <span class='ocrx_word' id='word_1_622' title='bbox 608 5094 1042 5158; x_wconf 62' lang='lat' dir='ltr'><strong><em>caaterorumque</em></strong></span> <span class='ocrx_word' id='word_1_623' title='bbox 1093 5092 1409 5142; x_wconf 89' lang='lat' dir='ltr'><strong><em>sanctorum</em></strong></span> <span class='ocrx_word' id='word_1_624' title='bbox 1463 5101 1496 5140; x_wconf 91' lang='lat' dir='ltr'><strong><em>a</em></strong></span> <span class='ocrx_word' id='word_1_625' title='bbox 1525 5084 1783 5142; x_wconf 89' lang='lat' dir='ltr'><strong><em>cordibus</em></strong></span> 
     </span>
    </p>
   </div>
   <div class='ocr_carea' id='block_1_84' title="bbox 173 5172 1784 5248">
    <p class='ocr_par' dir='ltr' id='par_1_84' title="bbox 173 5172 1784 5248">
     <span class='ocr_line' id='line_1_84' title="bbox 173 5172 1784 5248; baseline 0.001 -20"><span class='ocrx_word' id='word_1_626' title='bbox 173 5172 504 5243; x_wconf 89' lang='lat' dir='ltr'><strong><em>electorum,</em></strong></span> <span class='ocrx_word' id='word_1_627' title='bbox 561 5174 658 5248; x_wconf 89' lang='lat' dir='ltr'><strong><em>qui</em></strong></span> <span class='ocrx_word' id='word_1_628' title='bbox 711 5191 808 5248; x_wconf 89' lang='lat' dir='ltr'><strong><em>per</em></strong></span> <span class='ocrx_word' id='word_1_629' title='bbox 861 5177 1062 5232; x_wconf 72' lang='lat' dir='ltr'><strong><em>caelum</em></strong></span> <span class='ocrx_word' id='word_1_630' title='bbox 1119 5173 1511 5247; x_wconf 89' lang='lat' dir='ltr'><strong><em>designantur,</em></strong></span> <span class='ocrx_word' id='word_1_631' title='bbox 1567 5174 1784 5247; x_wconf 84' lang='lat' dir='ltr'><strong><em>expulsi</em></strong></span> 
     </span>
    </p>
   </div>
   <div class='ocr_carea' id='block_1_85' title="bbox 173 5269 1010 5318">
    <p class='ocr_par' dir='ltr' id='par_1_85' title="bbox 173 5269 1010 5318">
     <span class='ocr_line' id='line_1_85' title="bbox 173 5269 1010 5318; baseline 0 0"><span class='ocrx_word' id='word_1_632' title='bbox 173 5269 327 5318; x_wconf 86' lang='lat' dir='ltr'><strong><em>sunt.</em></strong></span> <span class='ocrx_word' id='word_1_633' title='bbox 1003 5275 1010 5280; x_wconf 87' lang='grc'><strong>·</strong></span> 
     </span>
    </p>
   </div>
   <div class='ocr_carea' id='block_1_86' title="bbox 249 5350 1780 5428">
    <p class='ocr_par' dir='ltr' id='par_1_86' title="bbox 249 5350 1780 5428">
     <span class='ocr_line' id='line_1_86' title="bbox 249 5350 1780 5428; baseline 0 -20"><span class='ocrx_word' id='word_1_634' title='bbox 249 5350 437 5424; x_wconf 87' lang='lat' dir='ltr'><strong><em>(Vers.</em></strong></span> <span class='ocrx_word' id='word_1_635' title='bbox 494 5352 578 5422; x_wconf 90' lang='lat'><strong><em>9.)</em></strong></span> <span class='ocrx_word' id='word_1_636' title='bbox 635 5354 710 5410; x_wconf 89' lang='lat' dir='ltr'><strong><em>Et</em></strong></span> <span class='ocrx_word' id='word_1_637' title='bbox 745 5351 1013 5428; x_wconf 86' lang='lat' dir='ltr'><strong><em>projectus</em></strong></span> <span class='ocrx_word' id='word_1_638' title='bbox 1072 5359 1148 5410; x_wconf 87' lang='lat' dir='ltr'><strong><em>est</em></strong></span> <span class='ocrx_word' id='word_1_639' title='bbox 1200 5352 1292 5410; x_wconf 88' lang='lat' dir='ltr'><strong><em>ille</em></strong></span> <span class='ocrx_word' id='word_1_640' title='bbox 1337 5354 1498 5411; x_wconf 88' lang='lat' dir='ltr'><strong><em>draco</em></strong></span> <span class='ocrx_word' id='word_1_641' title='bbox 1538 5370 1780 5426; x_wconf 85' lang='lat' dir='ltr'><strong><em>magnus,</em></strong></span> 
     </span>
    </p>
   </div>
   <div class='ocr_carea' id='block_1_87' title="bbox 171 5444 1781 5518">
    <p class='ocr_par' dir='ltr' id='par_1_87' title="bbox 171 5444 1781 5518">
     <span class='ocr_line' id='line_1_87' title="bbox 171 5444 1781 5518; baseline 0.002 -18"><span class='ocrx_word' id='word_1_642' title='bbox 171 5459 391 5517; x_wconf 81' lang='lat' dir='ltr'><strong><em>serpens</em></strong></span> <span class='ocrx_word' id='word_1_643' title='bbox 441 5444 716 5516; x_wconf 87' lang='lat' dir='ltr'><strong><em>antiquus,</em></strong></span> <span class='ocrx_word' id='word_1_644' title='bbox 771 5446 866 5518; x_wconf 88' lang='lat' dir='ltr'><strong><em>qui</em></strong></span> <span class='ocrx_word' id='word_1_645' title='bbox 912 5453 1134 5504; x_wconf 81' lang='lat' dir='ltr'><strong><em>vocatur</em></strong></span> <span class='ocrx_word' id='word_1_646' title='bbox 1169 5446 1412 5504; x_wconf 87' lang='lat' dir='ltr'><strong><em>diabolus</em></strong></span> <span class='ocrx_word' id='word_1_647' title='bbox 1451 5452 1499 5503; x_wconf 90' lang='lat' dir='ltr'><strong><em>et</em></strong></span> <span class='ocrx_word' id='word_1_648' title='bbox 1528 5447 1781 5514; x_wconf 85' lang='lat' dir='ltr'><strong><em>Satanas,</em></strong></span> 
     </span>
    </p>
   </div>
   <div class='ocr_carea' id='block_1_88' title="bbox 249 5644 1779 5727">
    <p class='ocr_par' dir='ltr' id='par_1_88' title="bbox 249 5644 1779 5727">
     <span class='ocr_line' id='line_1_88' title="bbox 249 5644 1779 5727; baseline 0.005 -21"><span class='ocrx_word' id='word_1_649' title='bbox 249 5644 570 5722; x_wconf 80' lang='lat' dir='ltr'><strong><em>(l5)Codex</em></strong></span> <span class='ocrx_word' id='word_1_650' title='bbox 590 5648 770 5716; x_wconf 87' lang='lat' dir='ltr'><strong><em>Gem.,</em></strong></span> <span class='ocrx_word' id='word_1_651' title='bbox 800 5648 1068 5708; x_wconf 84' lang='lat' dir='ltr'><strong><em>Gaudium</em></strong></span> <span class='ocrx_word' id='word_1_652' title='bbox 1095 5657 1172 5711; x_wconf 87' lang='lat' dir='ltr'><strong><em>est</em></strong></span> <span class='ocrx_word' id='word_1_653' title='bbox 1195 5653 1398 5727; x_wconf 84' lang='lat' dir='ltr'><strong><em>angelis</em></strong></span> <span class='ocrx_word' id='word_1_654' title='bbox 1424 5653 1525 5714; x_wconf 86' lang='lat' dir='ltr'><strong><em>Dei</em></strong></span> <span class='ocrx_word' id='word_1_655' title='bbox 1546 5653 1606 5712; x_wconf 86' lang='lat' dir='ltr'><strong><em>in</em></strong></span> <span class='ocrx_word' id='word_1_656' title='bbox 1633 5652 1779 5713; x_wconf 72' lang='lat' dir='ltr'><strong><em>calo.</em></strong></span> 
     </span>
    </p>
   </div>
   <div class='ocr_carea' id='block_1_89' title="bbox 1893 3261 3502 3336">
    <p class='ocr_par' dir='ltr' id='par_1_89' title="bbox 1893 3261 3502 3336">
     <span class='ocr_line' id='line_1_89' title="bbox 1893 3261 3502 3336; baseline 0.001 -19"><span class='ocrx_word' id='word_1_657' title='bbox 1893 3261 2075 3334; x_wconf 83' lang='lat' dir='ltr'><strong><em>justos</em></strong></span> <span class='ocrx_word' id='word_1_658' title='bbox 2100 3261 2319 3318; x_wconf 85' lang='lat' dir='ltr'><strong><em>Judaeos</em></strong></span> <span class='ocrx_word' id='word_1_659' title='bbox 2348 3261 2659 3336; x_wconf 88' lang='lat' dir='ltr'><strong><em>intelligere</em></strong></span> <span class='ocrx_word' id='word_1_660' title='bbox 2692 3280 2703 3319; x_wconf 92' lang='lat'>:</span> <span class='ocrx_word' id='word_1_661' title='bbox 2735 3262 2830 3335; x_wconf 91' lang='lat' dir='ltr'><strong><em>qui</em></strong></span> <span class='ocrx_word' id='word_1_662' title='bbox 2871 3261 2941 3318; x_wconf 87' lang='lat' dir='ltr'><strong><em>ad</em></strong></span> <span class='ocrx_word' id='word_1_663' title='bbox 2967 3263 3344 3319; x_wconf 87' lang='lat' dir='ltr'><strong><em>centenarium</em></strong></span> <span class='ocrx_word' id='word_1_664' title='bbox 3385 3278 3502 3318; x_wconf 87' lang='lat' dir='ltr'><strong><em>nu-</em></strong></span> 
     </span>
    </p>
   </div>
   <div class='ocr_carea' id='block_1_90' title="bbox 1898 3353 3500 3428">
    <p class='ocr_par' dir='ltr' id='par_1_90' title="bbox 1898 3353 3500 3428">
     <span class='ocr_line' id='line_1_90' title="bbox 1898 3353 3500 3428; baseline 0.001 -19"><span class='ocrx_word' id='word_1_665' title='bbox 1898 3369 2115 3409; x_wconf 92' lang='lat' dir='ltr'><strong><em>merum</em></strong></span> <span class='ocrx_word' id='word_1_666' title='bbox 2134 3370 2246 3410; x_wconf 90' lang='lat' dir='ltr'><strong><em>non</em></strong></span> <span class='ocrx_word' id='word_1_667' title='bbox 2267 3355 2619 3426; x_wconf 89' lang='lat' dir='ltr'><strong><em>perveniunt,</em></strong></span> <span class='ocrx_word' id='word_1_668' title='bbox 2647 3355 2777 3428; x_wconf 90' lang='lat' dir='ltr'><strong><em>quia</em></strong></span> <span class='ocrx_word' id='word_1_669' title='bbox 2805 3353 3084 3410; x_wconf 89' lang='lat' dir='ltr'><strong><em>neminem</em></strong></span> <span class='ocrx_word' id='word_1_670' title='bbox 3108 3353 3175 3410; x_wconf 88' lang='lat' dir='ltr'><strong><em>ad</em></strong></span> <span class='ocrx_word' id='word_1_671' title='bbox 3198 3353 3500 3427; x_wconf 89' lang='lat' dir='ltr'><strong><em>perfectum</em></strong></span> 
     </span>
    </p>
   </div>
   <div class='ocr_carea' id='block_1_91' title="bbox 1896 3441 3500 3516">
    <p class='ocr_par' dir='ltr' id='par_1_91' title="bbox 1896 3441 3500 3516">
     <span class='ocr_line' id='line_1_91' title="bbox 1896 3441 3500 3516; baseline 0.002 -18"><span class='ocrx_word' id='word_1_672' title='bbox 1896 3441 2131 3499; x_wconf 87' lang='lat' dir='ltr'><strong><em>adduxit</em></strong></span> <span class='ocrx_word' id='word_1_673' title='bbox 2186 3443 2276 3500; x_wconf 88' lang='lat' dir='ltr'><strong><em>lex</em></strong></span> <span class='ocrx_word' id='word_1_674' title='bbox 2332 3445 2514 3515; x_wconf 86' lang='lat' dir='ltr'><strong><em>(Hebr.</em></strong></span> <span class='ocrx_word' id='word_1_675' title='bbox 2556 3461 2656 3511; x_wconf 86' lang='lat' dir='ltr'><strong><em>vn,</em></strong></span> <span class='ocrx_word' id='word_1_676' title='bbox 2708 3444 2835 3516; x_wconf 71' lang='lat'><strong><em>19);</em></strong></span> <span class='ocrx_word' id='word_1_677' title='bbox 2892 3444 3067 3500; x_wconf 89' lang='lat' dir='ltr'><strong><em>multo</em></strong></span> <span class='ocrx_word' id='word_1_678' title='bbox 3121 3444 3269 3500; x_wconf 89' lang='lat' dir='ltr'><strong><em>enim</em></strong></span> <span class='ocrx_word' id='word_1_679' title='bbox 3321 3443 3500 3516; x_wconf 85' lang='lat' dir='ltr'><strong><em>majus</em></strong></span> 
     </span>
    </p>
   </div>
   <div class='ocr_carea' id='block_1_92' title="bbox 1897 3533 3498 3608">
    <p class='ocr_par' dir='ltr' id='par_1_92' title="bbox 1897 3533 3498 3608">
     <span class='ocr_line' id='line_1_92' title="bbox 1897 3533 3498 3608; baseline 0.002 -20"><span class='ocrx_word' id='word_1_680' title='bbox 1897 3533 2159 3606; x_wconf 89' lang='lat' dir='ltr'><strong><em>gaudium</em></strong></span> <span class='ocrx_word' id='word_1_681' title='bbox 2207 3534 2414 3592; x_wconf 83' lang='lat' dir='ltr'><strong><em>factum</em></strong></span> <span class='ocrx_word' id='word_1_682' title='bbox 2457 3544 2539 3592; x_wconf 90' lang='lat' dir='ltr'><strong><em>est</em></strong></span> <span class='ocrx_word' id='word_1_683' title='bbox 2587 3535 2644 3591; x_wconf 92' lang='lat' dir='ltr'><strong><em>in</em></strong></span> <span class='ocrx_word' id='word_1_684' title='bbox 2678 3535 2818 3592; x_wconf 67' lang='lat' dir='ltr'><strong><em>caelo</em></strong></span> <span class='ocrx_word' id='word_1_685' title='bbox 2862 3533 2932 3591; x_wconf 87' lang='lat' dir='ltr'><strong><em>de</em></strong></span> <span class='ocrx_word' id='word_1_686' title='bbox 2971 3535 3332 3592; x_wconf 87' lang='lat' dir='ltr'><strong><em>conversione</em></strong></span> <span class='ocrx_word' id='word_1_687' title='bbox 3372 3551 3498 3608; x_wconf 81' lang='lat' dir='ltr'><strong><em>gen-</em></strong></span> 
     </span>
    </p>
   </div>
   <div class='ocr_carea' id='block_1_93' title="bbox 1895 3623 3498 3696">
    <p class='ocr_par' dir='ltr' id='par_1_93' title="bbox 1895 3623 3498 3696">
     <span class='ocr_line' id='line_1_93' title="bbox 1895 3623 3498 3696; baseline 0.002 -18"><span class='ocrx_word' id='word_1_688' title='bbox 1895 3623 2036 3678; x_wconf 90' lang='lat' dir='ltr'><strong><em>tium</em></strong></span> <span class='ocrx_word' id='word_1_689' title='bbox 2085 3638 2249 3696; x_wconf 88' lang='lat' dir='ltr'><strong><em>quam</em></strong></span> <span class='ocrx_word' id='word_1_690' title='bbox 2295 3623 2364 3680; x_wconf 90' lang='lat' dir='ltr'><strong><em>de</em></strong></span> <span class='ocrx_word' id='word_1_691' title='bbox 2402 3623 2719 3681; x_wconf 67' lang='lat' dir='ltr'><strong><em>Judaeorum</em></strong></span> <span class='ocrx_word' id='word_1_692' title='bbox 2759 3623 3256 3682; x_wconf 87' lang='lat' dir='ltr'><strong><em>observationibus.</em></strong></span> <span class='ocrx_word' id='word_1_693' title='bbox 3300 3624 3364 3681; x_wconf 89' lang='lat' dir='ltr'><strong><em>In</em></strong></span> <span class='ocrx_word' id='word_1_694' title='bbox 3407 3623 3498 3684; x_wconf 88' lang='lat' dir='ltr'><strong><em>de-</em></strong></span> 
     </span>
    </p>
   </div>
   <div class='ocr_carea' id='block_1_94' title="bbox 1889 3713 3492 3788">
    <p class='ocr_par' dir='ltr' id='par_1_94' title="bbox 1889 3713 3492 3788">
     <span class='ocr_line' id='line_1_94' title="bbox 1889 3713 3492 3788; baseline 0.003 -16"><span class='ocrx_word' id='word_1_695' title='bbox 1889 3713 2132 3786; x_wconf 86' lang='lat' dir='ltr'><strong><em>jectione</em></strong></span> <span class='ocrx_word' id='word_1_696' title='bbox 2163 3716 2334 3788; x_wconf 88' lang='lat' dir='ltr'><strong><em>igitur</em></strong></span> <span class='ocrx_word' id='word_1_697' title='bbox 2372 3715 2581 3772; x_wconf 89' lang='lat' dir='ltr'><strong><em>diaboli</em></strong></span> <span class='ocrx_word' id='word_1_698' title='bbox 2627 3715 2771 3772; x_wconf 87' lang='lat' dir='ltr'><strong><em>facta</em></strong></span> <span class='ocrx_word' id='word_1_699' title='bbox 2803 3723 2886 3773; x_wconf 89' lang='lat' dir='ltr'><strong><em>est</em></strong></span> <span class='ocrx_word' id='word_1_700' title='bbox 2930 3716 3078 3773; x_wconf 88' lang='lat' dir='ltr'><strong><em>salus</em></strong></span> <span class='ocrx_word' id='word_1_701' title='bbox 3104 3714 3446 3774; x_wconf 90' lang='lat' dir='ltr'><strong><em>credentium</em></strong></span> <span class='ocrx_word' id='word_1_702' title='bbox 3475 3733 3492 3777; x_wconf 86' lang='lat'><strong>:</strong></span> 
     </span>
    </p>
   </div>
   <div class='ocr_carea' id='block_1_95' title="bbox 1892 3803 3496 3877">
    <p class='ocr_par' dir='ltr' id='par_1_95' title="bbox 1892 3803 3496 3877">
     <span class='ocr_line' id='line_1_95' title="bbox 1892 3803 3496 3877; baseline 0.001 -17"><span class='ocrx_word' id='word_1_703' title='bbox 1892 3812 2220 3877; x_wconf 89' lang='lat' dir='ltr'><strong><em>acceperunt</em></strong></span> <span class='ocrx_word' id='word_1_704' title='bbox 2275 3805 2443 3862; x_wconf 90' lang='lat' dir='ltr'><strong><em>etiam</em></strong></span> <span class='ocrx_word' id='word_1_705' title='bbox 2491 3807 2755 3863; x_wconf 90' lang='lat' dir='ltr'><strong><em>virtutem</em></strong></span> <span class='ocrx_word' id='word_1_706' title='bbox 2803 3805 3064 3862; x_wconf 88' lang='lat' dir='ltr'><strong><em>vincendi</em></strong></span> <span class='ocrx_word' id='word_1_707' title='bbox 3113 3803 3415 3874; x_wconf 88' lang='lat' dir='ltr'><strong><em>diabolum,</em></strong></span> <span class='ocrx_word' id='word_1_708' title='bbox 3463 3821 3496 3862; x_wconf 91' lang='lat' dir='ltr'><strong><em>a</em></strong></span> 
     </span>
    </p>
   </div>
   <div class='ocr_carea' id='block_1_96' title="bbox 1892 3892 3493 3967">
    <p class='ocr_par' dir='ltr' id='par_1_96' title="bbox 1892 3892 3493 3967">
     <span class='ocr_line' id='line_1_96' title="bbox 1892 3892 3493 3967; baseline 0.001 -19"><span class='ocrx_word' id='word_1_709' title='bbox 1892 3908 2001 3965; x_wconf 91' lang='lat' dir='ltr'><strong><em>quo</em></strong></span> <span class='ocrx_word' id='word_1_710' title='bbox 2029 3902 2190 3949; x_wconf 90' lang='lat' dir='ltr'><strong><em>antea</em></strong></span> <span class='ocrx_word' id='word_1_711' title='bbox 2234 3892 2370 3950; x_wconf 87' lang='lat' dir='ltr'><strong><em>victi</em></strong></span> <span class='ocrx_word' id='word_1_712' title='bbox 2405 3893 2737 3950; x_wconf 89' lang='lat' dir='ltr'><strong><em>tenebantur</em></strong></span> <span class='ocrx_word' id='word_1_713' title='bbox 2766 3895 2908 3967; x_wconf 81' lang='lat' dir='ltr'><strong><em>(i6).</em></strong></span> <span class='ocrx_word' id='word_1_714' title='bbox 2956 3895 3185 3952; x_wconf 90' lang='lat' dir='ltr'><strong><em>Factum</em></strong></span> <span class='ocrx_word' id='word_1_715' title='bbox 3214 3901 3296 3951; x_wconf 86' lang='lat' dir='ltr'><strong><em>est</em></strong></span> <span class='ocrx_word' id='word_1_716' title='bbox 3329 3894 3493 3951; x_wconf 87' lang='lat' dir='ltr'><strong><em>nihi-</em></strong></span> 
     </span>
    </p>
   </div>
   <div class='ocr_carea' id='block_1_97' title="bbox 1888 3979 3486 4057">
    <p class='ocr_par' dir='ltr' id='par_1_97' title="bbox 1888 3979 3486 4057">
     <span class='ocr_line' id='line_1_97' title="bbox 1888 3979 3486 4057; baseline 0.003 -21"><span class='ocrx_word' id='word_1_717' title='bbox 1888 3979 2133 4038; x_wconf 88' lang='lat' dir='ltr'><strong><em>lominus</em></strong></span> <span class='ocrx_word' id='word_1_718' title='bbox 2179 3998 2407 4056; x_wconf 88' lang='lat' dir='ltr'><strong><em>regnum</em></strong></span> <span class='ocrx_word' id='word_1_719' title='bbox 2437 3984 2537 4041; x_wconf 90' lang='lat' dir='ltr'><strong><em>Dei</em></strong></span> <span class='ocrx_word' id='word_1_720' title='bbox 2567 3983 2772 4051; x_wconf 88' lang='lat' dir='ltr'><strong><em>nostri;</em></strong></span> <span class='ocrx_word' id='word_1_721' title='bbox 2809 3984 2939 4057; x_wconf 89' lang='lat' dir='ltr'><strong><em>quia</em></strong></span> <span class='ocrx_word' id='word_1_722' title='bbox 2975 3983 3035 4039; x_wconf 90' lang='lat' dir='ltr'><strong><em>in</em></strong></span> <span class='ocrx_word' id='word_1_723' title='bbox 3065 3983 3273 4057; x_wconf 88' lang='lat' dir='ltr'><strong><em>quibus</em></strong></span> <span class='ocrx_word' id='word_1_724' title='bbox 3297 3983 3486 4040; x_wconf 80' lang='lat' dir='ltr'><strong><em>diabo-</em></strong></span> 
     </span>
    </p>
   </div>
   <div class='ocr_carea' id='block_1_98' title="bbox 1890 4071 3494 4148">
    <p class='ocr_par' dir='ltr' id='par_1_98' title="bbox 1890 4071 3494 4148">
     <span class='ocr_line' id='line_1_98' title="bbox 1890 4071 3494 4148; baseline 0.003 -20"><span class='ocrx_word' id='word_1_725' title='bbox 1890 4071 1976 4128; x_wconf 88' lang='lat' dir='ltr'><strong><em>lus</em></strong></span> <span class='ocrx_word' id='word_1_726' title='bbox 2027 4073 2304 4146; x_wconf 88' lang='lat' dir='ltr'><strong><em>regnabat,</em></strong></span> <span class='ocrx_word' id='word_1_727' title='bbox 2364 4075 2530 4148; x_wconf 74' lang='lat' dir='ltr'><strong><em>ccepit</em></strong></span> <span class='ocrx_word' id='word_1_728' title='bbox 2594 4091 2818 4148; x_wconf 86' lang='lat' dir='ltr'><strong><em>regnare</em></strong></span> <span class='ocrx_word' id='word_1_729' title='bbox 2855 4075 3033 4145; x_wconf 89' lang='lat' dir='ltr'><strong><em>Pater,</em></strong></span> <span class='ocrx_word' id='word_1_730' title='bbox 3079 4082 3134 4132; x_wconf 91' lang='lat' dir='ltr'><strong><em>et</em></strong></span> <span class='ocrx_word' id='word_1_731' title='bbox 3187 4074 3384 4145; x_wconf 89' lang='lat' dir='ltr'><strong><em>Filius,</em></strong></span> <span class='ocrx_word' id='word_1_732' title='bbox 3437 4083 3494 4134; x_wconf 89' lang='lat' dir='ltr'><strong><em>et</em></strong></span> 
     </span>
    </p>
   </div>
   <div class='ocr_carea' id='block_1_99' title="bbox 1889 4161 3485 4239">
    <p class='ocr_par' dir='ltr' id='par_1_99' title="bbox 1889 4161 3485 4239">
     <span class='ocr_line' id='line_1_99' title="bbox 1889 4161 3485 4239; baseline 0.002 -19"><span class='ocrx_word' id='word_1_733' title='bbox 1889 4161 2128 4236; x_wconf 90' lang='lat' dir='ltr'><strong><em>Spiritus</em></strong></span> <span class='ocrx_word' id='word_1_734' title='bbox 2178 4172 2399 4221; x_wconf 88' lang='lat' dir='ltr'><strong><em>sanctus</em></strong></span> <span class='ocrx_word' id='word_1_735' title='bbox 2431 4182 2442 4220; x_wconf 94' lang='lat'>:</span> <span class='ocrx_word' id='word_1_736' title='bbox 2496 4163 2638 4221; x_wconf 86' lang='lat' dir='ltr'><strong><em>facta</em></strong></span> <span class='ocrx_word' id='word_1_737' title='bbox 2659 4171 2741 4221; x_wconf 87' lang='lat' dir='ltr'><strong><em>est</em></strong></span> <span class='ocrx_word' id='word_1_738' title='bbox 2765 4172 2818 4222; x_wconf 92' lang='lat' dir='ltr'><strong><em>et</em></strong></span> <span class='ocrx_word' id='word_1_739' title='bbox 2841 4171 3078 4239; x_wconf 83' lang='lat' dir='ltr'><strong><em>potestas</em></strong></span> <span class='ocrx_word' id='word_1_740' title='bbox 3107 4165 3314 4224; x_wconf 86' lang='lat' dir='ltr'><strong><em>Christi</em></strong></span> <span class='ocrx_word' id='word_1_741' title='bbox 3343 4163 3485 4238; x_wconf 85' lang='lat' dir='ltr'><strong><em>ejus,</em></strong></span> 
     </span>
    </p>
   </div>
   <div class='ocr_carea' id='block_1_100' title="bbox 1889 4253 3488 4329">
    <p class='ocr_par' dir='ltr' id='par_1_100' title="bbox 1889 4253 3488 4329">
     <span class='ocr_line' id='line_1_100' title="bbox 1889 4253 3488 4329; baseline 0.001 -17"><span class='ocrx_word' id='word_1_742' title='bbox 1889 4270 2015 4312; x_wconf 89' lang='lat' dir='ltr'><strong><em>cum</em></strong></span> <span class='ocrx_word' id='word_1_743' title='bbox 2064 4269 2156 4311; x_wconf 90' lang='lat' dir='ltr'><strong><em>eos</em></strong></span> <span class='ocrx_word' id='word_1_744' title='bbox 2184 4269 2320 4328; x_wconf 91' lang='lat' dir='ltr'><strong><em>quos</em></strong></span> <span class='ocrx_word' id='word_1_745' title='bbox 2349 4253 2600 4312; x_wconf 89' lang='lat' dir='ltr'><strong><em>diabolus</em></strong></span> <span class='ocrx_word' id='word_1_746' title='bbox 2649 4254 2980 4328; x_wconf 88' lang='lat' dir='ltr'><strong><em>possidebat,</em></strong></span> <span class='ocrx_word' id='word_1_747' title='bbox 3019 4255 3186 4329; x_wconf 66' lang='lat' dir='ltr'><strong><em>coepit</em></strong></span> <span class='ocrx_word' id='word_1_748' title='bbox 3230 4255 3488 4314; x_wconf 82' lang='lat' dir='ltr'><strong><em>Christus</em></strong></span> 
     </span>
    </p>
   </div>
   <div class='ocr_carea' id='block_1_101' title="bbox 1888 4344 3485 4419">
    <p class='ocr_par' dir='ltr' id='par_1_101' title="bbox 1888 4344 3485 4419">
     <span class='ocr_line' id='line_1_101' title="bbox 1888 4344 3485 4419; baseline 0.003 -19"><span class='ocrx_word' id='word_1_749' title='bbox 1888 4344 2184 4417; x_wconf 80' lang='lat' dir='ltr'><strong><em>possidere.</em></strong></span> <span class='ocrx_word' id='word_1_750' title='bbox 2252 4344 2390 4414; x_wconf 83' lang='lat' dir='ltr'><strong><em>Quia</em></strong></span> <span class='ocrx_word' id='word_1_751' title='bbox 2446 4345 2712 4418; x_wconf 87' lang='lat' dir='ltr'><strong><em>projectus</em></strong></span> <span class='ocrx_word' id='word_1_752' title='bbox 2777 4353 2853 4403; x_wconf 87' lang='lat' dir='ltr'><strong><em>est</em></strong></span> <span class='ocrx_word' id='word_1_753' title='bbox 2901 4353 3179 4404; x_wconf 87' lang='lat' dir='ltr'><strong><em>accusator</em></strong></span> <span class='ocrx_word' id='word_1_754' title='bbox 3240 4346 3485 4419; x_wconf 85' lang='lat' dir='ltr'><strong><em>fratrum</em></strong></span> 
     </span>
    </p>
   </div>
   <div class='ocr_carea' id='block_1_102' title="bbox 1885 4431 3492 4507">
    <p class='ocr_par' dir='ltr' id='par_1_102' title="bbox 1885 4431 3492 4507">
     <span class='ocr_line' id='line_1_102' title="bbox 1885 4431 3492 4507; baseline -0.002 -16"><span class='ocrx_word' id='word_1_755' title='bbox 1885 4441 2208 4504; x_wconf 84' lang='lat' dir='ltr'><strong><em>nostrorum,</em></strong></span> <span class='ocrx_word' id='word_1_756' title='bbox 2263 4435 2355 4506; x_wconf 89' lang='lat' dir='ltr'><strong><em>qui</em></strong></span> <span class='ocrx_word' id='word_1_757' title='bbox 2393 4437 2674 4492; x_wconf 88' lang='lat' dir='ltr'><strong><em>accusabat</em></strong></span> <span class='ocrx_word' id='word_1_758' title='bbox 2699 4435 2824 4492; x_wconf 88' lang='lat' dir='ltr'><strong><em>illos</em></strong></span> <span class='ocrx_word' id='word_1_759' title='bbox 2871 4442 2992 4492; x_wconf 88' lang='lat' dir='ltr'><strong><em>ante</em></strong></span> <span class='ocrx_word' id='word_1_760' title='bbox 3031 4441 3359 4507; x_wconf 84' lang='lat' dir='ltr'><strong><em>conspectum</em></strong></span> <span class='ocrx_word' id='word_1_761' title='bbox 3387 4431 3492 4493; x_wconf 86' lang='lat' dir='ltr'><strong><em>Dei</em></strong></span> 
     </span>
    </p>
   </div>
   <div class='ocr_carea' id='block_1_103' title="bbox 1887 4524 3483 4600">
    <p class='ocr_par' dir='ltr' id='par_1_103' title="bbox 1887 4524 3483 4600">
     <span class='ocr_line' id='line_1_103' title="bbox 1887 4524 3483 4600; baseline 0.001 -17"><span class='ocrx_word' id='word_1_762' title='bbox 1887 4527 2057 4583; x_wconf 87' lang='lat' dir='ltr'><strong><em>nostri</em></strong></span> <span class='ocrx_word' id='word_1_763' title='bbox 2084 4527 2166 4583; x_wconf 87' lang='lat' dir='ltr'><strong><em>die</em></strong></span> <span class='ocrx_word' id='word_1_764' title='bbox 2195 4543 2258 4583; x_wconf 88' lang='lat' dir='ltr'><strong><em>ac</em></strong></span> <span class='ocrx_word' id='word_1_765' title='bbox 2283 4533 2447 4586; x_wconf 86' lang='lat' dir='ltr'><strong><em>nocte.</em></strong></span> <span class='ocrx_word' id='word_1_766' title='bbox 2493 4527 2838 4585; x_wconf 82' lang='lat' dir='ltr'><strong><em>Accusautur</em></strong></span> <span class='ocrx_word' id='word_1_767' title='bbox 2867 4524 3022 4582; x_wconf 86' lang='lat' dir='ltr'><strong><em>noxii</em></strong></span> <span class='ocrx_word' id='word_1_768' title='bbox 3053 4525 3306 4582; x_wconf 86' lang='lat' dir='ltr'><strong><em>homines</em></strong></span> <span class='ocrx_word' id='word_1_769' title='bbox 3333 4525 3483 4600; x_wconf 87' lang='lat' dir='ltr'><strong><em>apud</em></strong></span> 
     </span>
    </p>
   </div>
   <div class='ocr_carea' id='block_1_104' title="bbox 1886 4614 3488 4690">
    <p class='ocr_par' dir='ltr' id='par_1_104' title="bbox 1886 4614 3488 4690">
     <span class='ocr_line' id='line_1_104' title="bbox 1886 4614 3488 4690; baseline -0.001 -16"><span class='ocrx_word' id='word_1_770' title='bbox 1886 4615 2121 4690; x_wconf 90' lang='lat' dir='ltr'><strong><em>judices,</em></strong></span> <span class='ocrx_word' id='word_1_771' title='bbox 2150 4635 2277 4676; x_wconf 91' lang='lat' dir='ltr'><strong><em>cum</em></strong></span> <span class='ocrx_word' id='word_1_772' title='bbox 2307 4633 2497 4675; x_wconf 90' lang='lat' dir='ltr'><strong><em>eorum</em></strong></span> <span class='ocrx_word' id='word_1_773' title='bbox 2539 4618 2744 4674; x_wconf 86' lang='lat' dir='ltr'><strong><em>scelera</em></strong></span> <span class='ocrx_word' id='word_1_774' title='bbox 2787 4615 2868 4671; x_wconf 91' lang='lat' dir='ltr'><strong><em>eis</em></strong></span> <span class='ocrx_word' id='word_1_775' title='bbox 2915 4615 3377 4672; x_wconf 84' lang='lat' dir='ltr'><strong><em>manifestantur:</em></strong></span> <span class='ocrx_word' id='word_1_776' title='bbox 3427 4614 3488 4674; x_wconf 91' lang='lat' dir='ltr'><strong><em>in</em></strong></span> 
     </span>
    </p>
   </div>
   <div class='ocr_carea' id='block_1_105' title="bbox 1894 4706 3488 4783">
    <p class='ocr_par' dir='ltr' id='par_1_105' title="bbox 1894 4706 3488 4783">
     <span class='ocr_line' id='line_1_105' title="bbox 1894 4706 3488 4783; baseline -0.001 -16"><span class='ocrx_word' id='word_1_777' title='bbox 1894 4722 2189 4783; x_wconf 88' lang='lat' dir='ltr'><strong><em>conspectu</em></strong></span> <span class='ocrx_word' id='word_1_778' title='bbox 2233 4727 2366 4767; x_wconf 90' lang='lat' dir='ltr'><strong><em>vero</em></strong></span> <span class='ocrx_word' id='word_1_779' title='bbox 2411 4710 2535 4776; x_wconf 91' lang='lat' dir='ltr'><strong><em>Dei,</em></strong></span> <span class='ocrx_word' id='word_1_780' title='bbox 2576 4709 2672 4781; x_wconf 91' lang='lat' dir='ltr'><strong><em>qui</em></strong></span> <span class='ocrx_word' id='word_1_781' title='bbox 2718 4723 2830 4762; x_wconf 91' lang='lat' dir='ltr'><strong><em>non</em></strong></span> <span class='ocrx_word' id='word_1_782' title='bbox 2867 4707 3048 4762; x_wconf 88' lang='lat' dir='ltr'><strong><em>solum</em></strong></span> <span class='ocrx_word' id='word_1_783' title='bbox 3092 4706 3255 4775; x_wconf 86' lang='lat' dir='ltr'><strong><em>facta,</em></strong></span> <span class='ocrx_word' id='word_1_784' title='bbox 3298 4706 3392 4763; x_wconf 89' lang='lat' dir='ltr'><strong><em>sed</em></strong></span> <span class='ocrx_word' id='word_1_785' title='bbox 3433 4715 3488 4768; x_wconf 88' lang='lat' dir='ltr'><strong><em>et</em></strong></span> 
     </span>
    </p>
   </div>
   <div class='ocr_carea' id='block_1_106' title="bbox 1893 4794 3487 4874">
    <p class='ocr_par' dir='ltr' id='par_1_106' title="bbox 1893 4794 3487 4874">
     <span class='ocr_line' id='line_1_106' title="bbox 1893 4794 3487 4874; baseline -0.004 -16"><span class='ocrx_word' id='word_1_786' title='bbox 1893 4804 2127 4874; x_wconf 87' lang='lat' dir='ltr'><strong><em>cogitata</em></strong></span> <span class='ocrx_word' id='word_1_787' title='bbox 2172 4799 2498 4866; x_wconf 90' lang='lat' dir='ltr'><strong><em>considerat,</em></strong></span> <span class='ocrx_word' id='word_1_788' title='bbox 2532 4794 2806 4870; x_wconf 90' lang='lat' dir='ltr'><strong><em>quomodo</em></strong></span> <span class='ocrx_word' id='word_1_789' title='bbox 2833 4795 3089 4852; x_wconf 89' lang='lat' dir='ltr'><strong><em>diabolus</em></strong></span> <span class='ocrx_word' id='word_1_790' title='bbox 3117 4795 3358 4868; x_wconf 88' lang='lat' dir='ltr'><strong><em>aliquem</em></strong></span> <span class='ocrx_word' id='word_1_791' title='bbox 3400 4811 3487 4856; x_wconf 54' lang='lat' dir='ltr'><strong><em>ac.</em></strong></span> 
     </span>
    </p>
   </div>
   <div class='ocr_carea' id='block_1_107' title="bbox 1893 4884 3485 4963">
    <p class='ocr_par' dir='ltr' id='par_1_107' title="bbox 1893 4884 3485 4963">
     <span class='ocr_line' id='line_1_107' title="bbox 1893 4884 3485 4963; baseline -0.004 -13"><span class='ocrx_word' id='word_1_792' title='bbox 1893 4909 2081 4951; x_wconf 90' lang='lat' dir='ltr'><strong><em>cusare</em></strong></span> <span class='ocrx_word' id='word_1_793' title='bbox 2117 4889 2337 4963; x_wconf 78' lang='lat' dir='ltr'><strong><em>potest?</em></strong></span> <span class='ocrx_word' id='word_1_794' title='bbox 2391 4887 2496 4945; x_wconf 89' lang='lat' dir='ltr'><strong><em>Sed</em></strong></span> <span class='ocrx_word' id='word_1_795' title='bbox 2542 4901 2863 4944; x_wconf 89' lang='lat' dir='ltr'><strong><em>accusamur</em></strong></span> <span class='ocrx_word' id='word_1_796' title='bbox 2911 4884 2968 4940; x_wconf 90' lang='lat' dir='ltr'><strong><em>in</em></strong></span> <span class='ocrx_word' id='word_1_797' title='bbox 3015 4892 3317 4960; x_wconf 89' lang='lat' dir='ltr'><strong><em>conspectu</em></strong></span> <span class='ocrx_word' id='word_1_798' title='bbox 3361 4885 3485 4955; x_wconf 86' lang='lat' dir='ltr'><strong><em>Dei,</em></strong></span> 
     </span>
    </p>
   </div>
   <div class='ocr_carea' id='block_1_108' title="bbox 1893 4975 3487 5054">
    <p class='ocr_par' dir='ltr' id='par_1_108' title="bbox 1893 4975 3487 5054">
     <span class='ocr_line' id='line_1_108' title="bbox 1893 4975 3487 5054; baseline -0.002 -15"><span class='ocrx_word' id='word_1_799' title='bbox 1893 4999 2017 5040; x_wconf 92' lang='lat' dir='ltr'><strong><em>cum</em></strong></span> <span class='ocrx_word' id='word_1_800' title='bbox 2039 4997 2326 5054; x_wconf 85' lang='lat' dir='ltr'><strong><em>peccamus</em></strong></span> <span class='ocrx_word' id='word_1_801' title='bbox 2350 4996 2362 5036; x_wconf 88' lang='lat'>:</span> <span class='ocrx_word' id='word_1_802' title='bbox 2396 4986 2614 5035; x_wconf 88' lang='lat' dir='ltr'><strong><em>accusat</em></strong></span> <span class='ocrx_word' id='word_1_803' title='bbox 2636 4985 2690 5034; x_wconf 91' lang='lat' dir='ltr'><strong><em>et</em></strong></span> <span class='ocrx_word' id='word_1_804' title='bbox 2709 4975 2983 5047; x_wconf 88' lang='lat' dir='ltr'><strong><em>diabolus,</em></strong></span> <span class='ocrx_word' id='word_1_805' title='bbox 3007 4993 3137 5036; x_wconf 89' lang='lat' dir='ltr'><strong><em>cum</em></strong></span> <span class='ocrx_word' id='word_1_806' title='bbox 3163 4975 3223 5033; x_wconf 89' lang='lat' dir='ltr'><strong><em>in</em></strong></span> <span class='ocrx_word' id='word_1_807' title='bbox 3251 4977 3487 5051; x_wconf 84' lang='lat' dir='ltr'><strong><em>peccatis</em></strong></span> 
     </span>
    </p>
   </div>
   <div class='ocr_carea' id='block_1_109' title="bbox 1893 5067 2578 5142">
    <p class='ocr_par' dir='ltr' id='par_1_109' title="bbox 1893 5067 2578 5142">
     <span class='ocr_line' id='line_1_109' title="bbox 1893 5067 2578 5142; baseline -0.003 -13"><span class='ocrx_word' id='word_1_808' title='bbox 1893 5074 2035 5130; x_wconf 90' lang='lat' dir='ltr'><strong><em>male</em></strong></span> <span class='ocrx_word' id='word_1_809' title='bbox 2063 5070 2342 5130; x_wconf 90' lang='lat' dir='ltr'><strong><em>suadendo</em></strong></span> <span class='ocrx_word' id='word_1_810' title='bbox 2367 5067 2578 5142; x_wconf 90' lang='lat' dir='ltr'><strong><em>dejicit.</em></strong></span> 
     </span>
    </p>
   </div>
   <div class='ocr_carea' id='block_1_110' title="bbox 1967 5177 3484 5255">
    <p class='ocr_par' dir='ltr' id='par_1_110' title="bbox 1967 5177 3484 5255">
     <span class='ocr_line' id='line_1_110' title="bbox 1967 5177 3484 5255; baseline -0.002 -16"><span class='ocrx_word' id='word_1_811' title='bbox 1967 5181 2148 5255; x_wconf 84' lang='lat' dir='ltr'><strong><em>(Vers.</em></strong></span> <span class='ocrx_word' id='word_1_812' title='bbox 2183 5182 2297 5254; x_wconf 75' lang='lat' dir='ltr'><strong><em>lt.)</em></strong></span> <span class='ocrx_word' id='word_1_813' title='bbox 2343 5183 2417 5238; x_wconf 88' lang='lat' dir='ltr'><strong><em>Et</em></strong></span> <span class='ocrx_word' id='word_1_814' title='bbox 2443 5179 2549 5252; x_wconf 88' lang='lat' dir='ltr'><strong><em>ipsi</em></strong></span> <span class='ocrx_word' id='word_1_815' title='bbox 2584 5178 2822 5236; x_wconf 73' lang='lat' dir='ltr'><strong><em>vicerunt</em></strong></span> <span class='ocrx_word' id='word_1_816' title='bbox 2860 5195 2978 5236; x_wconf 89' lang='lat' dir='ltr'><strong><em>eum</em></strong></span> <span class='ocrx_word' id='word_1_817' title='bbox 3010 5183 3233 5252; x_wconf 77' lang='lat' dir='ltr'><strong><em>propter</em></strong></span> <span class='ocrx_word' id='word_1_818' title='bbox 3272 5177 3484 5252; x_wconf 83' lang='lat' dir='ltr'><strong><em>sangui-</em></strong></span> 
     </span>
    </p>
   </div>
   <div class='ocr_carea' id='block_1_111' title="bbox 1892 5269 3488 5344">
    <p class='ocr_par' dir='ltr' id='par_1_111' title="bbox 1892 5269 3488 5344">
     <span class='ocr_line' id='line_1_111' title="bbox 1892 5269 3488 5344; baseline 0 -17"><span class='ocrx_word' id='word_1_819' title='bbox 1892 5288 2008 5328; x_wconf 90' lang='lat' dir='ltr'><strong><em>nem</em></strong></span> <span class='ocrx_word' id='word_1_820' title='bbox 2045 5272 2206 5343; x_wconf 81' lang='lat' dir='ltr'><strong><em>Agni,</em></strong></span> <span class='ocrx_word' id='word_1_821' title='bbox 2247 5277 2295 5326; x_wconf 83' lang='lat' dir='ltr'><strong><em>et</em></strong></span> <span class='ocrx_word' id='word_1_822' title='bbox 2321 5277 2544 5344; x_wconf 81' lang='lat' dir='ltr'><strong><em>propter</em></strong></span> <span class='ocrx_word' id='word_1_823' title='bbox 2571 5269 2788 5327; x_wconf 81' lang='lat' dir='ltr'><strong><em>verbum</em></strong></span> <span class='ocrx_word' id='word_1_824' title='bbox 2816 5270 3097 5327; x_wconf 86' lang='lat' dir='ltr'><strong><em>testimonii</em></strong></span> <span class='ocrx_word' id='word_1_825' title='bbox 3125 5269 3228 5327; x_wconf 87' lang='lat' dir='ltr'><strong><em>sui.</em></strong></span> <span class='ocrx_word' id='word_1_826' title='bbox 3259 5269 3488 5342; x_wconf 87' lang='lat' dir='ltr'><strong><em>Propter</em></strong></span> 
     </span>
    </p>
   </div>
   <div class='ocr_carea' id='block_1_112' title="bbox 1894 5358 3488 5433">
    <p class='ocr_par' dir='ltr' id='par_1_112' title="bbox 1894 5358 3488 5433">
     <span class='ocr_line' id='line_1_112' title="bbox 1894 5358 3488 5433; baseline -0.001 -16"><span class='ocrx_word' id='word_1_827' title='bbox 1894 5361 2215 5433; x_wconf 88' lang='lat' dir='ltr'><strong><em>sanguinem</em></strong></span> <span class='ocrx_word' id='word_1_828' title='bbox 2245 5360 2387 5432; x_wconf 85' lang='lat' dir='ltr'><strong><em>Agni</em></strong></span> <span class='ocrx_word' id='word_1_829' title='bbox 2416 5361 2708 5430; x_wconf 89' lang='lat' dir='ltr'><strong><em>vicerunt;</em></strong></span> <span class='ocrx_word' id='word_1_830' title='bbox 2757 5361 2888 5433; x_wconf 90' lang='lat' dir='ltr'><strong><em>quia</em></strong></span> <span class='ocrx_word' id='word_1_831' title='bbox 2917 5358 3225 5433; x_wconf 85' lang='lat' dir='ltr'><strong><em>redemptio</em></strong></span> <span class='ocrx_word' id='word_1_832' title='bbox 3254 5358 3488 5431; x_wconf 85' lang='lat' dir='ltr'><strong><em>sangui-</em></strong></span> 
     </span>
    </p>
   </div>
   <div class='ocr_carea' id='block_1_113' title="bbox 1892 5447 3472 5522">
    <p class='ocr_par' dir='ltr' id='par_1_113' title="bbox 1892 5447 3472 5522">
     <span class='ocr_line' id='line_1_113' title="bbox 1892 5447 3472 5522; baseline 0 -16"><span class='ocrx_word' id='word_1_833' title='bbox 1892 5449 1979 5507; x_wconf 94' lang='lat' dir='ltr'><strong><em>nis</em></strong></span> <span class='ocrx_word' id='word_1_834' title='bbox 2007 5447 2216 5507; x_wconf 79' lang='lat' dir='ltr'><strong><em>Christi</em></strong></span> <span class='ocrx_word' id='word_1_835' title='bbox 2262 5449 2369 5507; x_wconf 90' lang='lat' dir='ltr'><strong><em>hoc</em></strong></span> <span class='ocrx_word' id='word_1_836' title='bbox 2407 5450 2648 5509; x_wconf 87' lang='lat' dir='ltr'><strong><em>contulit</em></strong></span> <span class='ocrx_word' id='word_1_837' title='bbox 2673 5451 2899 5520; x_wconf 89' lang='lat' dir='ltr'><strong><em>sanctis,</em></strong></span> <span class='ocrx_word' id='word_1_838' title='bbox 2931 5456 2994 5507; x_wconf 90' lang='lat' dir='ltr'><strong><em>ut</em></strong></span> <span class='ocrx_word' id='word_1_839' title='bbox 3020 5448 3305 5507; x_wconf 87' lang='lat' dir='ltr'><strong><em>diabolum</em></strong></span> <span class='ocrx_word' id='word_1_840' title='bbox 3331 5463 3472 5522; x_wconf 87' lang='lat' dir='ltr'><strong><em>pos-</em></strong></span> 
     </span>
    </p>
   </div>
   <div class='ocr_carea' id='block_1_114' title="bbox 1964 5645 3486 5725">
    <p class='ocr_par' dir='ltr' id='par_1_114' title="bbox 1964 5645 3486 5725">
     <span class='ocr_line' id='line_1_114' title="bbox 1964 5645 3486 5725; baseline -0.003 -16"><span class='ocrx_word' id='word_1_841' title='bbox 1964 5651 2079 5725; x_wconf 85' lang='lat' dir='ltr'><strong><em>(l6)</em></strong></span> <span class='ocrx_word' id='word_1_842' title='bbox 2121 5649 2323 5725; x_wconf 87' lang='lat' dir='ltr'><strong><em>anes</em></strong></span> <span class='ocrx_word' id='word_1_843' title='bbox 2349 5648 2506 5720; x_wconf 89' lang='lat' dir='ltr'><strong><em>edit.,</em></strong></span> <span class='ocrx_word' id='word_1_844' title='bbox 2547 5649 2709 5706; x_wconf 79' lang='lat' dir='ltr'><strong><em>vincti</em></strong></span> <span class='ocrx_word' id='word_1_845' title='bbox 2736 5645 3062 5716; x_wconf 82' lang='lat' dir='ltr'><strong><em>tenebantur,</em></strong></span> <span class='ocrx_word' id='word_1_846' title='bbox 3110 5661 3302 5708; x_wconf 89' lang='lat' dir='ltr'><strong><em>omnes</em></strong></span> <span class='ocrx_word' id='word_1_847' title='bbox 3328 5661 3486 5715; x_wconf 87' lang='lat' dir='ltr'><strong><em>mss.,</em></strong></span> 
     </span>
    </p>
   </div>
   <div class='ocr_carea' id='block_1_115' title="bbox 1889 5722 2360 5780">
    <p class='ocr_par' dir='ltr' id='par_1_115' title="bbox 1889 5722 2360 5780">
     <span class='ocr_line' id='line_1_115' title="bbox 1889 5722 2360 5780; baseline -0.004 1"><span class='ocrx_word' id='word_1_848' title='bbox 1889 5722 2012 5780; x_wconf 74' lang='lat' dir='ltr'><strong><em>victi</em></strong></span> <span class='ocrx_word' id='word_1_849' title='bbox 2040 5722 2360 5779; x_wconf 78' lang='lat' dir='ltr'><strong><em>tenebantur.</em></strong></span> 
     </span>
    </p>
   </div>
  </div>
