3902 6198
460 383 568 443 963

1493 390 1588 445 ΑΙ)
1627 387 1863 446 OPERA
1899 385 1955 445 S.
1997 388 2329 448 AMBROSII
2368 386 2745 447 APPENDIX.
3696 390 3789 451 96$

457 525 579 574 sent
612 516 854 573 vincere.
887 515 1156 573 Vicerunt
1181 517 1347 573 etiam
1376 527 1600 591 propter
1640 518 1870 575 verbum
1899 519 2063 575 testi-
2089 528 2144 588 Α
2172 520 2319 595 quod
2364 536 2396 576 a
2440 528 2552 577 tam
2591 520 2820 577 immani
2873 520 3029 576 hoste
3085 518 3318 575 liberari
3348 517 3673 574 meruerint
3704 536 3792 592 per

458 609 633 666 monii
674 607 782 677 sui,
836 606 1002 663 ﬁdem
1060 609 1332 665 servando
1390 626 1555 682 quam
1619 610 1851 682 professi
1909 618 2059 680 sunt,

455 715 686 773 eamque
736 698 996 770 operibus
1051 698 1350 770 implendo.
1401 697 1506 754 Sed
1556 698 1715 755 valde
1765 700 2059 757 obscurum

456 800 538 847 est
567 789 715 863 quod
746 789 995 861 sequitur
1028 806 1040 845 :
1094 791 1168 845 Et
1194 807 1300 844 non
1343 790 1647 845 dilexerunt
1691 791 1906 845 animas
1936 808 2061 846 suas

456 897 620 951 usque
670 880 741 935 ad
787 886 1026 934 mortem.
1085 879 1372 947 Quomodo
1427 879 1575 934 enim
1623 879 1798 937 sancti
1848 880 2060 938 animas

455 986 581 1025 suas
610 986 720 1024 non
752 968 1014 1041 diligunt,
1041 985 1139 1040 pro
1170 986 1400 1042 quarum
1432 969 1605 1025 salute
1631 969 1803 1024 ardua
1831 987 2060 1043 quaeque

461 1074 525 1113 ac
557 1057 811 1112 difﬁcilia
841 1057 1169 1129 patiuntur?
1214 1057 1501 1125 Quomodo
1545 1058 1757 1113 animas
1788 1076 1914 1115 suas
1943 1075 2056 1114 non

454 1145 722 1219 diligunt,
777 1163 876 1218 pro
925 1147 1126 1220 quibus
1173 1149 1493 1219 semetipsos
1537 1149 1763 1219 vigiliis,
1806 1148 2054 1220 jejuniis,

454 1239 795 1297 abstinentia
825 1248 1122 1310 macerant,
1146 1248 1307 1314 atque
1329 1242 1538 1296 caeteris
1568 1241 1875 1296 virtutibus
1906 1256 2057 1294 exer-

454 1330 628 1386 cent?
658 1329 815 1397 Quod
848 1329 892 1385 si
916 1346 1011 1403 per
1035 1330 1275 1385 animam
1300 1331 1468 1386 vitam
1497 1339 1821 1401 praesentem
1853 1328 2058 1385 intelli-

455 1434 580 1491 gere
593 1417 936 1473 voluerimus
955 1438 968 1487 ;
997 1421 1122 1492 quis
1141 1427 1365 1475 sanctus
1377 1420 1547 1475 vitam
1562 1436 1715 1476 suam
1741 1435 1852 1475 non
1873 1418 2057 1491 diligit

452 1507 512 1563 in
542 1523 648 1580 qua
677 1506 915 1579 positus,
959 1508 1111 1563 illam
1154 1510 1427 1565 caelestem
1460 1508 1689 1580 gloriam
1722 1507 1829 1565 sibi
1858 1508 2057 1581 acqui-

453 1596 547 1663 rit,
594 1619 612 1644 σ
647 1611 809 1668 quam
844 1612 946 1652 nec
975 1597 1168 1653 oculus
1198 1597 1361 1664 vidit,
1388 1613 1489 1653 nec
1513 1597 1662 1652 auris
1690 1595 1924 1663 audivit,
1957 1612 2056 1653 nec

452 1684 569 1741 ulla
615 1701 768 1740 mens
812 1692 992 1756 potest
1038 1684 1502 1758 comprehendere
1543 1686 1601 1757 (Ι
1626 1687 1751 1743 Cor.
1782 1703 1843 1751 li,
1874 1685 1985 1754 9)?
2024 1709 2042 1733 ι

451 1777 566 1834 Aut
593 1778 718 1852 quis
745 1778 813 1835 ad
845 1777 994 1833 illam
1026 1778 1144 1834 sine
1193 1778 1299 1834 ista
1328 1795 1571 1852 unquam
1608 1777 1859 1851 pervenit
1886 1778 1913 1833 ?
1952 1778 2056 1833 Lu-

2169 608 2393 665 Domini
2450 610 2700 681 gratiam.
2753 611 2836 668 νω
2865 616 3019 665 terra:
3043 616 3091 665 et
3120 609 3309 665 mari!
3340 608 3481 679 quia
3534 608 3791 665 descendit

2170 697 2412 753 diabolus
2459 699 2531 752 ad
2578 715 2688 763 vos,
2719 700 2910 754 habens
2960 699 3103 754 iram
3131 715 3413 769 magnam,
3443 698 3624 753 sciens
3652 703 3781 770 quod

2169 787 2430 842 modicum
2477 794 2674 860 tempus
2731 789 2899 844 habet.
2950 789 3251 845 Possumus
3299 805 3403 861 per
3450 796 3672 845 terram
3695 790 3788 846 Ju-

2170 874 2335 944 daeos,
2380 892 2476 947 per
2523 893 2671 931 mare
2714 893 2845 932 vero
2875 893 3114 949 paganos
3146 882 3295 940 549
3316 884 3676 949 ceterosque
3706 895 3789 932 re—

2170 972 2369 1043 probos
2406 972 2730 1046 intelligere.
2764 974 2860 1030 Vae
2889 973 3058 1046 igitur
3084 974 3291 1031 Iudaeis
3322 982 3499 1048 atque
3533 974 3789 1047 gentibus

2169 1057 2502 1119 incredulis!
2537 1065 2665 1137 quia
2695 1072 2917 1136 propter
2946 1064 3083 1119 iram
3103 1081 3266 1137 quam
3301 1064 3475 1121 habet
3503 1063 3785 1134 diabolus,

2168 1166 2232 1207 eo
2248 1153 2393 1225 quod
2416 1154 2711 1209 maximam
2734 1153 3151 1210 multitudinem
3183 1153 3457 1221 amiserit,
3492 1163 3619 1210 tam
3651 1165 3787 1211 atro-

2168 1240 2306 1296 citer
2349 1242 2596 1314 reprobis
2622 1242 2960 1311 dominatur,
2992 1251 3046 1299 et
3074 1242 3135 1298 in
3169 1244 3339 1299 tantis
3369 1243 3617 1315 ﬂagitiis
3644 1244 3787 1316 deji-

2167 1329 2270 1386 cit:
2305 1338 2367 1385 ut
2397 1333 2552 1388 nullo
2580 1332 2742 1388 modo
2769 1331 2923 1403 digni
2953 1332 3065 1387 sint
3095 1339 3368 1405 quatenus
3397 1332 3468 1388 ad
3502 1334 3647 1388 vita:
3680 1334 3789 1390 vias

2168 1428 2515 1475 revertantur
2541 1428 2594 1476 et
2611 1430 2889 1477 sanentur.
2921 1421 3068 1478 Dicit
3097 1422 3268 1477 etiam
3307 1421 3620 1477 diabolum
3650 1423 3784 1478 scire

2166 1512 2314 1587 quod
2368 1513 2646 1570 modicum
2673 1522 2891 1586 tempus
2920 1514 3120 1571 habeat
3143 1535 3156 1583 ;
3189 1516 3321 1589 quia
3346 1524 3571 1589 quanto
3599 1534 3783 1590 appro.

2166 1604 2436 1677 pinquare
2466 1606 2642 1661 cernit
2670 1603 2814 1660 diem
2840 1603 3225 1675 judicii,tanto
3246 1605 3497 1679 amplius
3526 1607 3783 1664 callidior

2165 1691 2403 1749 efﬁcitur
2431 1692 2499 1748 ad
2522 1692 2875 1765 decipiendos
2910 1692 3181 1749 homines.

2239 1780 2420 1852 (Vers.
2475 1781 2589 1854 13.)
2646 1783 2722 1838 Et
2747 1787 3030 1853 postquam
3055 1782 3194 1837 vidit
3221 1782 3389 1838 draco
3416 1784 3571 1854 quod
3596 1786 3779 1856 proje-

454 1887 612 1928 crum
643 1870 792 1927 enim
836 1888 1093 1943 magnum
1134 1872 1350 1927 confert
1396 1868 1602 1926 sanctis
1634 1869 1749 1924 vita
1793 1883 2050 1940 praesens,
2088 1879 2134 1939 Β
2163 1875 2275 1924 ctus
2316 1876 2390 1924 est
2428 1872 2487 1926 in
2518 1878 2738 1939 terram,
2784 1878 3081 1942 persecutus
3110 1878 3188 1927 est
3209 1872 3521 1940 mulierem,
3556 1891 3681 1945 qua
3701 1893 3778 1947 pe.

449 1959 593 2017 sicut
637 1976 666 2015 e
708 1961 987 2016 contrario
1034 1960 1281 2033 reprobis
1330 1976 1588 2033 magnum
1633 1958 2048 2015 detrimentum.

456 2048 771 2106 Secundum
803 2057 987 2105 tamen
1017 2050 1308 2123 quemdam
1339 2049 1565 2105 modum
1614 2055 1761 2104 recte
1788 2047 2054 2104 dicuntur

446 2138 622 2195 sancti
667 2139 841 2195 vitam
885 2156 1036 2195 suam
1083 2138 1213 2195 odio
1261 2137 1493 2207 habere;
1537 2153 1602 2194 eo
1649 2136 1796 2210 quod
1831 2144 2052 2210 propter

446 2244 690 2285 amorem
720 2210 1095 2286 vitaa'aaternaa
1126 2229 1183 2285 in
1216 2227 1507 2285 fastidium
1544 2227 1623 2283 eis
1653 2227 1769 2282 vita
1809 2243 2049 2299 praesens

447 2324 718 2388 vertatur,
774 2319 918 2375 sicut
945 2318 1234 2374 Psalmista
1260 2318 1553 2389 deplorans
1581 2315 1799 2372 dicebat
1822 2333 1833 2371 :
1882 2340 1901 2363 ι
1930 2316 2050 2371 Heu

448 2404 627 2462 mihi!
674 2406 806 2480 quia
847 2406 1120 2463 incolatus
1159 2422 1314 2461 meus
1346 2406 1703 2479 prolongatus
1744 2414 1827 2461 est
1869 2406 2044 2477 (Psal.

448 2511 602 2565 cxxx,
632 2496 713 2567 ὅ).
748 2522 767 2545 ι
830 2498 1102 2553 Dominus
1146 2513 1363 2571 quoque
1413 2497 1552 2554 dicit
1597 2496 1656 2553 in
1703 2495 2043 2570 Evangelio:

460 2617 479 2640 ι
510 2590 616 2659 Qui
649 2601 794 2648 amat
823 2592 1063 2647 animam
1089 2609 1268 2662 suam,
1302 2590 1492 2665 perdet
1526 2607 1643 2648 eam
1678 2608 1691 2646 :
1723 2600 1778 2647 et
1804 2589 1900 2664 qui
1930 2589 2048 2645 odit

446 2680 689 2738 animam
721 2698 875 2738 suam
919 2682 977 2737 in
1024 2682 1130 2738 hoc
1172 2683 1400 2751 mundo,
1457 2682 1514 2737 in
1564 2681 1739 2737 vitam
1786 2689 2045 2737 aeternam

447 2771 693 2829 custodit
721 2788 839 2828 eam
883 2773 1065 2843 (Joan.
1104 2789 1207 2841 xit,
1242 2773 1358 2843 25).
1392 2797 1410 2820 ι
1470 2771 1610 2829 Cum
1658 2771 1806 2827 enim
1846 2770 1903 2825 in
1941 2768 2047 2827 hoc

453 2862 662 2917 mundo
676 2861 811 2918 dicit
826 2861 967 2933 (17),
983 2860 1322 2917 demonstrat
1335 2860 1612 2934 quomodo
1625 2860 1729 2917 hoc
1740 2859 2046 2931 intelligere

449 2950 765 3007 debeamus.
804 2974 822 2996 ι
843 2949 949 3016 Qui
978 2957 1126 3005 amat
1154 2950 1373 3022 (igitur)
1396 2949 1638 3004 animam
1667 2965 1820 3005 suam
1853 2948 1909 3003 in
1941 2946 2046 3003 hoc

448 3038 682 3106 mundo,
732 3040 790 3095 in
833 3041 1006 3096 vitam
1033 3046 1292 3095 aeternam
1336 3038 1577 3096 custodit
1619 3054 1759 3107 eam,
1792 3064 1810 3085 ι
1854 3037 1911 3092 id
1940 3046 2041 3105 est,

446 3131 755 3190 secundum
788 3140 1047 3189 saeculum
1080 3132 1267 3205 perdet
1298 3148 1416 3188 eam
1451 3149 1461 3188 :
1511 3156 1530 3180 ι
1559 3138 1613 3187 et
1641 3130 1735 3204 qui
1766 3130 1884 3186 odit
1908 3130 2044 3185 ani-

2155 1960 2303 2032 perit
2320 1962 2634 2017 masculum.
2689 1962 2899 2020 Videns
2926 1962 3182 2019 diabolus
3210 1980 3269 2020 se
3296 1964 3617 2022 maximam
3650 1968 3779 2023 mul-

2160 2048 2457 2106 titudinem
2514 2052 2816 2109 electorum
2874 2051 3142 2121 amisisse,
3203 2061 3259 2109 et
3307 2054 3465 2110 intra
3493 2057 3775 2128 angustias

2159 2138 2410 2193 cordium
2440 2140 2799 2213 reproborum
2826 2157 2940 2197 esse
2968 2143 3317 2211 conclusum,
3349 2153 3773 2215 persecutnsest

2158 2228 2473 2297 mulierem,
2506 2228 2561 2284 id
2591 2237 2674 2284 est
2702 2230 3004 2286 Ecclesiam
3032 2249 3046 2299 ;
3086 2231 3394 2287 concitavit
3418 2233 3581 2288 enim
3614 2235 3775 2307 impe-

2159 2326 2366 2373 ratores
2392 2319 2784 2387 Romanorum,
2816 2336 3145 2393 omnemque
3179 2321 3621 2379 multitudinem
3667 2324 3772 2379 im-

2157 2404 2376 2478 piorum
2407 2405 2475 2461 ad
2502 2407 2936 2480 persequendum
2959 2410 3227 2481 populum
3256 2411 3377 2466 Dei.

2230 2508 2412 2580 (Vers.
2458 2508 2570 2580 14.)
2620 2511 2696 2566 Et
2738 2511 2875 2565 datze
2900 2516 3022 2566 sunt
3049 2511 3263 2566 mulieri
3292 2512 3417 2568 dua:
3442 2514 3773 2586 alwaquila

2154 2618 2377 2672 magnas,
2406 2605 2465 2654 ut
2490 2602 2698 2656 volaret
2723 2602 2780 2655 in
2807 2601 3064 2657 desertum
3101 2603 3161 2657 in
3210 2604 3383 2658 locum
3424 2621 3592 2660 suum
3626 2624 3649 2671 ;
3690 2606 3771 2660 ubi

2154 2690 2323 2746 alitur
2353 2706 2452 2761 per
2500 2695 2717 2760 tempus,
2760 2696 2809 2744 et
2839 2697 3095 2761 tempora,
3125 2698 3172 2745 et
3196 2690 3489 2746 dimidium
3517 2694 3767 2764 tempori:

2153 2804 2187 2841 a
2233 2784 2370 2855 facie
2413 2786 2683 2857 serpentis.
2738 2786 2840 2842 Per
2884 2788 3124 2860 aquilam
3155 2786 3446 2844 Christum
3474 2805 3767 2860 possumus

2155 2876 2501 2948 intelligere:
2562 2877 2684 2934 dua:
2740 2893 2872 2933 vero
2922 2879 3022 2933 alae
3070 2877 3182 2933 duo
3229 2887 3361 2934 sunt
3389 2879 3763 2938 Testamenta.

2153 2966 2285 3021 Duas
2319 2965 2488 3037 igitur
2514 2966 2613 3022 alte
2643 2965 2783 3022 datae
2812 2974 2941 3023 sunt
2967 2967 3212 3036 mulieri,
3245 2968 3378 3040 quia
3407 2967 3526 3024 duo
3574 2970 3766 3027 Testa-

2153 3061 2338 3109 menta
2364 3054 2612 3111 Ecclesia
2636 3056 2847 3128 accepit
2878 3074 2892 3123 ;
2941 3063 3005 3111 ut
3045 3072 3236 3111 eorum
3274 3055 3543 3113 doctrina
3573 3067 3633 3115 et
3660 3059 3763 3116 dia-

2151 3142 2340 3199 bolum
2370 3144 2584 3212 evadat,
2611 3152 2665 3200 et
2694 3144 2763 3201 ad
2789 3146 3063 3202 omlestem
3097 3145 3334 3218 patriam
3366 3148 3761 3219 quotidiecon-

444 3237 589 3315 mam
632 3238 786 3315 suam
819 3221 890 3315 ill
925 3221 1029 3278 hoc
1059 3221 1289 3293 mundo:
1321 3246 1338 3269 ’
1397 3220 1454 3277 id
1483 3228 1583 3315 efti
1615 3218 1913 3315 390‘!“de
1946 3235 2040 3274 333'
2072 3242 2114 3303 C.
2150 3237 2393 3293 scendat.
2418 3239 2569 3295 Hanc
2588 3255 2821 3312 namque
2839 3239 3068 3311 patriam
3091 3238 3759 3315 desertumvocat,quem-

442 3312 653 3381 culum,
701 3338 719 3361 ε
749 3312 807 3367 in
838 3312 1009 3367 vitam
1041 3321 1298 3367 aeternam
1331 3310 1572 3367 custodit
1599 3325 1739 3365 eam.
1772 3333 1790 3355 ι
1820 3308 2041 3364 Amato-

443 3416 527 3456 res
556 3401 751 3457 mundi
780 3403 994 3457 animas
1036 3419 1160 3455 suas
1187 3408 1372 3456 amant
1404 3399 1706 3456 secundum
1742 3399 2036 3465 saeculum;

440 3489 570 3559 quia
598 3487 666 3541 ab
693 3488 795 3542 hac
815 3489 930 3541 vita
952 3488 1204 3558 praesenti
1228 3504 1506 3559 nunquam
1536 3488 1739 3543 vellent
1767 3487 2035 3553 recedere,

439 3584 501 3630 ut
530 3590 743 3645 semper
774 3575 1058 3630 luxuriose
1100 3583 1323 3646 possent
1355 3576 1540 3630 vivere
1573 3577 1712 3646 (18).
1758 3576 1855 3631 Ille
1884 3574 2038 3631 dives

435 3662 677 3719 animam
711 3678 865 3717 suam
896 3662 1197 3718 secundum
1226 3664 1486 3717 smculum
1519 3662 1801 3733 diligebat,
1833 3662 1930 3735 qui
1953 3663 2034 3719 di-

436 3749 627 3808 cebat:
677 3775 695 3798 ι
724 3750 948 3819 Anima,
980 3750 1147 3806 habes
1177 3750 1345 3806 multa
1376 3750 1522 3806 bona
1562 3750 1740 3823 posita
1768 3751 1827 3807 in
1862 3768 2036 3810 annos

435 3841 725 3917 plurimos,
771 3846 1013 3917 epulare,
1056 3843 1383 3916 jucundare,
1432 3853 1486 3900 et
1516 3842 1710 3899 satiare
1743 3844 1893 3915 (Luc.
1927 3862 2029 3914 xu,

436 3934 549 4006 19).
577 3958 595 3982 ι
653 3934 839 3992 Sancti
886 3951 1016 3991 vero
1045 3934 1140 4007 qui
1171 3934 1370 3991 nolunt
1398 3932 1732 3991 conformari
1776 3933 1908 3990 huic
1936 3952 2030 3992 saa-

431 4022 578 4091 culo,
604 4022 750 4081 sicut
778 4023 914 4081 dicit
943 4024 1243 4097 Apostolus
1277 4023 1455 4096 (Rom.
1476 4040 1581 4093 xu,
1611 4022 1693 4096 2),
1723 4023 1817 4080 sed
1844 4023 2029 4080 refor-

430 4117 570 4174 mari
597 4118 656 4173 in
703 4118 949 4175 novitate
976 4136 1165 4176 sensus
1194 4117 1457 4191 spiritalis
1481 4135 1494 4174 :
1525 4118 1620 4192 qui
1648 4133 1759 4175 non
1789 4118 2030 4192 diligunt

429 4207 723 4276 mundum,
753 4226 931 4281 neque
959 4228 1020 4267 ea
1047 4228 1168 4285 quae
1198 4212 1256 4267 in
1288 4211 1497 4267 mundo
1526 4218 1657 4268 sunt
1686 4212 1745 4284 (Ι
1773 4212 1931 4267 Joan.
1962 4228 2026 4280 II,

432 4296 560 4368 15):
596 4298 692 4370 qui
720 4298 919 4354 nolunt
941 4316 1059 4355 esse
1081 4300 1245 4357 amici
1274 4301 1462 4357 steculi
1490 4300 1677 4372 hujus,
1708 4317 1777 4357 ne
1807 4301 2024 4357 inimici

426 4384 527 4443 Dei
554 4384 964 4442 constituantur
994 4387 1135 4457 (Jac.
1164 4404 1243 4455 1v,
1280 4387 1337 4459 4)
1375 4406 1386 4443 ;
1420 4388 1549 4443 odio
1576 4388 1781 4445 habent
1810 4388 2024 4445 animas

425 4493 552 4534 suas
580 4476 638 4532 in
677 4476 784 4534 hoc
817 4476 1046 4545 mundo,
1080 4477 1138 4533 id
1167 4485 1270 4545 est,
1300 4494 1412 4533 non
1441 4480 1684 4551 diligunt
1711 4496 1801 4536 eas
1830 4497 2020 4538 secun-
2056 4496 2075 4513 ’

424 4564 561 4623 dum
592 4567 878 4636 saeculum,
897 4567 989 4624 sed
1017 4567 1319 4624 secundum
1339 4569 1535 4636 Deum,
1558 4584 1658 4639 pro
1685 4568 1845 4641 cujus
1872 4586 2019 4626 amo-

2151 3326 2446 3384 admodum
2496 3336 2550 3384 et
2595 3328 2866 3384 Dominus
2911 3327 3048 3384 dicit
3105 3328 3163 3383 in
3207 3329 3522 3402 Evangelio
3558 3375 3576 3400 ,
3644 3348 3758 3388 cum

2151 3433 2207 3472 se
2237 3418 2535 3489 nonaginta
2565 3433 2763 3472 novem
2786 3432 2919 3472 oves
2948 3415 3007 3471 in
3037 3415 3254 3473 deserto
3284 3417 3438 3473 dixit
3456 3418 3757 3487 dimisisse,

2149 3513 2202 3561 et
2249 3523 2415 3562 unam
2466 3506 2666 3562 abiisse
2713 3522 2975 3580 quaerere,
3009 3522 3130 3578 quae
3156 3515 3441 3562 erraverat
3474 3508 3634 3580 (Luc.
3666 3526 3754 3577 xv,

2145 3593 2287 3667 4-7).
2320 3596 2471 3651 Hanc
2501 3595 2730 3668 patriam
2762 3596 2941 3650 locum
2972 3594 3235 3651 Ecclesiae
3260 3605 3451 3664 vocat,
3481 3597 3632 3654 sicut
3653 3598 3755 3671 ipse

2145 3684 2204 3740 in
2243 3683 2455 3757 judicio
2492 3684 2741 3741 dicturus
2782 3693 2898 3740 est:
2973 3708 2992 3731 ι
3020 3684 3239 3751 Venite,
3272 3684 3561 3742 benedicti
3587 3688 3755 3745 Patris

2143 3774 2272 3842 mei,
2319 3773 2585 3845 percipite
2628 3788 2855 3845 regnum
2899 3771 3043 3845 quod
3085 3771 3248 3828 vobis
3289 3783 3548 3845 paratum
3579 3775 3747 3831 estab

2142 3862 2355 3934 origine
2383 3862 2577 3919 mundi
2601 3864 2814 3934 (Matth.
2846 3879 2984 3931 xxv,
3016 3861 3131 3933 34).
3173 3886 3193 3911 ι
3237 3861 3345 3918 Per
3371 3870 3601 3936 tempus
3626 3880 3746 3920 vero

2139 3959 2195 4007 et
2237 3959 2510 4024 tempora,
2559 3959 2614 4007 et
2641 3950 2935 4008 dimidium
2976 3950 3262 4023 temporis,
3294 3958 3524 4024 tempus
3573 3970 3606 4010 a
3638 3970 3743 4026 pas-

2139 4042 2293 4099 sione
2336 4041 2551 4100 Christi
2582 4059 2753 4115 usque
2781 4041 2850 4098 ad
2877 4041 3045 4098 ﬁnem
3077 4041 3276 4097 mundi
3299 4041 3649 4115 designatur.
3678 4044 3735 4099 In

2138 4131 2246 4188 hoc
2272 4147 2401 4205 ergo
2428 4132 2605 4205 spatio
2635 4141 2944 4205 temporum
2969 4130 3169 4188 animae
3186 4138 3532 4201 sanctorum,
3556 4132 3615 4189 id
3642 4140 3734 4199 est,

2135 4225 2403 4296 Ecclesia,
2457 4226 2690 4299 dapibus
2734 4226 2919 4301 glorias
2948 4225 3189 4284 caelestis
3218 4227 3415 4299 patriae
3446 4226 3511 4285 in
3534 4224 3735 4285 ccelesti

2134 4314 2475 4373 beatitudine
2504 4326 2822 4389 pascuntur.

2207 4413 2515 4486 (Vers.i5.)
2532 4413 2606 4470 Et
2620 4415 2769 4471 misit
2794 4431 3005 4487 serpens
3022 4430 3090 4470 ea:
3100 4432 3192 4470 ore
3209 4431 3307 4470 suo
3326 4420 3453 4487 post
3465 4414 3732 4471 mulierem

2131 4518 2333 4573 aquam
2364 4509 2618 4575 tanquam
2634 4507 2848 4574 ﬂumen,
2875 4510 2936 4559 ut
2949 4521 3064 4559 eam
3089 4502 3490 4575 facerettrahia
3520 4505 3732 4576 ﬂumine

2048 4609 2096 4668 D
2129 4591 2359 4648 Flumen
2391 4609 2544 4666 aquai
2577 4593 2848 4649 desideria
2871 4603 3001 4650 sunt
3022 4593 3287 4661 carnalia;
3310 4594 3511 4649 videns
3534 4582 3727 4667 quippe

422 4670 484 4755 τέ
509 4656 831 4755 “ausum”?
869 4664 1070 4755 9‘3"?”
1104 4663 1499 4755 ,(ξοθῖθξῙῘ-ηηηίθ
1547 4665 1611 4713 πη
1757 4657 1817 4712 in
1845 4658 2017 4755 Vim"?
2048 4656 2093 4668 Π
2128 4680 2382 4738 diabolus
2402 4656 2703 4738 Eocclesiam
2724 4699 2835 4738 non
2857 4699 3013 4754 posse
3033 4682 3198 4754 dejici
3227 4656 3725 4755 persecutionibus,

421 4753 679 4802 mternam
710 4744 1047 4802 custodiant.
1102 4747 1224 4803 Non
1270 4746 1588 4804 dilexerunt
1634 4746 1803 4819 igitur
1843 4748 2017 4803 sancti

420 4832 633 4891 animas
663 4851 789 4891 suas
815 4851 989 4908 usque
1016 4834 1084 4892 ad
1113 4844 1368 4905 mortem,
1408 4836 1502 4910 qui
1541 4853 1632 4893 eas
1674 4836 1731 4892 in
1761 4829 2016 4909 praesenti

419 4924 537 4980 vita
564 4940 783 4982 servare
810 4927 1128 4996 noluerunt,
1182 4935 1244 4982 ut
1272 4927 1554 4985 Christum
1587 4937 1846 5001 negarent
1874 4946 1885 4984 :
1919 4928 2012 4986 sed

418 5027 518 5086 pro
540 5013 751 5071 Christi
780 5016 1006 5072 nomine
1035 5016 1178 5073 mori
1208 5018 1392 5088 potius
1418 5018 1718 5090 elegerunt,
1750 5026 1813 5074 ut
1836 5034 1924 5075 eas
1952 5019 2012 5074 in

416 5105 587 5162 vitam
618 5115 875 5164 eternam
918 5109 1253 5167 invenirent.

487 5204 671 5278 (Vers.
711 5205 826 5278 12.)
870 5208 1163 5279 Propterea
1198 5210 1473 5278 laetamini,
1504 5210 1638 5278 caeli,
1668 5216 1716 5264 et
1741 5210 1835 5280 qui
1862 5210 2006 5266 habi-

412 5295 537 5351 tatis
563 5296 622 5350 in
649 5297 744 5352 eis.
773 5298 1069 5353 Possumus
1094 5314 1190 5370 per
1238 5299 1403 5354 caelos
1431 5307 1485 5355 et
1516 5299 1849 5357 habitatores
1884 5316 2006 5355 cm-

411 5385 594 5441 lorum
643 5385 891 5442 diversas
938 5386 1213 5442 Ecclesias
1241 5386 1566 5459 intelligere,
1614 5404 1736 5460 quae
1763 5402 1873 5442 una
1898 5396 1999 5444 est.

2127 4770 2220 4827 sed
2251 4773 2437 4844 potius
2464 4788 2705 4828 crescere
2747 4780 2800 4828 et
2829 4771 3096 4837 roborari,
3130 4771 3557 4828 multitudinem
3591 4772 3726 4829 desi-

2125 4859 2402 4916 deriorum
2433 4861 2737 4917 carnalium
2767 4861 2819 4919 ei
2849 4861 3149 4917 immittere
3177 4860 3379 4928 voluit,
3416 4861 3627 4934 quibus
3640 4861 3723 4917 de-

2121 4957 2297 5023 cepta,
2331 4950 2398 5006 ad
2429 4952 2571 5006 mala
2598 4967 2762 5023 opera
2798 4952 3004 5025 agenda
3040 4950 3435 5009 retraheretur.

2193 5038 2375 5111 (Vers.
2434 5039 2546 5111 16.)
2597 5043 2671 5096 Et
2700 5040 2909 5110 adjuvit
2936 5048 3081 5096 terra
3103 5040 3403 5108 mulierem,
3435 5046 3487 5094 et
3512 5039 3721 5111 aperuit

2117 5142 2177 5182 os
2230 5143 2404 5192 suum,
2466 5132 2514 5181 et
2545 5130 2770 5201 suscepit
2811 5132 3025 5201 flumen,
3055 5129 3196 5200 quod
3223 5128 3373 5183 misit
3398 5144 3615 5199 serpens
3656 5144 3718 5181 at

2115 5231 2206 5271 ore
2234 5232 2348 5271 suo.
2404 5216 2700 5274 Possumus
2738 5235 2834 5290 per
2861 5226 3060 5274 terram
3082 5216 3353 5290 reprobos
3382 5216 3712 5288 intelligere,

2114 5305 2209 5377 qui
2266 5313 2607 5378 susceptores
2644 5307 2871 5363 fuerunt
2921 5307 3321 5364 desideriorum
3381 5307 3709 5372 carnalium.

2110 5392 2314 5466 quibus
2344 5394 2598 5452 diabolus
2627 5397 2816 5454 ﬁdeles
2864 5397 3079 5454 irretire
3119 5397 3301 5452 voluit
3328 5404 3386 5452 et
3408 5394 3483 5452 ad
3510 5412 3569 5451 se
3598 5411 3708 5467 per-

410 5472 743 5547 Praecipitur
791 5474 965 5547 igitur
1015 5473 1149 5531 ﬁliis
1202 5475 1461 5532 Ecclesiae
1509 5484 1572 5533 ut
1618 5476 1893 5545 laetentur,
1935 5492 2001 5532 eo
2107 5482 2345 5542 trahere.
2381 5484 2679 5543 Possumus
2717 5486 2883 5544 etiam
2910 5503 3008 5560 per
3030 5484 3278 5543 eamdem
3304 5491 3515 5541 terram
3554 5482 3706 5542 Chri-

483 5612 603 5685 (17)
635 5610 877 5685 Aberant
903 5612 970 5668 ab
1000 5612 1157 5683 edit.,
1191 5631 1307 5669 cum
1327 5615 1462 5671 enim
1491 5616 1546 5672 in
1575 5618 1669 5672 hoc
1698 5613 1891 5672 mundo
1920 5614 1997 5670 di-

2180 5619 2296 5693 (18)
2345 5620 2520 5697 Edit.,
2560 5623 2649 5678 sed
2688 5639 2887 5697 semper
2924 5622 3198 5682 luxuriose
3215 5621 3300 5680 hic
3324 5623 3547 5690 vivere;
3571 5638 3700 5681 mss.

407 5681 686 5759 citusque
729 5682 798 5737 ad
827 5689 1093 5739 amatores
1139 5681 1327 5759 mundi
1356 5703 1368 5741 :
1411 5702 1531 5759 qum
1569 5704 1671 5744 nos
1710 5704 1740 5744 e
1783 5686 1997 5743 cunctis
2103 5681 2235 5748 vero
2268 5681 2331 5750 ut
2360 5691 2421 5749 in
2449 5681 2730 5753 contextu.

405 5766 534 5811 mss.
567 5751 627 5808 in
656 5751 839 5809 locum
868 5768 1028 5810 suum
1055 5756 1419 5826 reposuimus.
