3902 6198
104 377 199 437 965

987 374 1445 436 BERENGAUDI
1481 374 1855 436 EXPOSITIO
1893 378 1966 436 IN
2002 378 2508 438 APOCALYPSIN.

3278 387 3395 444 966

106 515 241 563 stum
288 502 633 575 intelligam;
677 511 732 560 et
776 503 905 578 quia
946 505 1006 561 in
1059 505 1406 562 sermonibus
1458 504 1687 562 Domini
1734 507 1785 566 A
1809 505 2000 579 quitur
2027 504 2256 563 dicens:
2317 532 2334 554 ιι
2376 508 2514 565 Cum
2563 507 2884 567 immundus
2928 511 3157 584 spiritus
3204 514 3404 578 exierit

107 608 292 666 magna
333 600 571 664 potestas
616 600 733 649 est:
781 617 800 642 ι
846 594 1004 651 Dixit
1030 596 1199 665 enim,
1246 605 1301 653 et
1348 596 1489 653 facta
1535 603 1686 665 sunt,

106 681 379 741 mandavit
407 689 461 738 et
505 689 684 739 creata
724 693 852 739 sunt
883 683 1055 755 (Psal.
1098 702 1328 754 cxnvm,
1360 686 1453 757 5);
1481 710 1499 733 ι
1541 685 1689 741 haud

103 772 326 830 absurde
354 789 451 845 per
499 790 558 829 os
585 782 742 831 terrae
789 782 1026 847 potestas
1068 775 1185 848 ejus
1223 776 1460 849 intelligi
1491 785 1685 849 potest.

117 861 378 934 «Adiuvit
409 864 584 935 (ergo)
628 872 773 920 terra
813 865 1123 933 mulierem,
1155 892 1173 915 ι
1215 866 1272 922 id
1303 874 1404 934 est,
1437 867 1691 924 Christus

101 951 416 1021 Ecclesiam,
464 977 482 1001 ο
511 963 565 1009 et
611 954 825 1026 aperuit
869 971 930 1010 os
971 971 1152 1022 suum,
1194 964 1249 1011 et
1291 956 1529 1029 suscepit
1576 956 1689 1011 tiu-

98 1056 239 1109 men,
267 1039 415 1113 quod
455 1040 606 1097 misit
648 1059 868 1115 serpens
905 1060 976 1099 ex
1021 1060 1114 1100 ore
1142 1061 1278 1100 suo:
1310 1070 1329 1094 ›
1372 1044 1429 1100 id
1471 1052 1570 1113 est,
1602 1044 1688 1100 si-

99 1144 226 1184 num
258 1128 649 1187 misericordia;
678 1148 789 1187 sua:
808 1134 1042 1205 aperuit,
1075 1132 1391 1207 ﬂumenque
1421 1135 1688 1190 vitiorum

64 1216 329 1291 ‘potestas
354 1216 473 1287 ejus
505 1218 758 1276 funditus
785 1222 1077 1280 exstinxit.

166 1316 346 1389 (Vers.
398 1317 511 1388 17.)
560 1319 635 1374 Et
662 1319 834 1374 iratus
880 1326 952 1375 est
997 1322 1159 1377 draco
1201 1322 1260 1377 in
1298 1324 1593 1390 mulierem,
1644 1330 1692 1380 et

92 1407 221 1463 abiit
240 1410 495 1479 praelium
530 1409 705 1479 facere
732 1428 849 1466 cum
878 1412 1100 1483 reliquis
1125 1414 1188 1469 de
1216 1414 1404 1469 semine
1432 1414 1567 1485 ejus,
1597 1416 1690 1487 qui

92 1498 389 1553 custodiunt
415 1501 669 1555 mandata
710 1502 829 1571 Dei,
876 1511 925 1558 et
961 1503 1146 1558 habent
1194 1505 1543 1560 testimonium
1591 1507 1690 1561 Je-

88 1603 168 1644 su.
200 1587 423 1660 Reliqui
465 1589 532 1645 de
574 1591 783 1647 semine
815 1593 1076 1649 Ecclesiae
1127 1593 1284 1651 electi
1320 1602 1470 1663 sunt,
1504 1596 1598 1668 qui
1632 1596 1688 1651 in

89 1676 194 1733 ﬁne
242 1678 442 1734 mundi
485 1681 751 1737 nascituri
794 1690 942 1738 sunt.
992 1683 1464 1751 Quemadmodum
1506 1693 1685 1742 autem

87 1766 188 1823 hoc
218 1768 477 1840 praelium
508 1768 764 1828 diabolus
810 1780 1050 1845 peragat,
1091 1772 1148 1828 in
1179 1773 1535 1846 sequentibus
1562 1790 1690 1830 ma-

86 1853 405 1913 nifestatur.

154 1956 341 2029 (Vers.
380 1959 496 2032 18.)
528 1961 605 2016 Et
630 1962 772 2017 stetit
790 1978 949 2034 super
974 1979 1197 2019 arenam
1223 1963 1411 2019 maris.
1442 1964 1545 2020 Per
1570 1979 1686 2019 are-

82 2059 204 2100 nam
254 2047 432 2103 maris
476 2048 777 2106 multitudo
815 2051 1193 2124 reproborum,
1225 2053 1320 2127 qui
1350 2069 1413 2109 eo
1442 2062 1690 2126 tempore

84 2133 252 2191 futuri
293 2145 452 2207 sunt,
484 2136 824 2210 designatur.

147 2230 389 2289 CAPUT
420 2234 573 2290 XIII.
625 2264 694 2276 —
724 2236 905 2307 (Vers.
954 2238 1031 2310 1.)
1067 2240 1139 2294 Et
1172 2239 1282 2294 vidi
1318 2240 1380 2294 de
1418 2241 1567 2295 muri
1597 2242 1690 2296 be-

81 2321 230 2377 stiam
274 2323 660 2390 ascendentem,
714 2325 983 2381 habentem
1019 2328 1193 2398 capita
1239 2334 1431 2400 septem
1467 2336 1514 2383 et
1562 2346 1691 2384 cor-

79 2427 184 2467 nua
222 2412 428 2481 decem,
473 2418 523 2467 et
567 2429 725 2485 super
751 2430 953 2471 cornua
989 2415 1103 2485 ejus
1144 2416 1313 2472 decem
1367 2417 1686 2475 diademata.

81 2502 206 2559 Haec
250 2501 441 2558 bestia
488 2502 897 2559 Antichristum
937 2501 1247 2578 signiﬁcat:
1298 2507 1394 2580 qui
1424 2523 1555 2564 vero
1585 2507 1692 2564 de—

76 2592 374 2665 signantur
416 2605 515 2663 per
542 2607 785 2661 arenam,
837 2592 940 2665 ipsi
968 2602 1022 2649 et
1050 2610 1146 2666 per
1188 2613 1356 2663 mare,
1390 2596 1690 2653 multitudo

76 2679 291 2735 scilicet
324 2678 714 2751 reproborum.
748 2681 827 2736 De
857 2681 995 2737 mari
1026 2682 1199 2755 igitur
1227 2683 1404 2740 bestia
1432 2700 1689 2741 conscen-

74 2764 200 2824 dere
229 2768 362 2825 visa
389 2777 505 2837 est;
555 2768 685 2842 quia
713 2768 780 2825 de
822 2770 1081 2827 societate
1126 2771 1485 2843 reproborum
1516 2772 1691 2827 Anti-

78 2856 321 2915 christus
350 2866 637 2931 exsurget,
669 2876 788 2933 quae
820 2859 995 2917 bestia
1035 2861 1214 2934 capita
1240 2869 1446 2935 septem
1476 2870 1530 2919 et
1557 2880 1691 2919 cor—

72 2962 181 3004 nua
209 2948 415 3006 decem
465 2950 667 3008 habere
715 2950 1066 3009 describitur.
1108 2953 1378 3009 Similiter
1421 2961 1475 3009 et
1522 2953 1691 3010 draco

72 3040 328 3110 superius
378 3047 594 3111 septem
644 3040 822 3112 capita
875 3041 1131 3099 habuisse
1166 3042 1347 3100 dictus
1383 3051 1486 3113 est,
1535 3051 1588 3099 et
1631 3043 1689 3099 in

72 3128 353 3200 capitibus
405 3135 620 3201 septem
673 3129 1021 3188 diademata:
1065 3149 1160 3205 per
1205 3149 1326 3206 qua;
1370 3150 1561 3190 omnes
1607 3150 1687 3189 re-

1796 595 1864 651 ab
1892 595 2137 665 homine,
2181 596 2427 653 ambulat
2473 614 2568 669 per
2616 599 2734 655 loca
2778 599 2950 670 arida,
3003 618 3255 675 quarens
3297 621 3400 661 re-

1799 686 2005 760 quiem,
2035 696 2088 743 et
2113 704 2222 743 non
2252 687 2541 744 inveniens
2569 687 2708 745 dicit
2732 708 2743 746 :
2781 691 3042 748 Revertar
3071 693 3131 750 in
3159 692 3392 750 domum

1800 794 1996 846 meam,
2044 777 2189 833 unde
2217 779 2388 835 exivi.
2434 780 2504 835 Et
2533 796 2656 836 cum
2697 780 2931 850 venerit,
2964 782 3179 839 invenit
3218 784 3398 857 scopis

1798 867 2114 924 mundatam
2149 876 2201 924 et
2233 879 2501 925 ornatam.
2551 870 2623 925 Et
2660 877 2795 926 tunc
2839 869 3015 936 vadit,
3062 879 3117 927 et
3167 874 3401 931 assumit

1797 967 2003 1029 septem
2045 957 2182 1012 alios
2223 958 2450 1029 spiritus
2492 975 2675 1015 secum
2718 960 3008 1032 nequiores
3066 976 3144 1029 se,
3192 968 3248 1017 et
3300 962 3399 1017 in-

1796 1056 2003 1103 trantes
2033 1047 2284 1103 habitant
2306 1048 2382 1103 ibi
2406 1049 2618 1120 (Matth.
2647 1066 2748 1118 xu,
2774 1049 2984 1122 43-45).
3016 1076 3035 1099 ι
3070 1051 3398 1108 Immundas

1798 1137 2024 1209 spiritus
2046 1136 2224 1193 exivit
2251 1138 2320 1193 ab
2352 1136 2599 1207 homine,
2633 1138 2851 1211 quando
2883 1139 3138 1196 diabolus
3167 1141 3344 1197 exivit
3369 1158 3402 1198 a

1798 1227 2023 1294 Judzeis,
2055 1245 2181 1285 cum
2214 1229 2387 1301 legem
2422 1238 2773 1301 acceperunt.
2808 1229 3129 1288 Ambulavit
3160 1249 3255 1305 per
3282 1233 3402 1289 loca

1799 1318 1970 1387 arida,
2019 1318 2075 1374 id
2125 1328 2225 1388 est,
2285 1335 2382 1391 per
2441 1320 2688 1392 gentium
2731 1320 3002 1389 nationes,
3057 1339 3178 1396 quae
3231 1323 3400 1379 arida;

1799 1419 1988 1477 erant;
2040 1410 2171 1483 quia
2229 1410 2566 1468 viriditatem
2606 1411 2735 1467 fidei
2779 1428 2890 1468 non
2930 1411 3223 1469 habebant.
3276 1413 3399 1470 Non

1800 1498 2013 1555 invenit
2044 1499 2121 1556 ibi
2151 1500 2417 1573 requiem,
2442 1500 2571 1574 quia
2599 1500 2856 1557 veniente
2884 1501 3104 1559 Christo
3127 1503 3183 1559 in
3210 1519 3395 1572 carne,

1800 1596 1987 1659 gentes
2012 1606 2145 1661 quas
2174 1588 2271 1645 diu
2299 1597 2571 1660 tenuerat,
2623 1592 2826 1647 amisit.
2867 1591 3050 1648 Rediit
3077 1591 3137 1648 in
3165 1592 3396 1649 domum

1798 1692 1975 1745 suam,
2024 1676 2171 1733 unde
2227 1678 2440 1747 exivit;
2493 1679 2622 1752 quia
2667 1681 2735 1735 ad
2781 1679 2998 1738 Judaeos
3039 1681 3399 1753 possidendos

1797 1779 2048 1820 reversus
2078 1773 2179 1834 est,
2223 1782 2289 1821 eo
2332 1769 2479 1839 quod
2525 1769 2583 1824 in
2627 1768 2910 1825 Christum
2943 1770 3164 1825 credere
3192 1771 3398 1826 nolue—

1715 1862 1762 1922 B
1801 1852 1935 1908 rint.
1986 1855 2204 1911 Invenit
2260 1856 2487 1913 domum
2549 1858 2863 1914 Judaeorum
2915 1870 3222 1929 vacantem,
3269 1860 3400 1934 quia

1800 1941 2085 2000 Christum
2147 1943 2419 2018 hospitem
2476 1964 2589 2004 non
2642 1949 2941 2006 habebant.
3029 1950 3397 2018 Quzerendum

1798 2048 1929 2089 vero
1956 2032 2114 2089 nobis
2144 2042 2244 2103 est,
2276 2053 2376 2092 cur
2405 2053 2496 2093 eas
2525 2046 2735 2095 mentes
2765 2055 2885 2113 quae
2917 2042 3095 2096 Deum
3125 2039 3394 2098 habitato-

1798 2138 1913 2178 rem
1952 2139 2064 2180 non
2104 2124 2398 2194 habebant,
2455 2127 2746 2185 mundatas
2798 2136 2854 2186 et
2898 2138 3119 2188 ornatas
3165 2130 3393 2187 dixerit.

1798 2217 1943 2274 550
1989 2212 2095 2268 Sed
2125 2214 2401 2270 mandatae
2428 2224 2582 2273 erant
2606 2216 2850 2288 diabolo,
2905 2234 3019 2276 non
3046 2221 3193 2289 Deo;
3249 2218 3399 2294 quod

1799 2309 1947 2365 enim
1973 2311 2243 2367 mundum
2265 2320 2347 2371 est
2375 2313 2433 2368 in
2462 2324 2761 2388 conspectu
2789 2317 2911 2386 Dei,
2942 2316 3294 2374 immundum
3315 2317 3396 2374 vi-

1798 2399 1961 2457 detur
1991 2400 2211 2458 diabolo
2235 2420 2246 2457 :
2295 2410 2350 2460 et
2377 2404 2526 2477 quod
2550 2405 2900 2463 immundum
2928 2416 3011 2464 est
3034 2409 3168 2477 Deo,
3224 2423 3399 2464 mun-

1799 2487 1933 2545 dum
1960 2496 2042 2545 est
2067 2489 2309 2547 diabolo.
2360 2493 2496 2547 Nam
2526 2493 2669 2549 sicut
2698 2495 2969 2551 scaraban
2998 2496 3263 2552 mundius
3300 2496 3399 2551 vi-

1798 2579 1960 2636 detur
1987 2587 2196 2637 stercus
2223 2580 2523 2652 cujuslibet
2548 2583 2850 2639 animantis
2889 2583 3031 2655 (2i),
3082 2600 3247 2657 quam
3276 2585 3395 2657 qui-

1800 2668 1937 2725 libet
1975 2670 2132 2726 cibus
2162 2670 2403 2727 mundus
2431 2679 2595 2743 atque
2622 2670 2999 2738 delectabilis;
3054 2672 3133 2729 ita
3173 2680 3228 2728 et
3280 2672 3395 2729 dia-

1798 2758 1959 2815 bolus
1987 2759 2111 2831 plus
2139 2759 2324 2831 diligit
2350 2776 2413 2816 ea
2440 2760 2627 2829 corda,
2649 2777 2770 2833 quas
2801 2761 3059 2818 omnibus
3087 2761 3242 2818 vitiis
3265 2769 3396 2818 sunt

1800 2849 2021 2921 repleta,
2066 2866 2229 2922 quam
2278 2866 2339 2906 ea
2385 2866 2506 2923 qua)
2550 2851 2766 2907 cunctis
2808 2850 3111 2908 virtutibus
3158 2852 3391 2924 pollent.

1799 2939 1984 3012 Scopae
2011 2950 2195 2997 autem
2223 2950 2371 3008 sunt,
2391 2957 2511 3014 quae
2541 2941 2765 2997 domum
2797 2957 2829 2997 a
2857 2942 3174 3016 quisquiliis
3202 2959 3394 2999 emun-

1799 3033 1953 3089 dant.
2006 3033 2181 3089 Habet
2210 3034 2381 3106 igitur
2413 3036 2559 3090 Deus
2593 3050 2782 3106 scopas
2815 3051 2963 3106 suas,
3003 3033 3170 3091 habet
3196 3045 3252 3092 et
3278 3035 3394 3093 dia-

1798 3122 1997 3180 bolus:
2040 3139 2216 3195 scopa:
2260 3124 2359 3179 Dei
2408 3132 2558 3192 sunt,
2590 3140 2711 3197 quae
2762 3124 2989 3181 domum
3036 3123 3155 3197 ejus
3200 3142 3394 3183 emun-

74 3215 296 3287 probos,
332 3217 551 3290 quibus
579 3217 830 3275 diabolus
857 3219 928 3275 ad
956 3220 1343 3292 decipiendum
1374 3237 1545 3293 genus
1574 3220 1691 3276 hu—
1720 3221 1763 3282 ο
1799 3212 1953 3281 dant,
2009 3224 2072 3270 ut
2112 3215 2169 3269 in
2198 3230 2261 3269 ea
2290 3214 2403 3286 ipse
2446 3214 2692 3270 habitare
2720 3214 2913 3286 possit,
2958 3215 3218 3272 videlicet
3262 3233 3390 3273 con-

69 3322 296 3363 manum
342 3326 489 3365 usus
541 3319 641 3379 est,
691 3310 937 3367 diximus
984 3312 1152 3368 fuisse
1200 3313 1529 3385 designatos.
1564 3314 1691 3370 Hzec

67 3403 249 3452 autem
277 3397 467 3453 bestia
511 3414 622 3454 non
647 3400 704 3454 in
737 3399 1031 3472 capitibus,
1063 3401 1158 3456 sed
1187 3400 1245 3455 in
1277 3402 1463 3458 decem
1495 3402 1690 3458 corni-

65 3482 168 3541 bus
190 3484 390 3543 decem
425 3486 746 3543 diademata
771 3488 1030 3545 habuisse
1057 3489 1423 3558 describitur;
1459 3490 1690 3563 ideoque

64 3590 161 3646 per
218 3575 424 3633 decem
477 3592 689 3633 cornua
741 3588 926 3649 gentes
973 3594 1107 3651 quas
1149 3579 1255 3634 sibi
1312 3579 1689 3636 Antichristus

62 3663 479 3738 subjugaturus
529 3674 629 3733 est,
661 3665 1049 3738 designantur:
1092 3676 1299 3741 septem
1342 3684 1473 3725 vero
1510 3669 1690 3742 capita

61 3762 271 3826 septem
302 3757 455 3812 vitia
506 3755 833 3829 principalia
868 3757 1175 3830 designant.
1218 3759 1290 3814 Et
1318 3767 1381 3814 ut
1408 3761 1689 3832 sequentia

62 3844 264 3900 melius
294 3845 710 3917 intelligamus,
751 3847 957 3918 placuit
1003 3847 1143 3902 mihi
1175 3846 1231 3903 in
1278 3850 1689 3905 enumeratione

63 3930 335 3989 vitiorum
388 3932 773 3990 Prudentium
811 3934 965 4008 sequi
1000 3934 1139 4007 (19),
1183 3934 1278 4009 qui
1328 3937 1396 3993 de
1424 3936 1690 3993 conﬂictu

60 4020 335 4079 vitiorum
358 4032 542 4097 atque
578 4022 852 4080 virtutum
885 4025 1097 4097 egregie
1126 4026 1377 4081 versibus
1405 4025 1688 4083 disseruit.

57 4109 312 4167 Primum
345 4128 605 4185 namque
632 4113 833 4169 vitium
873 4117 1057 4186 posuit
1085 4116 1358 4173 culturam
1388 4114 1685 4185 idolorum,

58 4200 376 4257 secundum
425 4199 749 4270 libidinem,
808 4203 1034 4259 tertium
1080 4203 1241 4272 iram,
1291 4213 1547 4277 quartum
1595 4220 1687 4259 su-

58 4291 337 4362 perbiam,
376 4293 653 4367 quintum
702 4294 1005 4350 luxuriam.
1039 4296 1304 4364 Quamvis
1334 4296 1482 4352 enim
1511 4296 1688 4353 libido

58 4378 135 4435 ita
192 4384 417 4439 inserta
476 4382 556 4438 sit
603 4384 862 4453 luxuriae,
909 4382 1053 4441 sicut
1098 4385 1323 4458 aliquod
1379 4384 1687 4441 membrum

55 4472 322 4543 corpori:
384 4489 497 4545 pro
527 4488 637 4545 qua
673 4490 730 4529 re
774 4473 893 4546 (20)
943 4491 974 4531 a
1012 4474 1268 4531 Patribus
1307 4490 1406 4546 pro
1453 4472 1687 4530 libidine

1798 3304 1963 3363 fessio
2015 3313 2385 3375 peccatorum,
2436 3305 2780 3377 poenitentia,
2826 3305 3104 3377 lacrymae,
3156 3316 3211 3362 et
3253 3307 3390 3364 elec-

1798 3410 2076 3466 mosynm:
2118 3409 2295 3465 scopze
2324 3392 2533 3449 diaboli
2563 3402 2710 3461 sunt,
2762 3408 2883 3466 quae
2929 3394 3232 3451 secundum
3261 3412 3389 3453 eum

1797 3482 2023 3538 domum
2054 3482 2230 3554 ipsius
2262 3490 2536 3549 evertunt,
2586 3482 2799 3538 scilicet
2829 3498 2984 3538 amor
3012 3485 3224 3551 saeculi,
3255 3485 3390 3542 levi-

1767 3579 1880 3627 ~tas
1909 3571 2129 3641 mentis,
2180 3580 2527 3644 contemptus
2554 3569 2936 3627 mandatorum
2966 3573 3089 3641 Dei,
3129 3582 3183 3630 et
3213 3575 3394 3632 multa

1798 3661 1923 3717 alia.
1954 3662 2169 3733 Septem
2206 3678 2336 3718 vero
2370 3662 2618 3733 spiritus,
2654 3678 2789 3734 quos
2816 3660 3071 3718 diabolus
3099 3678 3283 3720 secum
3314 3681 3395 3721 as-

1797 3751 2050 3822 sumpsit,
2106 3758 2314 3824 septem
2357 3758 2488 3807 sunt
2534 3751 2672 3808 vitia
2718 3750 3081 3823 principalia:
3132 3769 3259 3809 cum
3325 3754 3398 3811 iis

1797 3856 1925 3912 ergo
1981 3849 2188 3913 septem
2249 3840 2579 3898 satellitibus
2632 3840 2889 3896 diabolus
2946 3840 3166 3897 Iudaeos
3220 3857 3397 3915 usque

1798 3929 1962 3985 modo
1992 3930 2250 4001 possidet.
2308 3929 2413 3985 Sed
2452 3928 2623 4001 quaeri
2646 3936 2845 4001 potest,
2890 3945 2990 3984 cur
3018 3929 3138 3986 haec
3179 3937 3390 4002 septem

1798 4021 1937 4077 vitia
1993 4020 2318 4093 principalia
2366 4020 2589 4076 diabolo
2636 4036 2754 4077 esse
2799 4020 3074 4077 deteriora
3114 4021 3392 4082 dicantur.

1797 4111 2041 4169 Verbum
2072 4110 2233 4167 nobis
2260 4109 2532 4166 deteriora
2559 4117 2689 4165 sunt
2716 4110 2876 4176 vitia,
2905 4127 3068 4184 quam
3093 4111 3391 4172 daemones:

1798 4204 1927 4275 quia
1954 4200 2040 4256 illi
2064 4200 2199 4256 foris
2225 4215 2327 4255 nos
2356 4198 2700 4271 impugnant,
2742 4199 2881 4256 vitia
2914 4209 3098 4258 autem
3127 4202 3389 4260 intrinse-

1796 4307 1895 4348 cus
1921 4307 2020 4347 nos
2059 4288 2273 4346 assidue
2302 4288 2600 4345 debellant.
2657 4288 2797 4345 Nam
2839 4289 2983 4347 sicut
3028 4291 3208 4348 levius
3253 4293 3392 4350 tole-

1796 4388 1989 4437 rantur
2016 4380 2218 4448 hostes,
2274 4381 2369 4453 qui
2410 4379 2756 4437 extrinsecus
2805 4380 2998 4438 urbem
3049 4392 3392 4456 oppugnant,

1796 4488 1861 4528 eo
1888 4470 2036 4544 quod
2061 4486 2248 4528 muros
2280 4470 2517 4527 habeant
2547 4470 2808 4544 objectos,
2840 4461 3023 4545 quam
3076 4473 3118 4527 ii
3160 4473 3259 4546 qui
3305 4473 3390 4530 in-

55 4575 199 4633 saepe
226 4562 474 4619 luxuria
510 4562 854 4634 ponebatur;
888 4573 1073 4620 tamen
1114 4564 1261 4620 inter
1292 4564 1581 4620 libidinem
1632 4573 1689 4622 et
1716 4583 1764 4640 Ι)
1793 4563 2065 4618 trinsecus
2105 4561 2269 4633 positi
2310 4560 2426 4633 jam
2472 4561 2755 4617 civitatem
2810 4561 3258 4634 depopulantur:
3316 4561 3395 4617 ita

55 4647 350 4709 luxuriam
392 4651 672 4709 distantia
717 4661 818 4709 est.
864 4653 1093 4726 Sextum
1148 4655 1332 4725 posuit
1373 4655 1681 4723 avaritiam,

52 4740 366 4810 septimum
417 4741 830 4813 blasphemiam
880 4741 996 4798 sive
1037 4741 1392 4799 discordiam.
1446 4744 1519 4799 Et
1559 4745 1689 4817 quia

52 4842 145 4885 eos
181 4831 283 4904 qui
317 4831 397 4887 iis
428 4830 597 4886 vitiis
636 4830 843 4887 subditi
877 4838 1061 4899 erunt,
1105 4833 1266 4889 facile
1308 4833 1689 4891 Antichristus

48 4915 298 4991 decipiet
348 4921 588 4993 sibique
629 4921 880 4990 sociabit,
926 4928 1071 4979 recte
1117 4939 1213 4994 per
1254 4930 1462 4995 septem
1510 4924 1690 4995 capita

46 5015 264 5080 septem
298 5010 457 5065 vitia
485 5007 868 5081 designantur.

116 5109 199 5165 De
240 5108 318 5166 iis
373 5118 603 5182 septem
634 5108 788 5166 vitiis
830 5110 1101 5166 Dominus
1145 5109 1205 5167 in
1250 5111 1555 5184 Evangelio
1596 5113 1689 5169 lo-

116 5310 242 5380 (19)
292 5309 527 5383 Omnes
564 5307 730 5383 _edit.,
758 5308 1103 5381 prudentium
1140 5311 1285 5381 sequi
1310 5312 1545 5383 vestigia,
1596 5313 1690 5383 qui

40 5378 413 5454 de'conﬂictu
462 5378 730 5454 pitiorum
758 5378 947 5452 _atque
996 5378 1253 5454 virtutum
1300 5378 1494 5454 egregie
1530 5378 1688 5439 disse-

38 5451 299 5508 ruerunt.
355 5451 634 5508 Primum
671 5451 894 5525 namque
939 5453 1121 5508 citium
1169 5451 1478 5525 posuerunt,
1532 5463 1683 5512 etc.:

37 5538 238 5579 omnes
291 5538 439 5579 mss.
496 5536 531 5575 e
591 5524 867 5579 contrario
900 5524 1187 5581 nobiscum
1237 5526 1489 5582 faciunt:
1542 5526 1688 5582 unde

35 5596 423 5669 cognoscitur
444 5590 627 5669 _illius
650 5610 687 5669 _a
711 5610 821 5669 quo
848 5604 1101 5651 exaratus
1132 5597 1309 5653 fuerat
1354 5598 1448 5669 ille
1487 5598 1684 5667 codex,

33 5665 207 5740 quem
254 5665 692 5742 Dunelmensis
733 5665 1024 5742 episcopus
1070 5669 1238 5739 praelo
1285 5668 1538 5742 subjecit,
1596 5665 1685 5726 vel

33 5736 221 5796 crassa
252 5736 633 5811 ignorantia,
671 5737 760 5793 vel
773 5736 979 5808 ’putida
1008 5736 1329 5811 iuipostura.

1796 4652 2013 4708 facilius
2056 4652 2363 4707 tolerantur
2404 4649 2701 4715 daemones,
2746 4649 2842 4722 qui
2884 4649 3148 4717 exterius,
3207 4664 3376 4722 quam

1794 4741 1933 4798 vitia
1960 4758 2080 4813 quae
2112 4742 2261 4796 intus
2289 4755 2390 4794 nos
2418 4738 2791 4794 indesinenter
2818 4737 3124 4794 devastant.
3182 4739 3259 4793 Et
3288 4753 3395 4792 su-

1792 4851 1889 4905 per
1942 4833 2117 4903 capita
2170 4832 2283 4901 ejus
2335 4832 2552 4886 nomina
2602 4827 2956 4900 blasphemia.
3037 4829 3391 4902 Blasphemia

1796 4926 2123 4984 Antichristi
2152 4930 2311 4999 plura
2338 4926 2562 4980 nomina
2588 4924 2813 4982 habebit
2837 4942 2848 4981 :
2883 4925 3012 4998 quia
3042 4925 3238 4982 multis
3266 4924 3380 4985 mo-

1797 5019 1885 5075 dis
1911 5018 2195 5076 Christum
2227 5014 2652 5087 hlasphemavit.

1871 5108 2052 5181 (Vers.
2083 5106 2165 5178 2.)
2196 5107 2270 5162 Et
2297 5105 2457 5161 bestia
2486 5122 2643 5177 quam
2670 5105 2804 5174 vidi,
2831 5105 3026 5163 similis
3052 5112 3172 5163 erat
3184 5108 3389 5179 pardo.

1870 5311 1988 5384 (20)
2028 5308 2230 5367 Eadem
2255 5309 2413 5384 edit,
2432 5322 2533 5384 pro
2557 5324 2664 5380 qua
2691 5324 2750 5364 re
2778 5326 2809 5365 a
2836 5307 3127 5381 pluribus;
3152 5324 3282 5364 mss.
3301 5324 3391 5365 ve-

1797 5381 2018 5461 ro,'Ap_ro
2040 5401 2157 5461 qua
2186 5400 2243 5461 re
2272 5401 2308 5436 α
2337 5381 2611 5437 Patribus.
2769 5453 2779 5461 .
2858 5459 2864 5461 _
3044 5452 3080 5461 η
3220 5451 3230 5461 ⁹

1873 5451 1988 5526 (2i)
2029 5451 2163 5532 Gill:
2193 5454 2252 5509 in
2281 5470 2530 5532 corpore,
2576 5470 2703 5532 nam
2733 5453 2867 5532 sicut
2892 5452 3144 5508 mundius
3177 5451 3391 5532 videtur

1798 5523 1992 5601 stercus
2016 5526 2225 5601 cuilibet
2253 5523 2547 5601 animanti;
2599 5525 2656 5579 in
2697 5523 3220 5601 margine_au_tem...
3255 5523 3392 5601 q.ui-_

1799 5597 2040 5668 busdam,
2079 5595 2709 5668 animantibusﬁgquam
2767 5593 3204 5668 emendationem
3261 5593 3393 5646 licet

1797 5667 2196 5726 ineptissimam
2228 5668 2386 5724 Rom.
2434 5665 2579 5721 edit.—
2620 5665 2903 5722 transtulit
2946 5665 3005 5719 in
3041 5667 3385 5721 contextum.

1800 5736 1911 5794 Sed
1935 5754 2120 5793 veram
2148 5736 2441 5794 lectionem
2472 5736 2803 5793 exhibemus
2830 5751 2860 5791 e
2891 5750 3021 5791 mss.
