3902 6198
473 371 577 433 967

471 505 522 556 et
539 496 694 570 pedes
741 493 855 564 ejus
896 492 1032 548 sicut
1079 490 1235 563 pedes
1285 488 1421 557 ursi,
1471 490 1520 540 et
1560 501 1617 539 os
1673 482 1785 552 ejus
1825 481 1961 537 sicut
2002 497 2059 536 os
2091 483 2140 542 Α

477 587 642 646 leonis
669 591 802 642 erat.
851 583 954 640 Per
981 581 1233 655 pardum,
1292 578 1387 651 qui
1426 577 1601 633 fertur
1626 573 1873 630 diversos
1914 572 2065 629 colo-

475 695 563 737 res
592 676 809 744 habere,
865 670 1183 746 hypocrisis
1210 665 1551 726 Antichristi
1576 664 1924 738 designatur:
1972 660 2068 734 qui

476 785 602 827 cum
637 768 861 824 futurus
884 763 956 820 sit
977 762 1144 818 homo
1165 759 1558 834 nequissimus,
1578 755 1747 810 variis
1767 751 2070 808 virtutibus

477 875 534 914 se
559 854 919 921 decolorabit,
970 861 1031 909 ut
1059 850 1279 908 facilius
1308 849 1505 906 stultos
1533 859 1777 919 quosque
1810 839 2066 913 decipiat.

477 948 581 1006 Per
610 961 796 1002 ursum
828 959 980 1011 vero,
1020 941 1113 1014 qui
1145 937 1562 998 callidissimum
1590 942 1670 990 est
1700 932 1926 999 animal,
1955 929 2073 1002 ejus

478 1035 682 1095 astutia
709 1034 777 1091 ad
808 1033 1163 1106 decipiendos
1189 1029 1442 1087 homines
1471 1023 1834 1083 demonstrari
1873 1028 2069 1093 potest.
2106 1085 2110 1089 ι

477 1125 581 1185 Per
611 1127 823 1182 leonem
869 1121 1238 1180 nihilominus
1279 1118 1397 1191 ejus
1427 1116 1722 1174 crudelitas
1768 1112 1835 1168 ad
1877 1111 2074 1167 dilace-

481 1215 714 1274 randum
770 1213 1034 1287 populum
1090 1211 1189 1269 Dei
1253 1209 1589 1281 designatur.
1667 1207 1740 1262 Et
1798 1203 1939 1260 dedit
1989 1200 2076 1256 illi

480 1307 644 1364 draco
676 1305 920 1360 virtutem
949 1318 1121 1371 sitam,
1171 1307 1218 1356 et
1243 1305 1546 1373 potestatem
1570 1311 1836 1367 magnam.
1888 1292 2073 1348 Virtu-

481 1405 592 1455 tem
627 1412 780 1453 suam
808 1394 1082 1461 diabolus,
1113 1408 1233 1466 quas
1262 1398 1376 1447 tota
1405 1389 1547 1444 mala
1579 1393 1681 1455 est,
1728 1381 2075 1441 Antichristo

482 1487 676 1553 dabit;
725 1485 855 1559 quia
884 1484 942 1540 in
973 1483 1073 1540 illo
1099 1479 1393 1549 habitabit,
1441 1488 1496 1536 et
1526 1495 1620 1552 per
1647 1493 1774 1534 eum
1804 1472 2076 1548 quidquid

484 1576 736 1652 nequitia
811 1574 1019 1632 diaboli
1092 1573 1404 1646 excogitare
1467 1577 1665 1644 potest,
1740 1565 2072 1640 operabitur.

487 1666 594 1725 Sed
625 1683 749 1724 curn
779 1665 1063 1738 Scriptura
1095 1664 1279 1721 dicat:
1346 1687 1364 1712 ι
1397 1661 1519 1718 Νοιι
1569 1666 1652 1716 est
1692 1663 1928 1730 potestas
1970 1653 2076 1710 nisi

486 1773 519 1814 a
546 1759 660 1814 Deo
692 1757 868 1824 (Rom.
901 1771 1028 1820 xm,
1064 1754 1140 1825 l),
1175 1777 1194 1802 ι
1249 1749 1525 1826 quomodo
1562 1747 1816 1804 diabolus
1845 1751 2076 1818 potesta-

1488 358 1586 416 AD
1627 356 1862 415 OPERA
1903 353 1961 412 S.
2003 347 2337 411 AMBROSII
2373 341 2750 404 APPENDIX.

3701 327 3795 386 968

2250 475 2431 545 (Vera.
2459 471 2539 543 5.)
2573 472 2647 527 Et
2682 468 2864 524 datum
2912 469 2985 520 est
3011 461 3099 518 illi
3139 475 3198 516 os
3245 459 3477 529 loquens
3522 469 3727 525 magna
3753 461 3790 508 et

2177 562 2543 636 blasphemias.
2584 563 2782 618 Datum
2829 563 2930 623 est,
2975 553 3032 610 id
3080 558 3180 618 est,
3239 547 3593 622 permissum
3643 552 3722 599 est
3763 562 3786 598 ε

2176 635 2309 722 Deo,
2358 660 2416 708 ut
2463 652 2718 723 loquatur
2765 660 2957 718 magna
3000 642 3066 698 de
3113 639 3443 710 semetipso,
3495 635 3700 690 dicens
3739 651 3784 689 se

2179 761 2293 800 esse
2343 742 2545 798 Filium
2594 737 2713 806 Dei,
2762 744 2814 792 et
2860 745 2922 791 ut
2972 735 3228 805 loquatur
3283 724 3680 798 blasphemias
3731 723 3781 779 de

2180 836 2311 890 Deo.
2357 834 2430 888 Et
2457 831 2580 885 data
2613 835 2685 883 est
2716 827 2800 882 illi
2833 829 3061 896 potestas
3090 820 3266 891 facere
3295 832 3509 872 menses
3545 814 3783 884 quadra-

2179 927 2325 998 ginta
2354 924 2504 978 duos.
2537 919 2771 976 DilIicile
2800 916 3041 981 videtur,
3087 919 3148 967 ut
3195 910 3254 965 in
3304 917 3423 963 tam
3456 902 3785 978 parvissima

2183 996 2444 1088 tempore,
2491 1011 2546 1067 id
2576 1017 2677 1078 est,
2717 1009 2774 1065 in
2805 1006 2982 1062 tribus
3013 1002 3171 1060 annis
3200 1009 3253 1057 et
3297 996 3572 1062 dimidio,
3608 1009 3788 1050 omnes

2184 1116 2368 1179 gentes
2410 1102 2514 1158 sibi
2559 1097 2848 1170 subjicere,
2893 1105 2946 1151 et
2993 1093 3061 1150 ad
3101 1108 3256 1148 suam
3292 1090 3586 1146 culturam
3633 1099 3789 1156 genus

2184 1174 2486 1251 humanum
2531 1198 2725 1264 printer
2771 1201 2973 1260 paucos
3022 1184 3224 1239 electos
3272 1177 3454 1252 possit
3485 1174 3785 1237 adducere;

2184 1293 2345 1343 erunt
2373 1263 2547 1340 enim,
2567 1279 2728 1336 multi
2758 1276 2942 1345 electi,
2988 1272 3082 1330 sed
3129 1272 3189 1328 in
3218 1267 3653 1340 comparatione
3682 1263 3789 1319 inti-

2183 1378 2392 1435 delium
2444 1373 2603 1430 valde
2646 1366 2982 1444 paucissimi.
3040 1364 3251 1421 Verum
3303 1367 3492 1434 potest
3541 1356 3690 1425 fieri,
3737 1363 3787 1411 ut

2184 1468 2364 1543 primo
2415 1480 2604 1522 omnes
2636 1469 2819 1534 gentes
2861 1474 2972 1514 suae
3021 1453 3226 1512 ditioni
3255 1449 3568 1522 subjiciat:
3616 1455 3786 1520 postea

2185 1537 2317 1615 vero
2348 1557 2403 1612 in
2435 1552 2746 1626 superbiam
2783 1549 2981 1615 elatus,
3011 1561 3066 1600 se
3096 1560 3195 1616 pro
3225 1543 3342 1597 Deo
3373 1539 3488 1597 coli
3521 1537 3784 1593 instituat.

2186 1649 2319 1706 Nam
2350 1646 2493 1702 sicut
2524 1639 2660 1698 mihi
2702 1638 2940 1704 videtur,
2989 1634 3046 1691 in
3076 1633 3255 1689 tribus
3279 1629 3448 1685 annis
3475 1637 3536 1684 et
3568 1626 3786 1683 dimidio

2188 1735 2591 1817 persecutionis
2620 1742 2838 1807 tempus
2865 1725 3248 1787 tantummodo
3274 1720 3784 1796 comprehenditur,

488 1854 600 1905 tem
635 1815 885 1920 magnam
918 1815 1496 1902 Antichristoldabit?
1532 1841 1679 1896 Deus
1724 1815 1876 1894 dabit
1920 1832 2077 1891 Anti-
2109 1855 2155 1915 B
2187 1815 2244 1888 in
2278 1815 2386 1904 quo
2433 1835 2486 1884 et
2539 1843 2635 1899 per
2675 1841 2750 1892 se,
2802 1829 2856 1878 et
2901 1837 2996 1894 per
3037 1815 3342 1888 discipulos
3391 1829 3552 1879 suos,
3611 1818 3668 1865 et
3708 1825 3787 1881 per

488 1936 698 1996 christo
737 1933 1195 2010 potestatem,sed
1227 1933 1396 2006 ipsam
1429 1936 1750 2004 potestatem
1781 1928 1839 1983 in
1866 1932 2081 1982 tantum

486 2027 828 2104 permutabit
855 2027 913 2084 in
945 2027 1175 2095 malum,
1207 2029 1270 2081 ut
1297 2029 1414 2079 tota
1439 2019 1714 2079 diabolica
1754 2034 1871 2076 esse
1900 2016 2086 2076 creda-

483 2126 581 2178 tur
607 2128 662 2178 et
689 2118 779 2176 sit.

564 2219 749 2292 (Vere.
777 2217 859 2290 3.)
913 2219 987 2275 Et
1016 2216 1128 2273 vidi
1158 2230 1323 2272 unum
1364 2212 1400 2270 ἀ
1471 2211 1732 2285 capitibus
1775 2208 1888 2280 eius
1932 2205 2088 2280 quasi

497 2310 723 2368 occisum
781 2309 839 2364 in
891 2313 1131 2374 mortem,
1180 2311 1230 2361 et
1277 2305 1441 2378 plaga
1493 2301 1681 2357 mortis
1734 2299 1847 2370 ejus
1899 2303 2087 2353 curata

497 2407 590 2458 est.
614 2400 873 2456 Diximus
905 2398 1158 2472 superius
1186 2413 1284 2470 per
1313 2402 1519 2468 septem
1555 2392 1734 2464 capita
1757 2387 2088 2447 Antichristi

495 2497 706 2564 septem
749 2488 887 2546 vitia
918 2487 1243 2562 principalia
1283 2501 1400 2543 esse
1428 2483 1728 2556 designata.
1778 2480 1880 2536 Per
1927 2485 2089 2552 caput

493 2597 624 2655 ergo
660 2579 807 2654 quod
837 2595 940 2636 nec
965 2579 1229 2648 occisum,
1281 2576 1374 2634 sed
1418 2574 1572 2649 quasi
1621 2572 1862 2630 occisum
1907 2571 2086 2626 visum

495 2681 599 2743 est,
643 2671 985 2746 blasphemia
1015 2671 1352 2743 designatur.
1385 2666 1750 2736 Quaerendum
1782 2664 1964 2736 itaque
1993 2678 2089 2718 no-

497 2761 584 2819 bis
639 2770 742 2830 est,
803 2760 1081 2834 quomodo
1137 2757 1478 2830 blasphemia
1542 2755 1695 2829 quasi
1747 2752 1925 2809 occisa
1974 2767 2090 2807 esse

497 2852 736 2910 dicatur.
790 2852 990 2906 Primis
1019 2866 1254 2922 namque
1283 2847 1623 2920 temporibus
1651 2842 1937 2917 Evangelii
1976 2841 2089 2898 fue-

498 2947 630 2997 runt
656 2938 821 2994 multi
854 2937 1122 3006 haeretici,
1173 2938 1267 3010 qui
1298 2936 1460 2992 ﬁdem
1493 2934 1754 2991 Ecclesia:
1797 2932 1909 2988 suis
1946 2947 2089 2988 erro-

500 3028 659 3086 ribus
689 3026 1021 3085 labefactare
1046 3026 1228 3084 conati
1260 3033 1390 3082 sunt
1415 3043 1425 3082 :
1450 3023 1546 3082 sed
1573 3022 1922 3096 omnipotens
1946 3024 2092 3080 Deus

502 3119 819 3178 defensores
884 3117 1142 3176 Ecclesia;
1197 3115 1537 3174 orthodoxos
1600 3115 1786 3171 Patres
1829 3129 1898 3169 ex
1961 3111 2093 3168 ﬁliis

503 3211 678 3286 ipsius
708 3209 968 3268 Ecclesiae
995 3209 1180 3283 elegit,
1231 3225 1368 3283 quos
1393 3205 1622 3264 ﬂumine
1653 3205 1935 3278 sapientiae
1980 3218 2090 3258 sua:
2130 3229 2174 3289 ο

503 3301 743 3376 replens,
791 3317 888 3374 per
933 3317 1123 3358 eorum
1168 3299 1478 3356 doctrinam
1516 3313 1706 3354 omnes
1751 3295 1982 3351 hereses
2025 3290 2093 3347 ab

502 3390 751 3448 Ecclesia
779 3407 878 3446 sua
905 3389 1233 3460 exstirpavit
1293 3387 1446 3460 (22);
1502 3396 1564 3442 ut
1601 3387 1826 3442 fuerunt
1864 3381 2093 3439 Ambro-

501 3481 636 3548 sius,
668 3480 930 3547 Hilarius,
964 3480 1356 3551 Hieronymus,
1388 3478 1749 3549 Augustinus,
1778 3473 2091 3544 Gregorius,

500 3574 556 3623 et
584 3566 746 3622 multi
771 3566 866 3621 alii
891 3584 904 3632 ;
930 3567 1024 3638 qui
1053 3567 1216 3622 etiam
1252 3567 1552 3620 maximam
1581 3565 1794 3636 copiam
1825 3561 2095 3618 librorum

502 3657 816 3723 ediderunt,
871 3655 1076 3730 quibus
1131 3671 1322 3712 omnes
1376 3655 1627 3722 haereses,
1695 3670 1816 3726 quae
1871 3652 2096 3708 fuerunt

503 3758 558 3808 et
598 3763 719 3824 quae
751 3763 868 3804 esse
898 3753 1172 3820 poterant,
1222 3744 1512 3802 destructa
1545 3749 1692 3799 sunt.
1749 3739 2096 3815 Blasphemia

503 3856 630 3914 ergo
673 3838 828 3914 quasi
880 3836 1059 3896 occisa
1103 3843 1185 3894 est
1241 3835 1438 3892 modo:
1486 3833 1618 3908 quia
1673 3832 1926 3906 quamvis
1986 3832 2098 3888 sint

504 3930 668 3988 multi
719 3929 814 4003 qui
862 3929 1065 3984 multas
1115 3924 1483 3999 blasphemias
1526 3931 1710 3980 mente
1759 3921 2096 3994 concipiant,

507 4021 715 4077 malum
743 4017 893 4093 quod
923 4027 1104 4076 mente
1145 4014 1519 4089 conceperint,
1569 4030 1683 4070 non
1729 4012 1933 4070 audent
1979 4027 2099 4084 pro-

506 4108 669 4178 ferre,
697 4124 766 4164 ne
793 4125 890 4181 per
917 4109 1149 4165 istorum
1180 4106 1490 4164 doctrinam
1515 4104 1752 4178 turpiter
1770 4101 2099 4160 convincen-

507 4204 618 4254 tur.
658 4197 774 4253 Hoc
803 4196 973 4266 igitur
1000 4204 1186 4268 caput,
1219 4196 1276 4252 id
1303 4205 1406 4265 est,
1435 4192 1799 4267 blasphemia,
1844 4189 2100 4264 tempori-

506 4280 613 4339 bus
640 4282 971 4340 Antichristi
1009 4293 1287 4341 mortuum
1315 4300 1433 4340 esse
1462 4284 1778 4351 videbitur;
1813 4281 1907 4338 sed
1935 4297 1966 4336 a
1987 4280 2101 4338 dia-

507 4367 640 4430 bolo
681 4371 741 4430 in
786 4372 1131 4431 Antichristo
1178 4374 1615 4443 resuscitabitur,
1665 4389 1827 4448 quem
1875 4371 1944 4428 ad
1989 4371 2102 4428 bla-

513 4457 911 4536 sphemandum
966 4461 1248 4519 Christum
1305 4463 1366 4518 in
1421 4471 1633 4519 tantum
1687 4461 1966 4529 accendet,
2042 4467 2105 4516 ut

513 4549 1197 4650 emneiblasphematores
1245 4551 1303 4606 in
1347 4551 1459 4607 suis
1486 4551 1843 4624 blasphemiis
1893 4560 2102 4608 antece‘
2138 4592 2185 4650 D

510 4635 624 4698 dat.
679 4641 753 4698 Et
797 4641 1068 4697 admirata
1113 4646 1189 4696 est
1234 4640 1483 4696 universa
1531 4647 1674 4696 terra
1709 4646 1831 4712 post
1872 4639 2103 4697 bestiam.

512 4725 617 4790 Per
642 4739 847 4788 terram
888 4737 1204 4805 peccatores
1230 4730 1486 4788 homines
1517 4730 1890 4803 designantur.

588 4829 770 4904 (Vere.
802 4830 885 4904 4.)
939 4833 1016 4888 Et
1051 4831 1414 4888 adoraverunt
1455 4832 1755 4900 draconem,
1795 4829 1923 4902 quia
1969 4831 2110 4886 dedit

506 4927 812 4994 potestatem
845 4922 1052 4980 bestias:
1105 4928 1152 4978 et
1178 4923 1542 4979 adoraverunt
1569 4923 1804 4991 bestiam,
1861 4922 2099 4978 dicentes:

518 5012 648 5080 Quis
671 5013 864 5070 similis
893 5015 1083 5084 bestiis,
1130 5021 1179 5070 et
1215 5015 1335 5087 quis
1357 5015 1553 5087 poterit
1577 5031 1816 5086 pugnare
1843 5029 1959 5068 cum
2000 5029 2059 5069 ea
2080 5016 2108 5070 ?

514 5100 806 5169 Quomodo
836 5103 1151 5173 draconem,
1202 5103 1260 5159 id
1307 5113 1392 5161 est
1435 5103 1740 5170 diabolum,
1779 5101 2106 5169 adorabunt,

517 5206 681 5265 quem
713 5209 823 5249 non
853 5192 1174 5250 videbunt?
1208 5192 1314 5250 Sed
1350 5192 1658 5250 adorabunt
1700 5191 2105 5248 Antichristum

517 5281 624 5351 illi,
681 5282 776 5355 qui
807 5298 904 5356 per
927 5289 1127 5338 terram
1158 5281 1540 5354 designantur,
1590 5290 1646 5340 et
1676 5283 1735 5338 in
1763 5281 2108 5338 Antichristo

521 5369 829 5441 diabolum,
873 5371 1117 5429 dicentes
1144 5373 1360 5429 nullum
1412 5389 1526 5430 esse
1571 5371 1916 5429 Antichristo
1955 5371 2105 5428 simi-

516 5459 649 5532 lem,
698 5478 800 5521 nec
826 5478 942 5520 esse
971 5461 1069 5538 qui
1097 5461 1215 5536 ejus
1244 5461 1561 5520 fortitudini
1604 5462 1776 5537 possit
1811 5459 2102 5537 coaequari.

2193 1898 2562 1980 ostensionem
2614 1916 2894 1986 signorum
2935 1905 3276 1966 mirabilium
3304 1909 3424 1959 tota
3463 1901 3684 1956 virtute
3726 1898 3786 1952 la-

2194 2009 2428 2077 borabit,
2478 2014 2539 2063 ut
2585 2006 2860 2062 culturam
2907 1997 3124 2056 deitatis
3159 2010 3354 2051 omnes
3393 1989 3660 2047 homines
3694 1986 3782 2042 sibi

2196 2099 2537 2174 impendant.
2571 2097 2682 2152 Eos
2721 2101 2903 2150 autem
2943 2089 3037 2163 qui
3081 2083 3462 2143 contradicere
3496 2078 3782 2143 voluerint,

2195 2165 2428 2248 diversis
2469 2194 2523 2243 et
2569 2181 2837 2241 inauditis
2876 2176 3167 2235 tormentis
3211 2173 3459 2244 afﬂiget;
3515 2177 3582 2241 ut
3628 2165 3781 2224 coacti

2196 2280 2420 2348 faciant,
2453 2275 2599 2350 quod
2628 2270 2940 2329 voluntarie
2965 2268 3141 2324 facere
3170 2259 3586 2319 detrectabunt.

2269 2343 2564 2443 (Vera-6.)
2610 2366 2682 2420 Et
2710 2359 2920 2434 aperuit
2956 2374 3011 2412 os
3051 2371 3201 2410 suum
3248 2352 3309 2407 in
3343 2347 3706 2420 blasphemias
3729 2343 3786 2400 ad

2196 2438 2363 2520 Deum
2418 2457 2778 2528 blasphemare
2839 2465 3027 2506 nomen
3087 2444 3222 2515 ejus,
3278 2448 3327 2497 et
3398 2438 3786 2495 tabernaculum

2197 2556 2328 2626 ejus,
2360 2560 2408 2609 et
2450 2569 2533 2608 eos
2584 2550 2677 2622 qui
2719 2549 2777 2603 in
2819 2546 2942 2600 creto
2985 2542 3240 2598 habitant.
3289 2535 3526 2608 Aperiet
3570 2546 3786 2605 namque

2199 2623 2258 2704 os
2288 2662 2448 2703 suum
2491 2642 2559 2700 ad
2607 2635 3098 2714 blasphemandum
3126 2633 3324 2698 Deum,
3354 2629 3580 2684 Patrem
3613 2623 3787 2714 videli~

2198 2745 2302 2804 cet,
2335 2743 2388 2791 et
2417 2733 2643 2799 Filium,
2675 2713 3028 2800 etSpiritum
3061 2730 3310 2779 sanctum
3337 2736 3349 2774 :
3388 2713 3790 2788 blasphemabit

2199 2835 2253 2884 et
2295 2840 2497 2881 nomen
2546 2820 2646 2879 Dei
2689 2819 2878 2875 dicens
2925 2814 3208 2874 Christum
3255 2827 3368 2866 non
3426 2823 3551 2864 esse
3593 2807 3789 2868 Deum;

2199 2913 2603 2988 blasphemabit
2631 2911 2796 2967 etiam
2826 2905 3240 2964 tabernaculum
3285 2899 3410 2967 Dei,
3459 2895 3521 2954 id
3570 2903 3656 2953 est
3691 2895 3792 2951 Ec-

2199 2984 2420 3066 clesiam
2453 3002 2574 3071 Dei,
2606 3001 2794 3058 dicens
2823 2997 2965 3054 nihil
2997 2993 3253 3068 prodesse
3290 2988 3558 3046 ﬁdelibus
3591 2984 3792 3057 religio-

2201 3112 2325 3153 nem
2352 3091 2740 3157 Christianam,
2781 3087 2873 3144 sed
2905 3084 3189 3141 interitum
3214 3079 3384 3152 magis
3409 3077 3612 3134 afferre
3642 3088 3792 3149 quam

2200 3187 2474 3244 salutem:
2521 3177 2920 3254 blasphemabit
2961 3183 3015 3231 et
3062 3190 3153 3230 eos
3188 3171 3282 3246 qui
3327 3170 3388 3224 in
3450 3167 3597 3224 ccelo
3656 3164 3793 3220 habi-

2206 3283 2342 3343 tant,
2391 3273 2448 3330 id
2504 3281 2585 3329 est
2632 3278 2902 3342 martyres
2957 3273 3011 3322 et
3054 3270 3276 3320 caeteros
3321 3267 3568 3324 sanctos,
3619 3255 3797 3312 dicens

2206 3364 2348 3423 nihil
2380 3370 2517 3426 551
2555 3361 2808 3436 prodesse
2850 3374 2940 3414 eos
2985 3369 3139 3428 posse
3178 3351 3462 3423 cuiquam,
3490 3347 3797 3418 falsumque

2207 3479 2321 3520 esse
2353 3459 2626 3534 quidquid
2652 3458 2718 3514 de
2744 3456 2823 3512 eis
2851 3470 2883 3509 a
2916 3449 3173 3509 fidelibus
3201 3446 3486 3504 asseritur.

2281 3533 2462 3624 (vers.
2504 3550 2583 3621 7.)
2635 3549 2706 3603 Et
2751 3545 2934 3600 datum
2965 3548 3038 3598 est
3084 3539 3169 3596 illi
3225 3538 3418 3592 bellum
3465 3533 3646 3604 facere
3695 3545 3795 3588 cum

2207 3642 2423 3705 sanctis,
2455 3647 2502 3695 et
2543 3639 2745 3693 vincere
2775 3635 2914 3691 illos.
2948 3631 3132 3688 Faciet
3158 3628 3368 3685 bellum
3397 3640 3529 3683 cum
3581 3625 3793 3690 sanctis,

2208 3734 2474 3809 quosdam
2505 3728 2860 3796 blandiendo,
2892 3723 3156 3802 quosdam
3184 3719 3464 3788 terrendo,
3498 3726 3556 3774 et
3586 3717 3654 3774 ad
3683 3715 3794 3771 ulti-

2210 3808 2362 3881 mum
2399 3823 2477 3880 eis
2506 3822 2742 3895 pessima
2772 3825 3045 3875 tormenta
3077 3811 3383 3880 inferendo,
3415 3816 3480 3866 ut
3505 3826 3603 3865 eos
3634 3808 3690 3863 in
3715 3821 3796 3863 er-

2210 3931 2360 3972 rores
2387 3930 2515 3970 suos
2561 3910 2787 3968 inducat
2815 3927 2825 3965 :
2860 3908 2955 3965 sed
3003 3905 3124 3962 ﬁeri
3166 3919 3278 3960 non
3307 3908 3514 3975 potest,
3549 3907 3614 3955 ut
3648 3897 3709 3954 in
3731 3911 3797 3951 er-

2211 4021 2390 4063 rorem
2439 4003 2776 4060 inducantur
2820 3997 2999 4056 electi.
3033 3996 3234 4055 Vincet
3279 4002 3470 4050 autem
3522 3990 3653 4047 illos
3701 4001 3796 4044 non

2212 4093 2539 4170 superando,
2571 4093 2665 4150 sed
2693 4089 3073 4148 inerﬁciendo.

2286 4195 2466 4269 (Vers.
2498 4194 2580 4266 8.)
2612 4195 2685 4250 Et
2713 4193 2842 4248 data
2868 4196 2940 4247 est
2958 4191 3006 4246 ei
3027 4193 3255 4262 potestas
3281 4184 3341 4240 in
3359 4200 3570 4240 omnem
3599 4180 3796 4244 tribum,

2213 4292 2260 4343 et
2299 4286 2580 4358 populum,
2615 4289 2662 4338 et
2697 4282 2953 4354 linguam,
2995 4286 3043 4334 et
3079 4283 3315 4349 gentem:
3354 4282 3402 4331 et
3452 4275 3800 4330 adoranerunt

2213 4393 2330 4433 eum
2359 4391 2533 4431 omnes
2560 4373 2654 4445 qui
2680 4372 2921 4428 habitant
2949 4373 3164 4426 terram.
3186 4368 3303 4423 Hoc
3330 4365 3640 4423 secundum
3670 4363 3797 4419 litte-

2213 4482 2329 4523 ram
2376 4463 2717 4538 implebitur.
2767 4461 2927 4518 Multi
2963 4459 3167 4527 dicent,
3205 4474 3306 4515 cur
3332 4455 3468 4512 talia
3507 4457 3654 4512 Deus
3697 4449 3798 4508 ﬁeri

2217 4559 2374 4626 sinat,
2411 4563 2472 4610 ut
2499 4553 2877 4610 Antichristus
2907 4567 3075 4624 genus
3099 4549 3407 4605 humanum
3437 4556 3550 4603 tam
3585 4543 3800 4619 pessime

2217 4645 2502 4720 decipiat?
2543 4645 2750 4702 Verum
2796 4641 3014 4698 duabus
3062 4639 3241 4696 causis
3284 4635 3658 4694 existentibus
3685 4633 3802 4689 talis

2215 4738 2496 4814 permittet
2524 4756 2538 4806 ;
2572 4754 2700 4794 nam
2731 4736 2874 4793 sicut
2903 4737 3017 4808 ipse
3055 4733 3192 4790 dicit
3229 4731 3286 4786 in
3318 4729 3658 4801 Evangelio:
3708 4754 3728 4775 ι
3755 4725 3800 4780 In

2216 4831 2332 4886 illis
2362 4829 2555 4885 diebus
2594 4827 2908 4900 refrigescet
2938 4825 3176 4882 charitas
3205 4823 3536 4889 multorum,
3567 4829 3622 4876 et
3651 4817 3804 4874 abun-

2215 4919 2369 4977 dabit
2423 4919 2686 4992 iniquitas
2745 4917 2956 4990 (Matth.
3010 4931 3130 4982 xxi,
3192 4913 3281 4984 l2)
3335 4931 3350 4980 ;
3407 4937 3428 4961 ι
3496 4912 3557 4967 in
3609 4919 3801 4967 tantum

2215 5009 2416 5083 quippe
2459 5009 2671 5064 malitia
2716 5007 3007 5062 hominum
3053 5007 3354 5068 excrescat,
3408 5006 3466 5056 et
3522 4999 3605 5056 ita
3649 5001 3801 5055 Deum

2218 5116 2317 5173 pro
2346 5097 2460 5154 suis
2494 5097 2793 5155 sceleribus
2838 5095 2906 5151 ad
2937 5091 3278 5150 iracundiam
3322 5090 3731 5163 provocabunt,
3756 5089 3803 5139 ut

2217 5187 2370 5261 digni
2401 5188 2511 5244 sint
2553 5195 2823 5261 quatenus
2854 5193 2964 5241 tam
3005 5183 3245 5256 pessimo
3275 5179 3496 5236 homini
3525 5178 3802 5250 subjicien-

2217 5285 2329 5344 tur,
2375 5287 2538 5352 atque
2567 5277 2634 5334 ab
2680 5293 2744 5333 eo
2795 5274 3161 5347 decipiantur,
3216 5277 3455 5327 testante
3499 5269 3797 5341 Scriptura:

2233 5393 2251 5417 ε
2281 5367 2387 5435 Qui
2433 5382 2655 5440 regnare
2696 5365 2829 5422 facit
2875 5363 3154 5420 hominem
3204 5359 3564 5434 hypocritam
3607 5363 3803 5432 propter

2219 5459 2634 5535 perversitatem
2663 5455 2852 5533 populi
2875 5452 3002 5530 (Job
3040 5467 3239 5522 xxxiv,
3262 5449 3380 5524 30).
3403 5474 3422 5499 ι
3463 5480 3536 5494 --
3583 5475 3603 5500 ι
3633 5442 3799 5506 Trade-

591 5679 709 5757 (22)
752 5681 958 5743 Omnes
1003 5684 1162 5756 edit.,
1219 5682 1552 5759 exstirpavit.
1617 5685 1721 5756 Qui
1773 5688 1950 5758 etiam,
2004 5691 2108 5746 etc.
2169 5679 2451 5760 Quidquid
2502 5700 2635 5745 vero
2681 5680 3072 5757 interponitur,
3111 5695 3142 5740 e
3180 5695 3312 5740 mss.
3364 5675 3637 5740 omnibus
3675 5665 3800 5734 resti-

523 5759 703 5810 tutum
731 5761 834 5812 est.
