3902 6198
131 348 236 407 969

1053 354 1509 414 BERENGAUDI
1548 356 1920 415 EXPOSITIO
1962 358 2031 415 IN
2069 359 2572 419 APOCALYPSIN.

3330 368 3436 426 970

132 478 281 531 enim
314 475 440 543 illos
476 477 671 545 Deus,»
711 478 851 535 sicut
883 478 1019 536 dicit
1046 480 1363 553 Apostolus,
1406 505 1425 528 ι
1456 482 1512 538 in
1544 499 1726 557 repro-
1750 484 1803 544 Α
1836 492 2128 555 exsurget;
2160 484 2379 559 duoque
2399 502 2605 543 cornua
2625 487 2834 544 similia
2863 488 3004 561 Agni
3027 487 3286 548 habuisse
3315 492 3437 549 visa

130 563 266 620 bum
305 581 524 622 sensum
556 567 731 640 (Rom.
770 586 811 638 1,
858 569 990 642 28);
1022 594 1042 619 ι
1098 579 1160 627 ut
1202 570 1406 630 faciant
1451 589 1571 647 qua)
1617 591 1730 631 non

129 652 510 723 conveniunt;
545 664 599 713 et
628 656 827 729 quibus
856 658 999 714 nihil
1030 660 1185 732 pensi
1214 661 1338 730 erit,
1361 669 1577 720 tantum
1610 663 1727 736 (23)

129 755 194 803 ut
225 747 497 822 quidquid
528 750 657 805 mali
689 749 1076 825 cogitaverint,
1099 754 1387 826 expleant;
1420 753 1731 827 justissima

127 836 230 893 Dei
262 839 621 910 permissione
650 839 763 910 ﬁet,
794 848 858 898 ut
886 841 954 899 ab
1001 843 1350 901 Antichristo
1382 844 1595 918 decepti
1624 846 1732 903 de-

125 929 303 984 terius
349 938 593 1002 pereant.
674 931 959 991 Permittet
1030 935 1195 992 etiam
1250 935 1356 993 hoc
1414 938 1559 994 Deus
1609 936 1729 993 ﬁeri

124 1029 355 1093 propter
408 1021 792 1095 probationem
835 1025 1135 1083 electorum
1177 1043 1426 1099 suorum,
1475 1035 1538 1084 ut
1583 1029 1729 1086 sicut

123 1124 329 1167 aurum
358 1111 623 1184 probatur
650 1130 747 1187 per
786 1114 990 1187 ignem,
1043 1115 1122 1172 ita
1166 1126 1221 1174 et
1252 1116 1337 1173 illi
1377 1115 1434 1173 in
1463 1133 1729 1190 persecu-

121 1198 377 1279 tionibus
405 1200 736 1259 Antichristi
762 1203 1064 1276 probentur
1093 1212 1147 1262 et
1178 1206 1590 1277 examinentur,
1623 1207 1727 1264 sic-

120 1296 189 1346 ut
217 1289 280 1346 in
336 1290 562 1348 Daniele
606 1291 674 1349 de
703 1293 817 1351 illis
866 1294 1133 1368 scriptum
1179 1304 1261 1353 est
1298 1314 1310 1354 :
1360 1320 1379 1345 -
1411 1297 1725 1370 Eligentur,

119 1386 180 1436 et
207 1378 632 1452 dealbabuntur,
661 1389 716 1440 et
739 1384 894 1457 quasi
923 1401 1117 1443 aurum
1149 1386 1532 1460 probabuntur
1552 1387 1725 1461 pluri-

117 1468 203 1524 mi
235 1468 352 1544 (24)
388 1471 551 1544 (Dan.
584 1489 685 1543 χιι,
726 1474 839 1547 10).
878 1499 897 1523 ν
969 1476 1273 1553 Sequitur:
1337 1480 1576 1547 Quorum
1619 1496 1726 1536 non

117 1565 249 1614 sunt
278 1560 478 1633 scripta
526 1562 743 1621 nomina
770 1563 828 1620 in
870 1565 1005 1623 libro
1051 1567 1173 1624 vites
1216 1568 1380 1640 Agni,
1410 1570 1502 1639 qui
1529 1568 1725 1625 occisus

116 1653 198 1704 est
229 1648 295 1705 ab
325 1650 530 1722 origine
558 1653 763 1711 mundi.
805 1652 971 1711 Liber
1013 1655 1143 1713 vita;
1191 1657 1604 1730 praedestinatio
1642 1667 1724 1717 est

114 1738 224 1796 Dei
268 1740 665 1815 omnipotentis
702 1760 715 1800 :
767 1744 987 1818 reprobi
1015 1762 1127 1803 non
1158 1754 1289 1804 sunt
1330 1749 1522 1821 scripti
1552 1748 1611 1806 in
1644 1750 1724 1807 li-

1839 580 1938 630 est.
1969 572 2231 646 Superius
2256 574 2503 631 diximus
2531 592 2627 648 per
2655 585 2863 650 septem
2888 593 3094 636 cornua
3121 580 3267 652 Agni
3303 596 3437 637 om-

1839 679 1936 719 nes
1967 665 2170 720 electos
2216 680 2333 721 esse
2378 664 2711 738 designatos,
2743 683 2881 739 quos
2909 668 2969 725 in
3007 678 3213 743 septem
3254 677 3436 743 partes

1840 752 2134 811 divisimus
2166 772 2179 811 :
2206 771 2302 826 per
2330 755 2587 828 quintum
2619 764 2803 813 autem
2832 774 3006 814 cornu
3049 759 3294 818 diximus
3326 760 3435 817 Ju-

1838 841 2003 912 daeos,
2029 844 2124 917 qui
2152 843 2209 900 in
2241 844 2526 903 Christum
2558 845 2929 919 crediderunt,
2967 848 3133 905 fuisse
3171 849 3433 925 designa—

1838 940 1924 991 tos
1957 952 1969 990 :
1998 950 2095 1007 per
2125 942 2341 991 sextum
2373 952 2502 992 vero
2533 944 2738 1008 gentes,
2772 954 2891 1012 quae
2935 938 2994 994 in
3031 938 3313 997 Christum
3347 941 3434 997 si—

1837 1023 2046 1081 militer
2074 1023 2443 1081 crediderunt.
2479 1025 2662 1082 Bestia
2689 1027 2871 1101 itaque
2899 1044 3107 1085 cornua
3132 1028 3244 1086 duo
3281 1028 3432 1086 simi-

1838 1112 1913 1170 lia
1941 1114 2084 1186 Agni
2104 1113 2366 1183 habebit;
2398 1114 2528 1187 quia
2554 1114 2770 1173 Iudaeos
2798 1123 2855 1174 et
2883 1124 3069 1190 gentes
3106 1118 3432 1192 decipienda

1836 1202 2155 1275 possidebit.
2196 1204 2338 1272 Quia
2381 1204 2631 1278 quamvis
2670 1207 2834 1264 multi
2869 1208 3095 1268 credant
3121 1226 3193 1268 ex
3228 1210 3432 1270 Iudaeis

1835 1309 1934 1367 per
1975 1292 2421 1367 praedicationem
2452 1295 2590 1353 Elia;
2631 1296 2691 1354 in
2730 1297 3035 1371 Christum,
3064 1302 3310 1360 maxima
3336 1311 3431 1361 ta-

1835 1400 1963 1442 men
2008 1401 2133 1459 pars
2168 1401 2359 1444 eorum
2404 1386 2811 1447 Antichristum
2859 1400 3114 1450 secutura
3148 1400 3251 1463 est,
3286 1392 3433 1453 sicut

1834 1473 1971 1532 dicit
1998 1475 2269 1533 Dominus
2295 1477 2351 1533 in
2380 1477 2683 1552 Evangelio
2719 1494 2733 1537 :
2779 1504 2799 1530 ι
2817 1479 2934 1554 Ego
2960 1483 3091 1540 veni
3118 1482 3178 1540 in
3203 1484 3428 1541 nomine

1834 1563 2012 1622 Patris
2056 1566 2188 1633 mei,
2219 1574 2274 1624 et
2310 1582 2423 1624 non
2469 1568 2750 1641 recepistis
2788 1586 2876 1629 me
2908 1587 2921 1630 :
2951 1573 3095 1631 alius
3132 1576 3324 1633 veniet
3370 1577 3429 1633 iu

1833 1653 2059 1711 nomine
2104 1672 2225 1725 suo,
2278 1664 2333 1712 et
2380 1657 2539 1713 illum
2581 1657 2891 1732 suscipietis
2943 1661 3126 1736 (Joan.
3157 1681 3213 1734 v,
3248 1663 3363 1739 43).
3395 1689 3417 1716 ι

1833 1745 2181 1818 Loquebatur
2225 1760 2354 1819 ergo
2394 1744 2513 1804 huic
2555 1746 2731 1805 bestia
2774 1757 2840 1806 ut
2887 1750 3076 1822 draco,
3124 1753 3256 1826 quia
3309 1754 3429 1827 ejus

113 1826 223 1885 bro
252 1827 383 1886 vitae
411 1847 425 1898 ;
459 1830 589 1905 quia
616 1847 730 1889 non
761 1840 889 1889 sunt
917 1833 1295 1907 praedestinati
1325 1836 1394 1893 ad
1423 1837 1599 1895 vitam
1628 1855 1713 1896 ae-
1744 1853 1793 1916 Β
1828 1835 1999 1894 verba
2038 1833 2310 1891 diabolica
2354 1843 2547 1904 erant;
2576 1852 2707 1893 nam
2737 1837 2993 1896 diabolus
3030 1840 3127 1913 qui
3170 1826 3430 1915 loquetur

112 1923 356 1976 ternam.
373 1917 481 1977 Sed
509 1921 867 1995 quaerendum
896 1922 1056 1981 nobis
1084 1932 1185 1994 est,
1208 1926 1487 2000 quomodo
1504 1929 1717 2002 Agnus,

113 2005 181 2063 id
210 2013 316 2079 est,
348 2007 620 2082 Christus,
666 2011 734 2070 ab
763 2011 977 2086 origine
1005 2012 1202 2071 mundi
1238 2014 1452 2075 occisus
1479 2033 1594 2076 esse
1622 2017 1721 2075 di-

110 2105 295 2156 catur.

190 2189 378 2264 (Vers.
407 2191 491 2265 9.)
539 2192 677 2249 Nam
720 2193 860 2251 illud
890 2194 1039 2269 quod
1065 2197 1343 2271 sequitur:
1380 2198 1439 2256 Si
1479 2199 1597 2272 quis
1626 2201 1716 2258 ha-

106 2278 194 2337 bet
227 2296 415 2351 aures,
445 2281 675 2349 audiat;
720 2284 1038 2359 ubicunque
1082 2286 1143 2342 in
1173 2286 1385 2344 divinis
1416 2287 1715 2362 Scripturis

106 2370 368 2443 ponitur,
390 2370 686 2429 obscurum
705 2390 819 2430 esse
848 2374 996 2449 quod
1017 2377 1315 2449 praecessit,
1345 2376 1712 2438 demonstrat:

106 2476 278 2518 aures
324 2460 526 2534 quippe
569 2463 750 2520 cordis
807 2473 971 2538 atque
1028 2466 1407 2539 intelligentiae
1464 2469 1715 2542 requirit.

108 2552 308 2624 Agnus
352 2550 521 2623 igitur
565 2551 635 2608 ab
673 2553 885 2626 origine
931 2554 1126 2612 mundi
1173 2557 1387 2614 occisus
1442 2565 1554 2627 est;
1591 2560 1719 2632 quia

108 2637 236 2710 ejus
278 2654 425 2694 mors
476 2637 544 2694 ab
590 2640 821 2697 exordio
868 2642 1079 2715 generis
1125 2643 1355 2701 humani
1410 2645 1470 2703 in
1516 2648 1718 2704 sanctis

110 2727 370 2800 patribus
391 2726 740 2801 praefigurata
768 2736 869 2787 est.
909 2731 973 2787 In
1018 2732 1199 2804 primo
1226 2749 1462 2808 namque
1490 2734 1716 2792 homine

106 2817 464 2891 praeﬁgurata
510 2827 611 2888 est,
662 2820 882 2895 quando
912 2838 975 2879 eo
999 2822 1328 2895 dormiente,
1358 2826 1476 2883 Eva
1522 2826 1589 2883 de
1629 2844 1716 2885 co-

107 2917 200 2966 sta
228 2907 347 2980 ejus
372 2909 516 2966 facta
544 2919 625 2968 est
655 2929 668 2967 :
726 2912 983 2971 similiter
1022 2922 1076 2972 et
1107 2915 1165 2972 in
1194 2916 1335 2974 Abel
1373 2917 1717 2991 praeﬁgurata

106 3004 219 3067 est,
254 2997 409 3071 quia
456 2999 622 3057 fratre
676 3001 811 3059 Cain
858 3012 1172 3078 peremptus
1201 3014 1323 3074 est;
1373 3006 1717 3080 praeﬁgurata

106 3094 199 3144 est
227 3095 283 3143 et
312 3103 407 3160 per
434 3089 603 3158 Isaac,
635 3107 798 3165 quem
827 3101 981 3165 pater
1005 3093 1065 3151 in
1094 3095 1478 3155 holocaustum
1513 3098 1716 3156 obtulit

1826 1941 1926 2000 per
1969 1924 2398 1996 Antichristum,
2433 1924 2550 1999 ipse
2594 1926 2851 2001 loquetur
2896 1936 2952 1987 et
2986 1945 3084 2003 per
3126 1929 3428 2006 discipulos

1829 2032 1965 2090 ejus.

1902 2114 2084 2189 (Vers.
2113 2114 2225 2191 12.)
2259 2118 2335 2175 Et
2361 2132 2564 2174 omnem
2587 2122 2893 2190 potestatem
2901 2116 3111 2193 prioris
3137 2116 3310 2177 bestiae
3343 2117 3428 2191 fa-

1827 2205 1991 2262 ciebat
2041 2206 2101 2262 in
2150 2213 2425 2281 conspectu
2464 2207 2598 2279 ejus.
2631 2207 2791 2278 Quod
2836 2209 2973 2269 dicit
3005 2226 3019 2267 :
3050 2208 3112 2267 in
3156 2215 3428 2284 conspectu

1827 2294 1960 2364 eius,
1979 2295 2257 2369 signiﬁcat
2295 2297 2352 2354 in
2396 2298 2624 2355 nomine
2659 2297 2804 2373 ejus;
2838 2316 2951 2356 non
2998 2299 3146 2358 enim
3189 2315 3429 2373 presens

1829 2385 2033 2457 poterit
2061 2401 2176 2442 esse
2210 2386 2591 2445 Antichristus
2621 2387 2679 2444 in
2707 2389 2968 2447 omnibus
3009 2388 3167 2460 locis,
3198 2389 3296 2446 ubi
3328 2389 3428 2447 fu-

1828 2475 1933 2530 erit
1962 2474 2292 2556 przedicatns
2320 2492 2352 2532 a
2379 2478 2512 2534 suis.
2546 2478 2733 2535 Faciet
2756 2495 2992 2554 namque
3022 2480 3288 2539 miracula
3315 2482 3427 2537 An-

1827 2562 2113 2622 tichristus
2163 2573 2280 2622 arte
2326 2565 2616 2637 diabolica,
2649 2568 2853 2627 facient
2881 2578 2937 2626 et
2970 2569 3231 2644 discipuli
3260 2569 3380 2642 ejus
3408 2589 3421 2628 :

1827 2653 1922 2710 sed
1968 2669 2157 2711 eorum
2205 2654 2470 2714 miracula
2499 2656 2634 2714 falsa
2660 2665 2846 2728 erunt,
2876 2665 2929 2715 et
2956 2675 3070 2716 non
3105 2673 3255 2732 vera,
3284 2659 3428 2717 sicut

1827 2746 1964 2803 dicit
1999 2748 2296 2820 Apostolus
2328 2765 2341 2803 :
2390 2773 2408 2797 ι
2437 2748 2607 2821 Cujus
2658 2750 2930 2808 adventus
2976 2753 3082 2809 erit
3122 2751 3425 2811 secundum

1827 2835 2202 2908 operationem
2252 2839 2487 2907 Satanae,
2520 2839 2578 2895 in
2628 2840 2887 2899 omnibus
2914 2841 3217 2899 virtutibus
3247 2849 3300 2899 et
3339 2840 3428 2897 si-

1828 2929 1949 3000 gnis
1993 2937 2047 2986 et
2092 2928 2360 3002 prodigiis
2405 2930 2762 2991 mendacibus
2810 2935 2902 3009 (ΙῘ
2939 2937 3117 2993 Thess.
3165 2952 3226 3005 ιι,
3278 2935 3359 3008 9).
3391 2958 3412 2984 ι

1824 3018 1946 3075 Νοιι
1979 3017 2127 3076 enim
2154 3019 2417 3077 credibile
2445 3031 2546 3091 est,
2580 3030 2642 3080 ut
2670 3040 2763 3081 eos
2808 3040 2945 3099 quos
2989 3026 3135 3082 Deus
3174 3040 3428 3082 excaeca-

1825 3116 1997 3180 verat,
2028 3117 2123 3166 aut
2153 3108 2558 3181 debilitaverat,
2588 3112 2812 3170 sanitati
2842 3114 3056 3189 possint
3088 3114 3376 3171 restituere
3409 3130 3423 3170 :

103 3175 391 3281 ᾨρξηίηοε
426 3178 682 3281 Simili?“
710 3187 763 3236 et
791 3198 888 3254 Per
917 3183 1322 3281 Iosephiquem
1345 3186 1542 3281 Ῑτξὶιτθεέ
1578 3204 1712 3281 Ve}?
1741 3217 1785 3281 ο
1822 3202 1918 3259 sed
1955 3175 2048 3260 eos
2092 3205 2502 3274 tantummodo,
2536 3175 2672 3281 quos
2720 3175 3137 3281 ipsi‘laaserint,
3168 3206 3428 3266 laedentes

106 3264 380 3323 diderunt
410 3283 422 3323 ε
468 3268 816 3342 praefigurata
857 3279 939 3329 est
975 3274 1142 3330 etiam
1173 3292 1321 3334 mors
1367 3274 1485 3349 erS
1528 3277 1587 3335 in
1615 3277 1713 3335 di-

109 3354 295 3413 versis
320 3355 715 3415 sacriﬁciorum
736 3359 957 3419 ritibus.
984 3361 1209 3432 Quoties
1229 3381 1357 3438 ergo
1377 3383 1527 3424 mors
1556 3367 1711 3425 Chri-

108 3445 193 3503 sti
214 3461 248 3502 a
276 3446 476 3503 sanctis
527 3448 777 3522 patribus
823 3459 917 3509 aut
960 3454 1305 3529 praeﬁgurata
1330 3463 1426 3513 aut
1452 3458 1714 3530 praedicta

106 3542 222 3605 est,
265 3535 419 3609 quasi
456 3537 620 3595 toties
665 3537 854 3613 Agnus
891 3542 1106 3600 occisus
1146 3552 1247 3603 est.
1295 3545 1559 3615 Quamvis
1606 3547 1713 3606 hoc

106 3626 447 3698 simpliciter
473 3629 646 3701 possit
672 3631 931 3706 intelligi,
972 3640 1035 3690 ut
1062 3651 1175 3692 non
1205 3636 1354 3694 dicat
1368 3638 1592 3713 Agnum
1623 3656 1712 3699 oc-

104 3717 295 3775 cisum
320 3718 388 3775 ab
417 3718 630 3793 origine
652 3721 869 3793 mundi,
891 3723 987 3781 sed
1000 3725 1227 3785 nomina
1246 3738 1562 3788 sanctorum
1580 3731 1712 3789 scri-

104 3814 211 3881 pta
239 3808 307 3866 ab
336 3809 547 3884 origine
576 3812 771 3871 mundi
802 3811 863 3871 in
889 3813 1034 3875 libro
1062 3817 1230 3893 Agni,
1262 3820 1358 3895 qui
1395 3838 1496 3897 pro
1516 3839 1710 3882 eorum

105 3898 295 3956 salute
322 3900 538 3959 occisus
566 3910 666 3964 est.

187 3988 372 4062 (Vers.
402 3990 513 4065 10.)
553 3993 657 4062 Qui
682 3992 742 4052 in
767 3995 1126 4070 captivitatem
1172 3999 1410 4070 duxerit,
1446 4001 1505 4059 in
1534 4003 1715 4076 capti-

103 4079 326 4136 vitatem
354 4081 544 4141 vadit:
587 4085 754 4157 quiin
795 4089 976 4161 gladio
1031 4092 1296 4164 occiderit,
1350 4101 1555 4169 oportet
1597 4114 1715 4153 eum

101 4170 297 4244 gladio
323 4171 507 4231 occidi.
539 4173 674 4233 Anti
690 4175 930 4236 christus
950 4180 1045 4254 qui
1066 4183 1330 4255 populum
1347 4185 1712 4246 christianum

103 4277 143 4317 a
171 4258 429 4318 Creatore
458 4278 558 4320 suo
588 4266 908 4338 captivabit,
938 4268 1055 4341 ipse
1083 4286 1116 4326 a
1143 4274 1397 4343 praesenti
1422 4275 1541 4333 vita
1577 4293 1717 4351 cap-

101 4349 403 4422 tivabitur,
436 4360 490 4409 et
518 4352 579 4411 in
615 4356 895 4414 infernum
926 4357 1286 4420 detrudetur:
1320 4370 1373 4419 et
1419 4363 1547 4437 quia
1596 4349 1714 4439 gla-

102 4439 207 4497 dio
240 4440 466 4498 malitiae
495 4460 607 4501 sum
637 4448 937 4504 multorum
960 4448 1174 4506 animas
1203 4459 1594 4525 perempturus
1634 4470 1718 4519 est

102 4528 407 4605 gladioque
460 4537 733 4608 corporali
782 4537 1059 4609 jnstornm
1120 4555 1350 4613 corpora
1406 4543 1711 4618 occisurus,

98 4618 230 4691 ipse
262 4618 443 4692 gladio
486 4625 682 4685 mortis
725 4634 1000 4701 perpetuas
1029 4629 1401 4690 damnabitur.
1449 4658 1468 4683 ι
1498 4633 1599 4693 Hic
1631 4645 1715 4695 est

97 4718 381 4792 patientia
412 4718 530 4794 (25)
557 4729 611 4778 et
634 4721 770 4780 ﬁdes
800 4732 1135 4796 sanctorum,
1165 4751 1185 4775 ι
1230 4726 1289 4783 id
1317 4736 1418 4800 est,
1450 4731 1717 4804 patientia

97 4816 162 4867 et
212 4809 352 4868 ﬁdes
398 4821 715 4873 sanctorum
752 4816 812 4874 in
867 4817 1338 4893 persecutionibus
1380 4821 1713 4883 Antichristi

95 4919 231 4962 com
240 4905 583 4977 probabitur.

181 5004 368 5079 (Vers.
404 5008 518 5082 11.)
551 5010 627 5066 Et
653 5006 765 5066 vidi
800 5009 968 5067 aliam
1009 5010 1220 5069 bestiam
1267 5014 1623 5072 ascendentem
1652 5013 1715 5073 de

92 5100 281 5161 terra,
302 5095 570 5153 habentem
616 5115 819 5157 cornua
865 5100 970 5156 duo
1016 5101 1222 5159 similia
1271 5103 1433 5177 Agni,
1463 5112 1511 5162 et
1542 5106 1713 5177 loque-

94 5188 271 5246 batur
307 5187 440 5244 sicut
485 5188 669 5247 draco.
699 5192 825 5249 Haac
870 5191 1044 5249 bestia
1071 5201 1165 5251 aut
1217 5211 1392 5253 unum
1434 5213 1505 5254 ex
1551 5196 1712 5256 disci-

92 5276 258 5351 pulis
285 5277 624 5337 Antichristi
678 5279 926 5354 designat
981 5282 1307 5343 deteriorem
1354 5286 1585 5357 caeteris,
1617 5296 1712 5345 aut

94 5370 338 5439 multos,
374 5370 469 5442 qui
516 5387 645 5429 eum
671 5373 1021 5446 praedicaturi
1090 5384 1237 5435 sunt.
1292 5377 1423 5447 Quae
1461 5378 1527 5436 de
1567 5386 1710 5437 terra

90 5457 425 5518 ascendisse
448 5460 571 5519 visa
599 5471 715 5534 est;
748 5465 878 5540 quia
920 5465 989 5524 de
1035 5466 1293 5526 societate
1349 5468 1706 5543 reproborum

176 5575 418 5662 (23)_Ita
446 5595 622 5652 mss.;
663 5581 796 5643 edit.
854 5599 1008 5657 vero,
1053 5585 1192 5644 nihil
1230 5586 1385 5662 pejus
1427 5588 1549 5660 erit,
1581 5596 1709 5648 tan-

92 5656 521 5796 ιωῗέῶῗωιὲἀὶιη
566 5732 614 5783 et
641 5725 1030 5793 dealbabuntur
1049 5728 1301 5807 plurimi,
1335 5750 1465 5796 mss.
1498 5742 1704 5808 autem,

437 5821 679 5885 Panos.
719 5827 900 5888 XVII.

1743 4595 1790 4654 D

1820 3291 1881 3348 in
1911 3293 2150 3363 occulto,
2179 3303 2435 3352 sanantes
2464 3296 2523 3353 in
2552 3303 2757 3369 aperto.
2786 3296 2893 3355 Sed
2920 3306 2974 3355 et
2998 3298 3113 3371 ipse
3142 3297 3426 3355 Antichri-

1821 3390 1937 3438 stus
1966 3382 2024 3441 in
2056 3389 2208 3441 tanta
2228 3384 2480 3443 claritate
2500 3401 2557 3442 se
2576 3385 2901 3444 hominibus
2920 3386 3341 3459 demonstrabit,
3362 3396 3428 3446 ut

1821 3469 1888 3527 ab
1918 3470 2314 3545 insipientibus
2345 3474 2600 3532 credatur
2626 3478 2795 3547 Deus,
2826 3478 2969 3536 sicut
3004 3477 3143 3537 dicit
3177 3479 3426 3553 Aposto-

1820 3559 1951 3618 lus:
2003 3584 2022 3610 ι
2053 3561 2135 3619 Ita
2164 3570 2228 3619 ut
2275 3563 2336 3620 in
2374 3566 2580 3642 templo
2623 3565 2825 3640 sedeat,
2866 3567 3160 3628 ostendens
3202 3585 3259 3627 se
3305 3575 3424 3627 tan-

1822 3666 1986 3725 quam
2016 3651 2090 3709 sit
2122 3653 2270 3712 Deus
2310 3655 2473 3728 (Ibid.
2505 3655 2585 3731 4).
2619 3679 2638 3705 ι

1897 3750 2080 3825 (Vers.
2117 3752 2231 3827 13.)
2261 3755 2341 3811 Et
2363 3753 2487 3827 fecit
2516 3761 2737 3828 terram,
2766 3763 2816 3815 et
2852 3758 3204 3818 inhabitantes
3240 3760 3298 3820 in
3338 3779 3422 3832 ea,

1820 3841 2055 3900 adorare
2121 3842 2339 3901 bestiam
2392 3846 2652 3918 primam,
2695 3847 2847 3919 cujus
2891 3856 3081 3908 curata
3139 3854 3423 3926 est'plaga

1821 3932 2027 3990 mortis.
2057 3933 2132 3989 Et
2152 3931 2278 4004 fecit
2322 3933 2478 4004 signa
2506 3952 2719 4009 magna,
2751 3935 2829 3993 ita
2857 3943 2919 3994 ut
2946 3939 3107 3995 etiam
3128 3938 3298 4012 ignem
3323 3941 3424 4012 fa—

1821 4028 1957 4077 ceret
1981 4021 2044 4076 de
2087 4021 2213 4077 caelo
2250 4022 2553 4079 descendere
2579 4024 2637 4079 in
2679 4031 2878 4082 terram
2917 4026 2975 4081 in
3019 4035 3290 4102 conspectu
3317 4031 3423 4088 ho-

1821 4109 2044 4167 minum.
2076 4109 2333 4183 Legimus
2354 4111 2411 4167 in
2429 4110 2574 4170 libro
2601 4112 2704 4169 Job
2731 4112 3015 4175 diabolum
3048 4132 3117 4175 ex
3146 4119 3420 4192 permissi-

1823 4218 1927 4259 one
1956 4199 2057 4258 Dei
2087 4200 2271 4274 ignem
2318 4201 2513 4261 fecisse
2541 4204 2609 4262 de
2651 4206 2791 4264 oculo
2826 4207 3177 4282 descendere,
3208 4219 3263 4270 et
3289 4230 3422 4273 oves

1822 4291 1924 4348 Job
1955 4304 2261 4365 puerosque
2308 4294 2710 4368 consumpsisse
2738 4296 2858 4370 (Job
2889 4316 2928 4370 ι,
2958 4299 3071 4374 16).
3105 4300 3263 4370 Quod
3292 4320 3421 4379 ergo

1824 4381 1943 4439 illic
1975 4397 2072 4454 per
2095 4381 2452 4456 semetipsum
2486 4383 2637 4457 fecit,
2667 4386 2773 4445 hoc
2800 4404 2897 4462 per
2929 4391 3337 4452 Antichristum
3366 4404 3422 4454 et

1824 4485 2080 4545 sequaces
2109 4469 2227 4544 ejus
2256 4479 2504 4531 extremo
2532 4483 2777 4551 tempore
2805 4478 2989 4539 faciet.

1899 4560 2080 4633 (Vers.
2125 4560 2210 4618 14.
2244 4561 2347 4635 )Εε
2388 4564 2601 4623 seduxit
2637 4568 2928 4625 habitantes
2968 4574 3165 4628 terram
3199 4579 3421 4645 propter

1820 4649 1991 4721 signa,
2022 4666 2138 4722 quae
2164 4652 2295 4709 data
2336 4660 2460 4709 sunt
2501 4654 2588 4711 illi
2626 4655 2804 4728 facere
2838 4658 2897 4713 in
2925 4667 3196 4733 conspectu
3226 4663 3415 4721 bestiae.

1820 4738 1973 4795 Nihil
2003 4749 2085 4798 est
2104 4741 2250 4815 quod
2270 4742 2351 4800 sic
2378 4744 2603 4801 seducat
2626 4745 2904 4818 simplices
2942 4765 3212 4824 quosque,
3231 4767 3417 4826 quem-

1821 4826 2119 4886 admodum
2176 4830 2459 4903 signorum
2510 4832 2926 4892 demonstratio.
2971 4838 3208 4914 Ideoque
3254 4841 3417 4899 mini-

1821 4915 1921 4972 stri
1945 4917 2277 4976 Antichristi
2304 4926 2526 4993 propter
2552 4920 2836 4995 signorum
2857 4928 3232 5000 operationem
3254 4932 3417 4992 facile

1820 5021 2116 5079 stultorum
2141 5022 2559 5082 multitudinem
2591 5026 2886 5102 decipient.
2915 5031 3105 5089 Dicens
3133 5025 3278 5086 552
3307 5035 3417 5094 ha-

1822 5111 2106 5168 bitantibus
2133 5111 2191 5168 in
2221 5118 2386 5181 terra,
2425 5121 2487 5171 ut
2511 5114 2720 5189 faciant
2758 5119 3039 5195 imaginem
3083 5123 3273 5196 bestias,
3299 5143 3417 5199 qua:

1819 5201 1970 5258 habet
1991 5202 2209 5276 plagam
2231 5203 2422 5276 gladii,
2457 5210 2507 5260 et
2536 5207 2720 5275 vixit;
2752 5209 3031 5283 videlicet,
3061 5220 3125 5271 ut
3173 5214 3232 5272 in
3279 5217 3412 5275 ima-

1819 5289 2040 5364 ginibus
2067 5290 2445 5351 Antichristus
2474 5293 2749 5355 adoretur.
2783 5298 2939 5369 Quod
2968 5311 3150 5360 autem
3179 5304 3439 5363 bestiam,

1818 5382 2031 5456 plagam
2061 5383 2228 5457 gladii
2258 5381 2516 5444 habuisse
2543 5385 2711 5461 dixit,
2742 5396 2795 5447 et
2823 5391 3051 5465 vixisse,
3081 5403 3262 5467 potest
3290 5394 3410 5452 ﬁeri
3436 5388 3445 5400 ’

1816 5483 1879 5534 ut
1919 5484 2033 5535 arte
2070 5476 2343 5538 diabolica
2386 5479 2558 5556 ﬁngat
2610 5499 2668 5541 se
2720 5483 3099 5546 Antichristus
3155 5486 3299 5547 mori
3356 5494 3411 5543 et

1816 5599 1864 5652 et
1889 5594 2294 5671 dealbqbuntur,
2312 5603 2362 5655 et
2384 5599 2540 5671 quasi
2563 5616 2781 5671 aurum,
2803 5608 2908 5661 etc.

1887 5668 2007 5742 (25)
2039 5668 2225 5730 Codex
2253 5668 2433 5741 Gem},
2469 5672 2568 5728 Hie
2594 5668 2855 5744 sapientia
2887 5679 2982 5745 est,
3012 5681 3120 5735 etc.

3018 5842 3082 5899 3|
