3902 6198
513 358 619 416 975

1521 354 1616 408 AD
1655 351 1889 408 OPERA
1928 351 1982 406 S.
2021 349 2348 409 AMBROSII
2389 347 2763 404 APPENDIX.

515 481 843 555 coinquinati
872 499 893 548 ;
920 479 1150 553 virgines
1187 480 1323 534 enim
1361 485 1502 535 sunt.
1544 478 1646 532 llic
1676 493 1895 532 rursum
1935 475 2112 530 oritur
2145 479 2194 536 Α
2225 474 2655 530 misericordiam
2713 489 2864 529 suam
2923 472 3246 528 auferendo.
3311 470 3662 540 Sequuntur
3727 485 3830 524 vere

525 571 758 646 quaestio
786 589 800 639 ;
835 587 962 626 nam
992 570 1038 625 si
1068 569 1126 624 in
1161 569 1256 624 illa
1285 564 1624 623 beatitudine
1650 564 1858 622 diversi
1898 563 2118 620 ordines

525 670 674 731 sunt,
721 670 783 718 ut
833 668 962 716 sunt
1001 657 1257 730 apostoli,
1316 663 1606 728 martyres,
1658 656 2015 724 confessores,
2065 662 2118 711 et

521 753 810 826 virgines;
853 749 1129 822 quomodo
1172 762 1361 803 omnes
1409 756 1721 804 sanctorum
1755 746 1952 802 animae
1994 744 2119 800 vir—

522 841 678 912 gines
716 855 830 895 esse
859 839 1141 905 dicuntur,
1175 843 1229 892 et
1259 835 1317 891 in
1355 843 1571 893 tantum
1613 836 1875 908 virgines,
1901 844 1962 892 ut
1990 851 2118 891 cum

523 931 856 988 mulieribus
883 927 1255 1002 coinquinatae
1287 945 1396 984 non
1429 929 1597 984 fuisse
1633 929 1889 985 dicantur
1918 928 1945 983 ‘I
1973 928 2044 982 Et
2071 925 2118 982 si

523 1038 715 1078 verum
741 1029 823 1078 est
846 1020 992 1094 quod
1015 1019 1284 1076 Dominus
1309 1019 1465 1088 dicit,
1509 1019 1621 1075 imo
1644 1035 1836 1075 verum
1866 1025 1968 1085 est,
1992 1017 2121 1089 quia

527 1127 639 1167 non
681 1118 862 1182 potest
891 1110 1011 1166 ﬁeri
1041 1117 1103 1165 ut
1130 1111 1276 1166 Deus
1304 1109 1604 1164 mentiatur
1637 1125 1649 1165 :
1714 1132 1734 1157 ι
1769 1107 1874 1176 Qui
1917 1106 2120 1162 viderit

523 1202 815 1259 mulierem
845 1201 914 1258 ad
942 1200 1442 1274 concupiscendum
1489 1215 1630 1269 eam,
1671 1198 1786 1272 jam
1817 1197 2121 1255 moechatus

525 1299 608 1350 est
645 1307 763 1348 eam
804 1291 864 1348 in
911 1290 1076 1348 corde
1118 1307 1217 1347 suo
1250 1290 1464 1362 (Matth.
1515 1306 1572 1357 v,
1604 1287 1722 1358 28),
1771 1312 1791 1337 ι
1845 1286 2120 1360 quomodo

525 1398 720 1439 omnes
747 1389 1066 1438 sanctorum
1116 1378 1314 1439 animae
1361 1379 1420 1435 in
1461 1383 1580 1434 toto
1614 1375 1793 1450 spatio
1830 1376 1959 1431 vitae
1989 1391 2122 1448 pra:-

525 1471 699 1531 sentis
746 1470 815 1527 ab
857 1468 1243 1543 inquinatione
1282 1467 1581 1525 mulierum
1614 1465 1833 1523 mundae
1871 1481 1985 1521 esse
2014 1481 2122 1536 po-

527 1570 758 1621 tuerunt
785 1561 814 1618 ?
842 1559 1211 1629 Quaerendum
1257 1575 1386 1631 ergo
1415 1556 1575 1613 nobis
1604 1565 1686 1612 est
1714 1554 1989 1629 quomodo
2018 1553 2124 1609 hoc

524 1651 948 1725 intelligendum
977 1650 1050 1707 sit
1082 1667 1098 1718 ;
1140 1648 1302 1706 multi
1357 1647 1559 1722 quippe
1589 1647 1812 1702 fuerunt
1838 1654 1961 1702 ante
1989 1641 2122 1716 bap-

529 1738 756 1795 tismum
805 1733 1044 1792 adulteri
1093 1740 1149 1790 et
1195 1730 1576 1799 fornicatores,
1609 1729 1706 1786 sed
1744 1729 1803 1784 in
1843 1727 2122 1786 Christum

530 1825 835 1893 credentes,
904 1830 1066 1896 atque
1130 1821 1199 1879 de
1259 1820 1499 1895 peccatis
1562 1819 1678 1878 suis
1745 1816 2122 1892 paenitentiam
2152 1852 2198 1912 B

525 1923 765 1989 agentes,
815 1913 1132 1986 fontemque
1175 1909 1526 1984 baptismatis
1571 1916 1906 1982 expetentes,
1951 1905 2125 1980 quid-

527 2007 663 2082 quid
700 2006 761 2064 in
803 2005 882 2063 eis
915 2003 1204 2063 sordidum
1233 2004 1360 2073 fuit,
1392 2019 1488 2076 per
1520 2000 1756 2075 Spiritus
1793 1999 1970 2057 sancti
2009 2015 2122 2072 gra-

526 2099 658 2156 tiam
698 2097 855 2172 aquis
896 2095 1244 2170 baptismatis
1291 2094 1534 2152 deletum
1577 2100 1703 2150 est:
1735 2091 1831 2165 qui
1877 2090 1936 2146 in
1976 2089 2123 2146 bono

526 2187 675 2264 quod
723 2187 783 2244 in
831 2186 1023 2244 eodem
1071 2185 1398 2258 baptismate
1425 2183 1818 2256 promiserunt,
1849 2195 2022 2253 usque
2063 2179 2120 2234 in

525 2279 692 2334 ﬁnem
723 2276 854 2333 vitae
885 2284 1314 2350 perseverantes,
1349 2274 1606 2332 veniente
1653 2272 1912 2339 Domino,
1940 2277 2003 2326 ut
2031 2285 2125 2325 eos

523 2383 620 2441 per
649 2375 882 2423 mortem
909 2367 977 2424 ab
1005 2367 1108 2424 hac
1138 2375 1358 2424 terrena
1386 2363 1728 2420 habitatione
1755 2359 2119 2428 subtraheret,

522 2474 713 2516 eorum
743 2457 939 2514 animas
969 2456 1234 2528 virgines,
1265 2454 1322 2510 id
1352 2464 1454 2524 est,
1485 2453 1731 2525 integrae,
1781 2457 1836 2507 et
1873 2448 1940 2506 ab
1969 2448 2122 2504 omni

521 2547 878 2620 corruptione
902 2546 1168 2603 vitiorum
1188 2545 1406 2602 munda:
1428 2544 1668 2600 inventae
1699 2547 1848 2600 sunt.
1880 2541 2117 2595 Istorum

521 2657 650 2714 ergo
693 2638 890 2696 animai
935 2637 1060 2711 jure
1109 2637 1354 2710 virgines
1401 2642 1714 2702 vocantur;
1757 2631 1886 2705 quia
1931 2643 2120 2686 eorum

519 2730 705 2788 omnis
749 2728 1032 2802 corruptio
1071 2727 1230 2800 aquis
1275 2725 1642 2799 baptismatis,
1688 2722 1958 2794 bonisque
1997 2735 2121 2791 ope-

519 2819 675 2876 ribus
722 2819 902 2875 deleta
949 2825 1050 2874 est.
1092 2818 1338 2873 Fuerunt
1381 2815 1546 2871 etiam
1594 2812 1778 2880 multi,
1854 2810 1951 2883 qui
1999 2815 2122 2881 post

520 2908 856 2981 baptismum
908 2907 1085 2963 multa
1134 2907 1338 2963 scelera
1393 2903 1806 2969 commiserunt,
1858 2898 1953 2955 sed
1994 2914 2119 2954 cum

524 3013 620 3070 per
647 2995 1028 3069 paenitentiam
1074 3003 1129 3050 et
1177 2995 1446 3066 lacrymas
1497 2999 1658 3063 atque
1688 3006 1784 3062 per
1814 2985 2120 3042 misericor-

522 3086 693 3156 diam,
725 3085 1042 3158 cmterisque
1076 3084 1239 3140 bonis
1276 3082 1533 3157 operibus
1574 3081 1782 3135 malum
1831 3076 1978 3150 quod
2008 3091 2121 3148 ges-

523 3183 734 3245 serunt,
769 3175 951 3232 delere
977 3173 1312 3242 studuerint,
1345 3179 1399 3228 et
1423 3172 1482 3228 in
1520 3169 1666 3226 bono
1691 3166 1972 3240 proposito
2003 3180 2120 3237 per-

518 3265 924 3335 severaverint,
954 3265 1194 3322 Domino
1237 3261 1513 3330 veniente,
1546 3275 1735 3316 eorum
1765 3256 1964 3313 animae
1993 3253 2120 3310 vir-

523 3354 676 3428 gines
707 3365 935 3427 repertas
962 3361 1092 3411 sunt
1119 3372 1133 3422 ;
1167 3353 1298 3427 quia
1325 3350 1596 3426 quidquid
1618 3349 1676 3405 in
1696 3347 1775 3404 eis
1804 3345 1912 3402 fuit
1940 3359 2122 3415 repro-

521 3441 679 3510 bum,
736 3441 1024 3500 charitatis
1070 3440 1328 3497 remediis
1374 3449 1458 3497 est
1512 3445 1825 3512 purgatum.
1877 3435 2122 3490 Fuerunt

525 3536 580 3584 et
608 3525 909 3598 conjugati,
957 3527 1054 3600 qui
1094 3529 1273 3584 Deum
1312 3534 1430 3583 tota
1469 3533 1616 3590 554
1661 3527 1868 3582 virtute
1917 3521 2123 3578 dilexe-

525 3629 678 3690 runt,
708 3628 873 3694 atque
901 3620 961 3677 in
990 3621 1294 3680 virtutibus
1336 3623 1511 3679 vitam
1538 3622 1738 3678 ducere
1767 3618 2119 3677 studuerunt.

526 3709 762 3766 Istorum
809 3708 982 3782 igitur
1034 3709 1234 3767 animae
1292 3717 1439 3769 recte
1491 3709 1736 3782 virgines
1790 3716 2058 3766 vocantur
2107 3726 2121 3778 ;

525 3802 657 3876 quia
709 3801 757 3859 si
805 3817 942 3876 quas
993 3800 1180 3859 sordes
1229 3817 1300 3859 ex
1351 3801 1747 3877 conjunctione
1792 3799 2123 3857 feminarum

526 3901 838 3965 traxerunt,
870 3892 1033 3950 bonis
1059 3893 1319 3968 operibus
1347 3892 1589 3951 deletum
1633 3899 1735 3950 est.
1766 3891 2034 3951 Similiter
2058 3890 2126 3948 de

525 3985 739 4044 caeteris
762 3984 1052 4043 ordinibus
1075 3984 1191 4059 (30)
1219 3982 1642 4059 intelligendum
1671 3991 1772 4041 est.

601 4093 900 4152 Possumus
929 4094 1094 4153 etiam
1127 4109 1223 4168 per
1270 4095 1531 4152 mulieres
1555 4107 1784 4168 corpora
1811 4097 2126 4150 sanctorum

531 4179 859 4254 intelligere,
892 4201 990 4257 per
1017 4183 1168 4242 viros
1197 4193 1382 4242 autem
1412 4185 1623 4242 animas
1655 4201 1668 4252 ;
1713 4184 1843 4257 quia
1871 4182 2015 4238 sicut
2042 4180 2130 4236 vir

530 4275 586 4328 et
614 4272 818 4328 mulier
848 4288 960 4328 una
984 4290 1111 4331 caro
1141 4285 1411 4332 vocantur
1440 4275 1596 4348 (Gen.
1617 4291 1681 4345 ιι,
1703 4273 1819 4345 24),
1843 4272 1919 4329 ita
1933 4287 2131 4343 corpus

532 4368 590 4417 et
631 4359 816 4416 anima
853 4376 999 4417 unus
1037 4361 1204 4419 homo
1251 4381 1263 4421 :
1318 4373 1373 4420 et
1411 4362 1875 4436 quemadmodum
1924 4361 2131 4418 femina

533 4447 770 4507 inferior
815 4459 897 4506 est
949 4451 1093 4522 viro,
1154 4452 1386 4526 ideoque
1433 4470 1653 4511 necesse
1712 4460 1794 4510 est
1835 4460 1897 4508 ut
1937 4469 1969 4507 a
2007 4451 2130 4507 viro

532 4548 774 4615 regatur,
804 4539 1031 4615 ejusque
1059 4541 1493 4599 dominationem
1515 4543 1788 4616 perferat;
1821 4543 1899 4598 ita
1931 4558 2129 4613 corpus

531 4632 712 4690 multo
740 4630 976 4688 inferius
1004 4640 1087 4688 est
1114 4648 1277 4705 quam
1319 4631 1521 4702 anima,
1555 4642 1609 4690 et
1648 4631 1771 4689 ideo
1800 4646 2019 4688 necesse
2049 4638 2130 4688 est
2161 4605 2209 4664 D

532 4731 599 4781 ut
627 4739 660 4780 a
691 4723 892 4797 spiritu
921 4731 1141 4797 regatur
1175 4731 1338 4797 atque
1381 4723 1654 4792 demetur,
1703 4721 1927 4796 ejusque
1975 4723 2131 4780 desi-

529 4814 684 4872 deria
722 4814 1069 4888 frangantur.
1115 4813 1274 4882 Quod
1309 4813 1438 4887 quia
1475 4813 1651 4872 sancti
1692 4813 1869 4870 facere
1913 4813 2133 4871 studue-

531 4911 683 4972 runt,
733 4920 846 4960 non
885 4913 1016 4961 sunt
1057 4903 1401 4978 coinquinati
1431 4921 1558 4962 cum
1588 4903 1913 4960 mulieribus
1945 4921 1960 4972 ;
2005 4904 2136 4977 quia

532 5008 604 5050 ex
644 4992 1039 5064 conjunctione
1069 5010 1362 5067 corporum
1393 4995 1575 5051 nullas
1604 4994 1790 5052 sordes
1822 4999 2130 5063 traxerunt,

531 5096 602 5138 ex
655 5081 856 5154 quibus
899 5085 1077 5140 Deum
1119 5083 1289 5140 nimis
1338 5083 1696 5141 offenderent.
1745 5083 1796 5140 Ii
1846 5089 2136 5154 sequuntur

524 5171 741 5244 Agnum
778 5181 1088 5244 quocunque
1145 5171 1355 5230 abierit.
1405 5173 1525 5241 Quo
1566 5173 1739 5242 vadit,
1796 5173 1892 5245 qui
1950 5171 2136 5228 omnia

530 5260 746 5336 implet,
783 5269 839 5321 et
885 5270 1036 5320 totus
1085 5261 1292 5336 ubique
1336 5270 1417 5320 est
1456 5264 1484 5320 ‘i
1520 5263 1628 5321 Sed
1671 5262 2134 5337 quemadmodum

529 5352 721 5424 vadat,
749 5353 1049 5425 Apostolus
1077 5351 1239 5410 docet
1281 5351 1472 5411 dicens
1503 5370 1514 5410 :
1573 5378 1592 5403 ι
1621 5353 1725 5412 Cui
1765 5354 1886 5409 vult
1914 5353 2135 5409 misere-

527 5445 644 5512 tur,
687 5451 741 5500 et
775 5458 938 5517 quem
968 5443 1093 5500 vult
1135 5441 1361 5501 indurat
1396 5441 1572 5514 (Rom.
1625 5460 1705 5512 rx,
1750 5443 1865 5515 18).
1908 5467 1927 5492 ι
1968 5441 2135 5500 Vadit

532 5529 719 5607 itaque
745 5533 894 5592 Deus
937 5532 1250 5591 miserendo
1280 5531 1634 5608 quibusdam,
1663 5539 1717 5591 et
1743 5548 1776 5589 a
1804 5531 2134 5606 quibusdam

2227 563 2422 632 sancti,
2472 563 2601 636 quia
2647 563 2845 635 quibus
2890 563 2982 617 ille
3024 559 3484 617 misericordiam
3535 575 3702 614 suam
3747 559 3834 615 lar-

2229 651 2394 725 gitur,
2425 652 2735 723 largiuntur
2756 651 2939 718 etilli;
2975 657 3027 706 et
3055 668 3086 706 a
3113 650 3324 723 quibus
3345 646 3628 714 abscidit,

2227 741 2368 798 dunt
2396 749 2450 798 et
2478 742 2583 799 illi.
2613 743 2727 798 Hoc
2748 741 2814 797 de
2834 740 3019 798 electis
3041 741 3269 796 interra
3301 738 3518 812 positis
3549 737 3834 808 intelligere

2229 851 2339 890 non
2370 851 2690 906 possumus;
2737 848 2874 905 saepe
2903 831 3050 887 enim
3080 831 3426 887 miserentur
3457 827 3683 902 quibus
3721 829 3834 883 Deus

2229 941 2340 980 non
2370 924 2679 991 miseretur,
2709 923 2849 979 sicut
2871 921 3086 978 Samuel
3106 922 3204 994 qui
3227 920 3460 993 lugebat
3487 919 3630 974 Saul
3663 919 3721 989 (Ι
3740 920 3834 989 Rig.

2228 1032 2324 1083 xv,
2349 1015 2464 1086 35),
2488 1029 2647 1087 quem
2676 1015 2821 1069 Deus
2848 1009 3147 1085 projecerat
3173 1028 3206 1066 a
3236 1011 3379 1067 facie
3414 1027 3526 1066 sua
3552 1028 3565 1065 :
3594 1008 3837 1082 quosdam

2229 1105 2392 1161 etiam
2423 1104 2594 1160 sancti
2626 1104 2888 1187 damnare
2935 1103 3150 1168 volunt,
3187 1099 3398 1174 quibus
3432 1101 3595 1156 Deus
3647 1096 3842 1152 misere-

2229 1203 2340 1263 tur,
2371 1195 2515 1250 sicut
2541 1186 2726 1261 Jonas,
2767 1192 2865 1265 qui
2915 1190 3264 1264 cupiehat'ut
3292 1187 3586 1245 Ninivitee
3619 1186 3841 1243 deleren-

2228 1291 2321 1340 tur
2352 1283 2497 1356 (Jon.
2544 1301 2620 1351 1v,
2655 1282 2736 1354 3),
2778 1298 2916 1354 quos
2965 1282 3108 1337 Deus
3151 1279 3369 1336 salvere
3419 1277 3780 1334 decreverat.
3806 1278 3840 1333 Π

2229 1374 2385 1446 empti
2435 1378 2557 1428 sunt
2601 1389 2666 1427 ea:
2723 1371 2962 1426 omnibus
2999 1370 3256 1442 primitiae
3298 1369 3415 1425 Deo
3468 1373 3524 1422 et
3579 1367 3757 1438 Agna.
3796 1365 3838 1421 In

2232 1465 2347 1536 lege
2395 1472 2726 1537 praeceptum
2765 1471 2848 1518 est
2875 1471 2936 1518 ut
2964 1460 3226 1534 primitiae
3256 1458 3491 1530 frugum
3527 1457 3842 1513 offerrentur

2232 1556 2345 1610 Deo
2375 1555 2578 1624 (Exod.
2612 1570 2753 1622 xxn,
2786 1551 2876 1624 29)
2914 1569 2927 1607 :
2962 1568 3056 1623 per
3088 1549 3365 1624 primitias
3400 1548 3674 1620 frugum,
3705 1548 3841 1603 electi

2232 1643 2626 1717 designantur;
2677 1659 2802 1699 nam
2852 1641 2996 1699 sicut
3034 1658 3104 1696 ex
3143 1637 3523 1695 multitudine
3575 1637 3839 1694 fructuum

2233 1753 2414 1810 parvae
2445 1735 2705 1809 primitiae
2730 1736 2845 1790 Deo
2878 1731 3265 1799 offerebantur,
3296 1729 3378 1786 ita
3407 1736 3466 1785 et
3497 1744 3580 1784 ex
3612 1729 3838 1784 multitu-

2233 1825 2362 1882 dine
2391 1825 2723 1898 populorum
2754 1839 2956 1896 parvus
2981 1837 3245 1878 numerus
3265 1820 3595 1877 electorum
3615 1817 3836 1890 eligitur,

2232 1916 2328 1990 qui
2357 1913 2424 1971 ab
2457 1914 2668 1986 angelis
2698 1914 2813 1969 Deo
2853 1911 2911 1968 in
2945 1911 3148 1984 templo
3181 1909 3373 1982 gloriae
3404 1907 3664 1965 caelestis
3690 1908 3838 1964 offer-

2231 2014 2342 2074 tur,
2385 2003 2530 2060 sicut
2569 2001 2840 2059 Dominus
2895 1999 3030 2057 dicit
3085 1998 3143 2055 in
3198 1997 3521 2070 Evangelia
3570 2016 3585 2055 :
3641 2021 3663 2046 ι
3698 1996 3834 2053 ΜειΙή

2230 2097 2377 2154 enim
2401 2102 2532 2152 sunt
2547 2094 2753 2160 vocati,
2767 2092 2924 2166 pauci
2947 2108 3077 2148 vero
3094 2089 3253 2146 electi
3277 2089 3506 2162 (Matth.
3523 2087 3824 2161 11:11,“).-

2229 2186 2416 2244 Sancti
2447 2202 2575 2258 ergo
2605 2183 2980 2258 primitiarum
3025 2196 3176 2236 more
3224 2195 3297 2235 ex
3340 2177 3689 2235 hominibus
3727 2187 3834 2234 sunt

2231 2275 2516 2350 assumpti,
2550 2283 2603 2331 et
2633 2275 2692 2330 in
2722 2273 2932 2332 caelesti
2958 2270 3302 2331 beatitudine
3340 2270 3643 2328 collocati.

2305 2367 2485 2440 (Vers.
2518 2367 2598 2438 5.)
2631 2367 2704 2422 Et
2741 2365 2798 2420 in
2822 2382 2912 2421 ore
2940 2380 3121 2420 eorum
3155 2379 3263 2418 non
3291 2369 3370 2418 est
3403 2360 3694 2417 inventum
3721 2377 3833 2415 M-

2231 2458 2462 2513 dacium.
2503 2455 2676 2514 Valde
2707 2454 2932 2512 diﬂicile
2961 2469 3076 2510 esse
3115 2452 3359 2521 videtur,
3395 2452 3560 2526 quod
3608 2451 3827 2516 dicitur;

2231 2553 2359 2602 sunt
2387 2545 2588 2619 quippe
2618 2544 2865 2618 quaedam
2916 2542 3201 2600 mendacia
3246 2541 3413 2598 valde
3462 2541 3693 2614 gravia,
3728 2550 3829 2597 sunt

2230 2636 2338 2691 alia
2391 2653 2510 2710 quae
2565 2634 2709 2690 inter
2767 2634 2912 2690 levia
2955 2640 3174 2706 peccata
3230 2631 3562 2704 deputanda
3622 2641 3768 2699 sunt,
3808 2647 3830 2684 ι

2231 2725 2433 2799 quibus
2482 2724 2687 2781 nostris
2733 2723 3076 2797 temporibus
3115 2721 3299 2778 nescio
3347 2721 3396 2777 si
3445 2722 3668 2795 aliquis
3705 2721 3830 2778 omni

2230 2823 2478 2888 tempore
2545 2815 2675 2869 vitae
2733 2830 2844 2869 suae
2903 2811 3179 2867 abstinere
3237 2810 3437 2883 possit,
3499 2811 3623 2866 nisi
3693 2810 3832 2866 fuerit

2230 2904 2431 2972 infans,
2466 2903 2561 2977 qui
2609 2902 2762 2976 loqui
2795 2901 3028 2972 ignorat.
3061 2901 3183 2957 Non
3230 2900 3419 2972 itaque
3469 2899 3545 2955 de
3599 2900 3835 2956 omnibus

2233 2993 2534 3052 mendaciis
2566 2993 2670 3048 hoc
2697 2992 2909 3049 dictum
2957 3008 3074 3048 esse
3120 2989 3260 3045 mihi
3309 2989 3548 3046 videtur
3595 3009 3610 3046 :
3654 2991 3834 3047 sedes:

2230 3084 2580 3141 mendacium
2612 3083 2772 3139 valde
2803 3081 3210 3155 gravissimum,
3255 3097 3384 3137 cum
3434 3080 3753 3137 mentimur
3787 3095 3834 3133 ea

2231 3192 2349 3249 quae
2371 3175 2430 3230 in
2453 3173 2777 3247 baptismate
2798 3172 3174 3245 promisimus.
3199 3171 3315 3227 Hoc
3333 3187 3469 3242 ergo
3491 3169 3831 3227 mendacium

2232 3267 2290 3324 in
2320 3285 2412 3324 ore
2437 3273 2750 3323 sanctorum
2781 3279 2893 3319 non
2919 3269 3001 3318 est
3031 3262 3321 3319 inventum
3347 3280 3360 3331 ;
3395 3262 3538 3335 quia
3571 3262 3683 3319 hoc
3710 3257 3834 3334 quod

2233 3357 2293 3414 in
2340 3356 2671 3432 baptismate
2717 3353 3112 3428 promiserunt,
3163 3369 3338 3426 usque
3386 3353 3450 3408 in
3498 3352 3679 3408 ﬁnem
3725 3351 3834 3406 vita

2233 3466 2450 3506 servare
2496 3446 2849 3504 studuerunt.
2898 3445 2970 3500 Et
3009 3444 3056 3500 si
3102 3443 3327 3499 fuerunt
3355 3442 3541 3515 aliqui
3592 3442 3692 3516 qui
3732 3448 3831 3514 post

2232 3539 2572 3613 baptismum
2610 3538 2786 3594 multa
2819 3541 3043 3609 peccata
3087 3533 3512 3601 commiserunt,
3559 3541 3747 3589 tamen
3787 3534 3830 3588 in

2234 3647 2327 3687 ore
2357 3645 2548 3686 eorum
2579 3645 2689 3685 non
2719 3634 2800 3684 est
2833 3626 3124 3682 inventum
3153 3623 3514 3680 mendacium
3544 3643 3560 3692 ;
3598 3625 3730 3697 quia
3754 3637 3832 3695 per

2233 3719 2638 3796 paenitentiam,
2671 3716 3066 3790 charitatisque
3092 3731 3256 3787 opera
3284 3713 3503 3770 malum
3537 3713 3694 3787 quod
3740 3729 3832 3786 ges-

2236 3819 2450 3880 serunt,
2482 3817 2607 3866 ante
2654 3817 2890 3866 mortem
2917 3807 3100 3864 delere
3146 3804 3487 3861 studuerunt
3526 3822 3540 3861 :
3578 3806 3704 3862 Sine
3729 3821 3832 3859 ma-

2238 3904 2362 3958 cula
2406 3901 2543 3956 enim
2587 3905 2730 3956 sunt.
2773 3899 2845 3955 Et
2893 3896 2986 3955 hic
3016 3895 3148 3954 satis
3175 3903 3360 3968 aperte
3391 3894 3758 3962 demonstrat,
3783 3909 3830 3949 ea

2237 4009 2359 4066 quae
2391 3991 2450 4046 in
2479 3989 2582 4048 hac
2611 3989 2845 4046 lectione
2875 3986 3257 4055 continentur,
3289 4001 3403 4040 non
3429 3984 3503 4041 ad
3536 3985 3731 4043 ﬁdeles
3754 3981 3830 4056 qui

2239 4082 2296 4137 in
2343 4082 2446 4138 hac
2489 4080 2606 4137 vita
2639 4079 2910 4146 laborant,
2945 4077 3039 4133 sed
3067 4076 3137 4133 ad
3173 4091 3266 4133 eos
3312 4076 3410 4149 qui
3442 4075 3504 4131 in
3536 4074 3833 4133 coelestibus

2239 4170 2461 4228 sedibus
2507 4169 2882 4243 requiescunt,
2912 4167 3207 4240 pertinere.
3252 4165 3391 4233 Quis
3441 4165 3601 4221 enim
3649 4167 3706 4222 in
3749 4163 3834 4219 hac

2239 4264 2356 4319 vita
2401 4262 2631 4335 positus,
2679 4262 2797 4318 sine
2843 4259 3058 4317 macula
3099 4275 3214 4315 esse
3263 4265 3443 4330 potest
3473 4257 3503 4313 ?
3533 4275 3664 4314 cum
3709 4256 3832 4312 idem

2239 4353 2476 4409 Joannes
2515 4352 2663 4409 dicat
2695 4370 2707 4409 :
2754 4377 2772 4400 ‹
2802 4349 2858 4407 Si
2889 4348 3198 4407 dixerimus
3247 4345 3379 4421 quia
3418 4355 3710 4420 peccatum
3741 4361 3835 4401 non

2239 4445 2527 4514 habemus,
2557 4461 2658 4500 nos
2687 4443 2834 4516 ipsos
2875 4442 3212 4508 seducimus,
3243 4448 3299 4496 et
3343 4441 3560 4496 veritas
3595 4442 3653 4496 in
3699 4439 3837 4496 nobis

2239 4551 2352 4591 non
2387 4542 2470 4590 est
2512 4535 2569 4607 (Ι
2603 4534 2760 4589 Joan.
2806 4550 2845 4601 1,
2876 4531 2959 4604 8).
3005 4556 3024 4580 ι
3072 4531 3290 4588 Animae
3348 4548 3483 4587 vero
3538 4541 3837 4588 sanctorum

2240 4626 2358 4682 sine
2390 4624 2603 4681 macula
2645 4631 2810 4690 sunt;
2854 4623 2984 4695 quia
3011 4622 3057 4678 si
3085 4640 3223 4695 quas
3253 4621 3444 4679 sordes
3473 4639 3546 4678 ex
3579 4622 3840 4677 mundana

2242 4717 2586 4775 habitatione
2629 4723 3048 4784 contraxerunt,
3081 4724 3175 4771 aut
3220 4731 3319 4787 per
3366 4713 3758 4786 paenitentiam
3797 4719 3840 4765 et

2241 4809 2534 4881 lacrymas,
2562 4805 2956 4880 charitatisque
2987 4822 3176 4878 opera,
3206 4814 3300 4861 aut
3348 4821 3448 4877 per
3494 4803 3736 4876 ﬂagella,
3763 4808 3839 4858 aut

2241 4910 2388 4962 certe
2419 4907 2540 4973 post
2568 4907 2802 4956 mortem
2833 4899 2958 4971 igne
2987 4899 3306 4972 purgatorio
3335 4896 3532 4953 deletae
3563 4905 3722 4953 sunt.

2312 4990 2443 5048 Dixi
2473 4989 2619 5064 quod
2641 4990 2807 5046 sensi.
2830 4987 2985 5056 Quod
3008 4988 3054 5043 si
3076 4989 3201 5060 quis
3225 4994 3442 5043 textum
3469 4985 3644 5057 hujus
3674 4983 3841 5042 lectio-

2242 5080 2330 5137 nis
2359 5079 2428 5136 ad
2459 5089 2784 5153 praesentem
2812 5079 3117 5135 Ecclesiam
3161 5077 3464 5135 transferre
3504 5077 3770 5141 voluerit,
3798 5080 3839 5130 et

2243 5188 2340 5246 per
2369 5179 2591 5228 centum
2623 5169 2987 5244 quadraginta
3018 5175 3256 5242 quatuor
3285 5167 3488 5237 millia,
3521 5176 3624 5224 aut
3653 5164 3838 5240 praedi-

2242 5268 2478 5331 catores,
2519 5269 2613 5317 aut
2642 5268 2865 5318 caeteros
2906 5258 3085 5332 justos
3135 5259 3194 5314 in
3242 5258 3346 5315 hac
3388 5257 3581 5314 adhuc
3611 5257 3728 5313 vita
3752 5255 3838 5310 de-

2243 5359 2429 5425 gentes
2463 5370 2474 5409 :
2508 5368 2604 5424 per
2647 5367 2853 5408 novum
2885 5366 3017 5406 vero
3046 5349 3327 5406 canticum
3358 5347 3510 5422 quod
3544 5364 3711 5404 nemo
3748 5342 3835 5400 nisi

2242 5439 2350 5515 ipsi
2392 5441 2495 5498 soli
2543 5439 2725 5498 dicere
2772 5448 3044 5514 poterant,
3086 5439 3459 5512 Evangelium
3504 5438 3832 5510 designatum

2244 5548 2361 5590 esse
2390 5531 2700 5602 censuerit;
2733 5532 3032 5606 perpendat
3060 5537 3312 5589 sanctum
3342 5530 3718 5604 Evangelium
3746 5539 3834 5585 non

605 5744 725 5827 (30)
777 5749 981 5810 Omnes
1023 5751 1184 5825 edit.,
1228 5753 1290 5813 de
1335 5751 1536 5811 caeteris
1580 5753 1825 5812 sordibus
1869 5794 1885 5821 ,
1943 5768 2134 5815 omnes
2182 5771 2336 5826 mss.,
2369 5755 2430 5815 de
2460 5756 2660 5815 caeteris
2681 5753 2975 5815 ordinibus.
