3902 6198
109 247 206 304 977

1006 242 1462 302 BERENGAUDI
1501 240 1876 300 EXPOSITIO
1910 243 1984 301 IN
2017 243 2524 304 APOCALYPSIN.

3294 249 3401 310 978

105 373 276 429 solum
303 367 374 426 ab
402 368 610 439 electis,
640 384 832 426 verum
876 375 931 426 et
968 385 998 425 a
1038 369 1286 442 reprobis
1321 386 1460 442 saepe
1488 367 1682 442 praedi-
1711 369 1764 429 A
1791 369 2082 443 signiﬁcat.
2114 369 2221 438 Qui
2250 371 2614 446 Evangelium
2645 379 2912 432 aeternum
2967 373 3227 432 habuisse
3256 375 3394 435 dici-

107 461 233 529 cari,
263 459 330 516 de
359 458 558 532 quibus
591 459 891 516 Dominum
925 458 984 515 in
1005 459 1310 533 Evangelio
1337 459 1546 516 dixisse
1577 475 1691 516 cre-

106 551 327 608 dimus:
375 574 393 596 ι
419 549 582 605 Multi
621 549 806 608 dicent
848 549 987 607 mihi
1036 550 1094 606 in
1141 551 1236 606 illa
1277 550 1388 620 die,
1432 550 1687 620 Domine,

103 642 349 711 Domine,
381 657 565 698 nonne
594 640 650 695 in
677 642 899 699 nomine
928 650 1026 698 tuo
1056 641 1528 715 prophetavimus,
1555 649 1609 698 et
1629 640 1688 697 in

106 733 320 790 nomine
349 740 444 788 tuo
481 731 754 788 daemonia
780 733 952 787 multa
981 731 1263 803 ejecimus,
1294 741 1347 788 et
1378 734 1436 788 in
1461 731 1687 787 nomine

103 833 193 880 tuo
244 823 477 878 virtutes
522 821 727 877 multas
775 821 1054 878 fecimus?
1098 823 1168 878 Et
1205 832 1338 879 tunc
1382 822 1687 880 conﬁtebor

104 912 240 968 illis:
295 909 470 966 Amen
527 909 651 966 dico
688 910 868 978 vobis,
919 910 1105 966 nescio
1153 927 1270 967 vos.
1321 911 1597 968 Discedite
1654 928 1686 968 a

102 1016 203 1070 me,
231 1015 418 1055 omnes
437 997 668 1070 operarii
688 997 998 1072 iniquitatis
1021 1001 1234 1072 (Matth.
1261 1018 1361 1070 vn,
1390 1001 1478 1070 22,
1503 1001 1621 1073 23).
1651 1027 1669 1051 »

97 1093 169 1148 De
198 1089 398 1146 talibus
429 1090 592 1145 etiam
624 1090 1118 1163 Paulus-apostolus
1141 1091 1409 1165 loquitur,
1440 1092 1631 1148 dicens
1663 1109 1676 1148 :

111 1208 126 1229 ι
153 1182 290 1238 Sunt
319 1179 414 1252 qui
454 1196 550 1252 per
568 1181 979 1237 contentionem
1013 1180 1293 1239 Christum
1323 1183 1676 1251 annuntiant,

96 1289 200 1329 non
239 1271 486 1340 sincere,
539 1271 917 1328 existimantes
958 1289 1015 1329 se
1058 1289 1367 1346 pressuram
1415 1275 1679 1331 suscitare

95 1361 323 1418 vinculis
367 1362 502 1417 meis
561 1361 823 1434 (Philipp.
872 1381 910 1432 ι,
970 1364 1084 1436 17).
1129 1388 1147 1412 ι
1212 1363 1267 1419 Si
1315 1363 1440 1437 quis
1495 1371 1678 1420 autem

91 1451 278 1508 seriem
323 1451 578 1506 lectionis
626 1450 794 1522 hujus
839 1452 907 1508 ad
947 1454 1232 1526 praesentis
1257 1454 1524 1526 temporis
1550 1453 1678 1508 vir-

92 1545 232 1617 gines
287 1543 563 1616 pertinere
618 1544 902 1614 sanxerit,
958 1546 1025 1602 ad
1080 1561 1172 1602 eos
1225 1545 1485 1604 videlicet
1541 1562 1677 1619 quos

89 1651 233 1690 amor
299 1634 402 1691 Dei
469 1635 537 1692 ad
613 1633 944 1708 integritatis
997 1636 1341 1705 custodiam,
1402 1635 1676 1708 adjunctis

1797 473 1924 533 tur;
1956 466 2088 540 quia
2125 466 2377 524 doctrina
2418 468 2706 542 Evangelii
2751 486 2784 526 a
2825 467 3068 542 Christo,
3108 470 3394 543 apostolis,

1797 555 2116 630 ceterisque
2139 557 2589 630 praedicatoribus
2623 557 2750 614 data
2795 565 2895 628 est,
2941 576 3105 633 quam
3138 561 3394 633 gentibus

1796 645 2175 718 praedicarent.
2213 647 2319 716 Qui
2348 645 2709 720 Evangelium
2741 654 3004 704 aeternum
3028 649 3392 722 essedicitur,

1796 735 1924 807 quia
1952 736 2313 792 aeternitatem
2343 744 2563 809 praestat
2582 736 2841 793 omnibus
2860 737 3194 794 facientibus
3226 741 3389 799 illud.

1796 825 1953 894 Quod
2002 827 2169 883 etiam
2209 844 2373 900 super
2412 835 2614 884 terram
2659 827 2974 886 sedentibus
3028 831 3389 902 praedicatum

1794 929 1909 970 esse
1949 914 2189 984 dicitur;
2232 925 2418 989 gentes
2466 932 2702 990 namque
2764 917 2966 991 quibus
3019 919 3388 994 Evangelium

1792 1005 2149 1076 praedicatum
2172 1015 2274 1075 est,
2297 1007 2439 1062 nihil
2456 1006 2608 1064 aliud
2629 1024 2792 1082 quam
2812 1017 3013 1066 terram
3046 1011 3387 1083 quaerebant,

1791 1099 2070 1167 totamque
2125 1095 2369 1169 requiem
2401 1113 2556 1152 suam
2594 1096 2652 1152 in
2703 1105 2845 1154 terra
2887 1106 3206 1170 posuerant.
3237 1101 3384 1172 Quid

1788 1194 1970 1242 autem
2003 1187 2104 1242 iste
2130 1188 2355 1260 angelus
2382 1188 2662 1262 praedicet,
2694 1190 3006 1247 audiamus.

1863 1283 2044 1355 (Vers.
2077 1285 2154 1357 7.)
2197 1286 2387 1342 Timete
2406 1287 2713 1356 Dominum,
2743 1293 2790 1342 et
2831 1289 2950 1344 date
2977 1286 3064 1345 illi
3098 1289 3385 1357 honorem;

1787 1373 1914 1444 quia
1942 1375 2084 1429 venit
2111 1376 2246 1432 hora
2278 1376 2474 1445 judicii
2527 1377 2640 1448 ejus
2695 1383 2745 1432 et
2781 1378 3002 1434 adorata
3033 1396 3149 1434 eum
3180 1380 3274 1452 qui
3305 1380 3382 1450 fe-

1785 1463 1856 1518 cit
1875 1465 2058 1518 emtum
2086 1471 2132 1519 et
2159 1472 2377 1533 terram,
2424 1483 2572 1522 mare
2608 1473 2657 1522 et
2698 1466 2869 1538 fontes
2907 1485 3193 1540 aquarum.
3238 1469 3381 1527 Con-

1787 1552 2072 1609 venienter
2103 1554 2356 1612 timorem
2387 1555 2611 1612 Domini
2657 1556 2837 1628 primo
2868 1558 3073 1630 posuit,
3103 1566 3165 1615 et
3193 1568 3380 1632 postea

1785 1639 2094 1711 honorem;
2124 1644 2294 1700 timor
2339 1646 2542 1702 etenim
2590 1646 2813 1702 Domini
2862 1647 2930 1704 ad
2992 1649 3377 1722 paenitentiam

87 1724 286 1782 caeteris
329 1725 492 1782 bonis
535 1725 814 1797 operibus,
861 1726 1107 1800 quotidie
1155 1726 1428 1811 impellit,
1478 1746 1671 1785 sanum
1706 1733 1754 1795 B
1786 1729 2026 1804 impellit
2047 1731 2367 1790 hominem:
2401 1735 2727 1807 poenitentia
2758 1752 2889 1794 vero
2923 1736 2991 1793 ad
3037 1739 3184 1794 bona
3215 1755 3381 1811 opera

87 1815 217 1871 mihi
248 1817 304 1871 in
335 1815 443 1872 hoc
463 1816 683 1873 videtur
712 1817 989 1889 possidere
1007 1834 1230 1872 sensum
1258 1833 1270 1872 :
1301 1817 1396 1873 sed
1418 1807 1672 1875 animad-

85 1911 282 1960 vertere
329 1904 493 1962 debet
536 1922 647 1962 non
691 1922 848 1979 posse
877 1904 1011 1961 huic
1036 1905 1221 1960 sensui
1249 1907 1570 1976 convenire,
1605 1917 1668 1965 ut

85 2019 169 2076 per
195 2005 472 2062 canticum
501 2021 708 2061 novum
741 2005 798 2060 in
829 2003 936 2061 hoc
964 2004 1085 2062 loco
1111 2004 1479 2079 Evangelium
1510 2006 1670 2063 intel-

83 2093 233 2165 ligat;
279 2094 375 2150 sed
408 2095 592 2166 potius
640 2093 899 2166 gaudium
941 2094 1229 2165 spiritale,
1279 2095 1428 2168 quod
1475 2096 1552 2152 eis
1599 2113 1670 2152 ex

81 2182 317 2240 custodia
359 2183 699 2254 virginitatis
749 2185 1031 2240 accrescit.
1082 2185 1279 2240 Nullus
1327 2186 1498 2258 igitur
1542 2202 1668 2242 can-

82 2272 236 2329 ticum
295 2289 509 2330 novum
569 2274 748 2330 dicere
804 2281 1005 2346 potest,
1045 2274 1153 2329 nisi
1209 2274 1291 2330 illi
1349 2276 1491 2343 soli;
1539 2277 1668 2348 quia

81 2365 324 2436 gaudium
371 2364 710 2437 virginitatis
756 2365 944 2420 nullus
1000 2363 1200 2420 habere
1241 2366 1522 2437 praevalet,
1556 2367 1664 2422 nisi

81 2453 172 2509 soli
217 2453 310 2527 qui
361 2452 507 2510 hanc
549 2453 760 2510 caeteris
806 2453 968 2509 bonis
1024 2453 1280 2526 operibus
1337 2462 1662 2511 exornatam

80 2544 310 2614 quotidie
337 2545 452 2600 Deo
487 2543 682 2598 oﬁ‘erre
732 2550 1122 2599 consuescunt.
1177 2542 1447 2600 Similiter
1476 2552 1530 2601 et
1567 2545 1664 2619 qui

81 2630 209 2690 hanc
238 2632 568 2689 sententiam
599 2631 676 2688 eis
706 2640 890 2703 aptare
922 2631 1184 2700 voluerit,
1221 2632 1314 2705 qui
1341 2650 1466 2690 cum
1497 2633 1662 2707 virgi-

82 2721 254 2777 nitatis
290 2722 472 2794 palma
519 2721 586 2777 ad
627 2720 868 2777 coelestia
920 2737 1088 2792 regna
1133 2720 1249 2793 jam
1297 2724 1662 2781 conscendere

80 2819 402 2881 meruerunt,
459 2827 491 2867 a
544 2819 692 2867 recto
742 2809 1037 2869 intellectu
1071 2828 1184 2866 non
1214 2811 1486 2886 discrepat
1516 2836 1530 2882 ;
1565 2815 1658 2870 sed

80 2901 203 2958 sciat
251 2920 363 2960 non
417 2903 716 2960 convenire
763 2902 894 2960 huic
944 2902 1150 2970 sensui,
1198 2911 1261 2960 ut
1308 2921 1405 2976 per
1451 2920 1658 2960 novum

79 2994 357 3062 canticum,
417 2993 645 3067 aliquod
699 2993 978 3050 canticum
1038 2993 1185 3066 quod
1240 3009 1394 3061 voce,
1448 2994 1656 3067 lingua,

1781 1824 1992 1894 agenda
2020 1839 2146 1879 eum
2189 1833 2472 1896 provocat.
2525 1825 2802 1880 Honorem
2850 1825 3036 1898 itaque
3070 1828 3184 1884 Deo
3219 1827 3381 1883 defe-

1780 1910 1980 1981 rimus,
2012 1928 2139 1969 cum
2160 1912 2306 1968 bona
2325 1927 2489 1985 opera
2525 1911 2760 1984 agimus,
2790 1912 2935 1971 sicut
2962 1914 3079 1986 ipse
3108 1914 3379 1972 Dominus

1780 1999 1952 2057 dicit:
1999 2023 2018 2049 ι
2047 2000 2288 2060 Videant
2333 2017 2496 2076 opera
2532 2009 2716 2058 vestra
2754 2001 2918 2071 bona,
2968 2010 3023 2060 et
3069 2003 3378 2076 gloriﬁcent

1779 2092 1994 2148 Patrem
2024 2100 2270 2149 vestrum
2305 2093 2397 2168 qui
2430 2093 2489 2150 in
2532 2093 2688 2152 caelis
2717 2101 2798 2151 est
2833 2095 3046 2166 (Matth.
3079 2112 3137 2164 v,
3185 2094 3298 2168 16).
3344 2123 3364 2145 ι

1780 2182 1924 2238 Hora
1945 2200 2076 2239 vero
2106 2183 2302 2256 judicii
2333 2201 2402 2242 ex
2431 2193 2566 2242 tunc
2601 2184 2852 2257 incoapit,
2887 2201 2958 2241 ex
2987 2201 3098 2258 quo
3126 2186 3374 2258 Evange-

1780 2272 1914 2326 lium
1946 2272 2232 2344 przedicari
2262 2274 2448 2346 cmpit.
2475 2273 2564 2331 Illi
2595 2273 2774 2347 igitur
2788 2275 2989 2331 acriter
3017 2275 3074 2330 in
3105 2275 3195 2332 die
3215 2275 3367 2348 judi-

1777 2361 1850 2417 cii
1873 2359 2294 2432 judicabuntur,
2328 2364 2422 2436 qui
2463 2363 2694 2421 verbum
2743 2363 3031 2437 Evangelii
3059 2364 3368 2436 audientes,

1777 2449 2024 2523 illudque
2045 2460 2386 2523 spernentes,
2428 2452 2592 2509 ﬁdem
2636 2451 2844 2511 Christi
2875 2454 3151 2527 suscipere
3180 2456 3369 2512 nolue-

1775 2547 1923 2596 runt.
1957 2540 2226 2597 Similiter
2249 2549 2304 2597 et
2323 2541 2405 2597 illi
2436 2541 2529 2614 qui
2559 2550 2917 2614 susceperunt
2945 2543 3168 2615 quidem
3198 2544 3366 2601 ﬁdem

1775 2628 2004 2698 Christi,
2051 2629 2144 2685 sed
2199 2645 2318 2685 eam
2359 2630 2616 2703 operibus
2646 2629 2875 2703 implere
2913 2632 3240 2701 noluerunt;
3273 2634 3367 2691 cui

1773 2717 1921 2773 enim
1947 2717 2072 2790 plus
2091 2718 2481 2787 committitur,
2505 2719 2631 2791 plus
2659 2718 2727 2774 ab
2751 2733 2815 2774 eo
2846 2717 3116 2791 exigetur.
3144 2721 3223 2776 De
3252 2719 3368 2777 illis

1771 2815 1954 2864 autem
1986 2809 2082 2882 qui
2112 2808 2344 2866 verbum
2399 2808 2500 2866 Dei
2558 2824 2670 2864 non
2721 2807 3037 2878 audierunt,
3091 2809 3366 2867 Dominus

1769 2897 1906 2954 dicit
1934 2896 1994 2953 in
2023 2898 2324 2972 Evangelia
2349 2915 2361 2954 :
2399 2921 2419 2946 ι
2449 2896 2555 2966 Qui
2583 2914 2695 2955 non
2714 2897 2912 2965 credit,
2939 2897 3057 2972 jam
3081 2897 3365 2973 judicatus

1768 2995 1849 3046 est
1881 2989 2063 3059 (Joan.
2096 3006 2182 3058 nr,
2211 2989 2324 3062 18).
2366 3011 2386 3038 ι

79 3081 226 3140 labiis
258 3084 518 3157 componi
553 3092 747 3156 potest,
799 3084 1114 3156 intelligat:
1153 3082 1246 3138 sed
1286 3083 1470 3156 potius
1492 3084 1656 3157 virgi-
1691 3097 1734 3159 ο
1835 3089 2024 3159 (Vers.
2052 3087 2134 3161 8.)
2188 3090 2264 3145 Et
2317 3088 2537 3145 adorata
2582 3104 2718 3158 eum,
2767 3087 2860 3160 qui
2909 3087 3033 3160 fecit
3079 3089 3263 3146 caelum
3317 3098 3369 3147 et

79 3173 252 3230 nitatis
279 3176 594 3248 praemium,
633 3173 780 3248 quod
823 3191 854 3230 a
898 3173 1136 3231 Domino
1165 3173 1495 3230 aeternaliter
1523 3192 1657 3248 per-

77 3263 242 3336 cipere
270 3275 571 3322 merentur.
605 3266 828 3338 Hocque
858 3263 1134 3320 canticum
1169 3264 1376 3332 nullus,
1423 3263 1532 3320 nisi
1572 3265 1657 3320 illi

76 3355 190 3424 soli,
225 3356 401 3414 dicere
440 3365 658 3430 potest;
683 3357 813 3430 quia
841 3355 1174 3428 virginitatis
1203 3356 1490 3428 praemium
1521 3358 1656 3413 nul-

77 3443 154 3500 lus
181 3448 425 3520 percipit,
463 3447 570 3503 nisi
603 3447 698 3520 qui
744 3447 887 3502 hanc
934 3446 992 3502 in
1032 3447 1233 3505 saeculo
1282 3447 1472 3520 positi,
1504 3448 1658 3503 inte-

75 3543 268 3593 merata
307 3546 496 3594 mente
543 3554 641 3611 pro
690 3535 899 3594 Christi
945 3553 1129 3592 amore
1173 3553 1389 3593 servare
1437 3537 1656 3593 studue-

76 3624 194 3681 rint.
229 3629 305 3684 De
347 3628 558 3685 talibus
604 3626 868 3700 propheta
913 3627 1079 3684 Isaias
1126 3626 1390 3700 loquitur,
1419 3625 1606 3682 dicens
1640 3641 1652 3681 :

85 3735 102 3760 ι
138 3716 257 3774 Haec
285 3717 422 3775 dicit
463 3717 736 3775 Dominus
774 3716 1045 3774 eunuchis
1079 3733 1091 3772 :
1143 3716 1248 3784 Qui
1295 3715 1658 3774 custodierint

74 3803 280 3862 sabbata
324 3824 468 3877 mea,
506 3814 559 3862 et
605 3806 866 3880 elegerint
897 3823 1016 3880 quae
1058 3805 1232 3876 volui,
1283 3815 1337 3864 et
1381 3805 1657 3863 tenuerint

75 3892 239 3952 fmdus
276 3913 488 3966 meum,
533 3895 673 3953 dabo
723 3897 802 3954 eis
848 3898 907 3953 in
937 3897 1101 3954 domo
1131 3913 1271 3966 mea,
1315 3904 1368 3953 et
1396 3897 1452 3951 in
1483 3895 1657 3952 muris

74 3985 199 4041 meis
223 3987 438 4058 locum,
488 3995 541 4044 et
573 4003 775 4044 nomen
819 3987 1018 4044 melius
1061 4004 1093 4044 a
1139 3987 1270 4044 ﬁliis
1316 3994 1369 4044 et
1414 3985 1652 4055 ﬁliabus,

77 4091 265 4135 nomen
311 4079 718 4154 sempiternum
760 4079 902 4138 dabo
943 4079 1045 4150 eis,
1099 4079 1246 4154 quod
1297 4095 1409 4137 non
1455 4076 1657 4152 peribit

79 4164 202 4236 (Isa.
227 4187 335 4240 Lvi,
368 4172 424 4243 4,
454 4174 539 4246 5).
572 4196 592 4225 ι

141 4257 316 4328 (Vers.
349 4262 430 4335 6.)
461 4264 539 4321 Et
576 4261 690 4318 vidi
735 4263 966 4318 alterum
995 4261 1238 4332 angelum
1278 4261 1540 4316 volantem
1557 4276 1656 4331 per

77 4348 290 4405 medium
327 4353 538 4422 caelum,
589 4352 856 4408 habentem
900 4350 1252 4421 Evangelium
1279 4355 1567 4414 internum;
1598 4353 1657 4402 ut

77 4442 443 4514 evangelizaret
497 4443 788 4500 sedentibus
823 4459 984 4517 super
1030 4449 1247 4512 terram,
1278 4447 1326 4498 et
1365 4457 1521 4513 super
1550 4455 1655 4496 om-

81 4505 215 4585 nemv
239 4540 456 4605 gentem,
514 4541 562 4590 et
622 4534 836 4602 tribum,
885 4505 940 4588 et
979 4505 1244 4605 linguam,
1285 4538 1332 4588 et
1373 4505 1654 4604 pepulum,
1681 4505 1731 4564 D

81 4616 316 4678 dicentem
384 4641 504 4679 voce
566 4640 780 4695 magna.
848 4624 1051 4680 Iterum
1102 4621 1360 4678 universa
1414 4620 1656 4677 breviter

78 4713 540 4785 comprehendit;
598 4731 726 4772 nam
781 4715 924 4773 sicut
991 4715 1243 4787 superius
1319 4731 1445 4771 cum
1512 4713 1658 4769 mala

76 4798 395 4861 Antichristi
443 4820 664 4861 narrare
701 4805 888 4874 vellet,
921 4804 988 4860 ab
1026 4805 1268 4862 adventu
1318 4805 1521 4864 Christi
1556 4805 1656 4862 in-

78 4886 310 4961 choavit,
341 4894 856 4968 persecutionesque
893 4911 1028 4968 quas
1075 4893 1320 4952 Ecclesia
1365 4912 1396 4951 a
1435 4895 1655 4953 diabolo

77 4993 224 5049 passa
249 4991 351 5053 est,
383 4983 536 5057 prius
564 5001 792 5042 narrans
819 4984 888 5041 ad
917 4983 1322 5042 Antichristum
1353 4985 1604 5057 pervenit
1637 5001 1652 5042 :

74 5068 144 5125 ita
171 5080 222 5128 et
250 5073 342 5131 hic
371 5075 520 5132 diem
559 5076 762 5150 judicii
809 5075 1116 5134 describere
1158 5075 1412 5148 cupiens,
1467 5075 1534 5132 ab
1565 5074 1656 5132 ad-

76 5169 237 5219 ventu
264 5163 476 5221 Christi
506 5167 753 5234 inchoat,
796 5175 958 5240 atque
1003 5167 1104 5223 sub
1159 5165 1338 5238 specie
1367 5165 1539 5222 trium
1564 5183 1655 5223 an-

73 5250 311 5320 gelorum
360 5263 564 5314 cuncta
619 5263 764 5321 555
808 5256 1050 5314 breviter
1088 5255 1359 5329 replicans
1397 5255 1538 5328 (31),
1589 5255 1657 5312 ad

73 5347 208 5408 diem
237 5353 439 5428 judicii
469 5357 743 5430 pervenit.
767 5359 873 5414 Iste
900 5357 1102 5430 quippe
1135 5355 1360 5428 angelus
1375 5353 1655 5413 Christum

73 5451 121 5498 et
173 5447 451 5518 apostolos
497 5447 638 5522 ejus,
678 5457 1011 5522 caeterosque
1037 5445 1244 5506 Christi
1275 5443 1658 5518 praedicatores

138 5632 252 5708 (31)
295 5636 379 5694 Ita
419 5651 596 5708 mss.;
627 5637 760 5696 edit.
796 5652 948 5708 vero,
980 5643 1166 5695 cuncta
1205 5633 1655 5710 eomprehendens.

1771 3183 1988 3246 terram,
2017 3184 2066 3233 et
2093 3195 2241 3234 mare
2262 3184 2310 3234 et
2329 3178 2498 3250 fontes
2526 3194 2814 3250 aquarum,
2844 3177 2903 3234 id
2931 3187 3035 3248 est,
3065 3178 3364 3252 relinquite

1767 3265 1915 3323 idola
1944 3267 2129 3336 surda,
2170 3276 2344 3337 muta,
2398 3276 2452 3324 et
2495 3283 2656 3335 caeca,
2698 3274 2752 3324 et
2801 3265 3025 3322 adorata
3080 3282 3205 3322 eum
3266 3267 3363 3340 qui

1764 3363 1963 3413 cuncta
1993 3356 2125 3414 fecit
2163 3373 2232 3412 ex
2271 3355 2470 3412 nihilo.
2519 3358 2594 3412 Et
2638 3356 2781 3412 alius
2807 3356 3024 3428 angelus
3046 3363 3360 3428 prosecutus

1764 3454 1859 3516 est,
1907 3447 2100 3504 dicens.
2159 3446 2321 3503 Alius
2378 3446 2603 3520 angelus
2633 3445 2886 3502 doctores
2926 3445 3210 3516 Ecclesiae,
3238 3447 3358 3520 qui,

1765 3536 1940 3593 ﬁnitis
1969 3536 2462 3609 persecutionibus,
2510 3535 2814 3593 Ecclesiam
2862 3535 2962 3592 Dei
3011 3536 3361 3609 gubernave-

1765 3635 1917 3692 runt,
1947 3626 2213 3699 designat.
2262 3627 2477 3695 Cecidit,
2521 3626 2706 3681 cecidit
2741 3625 2984 3697 Babylon
3009 3643 3223 3698 magna.
3256 3626 3360 3683 Per

1765 3716 2132 3789 Babylonem,
2183 3716 2327 3775 sicut
2357 3715 2609 3788 superius
2629 3714 2896 3784 diximus,
2922 3715 3120 3772 civitas
3148 3714 3358 3772 diaboli

1765 3806 2106 3879 designatur,
2125 3824 2246 3880 qua:
2276 3824 2346 3864 ex
2367 3806 2626 3863 omnibus
2654 3805 2842 3878 impiis
2871 3813 3104 3863 constat.
3138 3805 3358 3864 Cecide-

1765 3907 1848 3954 rat
1877 3906 2082 3966 autem,
2115 3898 2244 3970 quia
2272 3897 2453 3954 omnis
2480 3898 2699 3954 cultura
2725 3896 3037 3952 daemonum
3066 3911 3164 3966 per
3190 3895 3358 3952 ﬁdem

1765 3985 1971 4046 Christi
2001 3987 2178 4043 deleta
2206 3987 2403 4043 fuerat.
2437 3987 2509 4041 Et
2537 3985 2623 4041 bis
2649 3984 2912 4043 cecidisse
2951 3983 3192 4050 dicitur;
3226 3983 3359 4057 quia

1764 4092 1833 4132 ex
1861 4084 2012 4149 parte
2042 4082 2477 4147 persecutorum,
2511 4080 2564 4130 et
2609 4089 2680 4130 ex
2710 4080 2861 4144 parte
2890 4072 3120 4128 culturae
3149 4071 3356 4130 diabo-

1766 4164 1886 4222 lica“:
1935 4164 2226 4222 ceciderat.
2288 4165 2414 4232 Qua:
2458 4181 2493 4219 a
2548 4163 2670 4218 vino
2696 4162 2794 4218 ire
2820 4178 2930 4218 sum
2951 4161 3160 4233 potavit
3180 4179 3356 4220 omnes

1763 4261 1951 4327 gentes.
1997 4253 2205 4312 Vinum
2247 4239 2342 4308 ira:
2374 4267 2585 4308 errores
2631 4258 2761 4308 sunt
2802 4251 3116 4325 gentilium,
3155 4253 3357 4328 quibus

1763 4345 1938 4399 Deum
1963 4342 2032 4399 ad
2071 4342 2415 4400 iracundiam
2445 4350 2885 4414 provocaverunt
2916 4358 2928 4398 :
2959 4341 3054 4398 sed
3085 4359 3211 4402 cum
3242 4344 3358 4401 Ba-

1762 4434 1934 4509 bylon
1982 4435 2126 4492 nihil
2177 4436 2248 4494 sit
2299 4434 2450 4491 aliud
2488 4449 2652 4508 quam
2701 4450 2891 4490 omnes
2929 4443 3135 4507 gentes,
3189 4433 3247 4490 id
3275 4443 3358 4492 est

1763 4542 1954 4582 omnes
1994 4525 2235 4599 reprobi,
2273 4525 2548 4599 quomodo
2579 4541 2770 4581 omnes
2814 4531 3001 4598 gentes
3029 4542 3060 4582 a
3099 4525 3234 4580 vino
3259 4524 3357 4582 irae

1765 4631 1876 4672 sua:
1905 4614 2166 4688 potavit?
2192 4614 2399 4674 Verum
2429 4631 2557 4673 cum
2609 4630 2755 4670 unus
2801 4614 3034 4669 alterum
3064 4611 3275 4681 docuit,
3303 4620 3359 4669 et

1764 4706 1860 4762 ille
1914 4706 2160 4775 tertium,
2208 4715 2262 4763 et
2303 4705 2497 4763 tertius
2543 4713 2820 4777 quartum,
2867 4709 2921 4758 et
2965 4702 3043 4757 ita
3072 4701 3131 4756 in
3166 4715 3358 4756 omnes

1767 4794 2020 4853 homines
2051 4811 2204 4852 error
2252 4793 2559 4850 diabolicus
2606 4790 2848 4859 transiit,
2880 4789 3076 4862 utique
3105 4788 3357 4863 Babylon

1765 4901 1954 4943 omnes
1993 4895 2178 4958 gentes
2205 4883 2338 4940 vino
2370 4884 2462 4938 ira:
2493 4881 2594 4939 Dei
2622 4881 2857 4955 potavit.

1838 4983 2018 5058 (Vers.
2068 4973 2120 5052 9,
2156 4981 2268 5054 10.)
2300 4984 2374 5038 Et
2399 4981 2615 5053 angelus
2655 4979 2838 5036 tertius
2869 4983 3072 5034 secutus
3111 4984 3186 5034 est
3214 4978 3357 5047 illos,

1763 5073 1936 5130 dicens
1979 5090 2098 5130 voce
2133 5088 2364 5144 magna:
2423 5071 2483 5127 Si
2534 5069 2654 5141 quis
2705 5068 3011 5125 adoraverit
3053 5068 3267 5126 bestiam
3314 5076 3363 5126 et

1763 5165 2043 5240 imaginem
2096 5163 2230 5236 ejus,
2291 5169 2340 5219 et
2407 5162 2663 5236 acceperit
2720 5163 3077 5218 characterem
3127 5159 3240 5231 ejus
3302 5163 3360 5218 in

1763 5257 1942 5329 fronte
1969 5273 2086 5326 sua,
2120 5261 2216 5312 aut
2263 5254 2321 5311 in
2365 5269 2652 5311 manu'sua
2673 5269 2694 5319 ,°
2733 5257 2780 5308 et
2821 5250 2903 5307 hic
2947 5251 3084 5308 bibet
3136 5251 3198 5308 de
3237 5251 3362 5307 vino

1767 5348 1866 5405 ira:
1888 5347 2009 5417 Dei,
2039 5345 2181 5419 quod
2209 5344 2435 5402 mictum
2460 5349 2536 5401 est
2576 5359 2720 5400 mero
2762 5340 2820 5399 in
2846 5342 3006 5398 calice
3029 5341 3218 5414 ipsius.
3250 5341 3363 5396 An-

1769 5438 1920 5510 gelus
1975 5437 2172 5494 tertius
2225 5435 2610 5510 pradicatores
2674 5439 2825 5502 sunt,
2881 5430 2991 5505 qui.
3025 5427 3366 5504 temporibus
