3902 6198
474 221 582 281 983

1512 224 1609 281 AD
1648 223 1885 285 OPERA
1923 224 1980 283 S.
2008 223 2340 285 AMBROSII
2379 224 2758 284 APPENDIX.

3696 236 3804 293 984

475 371 640 430 pana
665 370 787 430 qua
815 353 1092 414 damones
1131 361 1187 412 et
1231 370 1421 413 omnes
1462 354 1778 415 incredulos
1822 356 2075 414 absorbe-
2108 360 2161 421 Α
2189 359 2382 423 lorum.
2442 357 2571 429 Quis
2597 375 2705 417 non
2758 358 2952 418 timebit
2979 366 3045 431 te,
3074 362 3319 435 Domine,
3349 371 3402 420 et
3424 364 3803 440 mgniﬁcabit

474 453 578 525 bit,
608 453 776 512 etiam
826 453 993 513 falsos
1030 452 1394 524 Christianos,
1443 452 1541 528 qui
1587 452 1752 511 ﬁdem
1800 454 1909 512 visi
1947 463 2077 521 sunt

475 550 754 621 habuisse,
786 551 881 608 sed
910 566 1074 624 opera
1114 549 1244 606 ﬁdei
1281 566 1394 607 non
1435 550 1766 621 habuerunt,
1811 551 2073 627 illaquea-

472 640 593 697 bit:
641 655 739 714 per
775 656 944 713 equos
977 654 1109 695 vero
1157 636 1279 694 falsi
1326 646 1569 710 pastores
1614 639 1875 699 Ecclesia
1917 641 2074 700 desi-

473 740 733 803 gnantur,
764 730 859 801 qui
884 727 1128 784 ofﬁcium
1157 726 1444 801 regiminis
1473 744 1585 786 non
1612 746 1712 803 pro
1738 747 1923 790 amore
1948 732 2070 802 Dei,

471 820 567 875 sed
598 836 697 892 pro
726 832 912 873 amore
939 814 1129 873 saculi
1176 815 1489 890 suscipiunt
1522 835 1534 874 :
1580 834 1676 891 per
1720 819 1904 876 frenos
1954 819 2072 893 qui-

472 910 574 965 bus
602 908 731 982 equi
776 913 1063 980 reguntur,
1099 921 1290 963 eorum
1329 905 1467 966 falsa
1511 906 1766 967 doctrina
1811 908 2074 984 designa-

470 1008 582 1057 tur.
637 999 853 1056 Habent
904 997 1129 1073 quidem
1187 998 1312 1055 falsi
1359 1008 1605 1072 pastores
1655 1000 1964 1059 doctrinam
2010 1002 2070 1059 in

469 1109 584 1162 ore,
638 1107 707 1149 ne
751 1092 821 1149 ab
866 1091 1048 1149 ofﬁcio
1095 1090 1347 1149 funditus
1396 1093 1564 1150 alieni
1612 1093 1943 1154 videantur:
1976 1095 2071 1154 sed

468 1181 871 1239 Pharisaeorum
913 1182 1231 1254 exemplum
1274 1191 1586 1256 sequentes,
1630 1183 1824 1242 dicunt
1866 1193 1921 1242 et
1956 1202 2068 1243 non

467 1271 698 1328 faciunt.
758 1270 830 1327 Et
879 1271 1008 1344 quia
1063 1270 1219 1328 aliud
1263 1287 1377 1328 non
1423 1280 1652 1345 possunt
1697 1273 1912 1343 docere,
1961 1274 2071 1331 nisi

466 1363 617 1439 quod
640 1362 1005 1436 Evangelium
1054 1362 1320 1437 loquitur,
1356 1372 1411 1422 et
1446 1365 1505 1421 in
1536 1365 1926 1438 pradicatione
1972 1383 2071 1424 sua

467 1453 802 1511 annuntiant
831 1452 1210 1526 peccatoribus
1240 1468 1377 1527 quas
1405 1471 1592 1527 poenas
1620 1455 1919 1528 patientur,
1959 1455 2067 1515 nisi

465 1544 853 1617 corrigantur;
895 1559 1068 1617 usque
1092 1542 1162 1600 ad
1187 1559 1455 1620 equorum
1484 1544 1670 1602 frenos
1696 1546 1918 1619 sanguis
1950 1562 2066 1619 per-

466 1631 640 1701 venit,
671 1631 801 1706 quia
838 1647 1027 1705 panes
1071 1646 1207 1707 quas
1251 1633 1632 1706 peccatoribus
1674 1633 1866 1691 minati
1915 1641 2065 1707 sunt,

463 1720 573 1777 nisi
619 1721 1048 1794 corrigerentur,
1088 1721 1198 1795 ipsi
1235 1721 1381 1796 quia
1403 1723 1542 1781 vitia
1568 1739 1666 1781 sua
1692 1722 1940 1782 deserere
1968 1739 2063 1781 no-

462 1814 703 1884 luerunt,
731 1815 1108 1887 experientur.

531 1903 760 1961 CAPUT
785 1904 910 1962 xv.
942 1935 1014 1948 —
1054 1904 1237 1979 (Vers.
1268 1904 1348 1979 1.)
1396 1906 1473 1963 Et
1505 1905 1619 1963 vidi
1656 1906 1811 1963 aliud
1852 1906 2059 1979 signum

458 1993 517 2049 in
539 1995 664 2050 calo
690 2011 943 2066 magnum
984 2001 1032 2051 et
1069 1994 1332 2064 mirabile,
1363 1997 1575 2067 angelos
1601 2002 1792 2069 septem
1817 1996 2058 2053 habentes

456 2091 645 2156 septem
665 2086 858 2158 plagas
880 2085 1192 2141 novissimos
1212 2103 1234 2151 ;
1272 2085 1524 2156 quoniam
1560 2085 1618 2142 in
1653 2086 1769 2143 illis
1804 2103 2058 2143 consum-

456 2182 602 2232 mata
622 2182 699 2232 est
718 2175 808 2231 ira
837 2176 957 2233 Dei.
989 2174 1142 2233 Sicut
1169 2175 1421 2248 superius
1464 2182 1759 2250 antequam
1806 2176 1877 2233 ad
1918 2193 2056 2233 nar-

456 2266 724 2322 rationem
753 2274 960 2340 septem
997 2266 1319 2340 angelorum
1360 2266 1510 2325 tubis
1551 2267 1867 2325 canentium
1901 2267 2050 2324 veni-

454 2366 558 2429 ret,
582 2374 772 2416 eorum
801 2359 1140 2417 mentionem
1179 2359 1358 2418 facere
1412 2360 1675 2431 studuit;
1728 2362 1808 2419 ita
1858 2369 1913 2419 et
1961 2359 2053 2421 hic

453 2458 745 2524 antequam
779 2451 848 2509 ad
876 2462 1083 2525 septem
1120 2453 1438 2525 angelorum
1482 2452 1693 2526 phialas
1729 2451 2047 2509 habentium

450 2542 822 2599 narrationem
862 2544 1069 2610 veniat,
1108 2560 1298 2600 eorum
1331 2543 1668 2601 mentionem
1694 2543 1844 2613 facit,
1878 2551 1939 2600 ut
1967 2542 2049 2599 in-

449 2630 597 2689 dicet
625 2647 822 2704 magna
851 2632 1116 2705 mysteria
1152 2633 1213 2688 in
1245 2648 1437 2689 eorum
1481 2632 1697 2690 visione
1752 2631 2045 2690 contineri.

449 2719 555 2778 Sed
582 2721 650 2779 de
697 2721 768 2779 iis
808 2721 869 2778 in
906 2721 1261 2796 sequentibus
1311 2723 1460 2797 quod
1499 2722 1771 2781 Dominus
1810 2723 2045 2795 dederit,

448 2809 717 2869 dicemus.
1750 2862 1755 2873 .

521 2902 704 2972 (Vers.
736 2902 793 2972 2,
824 2901 905 2973 3.)
948 2904 1022 2960 Et
1052 2903 1164 2960 vidi
1192 2910 1445 2977 tanquam
1476 2922 1626 2962 mare
1665 2905 1889 2962 vitreum
1933 2904 2047 2961 mi-

443 2997 582 3046 stum
620 2990 751 3062 igni,
785 2997 833 3046 et
867 3009 953 3048 eos
1001 2994 1094 3065 qui
1138 2995 1375 3052 vicerunt
1422 2996 1638 3053 bestiam
1683 3003 1732 3053 et
1762 2997 2044 3071 imaginem

442 3079 577 3152 ejus,
608 3086 657 3136 et
681 3096 964 3139 numerum
993 3085 1225 3142 nominis
1270 3086 1403 3157 ejus,
1451 3093 1646 3143 stantes
1691 3105 1852 3161 super
1896 3106 2045 3145 mare
2079 3100 2123 3161 α

440 3172 686 3243 vitreum,
728 3173 969 3231 habentes
997 3175 1232 3234 citharas
1260 3176 1380 3246 Dei,
1412 3183 1461 3233 et
1487 3184 1753 3235 cantantes
1781 3179 2042 3235 canticum

438 3263 611 3335 Moysi
651 3264 794 3321 servi
837 3266 959 3338 Dei,
1001 3273 1051 3324 et
1092 3267 1353 3324 canticum
1401 3267 1544 3341 Agni
1597 3269 1837 3326 dicentes.
1896 3269 2040 3337 Quid

439 3354 711 3427 signiﬁcet
762 3373 912 3415 mare
964 3359 1230 3430 vitreum,
1285 3359 1539 3433 superius
1583 3361 1642 3417 in
1688 3360 1902 3417 visione
1958 3376 2038 3417 se-

436 3446 617 3503 cunda
645 3446 893 3503 diximus
925 3450 1065 3521 (cap.
1098 3467 1179 3515 Iv,
1209 3467 1346 3505 vers.
1377 3450 1435 3520 6)
1463 3468 1474 3506 :
1508 3451 1603 3507 sed
1630 3451 1748 3508 illic
1776 3460 2036 3525 tanquam

435 3536 763 3607 crystallum
801 3552 917 3591 esse
960 3537 1185 3604 dicitur,
1234 3538 1329 3595 hic
1368 3547 1551 3595 autem
1591 3542 1818 3597 mistum
1861 3542 1986 3613 igne
2020 3561 2032 3599 :

433 3628 488 3677 et
514 3620 644 3693 quia
671 3623 970 3693 crystallus
1008 3624 1231 3679 eximia
1280 3626 1549 3683 claritatis
1595 3636 1695 3695 est,
1745 3629 2036 3704 ignemque

434 3708 503 3765 de
530 3725 588 3766 se
617 3725 744 3766 cum
790 3711 1030 3768 calorem
1070 3714 1203 3771 solis
1246 3715 1536 3788 acceperit,
1578 3717 1717 3775 solet
1761 3720 2030 3791 emittere,

432 3798 678 3856 eamdem
703 3799 1162 3875 signiﬁcationem
1192 3803 1358 3862 habet
1384 3804 1503 3862 illic
1536 3808 1830 3879 crystallus
1868 3827 2031 3883 quam

430 3888 526 3949 hic
564 3890 751 3965 ignis:
810 3892 1125 3967 signiﬁcant
1168 3911 1407 3970 namque
1460 3895 1766 3969 spiritalem
1828 3899 2031 3960 intelli-

429 3982 691 4055 gentiam,
725 4000 847 4058 qua
876 3984 935 4041 in
974 3984 1184 4043 divinis
1219 3985 1519 4059 Scripturis
1549 3986 1855 4049 invenitur.
1881 3992 2030 4050 Mare

429 4070 602 4144 igitur
625 4073 865 4132 vitreum
892 4076 1119 4133 mistum
1149 4084 1233 4134 est
1260 4076 1373 4151 igni
1400 4094 1413 4143 ;
1456 4076 1585 4151 quia
1621 4077 1816 4137 divina
1850 4081 2027 4155 Scrip-

427 4168 553 4216 tura
581 4160 745 4217 mista
770 4171 852 4219 est
878 4164 1224 4238 spiritalibus
1252 4166 1646 4226 intellectibus.
1678 4168 1852 4244 Super
1878 4187 2027 4230 mare

425 4246 612 4319 itaque
639 4249 880 4306 vitreum
914 4253 976 4322 ii,
1009 4256 1107 4327 qui
1136 4256 1370 4313 bestiam
1410 4257 1688 4326 vicerunt,
1737 4269 1881 4317 stare
1919 4261 2025 4318 visi

423 4344 586 4405 sunt;
620 4334 751 4410 quia
776 4341 951 4399 sancti
980 4343 1083 4400 Dei
1112 4344 1208 4418 qui
1237 4353 1432 4403 contra
1472 4347 1884 4407 Antichristum
1926 4366 2023 4423 pu-

2181 470 2366 511 nomen
2395 461 2543 512 tuum
2564 457 2592 513 ?
2625 454 2764 525 Quia
2795 461 2849 513 tu
2873 458 3016 515 solus
3034 458 3161 531 pius
3188 477 3240 517 es
3273 479 3295 528 ;
3323 461 3592 533 quoniam
3624 480 3801 519 omnes

2181 550 2348 615 gentes
2402 543 2627 616 venient,
2656 552 2703 602 et
2755 546 3058 605 adorabunt
3083 548 3142 605 in
3177 555 3458 621 conspectu
3500 557 3617 620 tuo,
3657 569 3802 624 quo-

2181 631 2326 697 niam
2372 631 2581 703 judicia
2636 638 2726 690 tua
2781 633 3065 707 manifesta
3119 643 3261 693 sunt.
3312 636 3643 696 Concordat
3692 640 3799 700 hoc

2180 724 2453 782 canticum
2508 742 2635 783 cum
2684 725 2853 782 veteri
2911 734 2966 783 et
3018 742 3164 783 novo
3219 727 3634 797 Testamento;
3671 746 3797 787 nam

2180 822 2385 887 septem
2433 814 2844 874 benedictiones
2884 815 2966 874 ibi
3002 816 3388 887 inveniuntur,
3424 836 3555 893 qua
3584 828 3793 893 septem

2180 904 2446 976 partibus,
2491 905 2559 962 de
2587 905 2787 979 quibus
2815 908 3067 980 superius
3095 907 3348 965 diximus
3380 909 3530 982 (cap.
3562 928 3626 977 v,
3655 927 3791 964 vers.

2179 994 2244 1060 9;
2281 994 2408 1065 vn),
2459 995 2703 1067 coaptari
2731 1003 2982 1068 possunt.
3014 996 3198 1053 Prima
3227 998 3435 1072 quippe
3469 998 3794 1056 benedictio

2178 1090 2302 1139 est:
2353 1084 2550 1156 Magna
2594 1089 2642 1139 et
2683 1084 2957 1141 mirabilia
3008 1102 3167 1156 opera
3199 1093 3312 1156 tua,
3362 1087 3600 1144 Domine
3651 1089 3793 1145 Deus

2177 1172 2539 1244 omnipotens;
2585 1189 2704 1247 qua
2747 1174 2930 1247 primo
2962 1175 3197 1249 tempori
3244 1178 3555 1235 convenire
3612 1188 3793 1252 potest

2178 1260 2239 1316 in
2266 1276 2375 1334 quo
2422 1260 2628 1319 factum
2657 1270 2739 1320 est
2766 1264 2966 1322 coelum
2996 1273 3050 1322 et
3087 1274 3251 1335 terra,
3285 1283 3596 1343 omnesque
3625 1286 3791 1326 crea—

2176 1355 2334 1419 tura,
2366 1366 2486 1424 qua
2515 1352 2674 1409 valde
2698 1361 2829 1411 sunt
2853 1353 3148 1412 mirabilia.
3178 1355 3432 1414 Secunda
3453 1367 3537 1416 est
3572 1376 3586 1414 :
3617 1360 3791 1416 Iusta:

2176 1447 2224 1497 et
2268 1457 2405 1497 vera
2448 1441 2568 1498 vitae
2612 1448 2732 1512 tuae,
2774 1444 2889 1501 Rea:
2929 1445 3289 1515 saeculorum;
3341 1463 3465 1520 qua
3522 1450 3789 1522 congruit

2175 1530 2320 1603 parti
2366 1531 2637 1602 secunda,
2688 1531 2747 1588 in
2778 1549 2886 1607 qua
2930 1550 3121 1591 omnes
3148 1542 3416 1594 creatura
3443 1554 3571 1612 qua
3603 1537 3789 1595 hahe-

2172 1617 2308 1676 bant
2334 1619 2592 1694 spiritum
2610 1620 2761 1688 vita,
2786 1620 3095 1695 justissimo
3113 1625 3214 1681 Dei
3241 1624 3485 1698 judicio,
3516 1630 3682 1702 aquis
3700 1628 3785 1686 di-

2097 1730 2144 1791 B
2174 1708 2315 1764 luvii
2344 1708 2567 1767 delecta
2618 1717 2766 1767 sunt.
2798 1711 2982 1768 Tertia
3009 1721 3089 1769 est
3122 1731 3133 1769 :
3175 1715 3306 1782 Quis
3330 1732 3440 1770 non
3463 1717 3692 1775 ‘timebit
3714 1726 3780 1788 te,

2170 1796 2391 1853 Domine
2419 1799 2449 1855 ἵ
2479 1813 2600 1872 qua
2630 1798 2807 1856 tertia
2838 1800 3004 1872 parti,
3036 1801 3106 1857 iis
3146 1802 3409 1861 videlicet
3434 1805 3649 1879 quibus
3688 1808 3784 1866 lex

2167 1885 2293 1943 data
2337 1894 2438 1956 est,
2479 1890 2757 1962 congruit,
2802 1890 2900 1964 qui
2933 1891 3130 1948 timore
3159 1893 3346 1965 potius
3389 1911 3556 1969 quam
3585 1915 3782 1956 amore

2165 1976 2299 2050 legis
2326 1978 2585 2036 mandata
2635 1980 2983 2039 exercebant.
3042 1982 3247 2052 Quarta
3278 1994 3361 2042 est
3396 2003 3408 2042 :
3438 1988 3517 2045 Et
3548 1991 3776 2062 magni-

2163 2068 2341 2141 ﬁcabit
2396 2086 2581 2126 nomen
2632 2077 2824 2140 tuum;
2895 2088 3060 2147 quam
3124 2075 3408 2149 prophetis
3469 2082 3775 2140 convenire

2164 2157 2517 2232 manifestum
2543 2168 2643 2231 est,
2686 2161 2782 2235 qui
2812 2178 3014 2219 nomen
3042 2163 3143 2219 Dei
3193 2171 3248 2220 et
3276 2165 3774 2238 pradicationibus

2162 2254 2217 2304 et
2255 2248 2475 2322 scriptis
2518 2249 3031 2324 magniﬁcaverunt.
3081 2251 3289 2320 Quinta
3326 2264 3452 2314 est:
3512 2260 3659 2327 Quia
3714 2270 3773 2317 tu

2161 2338 2305 2394 solus
2335 2339 2465 2412 pius
2490 2356 2541 2396 es
2573 2357 2587 2408 ;
2619 2340 2679 2397 in
2710 2341 2905 2415 quinta
2919 2350 3072 2416 parte
3099 2345 3402 2403 adventum
3432 2346 3651 2406 Christi
3676 2369 3772 2425 po-

2159 2428 2392 2499 suimus,
2424 2429 2485 2486 in
2534 2447 2641 2504 qua
2666 2432 2939 2491 Dominus
2966 2443 3171 2507 noster,
3205 2438 3298 2512 qui
3325 2438 3479 2495 solus
3507 2439 3638 2512 pius
3665 2451 3768 2511 est,

2158 2526 2213 2575 et
2261 2516 2428 2576 homo
2473 2518 2597 2577 ﬁeri
2642 2536 2741 2593 pro
2796 2522 2972 2580 salute
3020 2526 3230 2599 generis
3284 2525 3536 2598 humani,
3564 2538 3623 2586 et
3652 2533 3770 2604 pati

2156 2613 2211 2663 et
2261 2610 2405 2667 mori
2451 2609 2707 2684 dignatus
2759 2621 2859 2669 est.
2906 2613 3073 2671 Sexta
3110 2623 3234 2672 est:
3292 2619 3561 2685 Quoniam
3588 2639 3766 2677 omnes

2152 2702 2321 2770 gentes
2362 2700 2585 2771 venient,
2633 2707 2682 2757 et
2713 2701 3016 2760 adorabunt
3049 2704 3107 2760 in
3153 2714 3427 2778 conspectu
3474 2714 3607 2778 tuo;
3644 2728 3765 2767 ma-

2154 2786 2414 2846 nifestum
2461 2797 2541 2847 est
2567 2801 2689 2864 post
2736 2794 3112 2853 ascensionem
3144 2796 3373 2853 Domini
3401 2814 3601 2857 omnes
3635 2819 3762 2875 gen-

2153 2886 2234 2934 tes
2261 2878 2329 2934 ad
2355 2878 2522 2937 ﬁdem
2552 2880 2766 2939 venisse
2796 2882 3026 2954 Christi,
3058 2886 3279 2967 quasin
3309 2897 3473 2956 sexto
3503 2891 3629 2949 loco
3661 2911 3759 2967 po-

2151 2965 2382 3024 suimus.
2414 2967 2657 3041 Septima
2684 2977 2803 3027 est:
2838 2971 3101 3039 Quoniam
3107 2966 3319 3043 judicia
3352 2981 3445 3032 tua
3474 2965 3761 3050 manifesta

2152 3062 2274 3111 sunt
2303 3075 2318 3125 ;
2351 3073 2515 3130 quam
2546 3058 2614 3115 ad
2662 3058 2804 3117 diem
2837 3059 3039 3134 judicii
3089 3063 3365 3135 pertinere
3396 3068 3757 3125 manifestum

2151 3153 2252 3215 est,
2282 3145 2340 3202 in
2370 3164 2477 3220 quo
2502 3147 2716 3221 judicia
2744 3150 2845 3206 Dei
2868 3149 3018 3223 justa
3037 3159 3091 3208 et
3118 3169 3248 3210 vera
3280 3172 3400 3212 esse
3428 3159 3758 3216 manifesta-

2149 3235 2375 3295 buntur.
2406 3238 2456 3294 A
2477 3238 2639 3312 cujus
2647 3238 2851 3312 judicii
2873 3241 3225 3300 damnatione
3244 3260 3349 3301 nos
3372 3247 3754 3306 misericordia

2149 3334 2202 3384 et
2237 3328 2408 3399 pietas
2434 3329 2659 3386 Domini
2687 3339 2741 3387 et
2769 3331 3132 3406 redemptoris
3159 3335 3341 3391 nostri
3374 3336 3514 3395 Iesu
3547 3339 3751 3398 Christi

2149 3416 2379 3475 liberare
2426 3418 2684 3492 dignetur
2725 3420 2867 3495 (37),
2915 3423 3012 3496 qui
3059 3440 3185 3481 cum
3241 3425 3409 3485 Patre
3460 3436 3517 3485 et
3545 3428 3750 3503 Spiritu

2146 3517 2335 3567 sancto
2362 3510 2504 3567 vivit
2530 3519 2583 3569 et
2610 3521 2801 3587 regnat
2823 3515 2969 3573 Deus
3005 3531 3103 3588 per
3132 3517 3323 3575 omnia
3351 3522 3562 3580 sacula
3588 3538 3748 3579 sacu-

2146 3598 2348 3671 lorum,
2374 3616 2557 3660 amen.

2576 3766 2672 3823 DE
2701 3765 2987 3830 VISIONE
3017 3768 3305 3840 QUINTA.

2213 3897 2369 3955 Visio
2416 3900 2633 3974 quinta,
2675 3903 2745 3960 ad
2786 3904 2944 3978 cujus
2972 3922 3165 3964 sensus
3214 3906 3603 3982 elucidandos,
3641 3914 3737 3970 Βο-

2139 3987 2291 4045 mino
2314 3988 2567 4063 juvante,
2588 3995 2961 4066 pervenimus,
2992 4013 3064 4054 ex
3087 3998 3339 4056 maxima
3365 4009 3527 4074 parte
3543 4002 3735 4060 visioni

2136 4080 2407 4152 superiori
2445 4084 2761 4154 concordat,
2826 4086 2895 4143 de
2932 4087 3091 4160 cujus
3144 4089 3527 4165 intelligentia
3571 4110 3733 4167 usque

2136 4169 2300 4227 modo
2329 4172 2477 4245 quod
2503 4174 2730 4231 Domini
2771 4175 2946 4249 gratia
2983 4177 3172 4250 largiri
3206 4178 3440 4253 dignata
3457 4191 3562 4252 est,
3599 4182 3731 4240 dixi-

2134 4275 2257 4318 mus
2290 4259 2310 4334 (
2337 4262 2427 4319 Ad
2450 4280 2569 4338 cap.
2601 4280 2725 4335 vni,
2766 4283 2904 4325 vers.
2930 4267 3010 4340 2).
3034 4268 3172 4326 Nam
3202 4269 3350 4329 sicut
3379 4271 3502 4330 illic
3531 4282 3730 4346 septem

2131 4352 2311 4423 angeli
2339 4351 2449 4415 visi
2501 4363 2650 4424 sunt,
2698 4355 2900 4430 quibus
2927 4356 3067 4416 data
3110 4367 3243 4417 sunt
3285 4371 3499 4435 septem
3543 4362 3727 4422 tuba:

425 4426 644 4500 gnaturi
674 4437 824 4499 sunt,
851 4429 911 4486 in
934 4434 1221 4504 praeceptis
1249 4433 1565 4493 divinarum
1610 4435 2019 4511 Scripturarum
2050 4466 2100 4526 D
2138 4438 2216 4499 ita
2244 4449 2298 4497 et
2334 4441 2429 4501 hic
2454 4452 2662 4518 septem
2689 4426 2900 4519 angelis
2920 4455 3127 4520 septem
3158 4426 3366 4523 phiala
3391 4452 3535 4509 data
3567 4452 3731 4509 fuisse

422 4535 638 4592 gressus
666 4520 856 4595 ﬁgent,
901 4522 1167 4598 nullaque
1200 4524 1534 4599 impulsione
1567 4537 1860 4587 ventorum
1905 4534 2024 4610 (36)

419 4626 453 4667 a
479 4627 577 4669 sua
604 4611 713 4669 ﬁde
744 4614 955 4671 moveri
980 4622 1281 4688 poterunt.
1321 4617 1424 4673 Per
1458 4616 1698 4677 citharas
1725 4637 1857 4678 vero
1889 4639 2025 4696 quas

418 4698 715 4772 habebant,
748 4704 1103 4764 mortiﬁcatio
1133 4707 1314 4765 carnis
1345 4707 1664 4781 designatur
1696 4727 1709 4767 :
1741 4712 2022 4773 canticum

417 4797 599 4848 autem
629 4792 828 4867 Moysi,
856 4805 1015 4855 vetus
1049 4797 1459 4855 Testamentum
1491 4816 1504 4856 :
1549 4799 1831 4858 canticum
1870 4804 2018 4878 Agni

416 4896 625 4944 novum
651 4888 1009 4948 demonstrat.
1054 4890 1345 4951 Canticum
1373 4907 1502 4965 ergo
1529 4892 1710 4967 Moysi
1750 4901 1806 4951 et
1847 4897 2018 4956 canti-

413 4990 542 5031 cum
570 4977 715 5051 Agni
742 4979 1070 5049 cantabant;
1125 4980 1255 5054 quia
1282 4989 1337 5038 et
1365 4991 1523 5039 vetus
1569 4992 1623 5040 et
1666 4999 1875 5043 novum
1922 4986 2017 5043 Te-

413 5071 746 5124 stamentum
763 5069 936 5127 sancti
956 5068 1354 5144 praedicabunt.
1373 5071 1533 5141 Quod
1553 5074 1833 5135 canticum
1855 5078 2014 5152 quale

411 5152 507 5222 sit,
541 5155 852 5215 audiamus.

484 5244 666 5314 (Vers.
694 5246 812 5318 14.)
838 5249 1036 5320 Magna
1065 5254 1115 5305 et
1135 5250 1413 5309 mirabilia
1439 5270 1603 5325 opera
1635 5259 1749 5326 tua,
1790 5253 2014 5313 Domine

407 5341 550 5397 Deus
575 5344 897 5416 omnipotens
928 5364 946 5402 .’
971 5347 1133 5418 justa:
1159 5355 1208 5405 et
1242 5366 1377 5406 vera:
1406 5350 1505 5408 via
1543 5357 1664 5409 tua.
1705 5355 1819 5412 Rea:
1854 5371 2011 5411 sacu-

403 5555 595 5680 υεὲῗοϐ)
628 5557 806 5682 ﬁdit”
836 5562 1087 5632 nullaque
1113 5563 1427 5635 impulsione
1464 5566 1756 5633 vitiorum;
1796 5584 1897 5625 ms.
1934 5609 1947 5624 .
1983 5612 1995 5624 .

557 5644 624 5682 ru
685 5670 696 5682 .

557 5644 696 5682 rum.

2136 4540 2550 4590 memorantur:
2601 4543 2656 4591 et
2683 4535 2829 4594 sicut
2854 4537 2915 4593 in
2961 4547 3128 4595 cantu
3160 4539 3307 4598 tuba
3345 4542 3521 4615 primi
3550 4542 3727 4615 angeli

2133 4622 2338 4695 grando
2366 4638 2564 4696 magna
2606 4629 2807 4681 terram
2837 4626 3139 4699 percussit;
3182 4628 3261 4685 ita
3290 4637 3345 4686 et
3373 4630 3437 4686 in
3467 4632 3728 4689 eﬁ’usione

2132 4711 2329 4783 phiala
2353 4713 2521 4785 primi
2553 4714 2732 4787 angeli
2762 4714 3034 4784 homines,
3086 4717 3184 4790 qui
3227 4734 3326 4791 per
3354 4728 3562 4778 terram
3592 4737 3726 4794 sape

2130 4799 2507 4874 designantur,
2547 4803 2799 4876 pessimis
2838 4803 3164 4863 vulneribus
3202 4811 3455 4881 percussi
3503 4828 3621 4870 esse
3649 4812 3725 4871 di-

2127 4897 2373 4949 cuntur:
2434 4897 2579 4957 558
2633 4900 2689 4949 et
2742 4893 3206 4967 quemadmodum
3261 4897 3324 4953 in
3369 4908 3544 4958 cantu
3583 4903 3723 4960 tuba

2125 4988 2353 5048 secundi
2380 4991 2560 5065 angeli
2587 4991 2749 5049 tertia
2773 5008 2895 5065 pars
2927 4992 3097 5050 maris
3121 4993 3181 5049 in
3207 4996 3545 5069 sanguinem
3574 5015 3723 5057 versa

2124 5086 2225 5149 est,
2255 5080 2513 5140 similiter
2551 5090 2607 5139 et
2655 5082 2714 5138 in
2739 5082 3006 5157 effusione
3035 5082 3241 5155 phiala
3268 5087 3507 5145 secundi
3545 5089 3719 5163 angeli

2123 5175 2301 5227 totum
2330 5186 2478 5228 mare
2494 5170 2557 5228 in
2580 5170 2903 5245 sanguinem
2924 5187 3143 5229 versum
3160 5172 3333 5232 fuisse
3361 5175 3714 5235 describitur.

2120 5260 2393 5320 Eumdem
2419 5277 2639 5319 sensum
2678 5269 2985 5336 sequuntur
3010 5270 3065 5321 et
3089 5264 3320 5323 caeteri:
3353 5269 3455 5326 sed
3485 5269 3717 5343 qualiter

2120 5349 2213 5408 isti
2253 5368 2378 5409 cum
2422 5351 2800 5426 superioribus
2856 5354 3218 5425 concordent,
3268 5356 3331 5414 in
3358 5360 3715 5433 sequentibus

2187 5567 2304 5639 (37)
2331 5566 2515 5653 code);
2556 5540 2737 5640 Gem.,
2766 5567 3028 5643 dignetur,
3056 5570 3144 5628 cui
3167 5579 3246 5630 est
3266 5575 3445 5634 honor
3472 5585 3524 5635 et
3545 5581 3711 5653 gloria

2106 5655 2208 5710 per
2235 5646 2433 5709 omnia,
2466 5646 2571 5699 etc.
