3902 6198
158 254 276 314 985

1060 254 1519 314 BERENGAUDI
1557 252 1932 313 EXPOSITIO
1970 255 2042 314 IN
2077 254 2583 314 APOCALYPSIN.

3367 255 3473 314 986

158 378 415 436 dicemus
448 377 589 452 (38).
622 377 888 436 Eamdem
923 394 1050 452 ergo
1080 378 1537 454 signiﬁcationem
1560 378 1768 437 habent
1796 381 1846 442 Α
1874 378 2283 453 praedicandum
2313 378 2696 438 descendunt?
2724 378 2830 438 Sed
2860 380 3038 439 sancti
3082 379 3470 454 praedicatores

159 466 263 525 isti
295 484 460 541 quam
500 478 557 527 et
601 468 722 538 illi;
772 468 1088 543 signiﬁcant
1135 470 1339 544 quippe
1387 469 1770 544 pradicatores

158 557 265 633 qui
297 558 523 615 fuerunt
551 558 620 615 ab
650 558 833 629 initio,
863 568 919 616 et
944 569 1107 618 erunt
1138 576 1311 634 usque
1354 559 1423 616 ad
1445 559 1631 616 ﬁnem.
1664 559 1770 616 Sed

158 646 292 705 ideo
322 647 406 704 bis
437 656 738 721 ponuntur,
785 649 914 723 quia
969 650 1113 708 sicut
1142 650 1394 725 superius
1421 649 1772 706 demonstra—

157 737 374 806 vimus,
398 752 462 793 ea
487 754 605 811 qua:
627 737 731 794 sub
755 746 923 795 cantu
943 740 1088 796 tubae
1109 739 1276 814 primi
1299 738 1501 811 angeli,
1518 737 1766 809 secundi,

158 826 344 896 tertii,
384 834 549 900 atque
578 828 762 900 quarti
806 836 958 900 gesta
995 829 1167 885 fuisse
1204 830 1322 885 visa
1357 836 1507 897 sunt,
1540 828 1604 885 ad
1651 828 1773 884 ele-

157 926 287 977 ctos
315 918 613 992 pertinent.
650 919 819 976 Porro
877 936 997 993 qua:
1041 920 1142 977 sub
1192 929 1359 979 cantu
1387 920 1534 977 tubae
1566 918 1770 992 quinti,

158 1008 335 1077 sexti,
368 1016 532 1080 atque
570 1007 791 1081 septimi
820 1008 1000 1081 angeli
1032 1010 1175 1067 facta
1215 1011 1386 1066 fuisse
1434 1008 1768 1078 referuntur,

158 1097 375 1171 quibus
404 1105 458 1153 et
486 1096 592 1153 tria
619 1113 702 1152 vat
748 1095 1182 1170 conjunguntur,
1241 1098 1300 1153 in
1340 1097 1541 1171 quibus
1582 1113 1774 1170 perse-

157 1186 418 1244 cutiones
464 1186 746 1255 Ecclesiae,
801 1203 937 1260 quas
965 1186 1035 1244 ab
1084 1187 1357 1245 haereticis
1393 1197 1448 1245 et
1475 1204 1507 1243 a
1549 1186 1774 1261 paganis

157 1290 324 1348 passa
346 1284 447 1345 est,
479 1282 533 1331 et
576 1274 644 1331 ab
671 1274 1020 1332 Autichristo
1046 1275 1105 1331 in
1146 1276 1256 1332 ﬁne
1303 1275 1501 1333 mundi
1548 1290 1775 1348 passura

159 1373 269 1433 est,
327 1364 740 1431 describuntur,
792 1380 862 1420 ex
910 1381 1020 1421 una
1054 1366 1206 1440 paite
1252 1365 1321 1422 ad
1370 1364 1652 1438 reprobos,
1703 1380 1772 1419 ex

159 1454 339 1510 altera
366 1453 435 1510 ad
485 1454 687 1509 electos
742 1452 1068 1527 pertinent;
1121 1454 1253 1529 quia
1302 1454 1462 1528 impii
1508 1471 1577 1510 ex
1625 1455 1773 1510 malo

159 1542 317 1617 quod
345 1540 455 1615 piis
482 1542 762 1616 ingerunt,
812 1559 1030 1615 poenam
1063 1551 1418 1617 perpetuam:
1467 1543 1605 1616 justi
1639 1560 1772 1600 vero

158 1647 238 1688 ex
265 1632 411 1688 male
452 1632 599 1705 quod
630 1631 937 1705 perferunt,
969 1633 1198 1706 gloriam
1243 1633 1635 1706 sempiternam
1664 1632 1771 1689 sibi

1877 471 2031 546 quasi
2060 471 2128 528 de
2154 472 2362 530 caelesti
2392 472 2565 545 patria
2596 481 2820 543 exeunt,
2850 489 2977 531 cum
3007 471 3077 529 ab
3115 472 3214 530 illo
3242 472 3471 528 mittun-

1877 570 1989 630 tur,
2020 561 2115 634 qui
2164 568 2245 617 est
2282 562 2455 635 gloria
2483 569 2819 630 sanctorum,
2859 569 2914 617 et
2957 578 2989 618 a
3016 579 3125 637 quo
3156 561 3337 618 omnis
3362 559 3474 617 do-

1877 650 2054 707 ctrina
2082 665 2270 706 eorum
2300 651 2564 724 procedit.
2601 650 2706 719 Qui
2737 658 2941 722 septem
2991 652 3173 724 plagas
3218 650 3473 707 habuisse

1878 738 2176 797 dicuntur:
2227 750 2281 798 et
2310 742 2560 814 superius
2600 748 2806 815 septem
2840 742 3026 815 plagas
3054 742 3307 800 habuisse
3336 740 3473 799 dicti

1879 839 2028 901 sunt,
2061 849 2125 889 eo
2160 833 2305 906 quod
2352 832 2411 888 in
2457 832 2571 888 illis
2607 840 2987 889 consummata
3026 833 3098 890 sit
3138 832 3220 889 ira
3249 831 3369 889 Dei.
3415 830 3473 888 Si

1880 930 2084 993 septem
2129 922 2311 994 plagas
2355 921 2654 980 iracundiae
2694 921 2793 978 Dei
2834 921 3166 989 habuerunt,
3198 921 3473 995 quomodo

1880 1010 2054 1066 sancti
2083 1009 2216 1067 facti
2244 1009 2469 1068 fuerunt
2496 1011 2525 1067 ?
2552 1010 2657 1068 Sed
2686 1009 3002 1067 habuerunt
3030 1008 3205 1067 sancti
3232 1008 3331 1065 Dei
3362 1009 3473 1081 pla-

1881 1115 1972 1170 gas
2024 1105 2228 1172 septem
2275 1099 2333 1154 in
2364 1106 2707 1172 potestatem,
2759 1114 2871 1154 non
2918 1097 2977 1153 in
3023 1113 3240 1171 pmnam
3283 1112 3469 1166 suam;

1881 1187 2152 1244 Dominus
2181 1204 2415 1261 namque
2453 1187 2591 1244 dicit
2632 1187 2691 1243 in
2721 1187 3057 1259 Evangelio:
3102 1208 3121 1234 ι
3150 1187 3213 1242 In
3242 1201 3475 1258 regene-

1881 1276 2093 1332 ratione
2137 1292 2265 1333 cum
2304 1276 2504 1333 sederit
2532 1275 2710 1333 Filius
2747 1275 2994 1333 hominis
3025 1275 3084 1331 in
3115 1273 3240 1331 sede
3269 1273 3476 1347 majes-

1884 1366 2009 1423 tatis
2037 1382 2167 1436 suae,
2218 1365 2477 1423 sedebitis
2524 1373 2579 1422 et
2606 1382 2706 1423 vos
2752 1381 2915 1439 super
2963 1365 3117 1422 sedes
3159 1362 3473 1433 duodecim,

1874 1454 2188 1528 judicanles
2244 1454 2536 1512 duodecim
2606 1455 2784 1513 tribus
2844 1455 3009 1512 Israel
3082 1454 3294 1528 (Matth.
3353 1470 3473 1524 xxx,

1882 1544 1996 1616 28).
2032 1570 2050 1593 ι
2108 1545 2211 1601 Per
2243 1553 2448 1619 septem
2477 1553 2658 1602 autem
2703 1546 2888 1619 plagas
2915 1551 3120 1618 septem
3148 1542 3287 1599 vitia
3312 1543 3477 1617 prin-

1880 1632 2097 1706 cipalia,
2144 1652 2212 1691 ex
2242 1635 2443 1708 quibus
2473 1635 2661 1691 omnia
2705 1634 2849 1691 mala
2884 1633 3158 1703 oriuntur,
3193 1632 3476 1707 designan-

158 1721 481 1795 acquirunt.
513 1720 711 1778 Omnia
739 1721 926 1795 itaque
957 1738 1078 1795 qua:
1118 1722 1220 1779 sub
1257 1723 1526 1779 effusione
1547 1722 1773 1795 phiala-
1802 1750 1848 1812 Β
1881 1733 1990 1781 tur.
2043 1726 2261 1799 Septem
2311 1727 2482 1800 igitur
2528 1726 2711 1800 plagas
2747 1732 2952 1798 septem
2993 1724 3171 1797 angeli
3221 1723 3478 1781 habuisse

158 1833 293 1874 rum
342 1826 548 1890 septem
599 1818 917 1891 angelorum
949 1818 1364 1887 describuntur,
1400 1818 1470 1875 ad
1513 1817 1774 1892 reprobus

157 1904 487 1976 pertinent;
519 1905 666 1963 unde
695 1914 749 1963 et
794 1907 965 1980 primi
1022 1907 1194 1975 tubis,
1246 1907 1446 1981 quibus
1498 1909 1774 1966 exercitus

158 1994 269 2051 Dei
300 1995 369 2052 ad
398 2012 637 2070 pugnam
679 1998 1102 2070 provocabatur,
1151 1997 1420 2055 cecinisse
1475 1998 1768 2055 dicuntur:

158 2092 457 2158 sequentes
480 2092 662 2143 autem
704 2086 918 2158 phialas
952 2087 1140 2160 plenas
1185 2085 1486 2143 iracundiae
1530 2087 1633 2145 Dei
1668 2104 1774 2146 su-

160 2192 267 2251 per
297 2176 499 2248 impios
526 2176 785 2234 effudisse
814 2178 1152 2234 referuntur.

236 2260 425 2339 (Vers.
453 2266 536 2338 5.)
570 2267 698 2322 Post
724 2266 830 2322 haec
856 2266 989 2335 vidi,
1045 2274 1091 2323 et
1129 2285 1236 2323 ecce
1264 2273 1508 2339 apertum
1535 2275 1611 2323 est
1637 2274 1774 2324 tem-

152 2357 315 2431 plum
374 2355 702 2411 tabernaculi
759 2356 1040 2412 testimonii
1112 2356 1170 2411 in
1222 2358 1367 2416 caelo.
1439 2357 1504 2413 In
1577 2357 1774 2415 Exodo

158 2444 437 2518 scriptum
466 2451 549 2500 est
591 2443 739 2517 quod
784 2444 978 2502 fecerit
1022 2445 1238 2518 Moyses
1265 2445 1684 2504 tabernaculum
1715 2448 1776 2503 in

162 2534 432 2593 deserto:
476 2541 664 2607 postea
710 2549 842 2591 vero
871 2551 903 2590 a
962 2534 1254 2592 Salomone
1303 2534 1419 2608 jam
1466 2537 1669 2610 populo
1716 2538 1775 2593 in

168 2633 321 2682 terra
364 2621 813 2697 repromissionis
856 2623 1104 2697 degente,
1138 2624 1411 2699 templum
1443 2625 1773 2685 aediﬁcatum

166 2721 273 2773 est.
302 2714 406 2771 Per
441 2713 720 2771 desertum
751 2713 923 2786 igitur
948 2714 1056 2771 hoc
1101 2715 1405 2773 saeculum:
1440 2732 1538 2789 per
1576 2717 1771 2774 taber-

169 2804 433 2865 naculum
464 2803 612 2879 quod
640 2803 707 2861 de
738 2804 858 2862 loco
905 2805 974 2863 ad
1006 2804 1190 2863 locum
1221 2804 1573 2876 transfertur,
1625 2823 1773 2880 prie-

167 2914 296 2963 sens
331 2895 582 2954 Ecclesia
599 2894 940 2970 designatur,
969 2913 1092 2970 quae
1119 2896 1187 2954 de
1225 2896 1441 2955 deserto
1471 2896 1638 2972 hujus
1662 2916 1775 2956 saa-

162 2988 282 3049 culi
301 2987 547 3063 quotidie
566 2988 635 3045 ad
663 2988 939 3047 cmlestem
966 2988 1369 3048 beatitudinem
1399 2989 1624 3061 transit,
1644 3007 1772 3065 per-

1883 1819 1988 1876 visi
2018 1830 2185 1889 sunt;
2235 1820 2365 1894 quia
2406 1819 2788 1893 praedicatores
2819 1818 2995 1877 sancti
3027 1820 3100 1895 in
3146 1817 3236 1873 die
3276 1815 3476 1889 judicii

1884 1917 2089 1983 septem
2122 1908 2261 1966 vitia
2309 1909 2657 1982 principalia,
2704 1909 2762 1965 id
2805 1916 2909 1979 est,
2951 1923 3142 1964 omnes
3169 1913 3480 1983 operatores

1885 1999 2156 2054 malorum
2186 1998 2263 2054 ita
2292 1998 2351 2054 in
2381 2004 2646 2071 potestate
2676 1995 2976 2065 habebunt,
3012 2002 3076 2051 ut
3103 2012 3292 2051 eorum
3317 1992 3475 2066 judi-

1882 2088 1972 2145 cio
2000 2094 2263 2162 perpetua
2291 2102 2449 2160 pmna
2476 2086 2807 2159 plectantur.
2836 2086 3229 2146 Consummata
3247 2090 3327 2141 est
3348 2098 3479 2139 vero

1883 2176 1942 2233 in
1972 2176 2177 2235 sanctis
2216 2176 2668 2250 praedicatoribus
2709 2175 2791 2233 ira
2817 2177 2940 2243 Dei,
2966 2174 3026 2231 id
3054 2182 3157 2244 est,
3189 2189 3287 2248 per
3313 2173 3476 2241 illos;

1883 2267 2011 2340 quia
2037 2282 2226 2323 eorum
2275 2265 2489 2338 judicio
2540 2266 2622 2322 ira
2667 2265 2768 2322 Dei
2805 2264 3137 2339 perﬁcietur.
3187 2264 3481 2320 Possumus

1884 2364 2095 2427 septem
2152 2356 2337 2428 plagas
2395 2355 2556 2411 aliter
2614 2355 2941 2428 intelligere.
3004 2352 3265 2426 Superius
3319 2368 3483 2409 omne

1883 2460 2082 2517 corpus
2134 2444 2432 2517 impiorum
2479 2444 2540 2501 in
2568 2454 2774 2518 septem
2804 2451 2984 2518 partes
3011 2443 3305 2501 divisimus
3337 2442 3477 2515 (cap.

1885 2551 1924 2603 ι,
1954 2551 2090 2590 vers.
2120 2534 2210 2606 ll)
2239 2552 2251 2591 :
2299 2541 2503 2607 septem
2544 2550 2671 2607 ergo
2708 2535 2879 2606 plaga:
2927 2542 3057 2590 sunt
3084 2541 3326 2603 peccata,
3360 2549 3481 2604 quae

1885 2623 2188 2699 unicuique
2241 2623 2384 2697 parti
2436 2623 2618 2696 aptius
2670 2620 3057 2690 conveniunt;
3116 2622 3278 2678 aliter
3331 2620 3478 2678 enim

1878 2712 2278 2787 judicabuntur
2318 2713 2359 2769 ii
2406 2713 2502 2786 qui
2538 2720 2664 2769 ante
2702 2710 2978 2768 diluvium
3007 2711 3253 2780 fuerunt,
3295 2728 3479 2784 popu-

1884 2802 2112 2876 lumque
2178 2803 2277 2861 Dei
2325 2801 2717 2875 conjunctione
2766 2800 3096 2858 feminarum
3149 2802 3481 2873 deceperunt

1884 2891 2039 2966 (Gen.
2057 2911 2131 2963 γι,
2155 2893 2234 2967 2):
2261 2893 2420 2950 aliter
2448 2892 2491 2949 ii
2520 2892 2613 2966 qui
2641 2897 2763 2964 post
2792 2890 3067 2947 diluvium
3084 2889 3475 2960 idololatriam,

1881 2983 2238 3059 diversosque
2268 2998 2479 3041 errores
2507 2982 2860 3051 invenerunt,
2892 2996 2988 3054 per
3016 2995 3136 3054 quae
3166 2995 3334 3054 genus
3363 2978 3481 3035 hu—

168 3081 360 3155 gitque
395 3080 462 3137 de
486 3079 693 3137 virtute
721 3079 781 3136 in
814 3080 1101 3150 virtutem,
1133 3089 1195 3138 ut
1226 3080 1408 3138 videat
1425 3083 1603 3140 Deum
1631 3084 1774 3142 deo-
1805 3115 1848 3177 Ο
1882 3092 2107 3133 manum
2137 3074 2427 3149 deceptum
2456 3081 2537 3130 est
2563 3091 2575 3131 :
2599 3071 2819 3177 aliter‘ii
2839 3071 2935 3146 qui
2958 3070 3061 3128 sub
3083 3072 3206 3177 lege
3230 3070 3478 3177 ἰαθῐιιξιῑ,

167 3187 292 3227 rum
314 3171 374 3227 in
389 3170 520 3229 Sion
540 3170 713 3244 (Psal.
733 3188 971 3242 Lxxxm,
988 3172 1069 3244 8).
1089 3172 1244 3230 Unde
1271 3182 1323 3230 et
1343 3173 1570 3233 cortinae
1598 3174 1774 3231 taber-

167 3261 381 3331 naculi,
401 3279 521 3337 quae
537 3261 772 3320 diversis
789 3262 1069 3321 coloribus
1083 3262 1314 3336 depictas
1337 3270 1514 3333 erant,
1538 3263 1775 3338 pellibus

169 3354 495 3429 tegebantur
522 3361 576 3412 et
605 3355 806 3414 ciliciis
830 3375 845 3426 ;
892 3363 957 3413 ut
990 3356 1434 3413 demonstrarent
1466 3356 1777 3415 mortiﬁca-

168 3443 382 3503 tionem
435 3444 617 3503 carnis
657 3452 819 3520 atque
870 3445 1245 3504 humilitatem
1300 3446 1611 3504 custodiam
1659 3465 1776 3506 esse

170 3539 467 3597 virtutum.
500 3537 647 3607 Quid
676 3546 860 3597 autem
906 3555 1006 3612 per
1052 3546 1254 3599 terram
1309 3539 1771 3613 repromissionis,

170 3632 283 3690 nisi
330 3629 569 3689 cmlestis
615 3631 797 3704 patria
845 3631 1184 3707 designatur,
1238 3649 1402 3707 quam
1461 3635 1776 3708 repromisit

167 3724 319 3781 Deus
347 3721 707 3795 diligentibus
735 3738 792 3780 se
820 3723 959 3797 (Jac.
992 3741 1032 3793 ι,
1062 3723 1155 3797 42)
1187 3725 1217 3783 7
1242 3724 1317 3781 Et
1339 3724 1473 3799 quid
1502 3742 1598 3799 per
1625 3734 1778 3784 tem-

170 3811 350 3885 plum,
381 3811 531 3884 quod
587 3828 657 3869 ex
708 3812 933 3885 optimis
979 3812 1259 3887 lapidibus
1284 3815 1616 3874 aediﬁcatum
1643 3817 1772 3888 fuit,

166 3902 458 3975 ﬁguratur,
507 3901 619 3959 nisi
647 3903 888 3960 ccelestis
941 3904 1265 3975 Jerusalem,
1322 3923 1442 3980 quas
1503 3922 1575 3963 ex
1623 3907 1774 3965 vivis

172 3993 452 4067 lapidibus
480 3993 731 4066 quotidie
757 3993 1064 4053 aediﬁcatur
1080 3996 1109 4054 ‘I
1131 3996 1290 4064 Quod
1311 3998 1428 4071 (39)
1452 4013 1581 4071 ergo
1601 3998 1771 4056 dicit:

168 4084 438 4156 Apertum
466 4090 542 4140 est
568 4085 816 4157 templum
836 4084 1165 4143 tabernaculi
1186 4106 1208 4153 ;
1231 4087 1339 4144 tale
1368 4095 1449 4144 est
1472 4106 1537 4146 ac
1558 4088 1607 4146 si
1634 4088 1778 4147 dica-

168 4180 307 4231 tur:
364 4172 634 4245 Apertum
691 4179 773 4229 est
828 4174 1097 4245 templum
1150 4175 1454 4233 Ecclesiae:
1509 4179 1777 4250 templum

168 4278 307 4320 vero
334 4261 595 4320 Ecclesiae
622 4262 757 4336 quid
785 4271 868 4319 est
914 4262 1088 4332 aliud,
1120 4262 1232 4319 nisi
1262 4265 1500 4322 caelestis
1548 4268 1731 4339 patria
1751 4268 1780 4325 ?

168 4352 239 4410 In
267 4350 373 4409 hoc
399 4351 610 4425 templo
639 4349 933 4408 Psalmista
961 4350 1209 4410 habitare
1253 4352 1620 4425 desiderabat,
1651 4372 1779 4413 cum

168 4443 393 4502 dicebat
425 4462 438 4501 :
486 4468 506 4495 ς
526 4444 703 4501 Unam
745 4443 883 4517 petii
908 4459 941 4500 a
964 4443 1226 4513 Domino,
1275 4443 1419 4503 hanc
1450 4445 1725 4518 requiram
1759 4465 1772 4515 ;
1805 4484 1854 4543 Ι)

170 4540 239 4591 ut
265 4532 574 4590 inhabitem
603 4532 662 4588 in
689 4533 855 4590 domo
881 4532 1107 4590 Domini
1134 4533 1392 4591 omnibus
1425 4533 1620 4591 diebus
1648 4534 1778 4593 vitae

169 4638 310 4679 mea:
343 4622 520 4695 (Psal.
571 4637 730 4690 xxvr,
769 4620 852 4695 4).
882 4647 901 4672 ι
953 4622 1069 4680 Hoc
1123 4622 1309 4696 itaque
1362 4623 1631 4697 templum
1679 4642 1776 4699 per

172 4712 463 4770 Christum
510 4718 759 4786 apertum
806 4720 907 4782 est,
956 4712 1086 4785 quia
1128 4712 1310 4770 aditus
1338 4713 1493 4787 regni
1536 4716 1775 4774 caelestis

173 4817 272 4876 per
299 4819 429 4860 eum
457 4802 717 4859 omnibus
744 4801 1001 4860 ﬁdelibus
1029 4802 1330 4876 patefactus
1357 4811 1458 4862 est.

249 4897 436 4969 (Vers.
465 4896 547 4969 6.)
574 4898 650 4952 Et
676 4896 919 4953 exierunt
947 4903 1138 4969 septem
1166 4898 1359 4970 angeli,
1402 4899 1642 4955 habentes
1668 4916 1777 4972 sep-

173 4993 279 5043 tem
302 4987 495 5058 plagas
519 4986 582 5043 de
607 4988 818 5058 templo,
847 4986 1018 5043 vestiti
1050 4986 1224 5058 lapide
1242 4988 1438 5043 mundo
1464 4995 1512 5043 et
1529 4990 1775 5060 candido,

169 5082 223 5133 et
247 5075 521 5147 praecincti
561 5076 704 5131 circa
744 5081 961 5148 pectora
1007 5076 1159 5132 zonis
1185 5079 1387 5135 aureis.
1428 5077 1487 5134 Si
1517 5095 1615 5151 per
1642 5087 1777 5135 tem.

139 5166 331 5239 ,plum
359 5164 601 5223 caelestis
631 5167 827 5239 patria,
885 5174 938 5223 et
968 5183 1063 5240 per
1111 5176 1319 5240 septem
1370 5170 1592 5242 angelos
1628 5186 1780 5242 prae-

172 5256 456 5313 dicatores
482 5256 861 5330 designantur,
916 5256 1193 5329 quomodo
1231 5257 1299 5314 de
1333 5259 1538 5332 templo
1580 5260 1781 5317 exiisse

172 5343 446 5404 dicuntur
464 5345 493 5402 Ἰ
523 5345 807 5420 Numquid
835 5345 1010 5403 sancti
1043 5345 1111 5403 de
1136 5346 1233 5404 illa
1263 5348 1471 5407 cmlesti
1509 5349 1685 5422 patria
1712 5349 1781 5406 ad

193 5570 202 5578 .
242 5498 378 5579 Δ(38)
398 5498 484 5579 ita
507 5513 637 5553 mss.
667 5516 680 5565 ;
709 5496 842 5579 edit.
874 5513 1025 5567 vero,
1057 5499 1390 5579 describitur.
1426 5502 1526 5558 Sed
1553 5502 1784 5575 qualiter

182 5569 346 5627 isti...
378 5569 631 5637 dicemus,
661 5569 892 5624 eumdem
920 5585 1131 5626 sensum
1159 5573 1407 5629 secuturi.

259 5640 382 5713 (39)
434 5639 638 5698 Omnes
701 5639 859 5710 edit.,
918 5641 1061 5712 Quid
1125 5643 1291 5717 igitur
1340 5644 1487 5718 dicit,
1541 5651 1784 5722 apertum

1885 3173 1939 3223 et
1979 3165 2237 3222 mandata
2273 3165 2375 3223 Dei
2425 3180 2537 3221 non
2581 3160 2999 3220 custodierunt:
3050 3158 3209 3216 aliter
3251 3158 3480 3232 pseudo-

1885 3255 2186 3329 prophetae,
2218 3254 2315 3329 qui
2340 3254 2610 3327 populum
2637 3251 2738 3308 Dei
2767 3250 3119 3324 deceperunt,
3141 3248 3303 3305 aliter
3321 3247 3481 3321 impii

1885 3346 2084 3416 Judaei,
2137 3345 2228 3419 qui
2280 3344 2584 3402 Dominum
2630 3340 3044 3409 interfecerunt,
3096 3346 3154 3419 _et
3206 3338 3482 3411 apostolos

1886 3436 2003 3510 ejus
2046 3414 2319 3509 persecuti
2363 3441 2524 3492 sunt:
2572 3432 2733 3488 aliter
2789 3414 3161 3505 persecutores
3195 3427 3480 3498 Ecclesiae,

1886 3527 1980 3600 qui
2019 3524 2186 3583 ﬁdem
2233 3524 2441 3583 Christi
2490 3521 2838 3595 exstinguere
2884 3519 3069 3578 conati
3114 3525 3279 3575 sunt:
3321 3516 3483 3574 aliter

1885 3614 2127 3673 ministri
2181 3611 2535 3682 Antichristi,
2594 3611 2691 3686 qui
2742 3609 3025 3670 Christum
3082 3607 3372 3676 deserturi,
3427 3614 3483 3664 et

1885 3703 2293 3762 Antichristum
2324 3712 2454 3761 sunt
2491 3703 2753 3761 secuturi.
2787 3703 2894 3759 Has
2921 3700 3109 3775 itaque
3139 3700 3324 3774 plagas
3352 3713 3482 3754 san-

1884 3796 1962 3853 cti
1990 3795 2090 3853 Dei
2128 3795 2187 3850 in
2216 3800 2481 3869 potestate
2510 3792 2828 3860 habebunt;
2863 3790 2992 3865 quia
3031 3787 3239 3863 singuli
3267 3804 3359 3844 eos
3386 3788 3482 3860 qui

1887 3884 2001 3941 suis
2029 3884 2369 3957 temporibus
2398 3887 2644 3953 fuerunt,
2676 3897 2975 3954 eorumque
3005 3879 3215 3936 monita
3240 3883 3482 3936 contem-

1886 3982 2130 4047 pserunt,
2186 3990 2286 4029 suo
2336 3971 2551 4045 judicio
2595 3979 2855 4045 perpetua
2904 3985 3065 4043 poena
3114 3966 3480 4024 damnabunt.

1887 4063 1989 4120 Per
2032 4061 2269 4135 lapidem
2307 4078 2437 4117 vero
2477 4061 2749 4118 mundum
2794 4068 2956 4133 atque
3000 4056 3319 4126 candidum,
3372 4072 3483 4130 quo

1888 4160 2095 4226 septem
2141 4152 2320 4224 angeli
2353 4152 2539 4209 vestiti
2583 4152 2751 4209 fuisse
2780 4151 2888 4208 visi
2916 4157 3067 4220 sunt,
3098 4148 3349 4208 Christus
3378 4146 3484 4205 de-

1889 4242 2159 4316 signatur,
2200 4243 2267 4299 de
2313 4259 2421 4317 quo
2460 4242 2596 4301 dicit
2623 4241 2954 4315 Apostolus:
3019 4265 3037 4288 ι
3065 4242 3269 4299 Omnes
3299 4239 3396 4314 qui
3423 4237 3483 4297 iu

1891 4333 2113 4391 Christo
2154 4333 2412 4408 baptizati
2456 4335 2606 4406 estis,
2651 4333 2933 4393 Christum
2980 4331 3244 4392 induistis
3273 4332 3481 4405 (Galat.

1889 4440 1977 4491 ιιι,
2031 4424 2147 4497 27).
2181 4449 2200 4474 ι
2252 4425 2354 4481 Per
2399 4439 2563 4483 zonas
2608 4433 2789 4483 autem
2838 4441 3047 4494 aureas,
3090 4421 3292 4498 quibus
3338 4421 3485 4481 circa

1892 4521 2112 4586 pectora
2140 4514 2421 4588 praecincti
2452 4522 2765 4584 narrantur,
2797 4514 3222 4589 praedicatorum
3255 4509 3485 4584 sapien-

1884 4602 1960 4672 (ia
1999 4602 2322 4661 intimatur:
2377 4620 2497 4678 quae
2544 4604 2710 4662 corda
2754 4612 3072 4662 sanctorum
3119 4603 3265 4659 intra
3304 4616 3360 4658 se
3407 4599 3483 4655 ita

1883 4693 2192 4763 concludit,
2221 4702 2284 4750 ut
2316 4703 2470 4752 extra
2498 4693 2673 4768 ipsam
2703 4710 2799 4768 per
2826 4693 3075 4752 diversos
3102 4707 3314 4750 errores
3345 4705 3484 4748 eva-

1885 4784 2001 4858 gari
2032 4800 2145 4841 nou
2176 4785 2339 4842 sinat.

1956 4902 2033 4958 Et
2054 4916 2219 4956 unum
2245 4917 2271 4955 e
2296 4905 2529 4970 quatuor
2573 4897 2895 4956 animalibus
2936 4896 3081 4955 dedit
3118 4903 3307 4971 septem
3329 4916 3482 4973 ange-

1890 4991 1955 5048 lis
1981 4999 2170 5065 septem
2210 4992 2424 5064 phialas
2469 5008 2684 5062 aureas,
2726 4994 2915 5065 plenas
2949 4992 3246 5050 iracundias
3271 4993 3371 5051 Dei
3406 4994 3484 5052 υἰέ

1887 5081 2053 5137 ventis
2079 5081 2137 5137 in
2165 5081 2358 5138 swcula
2379 5082 2710 5138 saeculorum.
2737 5081 2984 5150 Quatuor
3002 5082 3264 5140 animalia
3291 5099 3481 5156 quam-

1890 5171 1975 5229 vis
2003 5179 2240 5245 quatuor
2278 5172 2638 5245 evangelistas
2661 5172 2995 5245 signiﬁcent,
3023 5179 3209 5229 tamen
3227 5180 3282 5229 et
3312 5172 3480 5231 simul

1890 5267 1945 5316 et
1987 5260 2270 5335 sigillatim
2318 5262 2598 5321 Christum
2654 5262 3001 5335 signiﬁcant:
3049 5263 3145 5320 sed
3181 5262 3311 5339 quia
3347 5263 3485 5321 bre-

1892 5349 2036 5408 vitas
2091 5367 2203 5408 non
2266 5350 2540 5425 permittit
2596 5361 2657 5411 ut
2708 5353 2957 5410 dicamus
3017 5351 3481 5427 quemadmodum

1891 5511 1964 5588 est
1992 5506 2238 5588 templum
2266 5506 2546 5588 Ecclesiae:
2588 5507 2876 5588 Templum,
2907 5515 3011 5566 etc.
3040 5505 3146 5566 Sed
3184 5522 3318 5566 mss.
3350 5507 3484 5571 hia~

1893 5585 2011 5634 tum
2042 5585 2367 5653 resarciunt,
2397 5585 2538 5641 utin
2565 5585 2851 5638 contextu.
