3902 6198
385 249 488 305 991

1430 247 1524 302 A1)
1565 246 1800 303 OPERA
1839 245 1896 300 S.
1940 241 2272 300 AMBROSII
2310 239 2689 296 APPENDIX.

3617 242 3739 300 992

384 381 537 441 rent;
566 373 713 429 unde
759 383 812 430 et
839 373 1124 447 sequitur:
1179 372 1319 441 Quia
1369 372 1556 428 datum
1602 377 1674 426 est
1717 368 1806 426 illi
1852 375 1982 425 testu
2013 370 2064 430 Α
2098 367 2235 423 viris
2291 365 2710 440 superabantur,
2769 373 2923 424 tanto
2974 365 3273 440 ampliores
3331 367 3737 442 blasphemias

382 465 585 536 afﬁcere
612 462 844 518 homines
878 470 923 517 et
952 462 1081 535 igni.
1142 463 1438 518 Possumus
1486 477 1582 533 per
1619 468 1811 516 aestum
1840 459 1982 516 obsi-

383 552 627 621 dionem,
681 569 776 626 per
807 552 988 624 ignem
1025 559 1207 608 autem
1235 551 1436 608 famem
1464 558 1518 606 et
1546 551 1811 623 gladium,
1864 549 1984 624 qui-

384 641 488 698 bus
515 641 689 698 Judaei
721 657 858 714 pene
889 657 1080 696 omnes
1105 641 1418 712 consumpti
1463 648 1612 710 sunt,
1653 640 1981 713 intelligere.

384 734 584 791 Datum
613 741 697 790 est
725 749 852 804 ergo
881 731 983 786 soli
1014 731 1226 794 aﬂicere
1258 731 1510 788 homines
1539 741 1674 788 aestu
1723 740 1776 788 et
1823 731 1936 803 igni
1965 750 1978 800 ;

387 823 514 890 quia
546 823 806 879 Romanis
835 820 1022 877 datum
1055 829 1135 876 est
1163 839 1194 876 a
1222 822 1354 889 Deo,
1407 829 1468 878 ut
1516 821 1717 894 impios
1765 821 1984 878 Iudaeos

385 912 627 970 diversis
656 910 1064 969 calamitatibus
1084 910 1334 980 aﬂlictos,
1359 913 1621 986 quosdam
1644 911 1978 980 occiderent,

382 1001 649 1076 quosdam
707 1017 738 1057 a
787 1016 884 1056 sua
937 1007 1083 1056 terra
1125 1002 1443 1058 evellerent.
1500 1005 1574 1059 Et
1625 1006 1982 1057 (estuaverunt

383 1092 614 1147 homines
645 1097 771 1146 testu
796 1108 1006 1162 magno.
1062 1089 1234 1157 Quam
1266 1107 1496 1163 magnus
1533 1090 1701 1148 fuerit
1747 1092 1842 1148 ille
1885 1108 1978 1147 aes-

382 1189 490 1249 tus,
523 1197 632 1254 quo
661 1179 894 1237 Romani
927 1179 1143 1235 Judaeos
1172 1179 1511 1248 aﬂlixerunt,
1535 1180 1630 1253 qui
1662 1180 1784 1236 vult
1815 1179 1976 1249 scire,

381 1271 679 1344 Josephum
715 1271 875 1344 legat,
926 1278 980 1327 et
1009 1270 1254 1327 inveniet
1283 1270 1494 1326 nullam
1523 1279 1738 1341 gentem
1777 1270 1832 1326 in
1864 1287 1978 1326 om-

383 1360 548 1416 nibus
592 1361 775 1434 regnis
828 1368 1097 1416 terrarum
1143 1360 1384 1416 atrocius
1436 1359 1658 1433 periisse
1707 1360 1806 1430 (De
1847 1361 1978 1417 bello

381 1450 652 1523 Iudaico).
709 1454 783 1508 Et
829 1451 1325 1524 blasphemaverunt
1370 1468 1555 1507 nomen
1607 1451 1704 1507 Dei
1745 1451 1977 1506 habentis

376 1550 681 1615 potestatem
711 1561 869 1616 super
912 1545 1008 1600 has
1031 1546 1245 1616 plagas.
1300 1544 1430 1600 Tam
1481 1542 1651 1616 impia
1695 1542 1804 1598 fuit
1847 1560 1976 1615 gens

380 1633 715 1705 Judreorum,
773 1642 835 1692 ut
864 1651 990 1692 cum
1021 1636 1225 1692 scirent
1270 1652 1326 1693 se
1371 1651 1469 1707 pro
1517 1633 1816 1692 sceleribus
1862 1635 1975 1691 suis

2095 460 2164 516 ad
2199 475 2290 515 eos
2324 457 2690 516 revincendos
2716 457 3109 515 inveniebant:
3162 457 3541 532 impellebant
3574 461 3734 518 nihi-

2097 549 2341 606 lominus
2371 565 2464 605 eos
2483 548 2551 604 ad
2596 550 2770 605 Deum
2826 549 3328 621 blasphemandum
3360 549 3585 622 proprii
3638 568 3732 608 er-

2095 655 2266 708 rores,
2297 656 2432 712 quos
2461 638 2879 711 proﬁtebantur.
2914 638 3020 706 Qui
3057 638 3222 694 etiam
3287 637 3412 695 sine
3443 639 3728 711 poeniten-

2094 728 2171 784 tia
2200 728 2368 784 fuisse
2391 727 2674 797 dicuntur,
2695 728 2795 784 vix
2823 728 2971 784 enim
3002 728 3246 800 aliquem
3295 743 3368 783 ex
3405 727 3728 787 inventori-

2091 817 2194 872 bus
2230 818 2498 875 hzeresum
2528 817 2800 888 invenies,
2831 818 2926 892 qui
2957 817 3347 891 paenitentiam
3425 818 3609 891 egerit
3649 837 3723 878 ex

2090 913 2204 968 suis
2234 911 2533 968 erroribus.

2166 1002 2346 1073 (Vers.
2384 1001 2493 1074 12.)
2528 1003 2603 1058 Et
2630 1005 2810 1055 sextus
2837 998 3022 1070 effudit
3057 997 3301 1071 phialam
3336 1016 3499 1056 suam
3556 1018 3723 1075 super

2088 1095 2281 1164 ﬂumen
2312 1111 2560 1165 magnum
2609 1093 2946 1165 Euphraten,
2979 1098 3026 1146 et
3049 1091 3264 1148 siccavit
3292 1110 3500 1165 aquam
3564 1093 3716 1164 ejus;

2089 1191 2148 1240 ut
2171 1192 2579 1257 prirpararetur
2607 1185 2696 1239 via
2718 1184 2926 1255 regibus
2955 1184 3020 1239 ab
3041 1190 3164 1239 ortu
3189 1185 3341 1242 solis.
3373 1185 3584 1243 Sextus
3611 1187 3718 1243 iste

2089 1274 2311 1346 angelus
2340 1273 2585 1330 eamdem
2617 1272 3076 1346 signiﬁcationem
3125 1272 3288 1329 habet
3321 1290 3490 1346 quam
3523 1282 3585 1330 et
3616 1277 3718 1333 ille

2089 1362 2183 1436 qui
2213 1370 2364 1418 sexta
2394 1362 2524 1418 tuba
2551 1361 2812 1419 cecinisse
2852 1361 3006 1418 visus
3043 1369 3162 1430 est;
3205 1362 3491 1434 signiﬁcat
3552 1364 3712 1421 enim

2088 1458 2360 1524 martyres
2397 1458 2652 1508 sanctos:
2686 1461 2740 1508 et
2769 1451 2864 1525 qui
2891 1451 3395 1522 designanturillic
3429 1469 3530 1525 per
3553 1455 3712 1528 equi-

2089 1549 2191 1610 tes,
2220 1557 2252 1597 a
2277 1541 2478 1615 quibus
2505 1543 2669 1598 tertia
2696 1559 2821 1615 pars
2849 1540 3141 1597 hominum
3165 1541 3348 1598 occisa
3374 1543 3553 1600 fuisse
3589 1545 3708 1603 dw-

2085 1630 2341 1700 cribitur,
2378 1631 2480 1704 ipsi
2511 1639 2564 1687 et
2602 1631 2660 1687 in
2681 1631 2786 1688 hoc
2807 1631 2926 1687 loco
2946 1647 3041 1703 per
3060 1631 3269 1688 ﬂumen
3290 1648 3559 1705 magnum
3596 1637 3704 1692 Eu-

380 1726 629 1785 inaudita
673 1727 814 1782 mala
852 1728 1080 1800 perpeti,
1145 1744 1258 1783 non
1306 1727 1484 1782 solum
1547 1743 1578 1782 a
1619 1725 1976 1800 blasphemiis
2007 1740 2054 1802 Β
2087 1722 2320 1795 phraten
2341 1729 2714 1794 persecutores
2734 1721 2995 1778 videlicet
3021 1721 3286 1778 Ecclesia:
3313 1724 3437 1780 Dei.
3480 1724 3706 1784 Effudit

379 1815 587 1873 Christi
620 1833 730 1872 non
764 1816 1117 1885 cessaverint,
1147 1818 1240 1874 sed
1270 1816 1442 1872 etiam
1471 1817 1647 1872 multo
1678 1815 1975 1874 deteriores

377 1905 746 1978 blasphemias
777 1907 835 1962 in
864 1907 978 1964 suis
1005 1906 1396 1964 aﬂlictionibus
1427 1915 1618 1962 contra
1645 1907 1817 1962 Deum
1849 1923 1973 1963 evo-

379 1995 638 2053 muerint.
697 1996 851 2053 Unde
897 2007 951 2054 et
981 1997 1268 2070 sequitur:
1320 1998 1500 2066 Neque
1547 2002 1763 2066 egerunt
1805 1995 1972 2068 pomi-

379 2085 612 2156 tcntiam,
645 2093 702 2142 ut
731 2087 919 2144 darent
949 2088 1034 2144 illi
1060 2086 1283 2159 gloriam
1302 2104 1323 2151 ;
1375 2085 1568 2141 darent
1595 2101 1829 2158 namque
1858 2087 1972 2142 Deo

377 2175 628 2250 gloriam,
657 2174 702 2232 si
723 2193 802 2233 ex
834 2178 949 2233 suis
980 2175 1370 2250 iniquitatibus
1400 2175 1780 2248 pmnitentiam
1812 2191 1969 2248 agen-

375 2275 456 2323 tes
485 2266 543 2322 in
571 2267 854 2326 Christum
881 2266 1274 2336 credidissent,
1305 2266 1530 2342 ejusque
1562 2267 1818 2325 mandata
1848 2285 1969 2326 cus-

374 2356 659 2416 todissent.

445 2453 627 2523 (Vers.
665 2450 750 2519 10,
786 2450 897 2521 11.)
943 2451 1015 2506 Et
1045 2450 1261 2521 quintus
1305 2450 1489 2522 e/fudit
1531 2451 1774 2522 phialam
1817 2467 1970 2506 suam

371 2557 530 2612 super
557 2541 724 2596 sedem
755 2539 946 2608 bestiis,
993 2545 1041 2594 et
1069 2539 1271 2609 factum
1302 2546 1374 2596 est
1401 2557 1621 2612 regnum
1669 2540 1782 2611 ejus
1824 2547 1970 2596 tene-

373 2630 620 2686 brosum:
672 2636 718 2685 et
745 2630 1308 2686 commanducaverunt
1340 2631 1544 2702 linguas
1576 2646 1702 2686 suas
1721 2648 1837 2702 pra:
1864 2631 1969 2686 do-

373 2719 500 2788 lore,
555 2723 602 2773 et
631 2718 1125 2790 blasphemaverunt
1154 2721 1322 2776 Deum
1367 2719 1482 2775 σιειί
1526 2737 1643 2791 prce
1695 2718 1968 2774 doloribus

369 2813 418 2862 et
459 2808 764 2863 vulneribus
813 2810 965 2875 suis;
1008 2817 1056 2864 et
1100 2827 1205 2865 non
1243 2815 1456 2880 egerunt
1499 2808 1860 2880 paenitentiam
1904 2825 1968 2863 ea:

372 2897 616 2969 operibus
657 2898 791 2954 suis.
841 2898 1082 2966 Quintus
1131 2898 1355 2970 angelus
1401 2897 1741 2954 orthodoxos
1791 2906 1967 2971 patres

371 2986 468 3059 qui
494 2996 682 3044 contra
704 2987 989 3044 haereticos
1011 2987 1437 3055 dimicaverunt,
1462 2987 1756 3058 signiﬁcat,
1781 3004 1965 3061 quem-

2085 1829 2214 1884 ergo
2243 1813 2469 1884 angelus
2499 1811 2741 1885 phialam
2791 1828 2944 1868 suam
2976 1828 3139 1884 super
3189 1811 3399 1869 ﬂumen
3442 1815 3702 1887 Euphra-

2081 1910 2210 1970 ten;
2247 1901 2380 1975 quia
2439 1918 2559 1975 quaa
2613 1901 2896 1958 damnatio
2925 1901 3372 1973 persecutoribus
3427 1902 3698 1962 Ecclesiae

2081 1992 2312 2050 instaret
2348 1993 2482 2066 ipsis
2513 1993 2957 2066 persecutoribus
2971 1992 3090 2048 sine
3109 1993 3298 2067 aliqua
3319 1993 3695 2066 trepidatione

2081 2083 2484 2156 praedixerunt.
2517 2084 2620 2138 Per
2649 2099 2845 2156 aquam
2876 2099 3006 2138 vero
3044 2083 3161 2155 ipsa
3210 2084 3530 2155 persecutio
3554 2085 3694 2143 desi-

2081 2180 2317 2244 gnatur:
2352 2172 2584 2230 siccavit
2613 2180 2794 2228 autem
2829 2188 3022 2245 aquam
3055 2171 3178 2244 ejus
3205 2189 3216 2228 :
3251 2173 3382 2246 quia
3410 2174 3613 2232 tandiu
3634 2178 3693 2233 in

2079 2262 2470 2336 praedicatione
2491 2263 2646 2319 verbi
2679 2260 2780 2319 Dei
2812 2261 2986 2319 sancti
3007 2269 3279 2334 martyres
3298 2265 3689 2335 perstiterunt,

2079 2351 2390 2426 usquedum
2423 2353 2604 2410 omnis
2658 2351 2965 2425 persecutio
2993 2351 3160 2407 ﬁnem
3209 2351 3510 2424 acciperet,
3572 2355 3688 2428 qui-

2079 2441 2308 2499 busdam
2341 2460 2411 2499 ex
2465 2442 2912 2515 persecutoribus
2941 2441 3000 2497 in
3048 2440 3332 2497 infernum
3391 2442 3685 2514 demersis,

2079 2534 2407 2606 quibusdam
2433 2534 2562 2591 ﬁdei
2592 2533 2908 2592 christianae
2947 2532 3267 2606 semetipsos
3314 2533 3688 2606 subjicienti-

2077 2630 2198 2686 bus.
2231 2633 2334 2688 Per
2363 2649 2513 2704 reges
2538 2630 2953 2688 multitudinem
2983 2631 3251 2703 gentium,
3283 2647 3408 2705 quae
3426 2631 3500 2688 ad
3517 2631 3685 2689 ﬁdem

2077 2718 2284 2778 Christi
2315 2720 2615 2789 conﬂuxit,
2644 2736 2935 2793 possumus
2965 2719 3290 2792 intelligere.
3344 2721 3454 2779 Via
3498 2722 3685 2796 itaque

2077 2808 2294 2880 regibus
2325 2809 2527 2868 siccata
2565 2825 2704 2884 aqua
2732 2815 3030 2882 praeparata
3059 2815 3140 2864 est
3165 2827 3178 2876 ;
3210 2808 3339 2882 quia
3360 2809 3543 2866 ﬁnitis
3564 2827 3685 2884 per-

2074 2899 2472 2969 secutionibus,
2507 2899 2679 2956 libera
2716 2898 2948 2956 facultas
2975 2897 3100 2955 data
3129 2905 3210 2954 est
3239 2898 3507 2956 omnibus
3537 2917 3686 2972 gen-

2074 2988 2223 3047 tibus
2243 2990 2311 3047 ad
2341 2990 2507 3049 ﬁdem
2567 2990 2774 3048 Christi
2805 2989 3088 3046 veniendi.
3120 2989 3224 3046 Sed
3265 2991 3549 3063 quomodo
3609 2990 3683 3046 ab

372 3076 669 3134 admodum
711 3085 765 3134 et
794 3078 952 3134 illum
985 3076 1230 3133 diximus
1260 3077 1616 3150 signiﬁcasse,
1665 3076 1760 3150 qui
1791 3076 1848 3131 in
1878 3093 1966 3132 su-
1997 3112 2040 3174 C
2075 3087 2199 3136 ortu
2230 3080 2364 3137 solis
2394 3080 2608 3137 venisse
2638 3078 2919 3148 dicuntur,
2981 3078 3039 3135 id
3076 3086 3176 3148 est,
3207 3095 3238 3134 a
3277 3079 3521 3150 Christo,
3579 3081 3680 3155 qui

373 3167 573 3243 periori
605 3168 817 3226 visione
847 3169 1074 3244 quintus
1095 3169 1224 3226 tuba
1245 3169 1445 3226 cecinit
1465 3170 1604 3241 (cap.
1632 3185 1710 3238 1x,
1733 3169 1959 3242 VersJ).

370 3257 442 3314 Et
472 3257 616 3314 sicut
645 3258 762 3316 illic
810 3276 906 3333 per
935 3261 1173 3318 locustas
1213 3259 1457 3315 haeretici
1494 3258 1763 3331 designati
1813 3266 1962 3327 sunt,

370 3344 446 3404 ita
475 3355 527 3404 et
557 3347 650 3405 hic
676 3365 772 3420 per
807 3350 990 3406 sedem
1036 3349 1224 3405 bestias
1275 3347 1520 3405 ha3retici
1571 3347 1958 3419 designantur:

367 3434 541 3493 bestia
570 3445 754 3494 autem
782 3437 1064 3494 diabOlum
1095 3438 1388 3512 signiﬁcat.
1412 3439 1540 3495 Jure
1559 3437 1730 3510 igitur
1750 3437 1962 3493 haereti-

364 3525 415 3584 ci
435 3525 589 3582 sedes
603 3525 790 3580 bestizn
813 3526 1076 3583 dicuntur
1098 3545 1111 3593 ;
1137 3528 1264 3600 quia
1285 3528 1340 3583 in
1362 3544 1550 3583 eorum
1573 3527 1831 3583 cordibus
1850 3526 1964 3582 dia-

364 3613 523 3669 bolus
577 3612 869 3670 inhabitat.
919 3615 1158 3682 Quintus
1213 3615 1382 3687 igitur
1439 3616 1663 3687 angelus
1718 3615 1959 3688 phialam

364 3717 517 3759 suam
551 3718 715 3774 super
742 3703 924 3760 sedem
954 3703 1145 3761 bestias
1182 3702 1415 3772 eﬁ‘udit;
1467 3703 1597 3776 quia
1626 3704 1800 3762 sancti
1850 3705 1959 3761 viri

363 3811 574 3852 errores
624 3794 1009 3852 haereticorum
1068 3794 1399 3867 delegeutes,
1448 3812 1568 3870 quin
1628 3813 1788 3869 poena
1845 3796 1960 3854 illis

362 3884 608 3956 instaret,
662 3884 1012 3943 manifestare
1042 3884 1394 3942 studuerunt.
1453 3886 1679 3942 Factum
1709 3893 1790 3943 est
1827 3903 1958 3944 vero

363 3982 502 4041 581
540 3994 768 4051 regnum
818 3977 936 4051 ejus
979 3977 1369 4044 tenebrosum;
1423 3976 1553 4050 quia
1599 3975 1712 4034 illis
1756 3977 1958 4051 quibus

363 4076 613 4134 doctrina
644 4077 1034 4135 haereticorum
1076 4076 1287 4150 fulgida
1328 4075 1640 4145 videbatur,
1695 4092 1791 4148 per
1832 4076 1957 4133 doc-

368 4163 566 4222 trinam
610 4174 926 4222 sanctorum
983 4167 1226 4235 Patrum,
1279 4165 1426 4238 quod
1470 4165 1668 4222 misera
1711 4174 1762 4222 et
1811 4174 1956 4222 tene-

364 4252 525 4310 brosa
553 4259 713 4319 esset,
741 4251 1177 4310 demonstratum
1215 4263 1315 4311 est.
1372 4255 1958 4312 Commanducaverunt

367 4342 577 4416 linguas
601 4359 726 4398 suas
768 4359 886 4414 prce
913 4343 1132 4418 dolore:
1185 4343 1316 4416 quia
1357 4344 1562 4417 singuli
1610 4345 1955 4417 singulorum

365 4450 574 4492 errores
604 4432 1108 4506 reprehendebant;
1163 4449 1290 4489 nam
1330 4450 1505 4507 neque
1555 4433 1723 4491 Arius
1770 4437 1953 4491 Euno-

2075 3185 2171 3241 per
2199 3171 2371 3226 solem
2397 3169 2746 3241 designatur;
2780 3185 2906 3226 cum
2961 3185 3072 3224 non
3120 3184 3151 3224 a
3179 3167 3419 3238 Christo,
3463 3170 3562 3227 sed
3608 3170 3682 3226 ad

2075 3258 2380 3327 Christum,
2434 3258 2719 3315 diabolum
2765 3257 3140 3330 relinquentes
3194 3259 3506 3316 venerint?
3556 3259 3680 3316 Nisi

2072 3348 2212 3404 forte
2240 3365 2336 3420 per
2374 3348 2544 3404 solem
2577 3347 2860 3404 diabolum
2905 3347 3300 3420 intelligamus,
3335 3355 3401 3404 ut
3447 3347 3518 3404 ab
3557 3349 3678 3421 ipso

2071 3438 2140 3494 ad
2170 3437 2450 3496 Christum
2477 3437 2768 3494 venerint:
2802 3437 2896 3493 sed
2927 3437 3126 3492 melius
3163 3444 3243 3492 est
3271 3444 3332 3492 ut
3370 3454 3470 3509 per
3499 3438 3676 3494 solem

2071 3526 2352 3585 Christum
2385 3527 2780 3599 intelligamus,
2813 3533 3036 3598 propter
3059 3523 3199 3581 illud
3243 3526 3629 3599 propheticum
3656 3547 3670 3584 :

2085 3641 2102 3665 ι
2135 3616 2306 3674 Vobis
2333 3625 2516 3673 autem
2547 3615 2874 3672 timentibus
2902 3631 3107 3672 nomen
3132 3631 3317 3670 meum
3347 3617 3569 3673 orietur
3584 3618 3673 3674 sol

2063 3705 2314 3779 justitiae,
2349 3716 2402 3764 et
2433 3706 2638 3763 sanitas
2667 3705 2725 3760 in
2757 3705 2954 3778 pennis
2975 3704 3094 3778 ejus
3117 3704 3233 3775 (47)
3269 3706 3558 3780 (Μαιαοὴ.)
3589 3725 3670 3778 1v,

2069 3799 2150 3871 2).
2183 3823 2201 3848 ι
2243 3798 2328 3855 Ab
2358 3806 2482 3856 ortu
2511 3814 2638 3870 ergo
2669 3797 2823 3864 solis,
2851 3796 2908 3853 id
2939 3803 3039 3866 est,
3073 3813 3104 3852 a
3150 3795 3372 3855 Christo
3412 3798 3668 3867 veniunt,

2069 3889 2198 3963 quia
2225 3889 2342 3962 ipso
2370 3889 2682 3962 inspirante
2718 3897 2772 3946 et
2799 3887 3120 3961 impellente
3147 3887 3215 3943 ad
3236 3903 3362 3943 eum
3393 3888 3667 3957 veniunt;

2069 3979 2241 4052 ipsius
2270 3989 2352 4035 est
2377 3979 2586 4034 donum
2615 3985 2669 4034 et
2721 3978 2866 4035 velle
2923 3983 2976 4034 et
3014 3975 3294 4048 perﬁcere,
3352 3993 3477 4050 quae
3527 3976 3673 4035 bona

2066 4078 2214 4140 sunt,
2248 4069 2391 4126 sicut
2417 4069 2532 4141 ipse
2562 4069 2746 4125 dixit:
2794 4094 2812 4118 ι
2833 4067 2964 4125 Sine
2993 4084 3080 4124 me
3134 4067 3277 4123 nihil
3306 4068 3540 4140 potestis
3587 4070 3668 4126 fa-

2065 4175 2185 4218 cere
2218 4159 2398 4229 (Joan.
2430 4174 2529 4226 xv,
2560 4158 2642 4229 5).
2675 4182 2694 4207 ι
2739 4157 2790 4214 Α
2833 4156 3053 4216 Christo
3081 4156 3267 4230 itaque
3285 4157 3523 4214 veniunt
3552 4159 3668 4233 qui-

2065 4266 2281 4324 cunque
2309 4248 2378 4306 ad
2404 4247 2688 4307 Christum
2717 4247 2982 4314 veniunt;
3017 4237 3148 4320 quia
3179 4247 3297 4320 ipse
3327 4247 3424 4305 dat
3474 4256 3537 4306 ut
3564 4264 3668 4306 vi.L

2064 4339 2242 4407 niant,
2273 4346 2327 4394 et
2355 4337 2472 4411 ipse
2500 4337 2730 4410 suscipit
2759 4336 3063 4394 venientes.

2139 4430 2322 4502 (Vers.
2355 4429 2440 4499 13,
2478 4429 2590 4501 14.)
2624 4429 2699 4485 Et
2725 4427 2839 4483 vidi
2890 4428 2952 4483 de
2980 4444 3071 4483 ore
3099 4428 3352 4485 draconis
3399 4436 3449 4487 et
3489 4430 3554 4486 de
3579 4447 3668 4486 ore

364 4524 538 4583 mium
568 4482 809 4593 seciitus,
859 4523 945 4579 vel
970 4482 1294 4592 Sabellium,
1341 4482 1432 4579 vel
1473 4540 1800 4597 quemquam
1833 4524 1954 4580 illo-
1983 4482 2032 4542 Β
2064 4482 2254 4588 bestiw,
2286 4525 2333 4574 et
2360 4482 2540 4574 de’ore
2563 4482 3030 4591 pseudoprophetis
3070 4521 3218 4573 exire
3283 4525 3388 4575 tres
3443 4519 3668 4591 spiritus

362 4631 520 4683 rum;
570 4630 747 4688 neque
777 4613 861 4670 illi
891 4613 1089 4670 illum:
1130 4612 1226 4669 sed
1271 4612 1649 4687 unusquisque
1699 4612 1952 4669 haeresim

361 4721 518 4762 suam
570 4704 816 4762 stabilire
874 4704 1088 4773 volens,
1134 4711 1456 4761 ceterorum
1517 4718 1726 4760 errores
1775 4719 1952 4776 repre-

363 4795 636 4852 hendebat
683 4796 823 4869 (46).
871 4794 977 4862 Qui
1005 4793 1174 4850 etiam
1203 4795 1376 4851 Deum
1418 4811 1526 4866 prae
1571 4791 1857 4850 doloribus
1899 4800 1954 4848 et

362 4885 687 4942 vulneribus
731 4885 846 4942 suis
888 4883 1292 4958 blasphemasse
1340 4882 1644 4953 dicuntur;
1695 4883 1952 4944 dolebant

361 4976 562 5050 quippe
592 4975 859 5041 haeretici,
918 4991 982 5032 eo
1011 4973 1158 5049 quod
1187 4991 1218 5029 a
1247 4974 1536 5032 catholicis
1563 4975 1700 5032 viris
1741 4993 1955 5050 semper

363 5065 852 5123 convincerentur:
901 5065 1132 5121 vulnera
1160 5079 1291 5121 vero
1318 5081 1510 5121 eorum
1542 5073 1698 5121 erant
1738 5082 1954 5124 errores

360 5155 728 5227 singulorum.
752 5153 1216 5226 Blasphemabant
1232 5170 1363 5210 vero
1388 5153 1632 5211 haeretici
1653 5155 1827 5211 Deum
1844 5172 1955 5227 prae

361 5242 649 5299 doloribus
678 5243 830 5310 suis;
872 5243 1002 5316 quia
1044 5250 1250 5315 quanto
1301 5242 1545 5313 amplius
1587 5259 1617 5297 a
1667 5242 1955 5301 catholicis

435 5424 551 5496 (46)
592 5424 730 5480 Nam
770 5441 930 5496 neque
975 5426 1163 5481 Arius.
1211 5467 1222 5480 .
1267 5466 1282 5481 .
1336 5439 1544 5479 errores
1588 5424 1954 5495 reprehendat,

363 5510 431 5548 ex
459 5511 595 5549 mss.
627 5496 884 5552 omnibus
910 5497 1226 5553 restitutum
1257 5503 1358 5550 est.

423 5565 552 5689 ί(47)
599 5565 801 5621 Aberat
829 5584 897 5621 ex
924 5567 1082 5634 edit.,
1128 5575 1176 5621 et
1228 5567 1434 5624 sanitas
1481 5566 1537 5622 in
1578 5566 1764 5642 pennis
1803 5566 1952 5634 ejus;

488 5634 720 5689 habetur
749 5636 808 5689 in
835 5637 1049 5689 cunctis
1079 5654 1210 5689 mss.

364 5634 460 5689 sed
488 5634 720 5694 habetur
749 5636 808 5696 in
835 5637 1049 5696 cunctis
1079 5654 1210 5696 mss.

2060 4611 2357 4668 immundos
2385 4611 2442 4666 in
2481 4611 2694 4667 modum
2749 4625 3044 4676 ranarum;
3103 4617 3229 4666 sunt
3273 4611 3410 4666 enim
3445 4612 3666 4683 spiritus

2061 4701 2442 4756 dwmoniorum
2463 4699 2713 4771 facientes
2733 4699 2906 4770 signa.
2928 4697 3233 4756 Vocatione
3264 4699 3515 4771 gentium
3542 4699 3660 4771 (48)

2062 4791 2355 4863 descripta,
2385 4789 2620 4863 qualiter
2650 4789 2719 4845 ad
2748 4788 2917 4846 ﬁdem
2946 4788 3153 4846 Christi
3183 4789 3465 4855 venerint,
3499 4805 3668 4845 men-

2062 4883 2272 4939 tionem
2300 4879 2433 4937 facit
2480 4878 2838 4948 Antichristi,
2872 4879 2966 4952 qui
3029 4895 3200 4952 prope
3241 4879 3415 4935 ﬁnem
3469 4877 3664 4936 mundi

2064 4979 2334 5027 venturus
2363 4978 2463 5026 est.
2496 4969 2734 5042 Spiritus
2769 4985 2902 5025 vero
2930 4977 3042 5026 tres
3061 4968 3341 5025 immundi
3363 4968 3667 5041 discipulos

2064 5060 2354 5132 designant
2382 5057 2735 5124 Antichristi,
2767 5058 2864 5131 qui
2894 5075 3019 5114 eum
3051 5074 3150 5130 per
3184 5057 3514 5114 universum
3580 5075 3666 5114 or-

2063 5151 2190 5208 hem
2220 5148 2573 5222 praedicaturi
2603 5154 2763 5204 sunt:
2799 5149 2896 5222 qui
2947 5147 3201 5221 quamvis
3232 5145 3492 5203 homines
3549 5145 3666 5202 sint

2067 5241 2260 5310 futuri,
2289 5239 2515 5313 spiritus
2546 5237 2843 5308 immundi,
2875 5247 2930 5295 et
2992 5237 3223 5309 spiritus
3258 5235 3663 5294 daemoniorum

2141 5419 2257 5491 (48)
2288 5421 2416 5478 Mss.
2448 5420 2610 5476 etiam
2669 5419 2927 5476 omnibus
2968 5416 3218 5491 debetur,
3279 5415 3560 5490 quidquid
3597 5413 3662 5468 ab

2066 5487 2379 5620 {deverbia
2403 5493 2665 5548 vocatione
2695 5491 2924 5563 gentium
2951 5505 3124 5562 usque
3153 5487 3224 5546 ad
3281 5487 3542 5544 venturus
3570 5491 3658 5552 est,

2088 5571 2284 5634 egltur.
