3902 6198
246 305 356 362 993

1129 294 1582 353 BERENGAUDI
1623 288 1992 349 EXPOSITIO
2032 287 2101 342 IN
2141 285 2640 344 APOCALYPSIN.

3449 281 3552 340 994

247 436 556 492 vocantur;
586 425 714 498 quia
743 425 1020 481 daemones
1041 423 1099 478 in
1129 421 1262 494 ipsis
1291 419 1638 483 habilabunt,
1667 425 1720 471 et
1755 434 1847 488 per
1881 422 1928 477 Α
1955 419 2083 467 tur:
2116 410 2377 465 similiter
2408 419 2459 465 et
2498 409 2871 466 consurrectio
2905 409 2960 462 in
3012 406 3192 478 priora
3225 415 3370 462 recte
3399 405 3552 462 dici-

246 534 348 573 ora
393 533 582 573 eorum
625 517 921 589 loquentur
965 532 978 570 :
1029 512 1125 587 qui
1168 511 1236 567 de
1277 526 1371 567 ore
1412 507 1767 576 Antichristi,
1799 513 1853 563 et

243 609 318 666 de
347 627 440 667 ore
478 608 967 684 pseudoprophetae
997 605 1115 678 ejus
1142 603 1342 661 exiisse
1369 601 1478 658 visi
1508 607 1636 657 sunt
1664 619 1678 669 ;
1724 599 1853 672 quia

245 718 348 774 per
377 719 566 758 eorum
600 701 910 757 doctrinam
942 697 1047 753 ﬁlii
1097 695 1306 753 diaboli
1347 693 1654 749 eﬁicientur
1698 709 1710 746 :
1757 689 1852 761 qui

245 792 418 848 etiam
448 792 515 848 de
543 808 636 848 ore
663 789 917 846 draconis
945 787 1145 844 exiisse
1173 785 1279 841 visi
1309 793 1437 841 sunt
1460 802 1474 852 ;
1512 781 1642 854 quia
1669 796 1765 852 per
1795 795 1854 835 os

249 881 583 937 Antichristi
629 879 881 935 diabolus
926 880 1198 952 loquetur.
1242 874 1410 933 Ranis
1460 869 1849 936 nihilominus,

249 989 374 1046 quae
397 981 525 1028 sunt
547 971 767 1044 reptilia
791 968 1099 1037 immunda,
1127 977 1180 1025 et
1202 967 1259 1023 in
1282 967 1398 1022 luto
1419 962 1685 1030 viventia,
1709 968 1854 1017 recte

251 1065 633 1122 assimilantur
667 1082 679 1121 :
713 1063 841 1138 quia
867 1062 1012 1119 sicut
1032 1077 1178 1117 ranze
1203 1059 1262 1114 in
1287 1056 1524 1115 sordidis
1553 1056 1709 1130 aquis
1741 1054 1855 1110 im-

251 1161 564 1220 morantur,
592 1153 670 1210 ita
698 1160 752 1209 et
779 1150 1039 1224 discipuli
1068 1147 1404 1206 Antichristi
1444 1163 1537 1204 eos
1562 1146 1724 1202 facile
1747 1142 1854 1200 de-

249 1244 482 1319 cipient,
514 1243 608 1318 qui
639 1243 874 1301 diversis
907 1241 1062 1298 vitiis
1089 1248 1144 1298 et
1172 1237 1470 1298 sceleribus
1499 1252 1613 1292 non
1642 1234 1854 1290 timue-

249 1342 380 1392 rant
411 1333 705 1392 sordidari.
747 1335 882 1392 Nam
926 1339 980 1390 et
1018 1347 1276 1389 ranarum
1309 1345 1422 1386 vox
1449 1342 1614 1383 rauca
1642 1332 1696 1382 et
1726 1331 1855 1380 tur-

249 1423 341 1497 pis
374 1423 758 1496 impiissimam
788 1440 978 1481 eorum
1023 1420 1467 1497 praedicationem
1497 1413 1855 1488 blasphemiis

252 1517 473 1590 plenam
503 1515 770 1587 designat.
815 1517 890 1572 Et
911 1514 1192 1590 procedant
1221 1513 1294 1569 ad
1329 1526 1468 1582 reges
1517 1507 1674 1563 totius
1704 1511 1856 1560 terra

251 1623 566 1679 congregare
598 1607 717 1662 illos
745 1606 802 1660 in
825 1607 1078 1678 praelium
1103 1605 1176 1661 ad
1221 1604 1357 1659 diem
1398 1616 1648 1673 magnum
1677 1595 1856 1652 omni-

260 1695 494 1770 potentis
523 1696 642 1752 Dei.
673 1695 776 1751 Per
820 1711 972 1768 reges
1013 1703 1174 1751 terra:
1199 1710 1312 1749 non
1339 1692 1519 1748 solum
1549 1704 1718 1761 reges,
1763 1684 1856 1742 sed

253 1795 312 1843 et
357 1785 548 1859 populi
593 1784 951 1858 designantur
1003 1782 1456 1857 :congregabunt
1501 1787 1682 1836 autem
1729 1775 1856 1832 illos
1883 1793 1928 1854 Β

252 1877 516 1950 discipuli
553 1876 885 1934 Antichristi
914 1875 973 1932 in
1014 1875 1264 1949 praelium
1302 1871 1372 1928 ad
1416 1869 1564 1927 diem
1593 1883 1852 1941 magnum

254 1969 652 2042 omnipotentis
680 1966 801 2037 Dei,
851 1983 962 2023 non
994 1964 1142 2039 quod
1168 1969 1362 2021 contra
1409 1963 1584 2019 Deum
1614 1973 1856 2032 pugnare

253 2058 494 2116 audeant
525 2058 640 2132 (49)
674 2058 733 2114 in
754 2057 842 2114 die
867 2055 1090 2129 judicii,
1112 2071 1143 2110 a
1169 2070 1278 2128 quo
1299 2061 1411 2110 tam
1431 2049 1756 2108 terribiliter
1771 2047 1855 2120 ju-

251 2148 592 2206 dicabuntur
625 2165 637 2204 :
670 2146 766 2203 sed
806 2144 1215 2218 congregabunt
1250 2159 1343 2199 eos
1387 2142 1446 2198 in
1491 2141 1743 2214 praelium
1789 2137 1856 2194 ad

253 2236 690 2312 persequendam
715 2234 1016 2292 Ecclesiam
1045 2252 1059 2301 ;
1093 2239 1156 2288 ut
1184 2233 1241 2288 in
1271 2231 1361 2287 die
1388 2245 1586 2303 magno
1613 2228 1712 2286 Dei
1743 2244 1858 2284 om-

254 2326 563 2401 nipotentis
600 2333 860 2399 perpetua
888 2339 1048 2396 poena
1079 2323 1430 2379 damnentur.
1454 2321 1526 2376 Et
1544 2317 1673 2392 quia
1701 2315 1860 2372 ﬁnita

256 2417 640 2494 persecutione
670 2412 1023 2481 Antichristi,
1068 2411 1338 2469 Dominus
1374 2408 1442 2466 ad
1480 2407 1758 2481 judicium
1799 2404 1859 2461 in

261 2509 519 2583 proximo
548 2507 752 2574 veniet,
783 2505 970 2562 subdit
1003 2520 1016 2559 :

339 2598 520 2671 (Vers.
554 2596 666 2666 15.)
699 2597 771 2652 Et
811 2611 919 2650 ecce
958 2593 1106 2648 venio
1154 2591 1288 2648 sicut
1330 2589 1446 2662 fur.
1510 2612 1529 2638 ι
1567 2588 1695 2645 Dies
1739 2589 1862 2644 Do-

265 2687 430 2757 mini,
461 2711 480 2736 ι
523 2687 666 2742 sicut
695 2684 832 2741 dicit
858 2682 1177 2755 Apostolus,
1243 2706 1261 2729 ‹
1307 2679 1450 2738 sicut
1493 2678 1602 2747 fur,
1638 2697 1664 2731 »
1697 2677 1774 2734 ita
1802 2675 1861 2732 in

261 2785 424 2836 nocte
451 2775 674 2843 veniet;
709 2791 836 2832 cum
867 2775 1014 2830 enim
1037 2770 1282 2829 dixerint
1308 2788 1319 2824 :
1346 2770 1461 2825 Pax
1491 2776 1545 2825 et
1575 2766 1858 2836 securitas,

264 2877 398 2927 tunc
440 2865 761 2940 repentinus
788 2864 867 2921 eis
896 2861 1245 2936 superveniet
1292 2859 1549 2914 interitus
1595 2857 1652 2928 (Ι
1684 2855 1858 2911 Thess.

262 2975 322 3028 ν,
355 2957 406 3027 2,
456 2957 535 3029 3).
584 2957 780 3012 Beatus
830 2953 923 3024 qui
963 2952 1169 3024 vigilat,
1213 2955 1262 3005 et
1297 2947 1522 3004 custodit
1560 2945 1862 3001 vestimenta

264 3064 362 3104 sua
387 3065 401 3116 ;
431 3064 495 3102 ne
520 3047 694 3102 nudus
723 3045 970 3111 ambulet,
1007 3049 1054 3098 et
1080 3041 1291 3096 videant
1318 3035 1700 3110 turpitudinem
1726 3032 1857 3102 ejus.

1960 507 2087 567 tur;
2138 516 2202 554 eo
2251 500 2400 574 quod
2447 516 2635 555 omnes
2677 497 2928 554 homines
2978 495 3036 550 in
3067 496 3306 568 priorem
3339 503 3543 552 statum

1964 586 2296 660 resurgendo
2333 594 2671 659 reparentur.

2029 678 2210 749 (Vers.
2250 676 2364 748 17.)
2395 679 2467 733 Et
2515 677 2761 748 septimus
2800 674 2984 744 e/fudit
3006 672 3247 744 phialam
3289 689 3442 730 suam
3497 674 3555 728 in

1963 784 2155 822 aerem.
2209 767 2318 821 Per
2357 765 2651 838 septimum
2692 764 2857 820 istum
2893 763 3148 834 angelum
3178 767 3322 825 562
3355 763 3554 836 praedi-

1965 870 2174 918 catores
2223 863 2418 930 sancti,
2471 861 2566 935 qui
2610 859 2952 932 temporibus
2997 859 3330 916 Antichristi
3381 859 3556 915 futuri

1963 959 2111 1018 sunt,
2155 949 2553 1022 designantur;
2589 949 2734 1006 sicut
2772 954 2826 1003 et
2854 947 3012 1002 illum
3045 945 3383 1018 signiﬁcasse
3411 947 3554 1003 dixi-

1964 1057 2105 1107 mus,
2136 1040 2230 1112 qui
2260 1039 2510 1110 superius
2534 1039 2646 1110 (Ad
2677 1055 2792 1109 cap.
2817 1053 2912 1104 xv,
2945 1052 2999 1092 v.
3032 1036 3122 1108 15)
3140 1035 3405 1108 septimus
3426 1035 3557 1091 tuba

1965 1128 2230 1186 cecinisse
2284 1128 2482 1201 legitur
2525 1145 2536 1184 :
2579 1143 2676 1201 per
2721 1142 2900 1182 aerem
2939 1142 3070 1182 vero
3128 1125 3256 1181 vani
3304 1124 3558 1181 homines

1963 1217 2342 1290 designantur.
2366 1219 2610 1291 Angelus
2639 1217 2807 1290 igitur
2835 1214 3075 1288 phialam
3105 1231 3261 1272 suam
3291 1215 3349 1271 in
3378 1231 3556 1272 aerem

1963 1309 2187 1378 effudit;
2240 1309 2369 1384 quia
2415 1308 2799 1382 praedicatores
2839 1306 3015 1364 sancti
3061 1307 3222 1363 vanis
3271 1314 3326 1363 et
3373 1305 3560 1379 impiis

1964 1397 2285 1454 hominibus
2339 1398 2484 1472 quod
2541 1405 2803 1472 perpetua
2852 1412 3011 1469 poena
3067 1396 3181 1452 sint
3235 1395 3558 1464 damnandi,

1965 1487 2390 1544 denuntiabant.
2449 1490 2522 1544 Et
2559 1488 2725 1544 exivit
2778 1503 2880 1542 v0.1:
2923 1503 3117 1558 magna
3171 1486 3233 1541 de
3288 1486 3474 1557 templo
3525 1502 3561 1539 a

1968 1580 2174 1647 throno,
2223 1579 2416 1633 dicens.
2451 1579 2577 1634 Vox
2622 1593 2819 1650 magna
2866 1593 2976 1631 vox
3024 1585 3106 1632 est
3139 1573 3560 1648 praedicatorum

1966 1677 2327 1724 sanctorum:
2373 1683 2468 1740 per
2515 1668 2780 1739 templum
2826 1664 3073 1722 Ecclesia
3120 1664 3467 1736 intelligitur.
3513 1663 3563 1719 A

1964 1757 2173 1828 templo
2201 1773 2329 1827 ergo
2359 1773 2471 1812 vox
2500 1756 2658 1824 exiit,
2693 1755 2824 1828 quia
2863 1754 2930 1810 ab
2961 1753 3208 1810 Ecclesia
3229 1768 3340 1808 vox
3361 1758 3561 1809 sanctae

1967 1851 2374 1927 praedicationis
2403 1852 2682 1926 procedit:
2719 1868 2840 1926 quae
2869 1852 3037 1906 etiam
3067 1857 3120 1905 et
3149 1865 3181 1905 a
3211 1847 3413 1905 throno
3448 1847 3562 1904 exi-

1970 1945 2075 2000 isse
2108 1941 2349 1999 dicitur:
2381 1941 2511 2014 quia
2538 1940 2786 1997 Ecclesia
2813 1940 2914 1996 Dei
2942 1938 3177 1996 thronus
3222 1946 3304 1994 est
3338 1937 3461 2005 Dei,
3509 1945 3564 1995 et

1971 2033 2030 2090 iu
2060 2033 2156 2090 illa
2184 2032 2378 2088 sedens
2425 2029 2737 2104 requiescit.
2789 2028 2934 2097 Quid
2963 2035 3146 2084 autem
3181 2027 3298 2085 haec
3324 2043 3436 2084 vox
3465 2025 3562 2082 di-

1970 2129 2077 2191 cat,
2107 2120 2391 2178 subdendo
2440 2118 2758 2175 manifestat
2789 2136 2800 2175 :
2845 2118 3066 2174 Factum
3105 2123 3224 2183 est;
3271 2115 3327 2172 id
3355 2123 3456 2185 est,
3486 2113 3564 2170 ﬁ-

1971 2215 2060 2271 nis
2088 2213 2284 2271 mundi
2313 2214 2500 2281 instat,
2537 2211 2597 2268 in
2626 2228 2735 2284 quo
2783 2211 2969 2268 omnia
2997 2227 3118 2283 quae
3147 2208 3408 2283 praedicta
3434 2213 3565 2264 sunt

1970 2319 2002 2359 a
2030 2301 2267 2358 Domino
2295 2311 2350 2358 et
2377 2318 2409 2357 a
2438 2301 2658 2369 sanctis,
2687 2299 3132 2372 complebuntur.

2046 2391 2226 2463 (Vera.
2262 2391 2374 2464 18.)
2433 2392 2509 2446 Et
2561 2389 2707 2460 facta
2763 2395 2888 2444 sunt
2938 2387 3162 2460 fulgura
3215 2395 3262 2444 et
3317 2405 3463 2445 voces
3517 2389 3566 2445 et

1976 2480 2237 2548 tonitrua,
2290 2486 2338 2534 et
2380 2484 2534 2535 terra:
2574 2485 2744 2534 motus
2785 2476 2958 2548 factus
3007 2484 3081 2532 est
3110 2495 3352 2550 magnus,
3385 2478 3566 2549 qualis

1971 2586 2243 2640 nunquam
2270 2567 2400 2639 fuit,
2431 2585 2498 2623 ex
2526 2586 2627 2640 quo
2663 2567 2892 2623 homines
2912 2566 3133 2638 fuerunt
3159 2584 3318 2639 super
3340 2574 3562 2634 terram,
3633 2558 3642 2565 ’

1975 2659 2096 2715 talis
2155 2665 2310 2715 ter-rw
2362 2665 2553 2725 motus,
2595 2658 2670 2713 sic
2725 2675 2946 2729 magnus
3005 2657 3145 2730 (50).
3205 2658 3308 2713 Per
3347 2656 3565 2729 fulgura

1974 2749 2241 2807 miracula
2275 2767 2394 2824 quae
2437 2766 2533 2823 per
2565 2757 2782 2807 sanctos
2826 2765 2954 2804 suos
2997 2749 3244 2803 facturus
3278 2754 3360 2803 est
3401 2748 3564 2816 Deus,

1974 2842 2387 2914 designantur;
2457 2840 2688 2913 legimus
2743 2856 2977 2914 namque
3042 2839 3101 2895 in
3167 2838 3562 2911 superioribus,

1975 2932 2156 2987 Ellam
2187 2940 2240 2988 et
2268 2930 2460 2988 Enoch
2511 2929 2749 3003 plurima
2781 2929 2935 3003 signa
2983 2945 3097 2985 esse
3145 2928 3429 2985 facturos:
3471 2942 3568 2998 per

1975 3040 2138 3081 voces
2184 3023 2503 3097 praedicatio
2547 3031 2860 3080 sanctorum
2897 3040 2908 3079 :
2955 3038 3051 3094 per
3096 3021 3342 3077 tonitrua
3383 3028 3565 3074 autem

265 3137 429 3210 Impii
457 3137 554 3210 qui
584 3135 643 3192 in
671 3133 1049 3207 voluptatibus
1078 3148 1188 3188 suae
1217 3129 1398 3187 carnis
1428 3126 1602 3184 veluti
1627 3125 1687 3181 in
1717 3140 1864 3198 qua-
1900 3158 1944 3219 Ο
1971 3123 2148 3172 terror
2195 3114 2339 3188 ignis
2376 3113 2567 3170 aeterni
2614 3112 2975 3186 exprimitur;
3013 3121 3167 3168 terrae
3226 3119 3408 3166 motus
3436 3124 3568 3165 vero

265 3227 393 3284 dam
423 3225 660 3282 mollitie
688 3223 878 3282 lectuli
907 3222 1280 3296 requiescunt,
1301 3229 1354 3276 et
1375 3217 1470 3293 qui
1501 3217 1699 3273 nolunt
1728 3230 1860 3287 prae-

265 3316 457 3375 videre
504 3315 649 3372 mala
695 3331 816 3388 qua:
873 3319 1198 3387 sequuntur,
1248 3327 1362 3366 non
1411 3305 1867 3364 inconvenienter

265 3409 510 3467 dormire
535 3408 817 3466 dicuntur.
847 3407 996 3474 Quos
1024 3403 1324 3478 Apostolus
1350 3399 1610 3457 admonet
1639 3397 1826 3454 dicens
1850 3411 1862 3450 :

281 3525 302 3550 ι
331 3499 523 3571 Surge,
553 3499 649 3571 qui
690 3495 920 3564 dormis,
948 3503 1000 3551 et
1029 3508 1261 3565 exsurge
1287 3508 1320 3547 a
1364 3489 1617 3557 mortuis,
1653 3494 1706 3543 et
1743 3486 1869 3542 illu-

268 3589 509 3647 minabit
538 3595 593 3644 te
621 3585 874 3644 Christus
906 3584 1124 3657 (Ephes.
1157 3599 1212 3651 v,
1250 3581 1362 3653 14).
1398 3606 1418 3629 ι
1456 3577 1598 3635 Justi
1619 3592 1751 3632 vero
1773 3574 1867 3648 qui

268 3679 418 3736 mala
444 3693 564 3750 quae
590 3682 916 3750 sequuntur,
948 3671 1250 3746 praevidere
1277 3669 1522 3738 student,
1555 3666 1650 3741 qui
1680 3666 1870 3738 volup-

268 3776 415 3827 tates
452 3766 697 3825 carnales
725 3764 785 3821 in
834 3780 890 3821 se
923 3762 1302 3835 exstinguunt,
1355 3758 1451 3834 qui
1485 3757 1654 3814 armis
1699 3755 1871 3810 virtu-

268 3866 396 3916 tum
426 3873 482 3913 se
512 3855 772 3912 muniunt
801 3871 815 3922 ;
857 3859 920 3909 ut
950 3859 1142 3910 contra
1180 3849 1430 3908 visibiles
1470 3855 1524 3904 et
1561 3843 1873 3902 invisibiles

271 3948 466 4005 hostes
508 3945 884 4003 indesinenter
921 3943 1186 4002 dimicare
1234 3943 1478 4012 valeant,
1526 3953 1639 3994 non
1669 3936 1874 3992 incon-

271 4054 410 4113 grue
445 4036 672 4110 vigilare
709 4035 990 4102 dicuntur,
1024 4032 1257 4106 ideoque
1293 4029 1437 4087 beati
1483 4034 1632 4085 sunt.
1681 4023 1875 4082 Vesti-

272 4136 465 4186 menta
488 4135 670 4184 autem
691 4132 1002 4181 nostrarum
1024 4122 1333 4177 animarum
1355 4126 1484 4176 sunt
1505 4134 1667 4190 opera
1690 4116 1835 4172 bona
1858 4131 1870 4171 :

271 4219 532 4278 custodia
583 4215 824 4273 vestium
875 4212 1126 4270 custodia
1177 4218 1258 4266 est
1315 4209 1698 4266 mandatorum
1753 4204 1872 4262 Dei.

270 4309 624 4370 Vestimenta
652 4322 781 4378 ergo
810 4312 998 4360 nostra
1024 4299 1387 4368 custodimus,
1415 4296 1461 4352 si
1491 4313 1555 4352 ea
1581 4311 1701 4368 quae
1731 4310 1879 4366 prat-

271 4399 426 4473 cepit
472 4401 636 4466 Deus,
691 4393 964 4468 operando
1000 4390 1292 4463 implemus
1327 4386 1554 4448 :nudus
1597 4399 1730 4440 vero
1775 4387 1876 4450 est,

274 4489 378 4565 qui
408 4504 439 4544 a
465 4487 628 4545 bonis
649 4485 906 4558 operibus
933 4482 1150 4539 alienus
1167 4477 1402 4536 exsistit.
1425 4474 1573 4532 Nudi
1591 4473 1664 4529 im
1679 4473 1752 4545 pii
1767 4488 1878 4527 am-

274 4580 576 4648 bulabunt,
608 4595 735 4635 cum
768 4577 836 4632 ad
865 4577 1010 4633 diem
1027 4571 1228 4646 judicii
1261 4589 1294 4628 a
1321 4569 1482 4627 bonis
1510 4566 1766 4642 operibus
1789 4581 1878 4620 va-

273 4671 373 4733 cui
393 4670 734 4728 deducentur
757 4686 770 4725 :
790 4676 843 4724 et
864 4667 988 4724 ideo
1012 4663 1301 4738 turpitudo
1330 4661 1554 4718 illorum
1577 4657 1877 4724 videbitur,

278 4763 416 4837 quia
445 4769 499 4818 et
527 4759 736 4834 angelis
779 4765 834 4816 et
871 4755 1194 4814 hominibus
1230 4770 1422 4812 eorum
1456 4751 1661 4810 scelera
1701 4746 1882 4803 mani-

277 4851 652 4909 festabuntur.

364 4950 544 5024 (Vers.
595 4950 709 5021 16.)
749 4950 824 5006 Et
850 4944 1182 5019 congregabit
1205 4959 1289 4999 eos
1317 4941 1374 4997 in
1402 4941 1570 4996 locum
1601 4937 1693 5009 qui
1720 4952 1886 4992 voca-

285 5050 381 5099 tur
408 5041 660 5098 Hebraice
705 5037 1099 5110 Arma-geddon.
1149 5029 1535 5105 Armageddon
1567 5045 1727 5084 mons
1760 5027 1888 5098 glo-

285 5135 477 5202 bosus,
522 5131 638 5188 sive
682 5127 1057 5188 consurrectio
1099 5126 1157 5182 in
1205 5125 1389 5198 priora
1430 5121 1821 5190 interpretatur
1873 5134 1884 5173 :

288 5240 414 5298 quae
439 5229 672 5295 utraque
701 5217 1082 5292 interpretatio
1125 5214 1236 5272 diei
1280 5209 1478 5285 judicii
1522 5206 1762 5281 coaptari
1801 5223 1893 5278 po—

284 5296 420 5372 test.
453 5314 609 5372 Mons
641 5313 843 5386 quippe
873 5311 1129 5384 globosus
1160 5313 1305 5364 recte
1343 5308 1572 5359 vocatur
1599 5318 1613 5368 ;
1653 5315 1717 5356 eo
1745 5296 1894 5372 quod

294 5403 478 5480 globis
523 5402 868 5460 ﬂammarum
915 5400 1211 5458 universus
1257 5392 1498 5450 mundus
1539 5397 1675 5448 tunc
1721 5388 1894 5446 delea-

379 5622 498 5700 (49)
543 5623 719 5693 Edit.,
768 5626 951 5700 contra
993 5621 1160 5679 Deum
1199 5614 1430 5677 audeant
1466 5629 1484 5670 :
1538 5626 1668 5670 mss.
1717 5613 1902 5667 contra

305 5694 487 5759 Deum
497 5712 736 5772 pugnare
762 5694 1009 5754 audeant.

1905 4527 1955 4586 D
1992 4567 2106 4627 tur,
2165 4557 2306 4614 sicut
2360 4553 2498 4611 dicit
2551 4527 2888 4608 l’salmista:

1979 3207 2282 3263 motionem
2303 3205 2554 3264 cordium
2575 3221 2717 3278 saepe
2733 3203 3002 3277 designat.
3028 3201 3396 3261 Movebuntur
3416 3198 3565 3256 enim

1976 3295 2201 3369 quidam
2249 3295 2316 3352 de
2371 3297 2517 3352 malo
2578 3295 2647 3352 ad
2687 3295 2918 3362 bonum,
2973 3292 3117 3348 sicut
3159 3291 3335 3347 Judaei
3384 3289 3480 3363 qui
3511 3289 3569 3344 in

1978 3386 2262 3444 Christum
2293 3385 2558 3443 credituri
2587 3393 2716 3442 sunt
2749 3402 2760 3441 :
2796 3382 3168 3439 movebuntur
3195 3381 3292 3436 alii
3328 3379 3396 3437 de
3421 3379 3569 3436 bono

1977 3476 2046 3532 ad
2094 3477 2323 3546 malum,
2377 3476 2473 3549 qui
2528 3474 2694 3530 ﬁdem
2751 3471 2960 3532 Christi
3017 3470 3265 3529 relicturi
3320 3477 3472 3536 sunt,
3518 3475 3572 3524 et

1979 3582 2192 3623 errores
2218 3564 2555 3624 Antichristi
2582 3561 2848 3620 secuturi.

2054 3657 2236 3732 (Vers.
2287 3656 2400 3729 19.)
2456 3657 2531 3711 Ει
2578 3653 2725 3726 facta
2771 3656 2846 3707 est
2891 3649 3078 3706 civitas
3123 3666 3318 3722 magna
3362 3647 3419 3704 in
3476 3653 3577 3703 tres

1975 3755 2178 3821 partes,
2213 3753 2261 3804 et
2286 3746 2518 3803 civitates
2541 3743 2774 3817 gentium
2797 3741 3108 3798 ceciderunt.
3144 3739 3356 3797 Civitas
3386 3754 3579 3810 magna

1986 3841 2185 3898 civitas
2223 3846 2305 3896 est
2352 3836 2582 3906 diaboli,
2613 3834 2672 3891 id
2701 3840 2804 3903 est,
2838 3831 3020 3889 omnis
3048 3828 3346 3886 multitudo
3377 3845 3578 3900 repro-

1987 3930 2187 3986 borum
2221 3943 2234 3982 :
2268 3943 2366 4000 per
2395 3934 2506 3983 tres
2536 3933 2714 3998 partes
2743 3922 2802 3979 in
2839 3921 3043 3995 quibus
3071 3918 3250 3974 divisa
3278 3924 3377 3985 est,
3404 3915 3577 3972 Judaei

1985 4019 2081 4092 qui
2135 4017 2194 4073 in
2263 4015 2544 4073 Christum
2600 4012 2821 4070 credere
2872 4010 3207 4075 noluerunt,
3275 4012 3330 4061 et
3385 4004 3579 4077 pagani

1986 4114 2149 4178 atque
2216 4102 2341 4159 falsi
2391 4100 2682 4158 christiani
2735 4098 3112 4170 designantur.
3171 4093 3328 4164 Quod
3395 4101 3577 4149 autem

1987 4195 2168 4253 dicit:
2235 4195 2313 4249 Et
2376 4191 2608 4246 civitates
2668 4189 2899 4261 gentium
2963 4186 3299 4250 ceciderunt;
3363 4183 3584 4239 videtur

1988 4284 2132 4343 mihi
2177 4281 2245 4338 ad
2287 4281 2437 4338 diem
2476 4277 2676 4352 judicii
2719 4276 3010 4350 pertinere.
3039 4274 3305 4333 Civitates
3335 4273 3582 4347 gentium

1987 4384 2122 4432 tunc
2141 4373 2358 4442 cadent,
2391 4387 2515 4427 cum
2548 4386 2612 4425 eo
2633 4368 2758 4441 igne
2791 4367 2887 4441 qui
2908 4366 3104 4424 faciem
3135 4363 3360 4422 Domini
3390 4364 3456 4420 ad
3480 4363 3587 4436 ju-

1989 4466 2197 4523 dicium
2229 4463 2504 4520 venientis
2551 4459 2842 4534 praecedet,
2873 4475 3064 4516 omnes
3090 4465 3277 4528 gentes
3305 4455 3584 4510 deleban-

2950 4572 2969 4598 ι
3025 4547 3174 4620 Ignis
3220 4554 3346 4602 ante
3404 4545 3583 4617 ipsum

1994 4647 2284 4724 praecedet,
2332 4653 2386 4703 et
2414 4641 2780 4701 inﬂammabit
2809 4640 2868 4695 in
2913 4637 3152 4695 circuitu
3179 4635 3438 4692 inimicos
3466 4632 3585 4705 ejus

1997 4741 2170 4813 (Psal.
2205 4754 2359 4802 xcvr,
2388 4736 2468 4806 3).
2502 4757 2520 4782 ι

2064 4832 2139 4885 Et
2167 4827 2409 4897 Babylon
2437 4839 2627 4893 magna
2655 4819 2823 4874 veniet
2861 4816 2920 4870 in
2949 4813 3258 4871 memoriam
3281 4820 3402 4870 ante
3419 4814 3591 4869 Deum

1995 4921 2123 4976 dare
2149 4917 2196 4972 ei
2224 4915 2433 4971 calicem
2464 4911 2574 4966 vini
2597 4906 2979 4980 indignationis
3003 4905 3102 4961 ira:
3133 4904 3268 4975 ejus.
3304 4903 3592 4973 Quomodo

1996 5007 2245 5079 Babylon
2295 5003 2355 5058 in
2393 4998 2710 5056 memoriam
2744 5004 2870 5053 ante
2896 4998 3071 5053 Deum
3119 4995 3335 5052 venisse
3363 4993 3589 5064 dicitur,

1997 5097 2066 5155 ad
2111 5095 2268 5168 cujus
2310 5090 2633 5149 memoriam
2681 5088 2824 5145 nihil
2855 5086 3139 5155 accedere,
3172 5086 3315 5142 nihil
3345 5083 3595 5141 recedere

2000 5194 2179 5263 potest
2234 5203 2246 5242 :
2303 5184 2362 5241 in
2408 5181 2566 5254 cujus
2607 5186 2902 5253 conspectu
2962 5178 3105 5235 sicut
3152 5174 3461 5250 praesentia,
3520 5176 3598 5233 ita

2003 5275 2298 5354 praeterita,
2331 5281 2385 5331 et
2415 5273 2602 5328 futura
2629 5271 2985 5330 consistunt?
3007 5270 3113 5328 Sed
3144 5270 3465 5327 memoriam
3498 5285 3597 5340 pro

2003 5377 2249 5443 tempore
2278 5364 2482 5440 posuit.
2506 5363 2759 5436 Babylon
2797 5361 2970 5434 igitur
3019 5359 3077 5417 in
3120 5359 3441 5417 memoriam
3473 5365 3598 5414 ante

2084 5601 2222 5676 (50)_
2241 5597 2387 5657 Talis
2421 5599 2577 5652 ter-rte
2599 5596 2805 5662 motus,
2836 5590 2910 5648 sic
2935 5605 3181 5662 magnus,
3211 5587 3271 5645 in
3300 5583 3432 5646 solis
3461 5582 3594 5641 edit.

2013 5671 2387 5734 oniittebatur.
