3902 6198
453 300 557 357 999

1479 306 1576 361 ΑΙ)
1616 306 1850 363 OPERA
1888 305 1944 365 S.
1988 307 2326 366 AMBROSII
2363 309 2743 370 APPENDIX.

3655 317 3779 378 100)

453 443 601 500 dicta
652 454 762 513 est;
796 445 926 519 quia
972 445 1039 501 ah
1090 447 1157 502 iis
1204 448 1401 503 civitas
1446 448 1652 504 diaboli
1695 449 1753 505 in
1796 451 2036 508 omnibus

2155 442 2458 508 potestatem
2516 443 2768 508 tanquam
2820 455 2962 510 reges
3010 455 3121 496 una
3173 440 3315 496 hora
3364 442 3642 514 accipient
3672 453 3781 516 post

452 535 732 593 erroribus
806 544 969 610 atque
1043 537 1341 595 sceleribus
1398 538 1692 597 informata
1755 549 1854 599 est.
1909 544 2047 600 Nam

451 623 595 683 sicut
640 625 872 698 apostoli
920 623 1280 683 fundamenta
1318 626 1580 684 dicuntur
1611 629 1890 702 Ecclesiae,
1921 632 1997 688 ita
2018 649 2047 688 ο

450 712 670 772 diverso
700 717 1017 772 inventores
1046 732 1291 772 errorum
1326 716 1683 776 fundamenta
1728 731 1856 778 sunt
1893 722 2046 778 civi-

451 806 579 861 tatis
616 805 844 861 diaholi.
875 805 961 859 Ex
1010 804 1079 861 iis
1122 805 1291 878 igitur
1344 807 1634 880 capitibus,
1665 809 1781 866 sive
1829 812 2045 867 monti-

449 895 571 963 bus,
626 897 713 951 vel
768 896 1007 967 regibus,
1057 898 1301 972 quinque
1350 900 1686 971 ceciderunt,
1718 920 1860 959 unus
1907 912 2040 973 erat,

449 985 592 1042 alius
619 985 867 1042 nondum
900 996 1144 1045 venerat.
1190 989 1436 1045 Primum
1482 999 1644 1064 caput
1675 991 1878 1049 diaboli
1906 994 2043 1050 ceci-

448 1074 635 1144 derat;
675 1076 805 1149 quia
858 1076 942 1132 illi
998 1077 1096 1151 qui
1150 1086 1276 1134 ante
1331 1079 1606 1137 diluvium
1655 1082 1898 1151 fuerunt,
1950 1098 2044 1155 per

448 1180 586 1239 quos
615 1164 653 1221 ii
685 1164 779 1238 qui
811 1163 916 1220 ﬁlii
948 1166 1047 1222 Dei
1069 1167 1410 1225 vocabantur
1432 1169 1587 1243 (Gen.
1618 1189 1698 1241 vr,
1726 1173 1806 1245 2),
1830 1171 2043 1244 decepti

447 1262 598 1323 sunt,
629 1254 689 1311 in
717 1255 958 1313 cloacam
998 1255 1206 1313 inferni
1247 1257 1661 1319 descenderant.
1693 1261 1961 1318 Similiter
1989 1270 2043 1320 et

448 1343 675 1403 secundi
703 1344 799 1419 qui
827 1352 952 1418 post
978 1346 1259 1403 diluvium
1291 1365 1463 1422 usque
1492 1349 1560 1405 ad
1592 1350 1764 1425 legem
1794 1351 2039 1422 fuerunt,

448 1434 507 1491 in
555 1432 745 1490 eadem
797 1434 1126 1507 perditionis
1182 1436 1342 1493 fovea
1396 1438 1632 1495 demersi
1692 1440 2036 1497 tenebantur.

448 1524 772 1583 Ceciderant
818 1535 872 1583 et
912 1527 1082 1596 tertii,
1132 1529 1227 1603 qui
1268 1531 1474 1603 populo
1532 1531 1655 1600 Dei,
1705 1534 1907 1608 quibus
1951 1534 2041 1591 lex

364 1602 370 1608 ’
446 1613 573 1672 data
612 1622 713 1685 est,
743 1614 892 1672 idola
938 1617 1116 1673 colere
1154 1602 1480 1677 suadebant.
1517 1602 1786 1677 Similiter
1827 1631 1880 1680 et
1916 1622 2040 1680 falsi

446 1702 745 1777 prophetae,
776 1703 870 1777 qui
901 1704 960 1760 in
989 1715 1185 1779 quarto
1228 1708 1350 1765 loco
1392 1718 1692 1782 ponuntur,
1719 1710 1834 1783 jam
1885 1711 2039 1768 ceci-

446 1794 639 1851 derant
664 1794 722 1851 in
753 1795 1043 1853 interitum
1073 1814 1184 1854 suae
1214 1798 1562 1871 perditionis,
1583 1817 1648 1858 eo
1668 1800 1817 1876 quod
1844 1801 2035 1875 decep-

445 1891 591 1941 tores
638 1884 845 1940 fuerint
893 1887 1098 1959 populo
1147 1888 1268 1945 Dei.
1313 1888 1495 1963 Iniqui
1541 1906 1672 1946 vero
1718 1889 1915 1960 Judaei,
1948 1890 2045 1965 qui

445 1971 745 2030 Dominum
785 1973 1201 2045 interfecerunt,
1245 1984 1299 2034 et
1343 1978 1619 2052 apostolos
1678 1978 1795 2052 ejus
1848 1996 2044 2053 perse-

446 2062 562 2120 cuti
603 2070 752 2133 sunt,
795 2064 892 2137 qui
934 2064 993 2121 in
1032 2066 1225 2139 quinto
1262 2076 1544 2140 ponuntur
1580 2069 1739 2138 loco;
1788 2085 1853 2126 eo
1908 2077 2042 2127 tem-

446 2170 577 2228 pore
622 2170 732 2227 quo
771 2153 891 2212 haec
935 2155 1077 2213 visio
1109 2157 1306 2214 Joanni
1351 2158 1722 2217 demonstrata
1747 2167 1850 2231 est,
1870 2157 1986 2233 jam
2010 2179 2042 2219 a

445 2244 707 2302 Romanis
763 2244 1030 2302 devastati
1083 2245 1320 2303 fuerant.
1372 2247 1627 2322 Quinque
1682 2265 1810 2323 ergo
1862 2250 2042 2324 capita

444 2330 632 2389 bestias
657 2330 767 2405 jam
795 2333 1122 2403 ceciderant,
1153 2351 1270 2407 quae
1300 2344 1512 2393 montes
1549 2354 1809 2411 regesque
1838 2340 2033 2396 nomi-

446 2430 686 2492 nantur;
735 2424 865 2497 quia
911 2440 1102 2480 omnes
1147 2426 1532 2497 praecedentes,
1563 2437 1618 2484 et
1663 2427 1823 2501 impii
1865 2428 2041 2486 Judaei

445 2513 542 2587 qui
572 2512 630 2568 in
660 2514 856 2587 quinto
903 2514 1024 2570 loco
1071 2522 1374 2586 ponuntur,
1399 2514 1513 2587 jam
1557 2515 1884 2589 perditionis
1930 2534 2041 2574 sum

445 2615 632 2675 pcenas
661 2601 903 2659 luebant.
944 2602 1096 2660 Unus
1126 2610 1277 2673 erat;
1312 2604 1441 2679 quia
1470 2604 1686 2677 pagani,
1720 2605 1806 2661 illi
1846 2605 2041 2662 videli-

444 2697 531 2748 cet
577 2691 673 2764 qui
719 2691 1022 2749 Ecclesiam
1066 2694 1165 2750 Dei
1208 2695 1479 2768 persecuti
1535 2704 1685 2765 sunt,
1726 2696 1821 2769 qui
1880 2705 1935 2753 et
1982 2697 2040 2754 in

445 2788 603 2836 sexto
655 2781 775 2838 loco
826 2791 1129 2854 ponuntur,
1169 2791 1303 2843 tunc
1354 2786 1656 2843 Ecclesiam
1712 2786 1813 2842 Dei
1864 2802 2040 2860 perse-

445 2868 796 2942 quebantur;
842 2872 913 2927 ob
952 2890 1115 2945 quam
1177 2891 1395 2931 causam
1446 2882 1499 2931 et
1551 2876 1653 2932 iste
1702 2876 1938 2933 Joannes
1979 2876 2038 2932 in

446 2956 668 3013 Patmos
713 2959 897 3014 insula
944 2962 1212 3033 relegatus
1258 2964 1564 3021 tenebatur.
1598 2965 1759 3022 Alius
1791 2966 2038 3023 nondum

444 3055 699 3116 venerat;
735 3047 867 3120 quia
899 3049 1277 3107 Antichristus
1305 3053 1400 3126 qui
1429 3052 1488 3109 in
1518 3056 1751 3127 septimo
1784 3057 1906 3113 loco
1937 3074 2037 3129 po-

443 3137 617 3207 nitur,
677 3136 927 3194 nondum
978 3139 1171 3209 venit;
1238 3149 1292 3197 et
1343 3158 1471 3199 cum
1529 3144 1767 3211 venerit,
1820 3152 2036 3217 oportet

441 3222 602 3284 illum
643 3227 811 3285 breve
854 3234 1077 3304 tempus
1131 3246 1383 3301 manere;
1417 3232 1547 3306 quia
1586 3235 1856 3290 Dominus
1884 3234 2037 3291 Jesus

439 3313 734 3376 interﬂciet
762 3334 890 3376 eum
922 3320 1129 3394 spiritu
1159 3323 1271 3379 oris
1299 3321 1407 3389 sui,
1429 3330 1483 3379 et
1511 3323 1756 3380 destruet
1783 3324 2037 3381 illustra—

438 3408 589 3465 tione
619 3409 910 3479 adventus,
948 3411 1095 3467 sicut
1123 3410 1239 3483 ipse
1268 3411 1405 3471 dicit
1436 3412 1491 3468 in
1520 3414 1820 3487 Evangelia
1856 3432 1867 3471 :
1917 3438 1936 3463 ι
1966 3414 2037 3470 Et

438 3493 547 3552 nisi
576 3497 847 3554 Dominus
873 3498 1175 3555 breviasset
1215 3498 1332 3555 dies
1370 3500 1516 3569 illos,
1549 3501 1606 3557 id
1634 3510 1737 3571 est,
1768 3502 1885 3559 dies
1919 3518 2035 3574 per-

436 3584 737 3641 secutionis
790 3586 1142 3655 Antichristi,
1219 3594 1330 3642 nun
1404 3588 1559 3645 ﬁeret
1625 3591 1777 3646 salva
1853 3591 2036 3649 omnis

435 3688 562 3731 caro
593 3672 786 3747 (Marc.
820 3689 942 3743 xm,
979 3674 1072 3748 20)
1093 3692 1109 3743 ;
1143 3699 1162 3725 ι
1206 3691 1303 3749 per
1352 3692 1573 3733 omnem
1624 3693 1845 3736 carnem
1890 3682 2036 3740 solos

436 3761 639 3821 electos
668 3761 984 3837 designans.

508 3852 692 3927 (Vers.
724 3854 838 3927 11.)
864 3855 939 3911 Et
975 3852 1138 3909 bestia
1165 3868 1284 3926 quae
1311 3857 1445 3923 erat,
1475 3859 1525 3910 et
1562 3870 1669 3911 non
1704 3860 1797 3927 est,
1827 3863 1875 3913 et
1916 3858 2036 3931 ipsa

435 3949 618 4004 octava
657 3952 750 4016 est,
791 3953 840 4003 et
884 3947 946 4003 de
989 3954 1180 4021 septem
1226 3954 1332 4017 est;
1366 3954 1414 4005 et
1447 3948 1505 4005 in
1547 3950 1821 4007 interitum
1863 3954 2030 4010 vadit.

433 4037 506 4094 Et
535 4037 732 4110 bestia,
765 4037 819 4095 id
850 4046 949 4110 est,
981 4039 1255 4110 diabolus,
1277 4039 1373 4113 qui
1402 4048 1529 4098 ante
1553 4041 1853 4100 adventum
1878 4044 2032 4103 Chri-

434 4127 506 4183 sti
543 4126 938 4185 dominabatur
959 4129 1202 4187 humano
1231 4130 1435 4204 generi,
1466 4140 1522 4190 et
1549 4132 1714 4190 modo
1744 4150 1856 4191 non
1885 4142 2035 4192 tenet

435 4216 575 4273 illud
605 4219 681 4275 ita
721 4220 1051 4293 obnoxium,
1084 4223 1549 4296 quemadmodum
1602 4234 1735 4283 tunc
1776 4227 2029 4298 faciebat,

436 4303 555 4379 ipsa
612 4308 826 4365 scilicet
880 4308 1057 4369 bestia
1117 4322 1313 4371 octava
1363 4323 1464 4373 est.
1521 4317 1743 4391 Septem
1797 4337 2031 4394 namque

433 4402 614 4470 partes
646 4404 777 4454 sunt
803 4399 1052 4455 omnium
1083 4403 1462 4474 reproborum,
1504 4414 1698 4465 octava
1732 4425 1860 4465 vero
1906 4427 2031 4483 pars

433 4502 625 4545 eorum
678 4494 761 4545 est
807 4487 1063 4547 diabolus
1109 4506 1237 4547 cum
1283 4493 1495 4550 caeteris
1543 4495 1907 4555 dmmonihus.
1950 4501 2029 4556 De

432 4589 639 4653 septem
679 4585 783 4649 est,
815 4577 945 4653 quia
983 4578 1050 4637 de
1080 4580 1337 4639 societate
1367 4584 1724 4655 reproborum
1756 4589 2030 4647 daemones

430 4669 706 4727 exsistunt
756 4686 769 4727 :
820 4676 875 4727 et
932 4670 1077 4727 sicut
1128 4671 1355 4730 fuerunt
1404 4681 1654 4732 auctores
1703 4677 2030 4750 perditionis

2072 1805 2116 1866 Β

2057 4554 2106 4614 D

430 4777 640 4832 eorum,
682 4760 761 4817 ita
805 4768 967 4818 erunt
1016 4769 1070 4819 et
1117 4763 1255 4821 socii
1298 4772 1722 4824 tormentorum.
1776 4769 1930 4826 Unde
1975 4778 2030 4829 et
2074 4788 2079 4791 '

428 4850 679 4923 sequitur
711 4868 723 4907 ε
756 4852 831 4907 Et
856 4851 916 4907 in
945 4852 1221 4909 interitum
1266 4857 1433 4914 vadit.
1466 4857 1593 4915 Haec
1623 4875 1744 4932 quas
1791 4874 2029 4933 sequun-

428 4948 540 5010 tur,
565 4957 737 5014 usque
780 4942 849 4999 ad
878 4958 1004 4999 eum
1037 4944 1219 5001 locum
1248 4945 1346 5002 ubi
1376 4949 1602 5021 angelus
1649 4948 1717 5006 de
1759 4953 1899 5007 coelo
1937 4950 2027 5009 de-

429 5029 704 5088 scendisse
744 5032 902 5089 visus
948 5041 1050 5103 est,
1080 5033 1150 5090 ad
1197 5034 1627 5096 destructionem
1660 5040 1895 5097 Romani
1926 5040 2028 5098 im-

427 5121 571 5196 perii
598 5124 820 5199 proprie
849 5125 1149 5199 pertinent.

501 5212 685 5287 (Vers.
733 5213 847 5288 i2.)
880 5216 954 5271 Et
1005 5216 1175 5271 decem
1222 5234 1424 5275 cornua
1470 5237 1586 5292 quae
1629 5223 1831 5291 vidisti,
1858 5224 2026 5281 decem

426 5317 571 5377 reges
616 5310 779 5374 sunt,
839 5306 934 5377 qui
981 5322 1199 5379 regnum
1249 5312 1484 5367 nondum
1532 5322 1877 5387 acceperunt;
1934 5317 2026 5374 sed

503 5469 622 5550 (56)
675 5471 852 5550 Ιὲᾀίιη
898 5472 980 5529 hat
1022 5479 1193 5550 gentes
1225 5477 1507 5550 propriam
1541 5485 1845 5550 potestatem
1872 5498 2025 5539 accc-

423 5544 737 5620 peruntsli
782 5561 946 5620 unum
991 5544 1267 5620 consilium
1309 5544 1584 5620 habebunt,
1628 5552 1685 5606 id
1728 5560 1824 5619 est,
1863 5570 2025 5610 unam

425 5612 755 5696 voluntatem
768 5684 778 5695 .
810 5615 887 5696 in_
918 5618 1081 5696 male.
1126 5620 1205 5696 Et
1254 5620 1503 5696 virtutem
1556 5612 1731 5696 suam,
1778 5612 1828 5679 et
1864 5632 2025 5696 pote-

427 5686 611 5737 statem
652 5683 825 5740 bestice
870 5686 1224 5744 tradiderunt.
1264 5690 1403 5759 Quia
1438 5708 1621 5749 eorum
1650 5683 1843 5762 victus,
1864 5683 2017 5764 etc.;

2160 527 2390 582 bestiam.
2424 526 2675 594 Quatuor
2719 526 2907 584 bestias
2938 528 3155 585 Danieli
3187 529 3247 585 in
3276 530 3515 587 visrone
3543 533 3778 589 demon-

2158 622 2338 671 strata;
2387 623 2516 671 sunt
2546 616 2713 688 (Dan.
2746 634 2847 685 vn,
2880 616 2963 690 3),
2996 633 3103 690 per
3128 635 3266 692 quas
3297 630 3559 694 quatuor
3591 621 3776 695 ﬁgura-

2157 703 2359 760 bantur
2390 721 2401 759 :
2436 714 2628 778 quarta
2656 713 2837 762 autem
2880 705 3076 777 bestia,
3110 723 3234 780 quae
3263 718 3390 766 erat
3420 711 3596 768 fortis
3626 720 3777 786 atque

2157 794 2441 864 terribilis,
2483 812 2579 868 per
2608 812 2772 869 quam
2802 797 3047 854 Romani
3077 797 3359 872 designati
3390 810 3558 869 sunt,
3600 802 3774 859 decem

2156 900 2361 940 cornua
2406 885 2659 942 habuisse
2691 887 3048 956 describitur,
3083 904 3180 960 per
3205 904 3332 962 quae
3362 906 3430 946 ea
3459 907 3639 964 regna
3668 908 3775 965 qua

2156 973 2463 1029 Romanum
2512 974 2805 1047 imperium
2835 976 3256 1045 destruxerunt,
3292 978 3605 1052 designata
3636 990 3772 1051 sunt,

2155 1061 2296 1118 sicut
2337 1071 2556 1121 sanctus
2587 1065 2958 1138 Hieronymus
2985 1067 3356 1139 quorumdam
3395 1069 3773 1127 assertionem

2154 1167 2385 1225 sequens
2439 1153 2667 1227 exponit
2722 1155 3036 1227 (Comment.
3102 1155 3161 1210 in
3215 1174 3335 1228 cap.
3385 1175 3477 1215 vn
3508 1159 3774 1232 Daniel.).

2154 1238 2417 1297 Eamdem
2449 1242 2628 1316 itaque
2662 1244 3120 1317 signiﬁcationem
3170 1248 3384 1306 habent
3412 1250 3620 1308 decem
3652 1270 3776 1310 cor-

2153 1345 2265 1385 nua
2311 1329 2367 1385 in
2414 1330 2520 1388 hoc
2566 1333 2708 1402 loco,
2744 1350 2908 1407 quam
2941 1345 2995 1393 et
3032 1338 3130 1394 illa
3162 1338 3426 1397 habuisse
3452 1341 3770 1411 dicuntur;

2152 1419 2465 1492 signiﬁcant
2527 1423 2729 1497 quippe
2780 1441 2843 1481 ea
2889 1442 3074 1500 regna,
3132 1445 3231 1502 per
3273 1446 3400 1504 qua:
3456 1432 3773 1491 Romanum

2153 1507 2444 1581 imperium
2501 1512 2840 1571 destructum
2895 1526 2992 1574 est.
3044 1518 3259 1576 Partem
3321 1536 3578 1595 namque
3636 1522 3773 1580 Asia

2152 1615 2249 1671 per
2289 1616 2345 1656 se
2376 1600 2631 1673 primitus
2677 1604 3059 1663 abstulerunt:
3093 1616 3280 1680 postea
3321 1626 3464 1667 vero
3515 1612 3771 1669 Saraceni

2150 1697 2322 1746 totam
2358 1691 2725 1763 subegerunt:
2751 1695 2987 1753 Vandali
3014 1698 3263 1757 Africam
3307 1700 3413 1757 sibi
3450 1702 3773 1761 vindicave-

2150 1786 2300 1849 runt,
2353 1780 2522 1837 Gothi
2564 1782 2903 1856 Hispaniam,
2948 1785 3297 1861 Longobardi
3348 1792 3602 1862 Italiam,
3644 1794 3773 1850 Bur-

2154 1868 2458 1940 gundiones
2523 1872 2779 1943 Galliam,
2852 1875 3048 1934 Franci
3116 1879 3502 1950 Germaniam,
3582 1883 3769 1940 Hunni

2153 1958 2492 2016 Pannoniam
2528 1976 2540 2015 :
2575 1961 2741 2018 Alani
2784 1970 2968 2021 autem
3010 1972 3067 2022 et
3106 1965 3274 2025 Suevi
3306 1971 3487 2027 multa
3516 1971 3645 2031 loca
3679 1973 3766 2030 de-

2152 2051 2397 2124 populati
2420 2059 2569 2121 sunt,
2600 2068 2722 2126 qua)
2748 2069 2943 2112 eorum
2977 2056 3339 2130 subjacehant
3368 2061 3607 2118 ditioni.
3640 2064 3767 2122 Hac

2152 2155 2279 2213 ergo
2329 2156 2502 2213 regna
2530 2159 2594 2200 eo
2630 2151 2897 2218 tempore,
2943 2162 3053 2220 quo
3098 2148 3243 2205 visio
3271 2149 3381 2206 ista
3428 2152 3639 2209 Joanni
3677 2153 3766 2210 de-

2152 2237 2454 2287 monstrata
2510 2240 2612 2302 est,
2678 2243 2999 2307 potestatem
3068 2237 3319 2296 nondum
3383 2251 3757 2314 acceperant:

2151 2318 2245 2374 sed
2292 2334 2402 2376 una
2453 2319 2589 2377 hora
2631 2329 2889 2396 tanquam
2948 2341 3102 2399 reges
3146 2335 3482 2401 potestatem
3530 2346 3755 2405 accepe-

2150 2416 2312 2478 runt;
2362 2410 2492 2483 quia
2547 2411 2890 2486 singularum
2941 2416 3175 2474 istarum
3224 2420 3479 2493 gentium
3519 2430 3761 2495 potestas

2149 2513 2324 2571 pauco
2370 2506 2615 2573 tempore
2684 2503 3005 2575 permansit.
3055 2506 3187 2564 Post
3231 2507 3470 2568 bestiam
3519 2527 3759 2583 regnum

2149 2598 2495 2661 acceperunt,
2547 2590 2678 2664 quia
2706 2592 2989 2651 destructo
3017 2611 3185 2669 regno
3232 2598 3446 2655 diaboli
3476 2617 3574 2673 per
3600 2600 3759 2659 Chri-

2148 2678 2439 2747 stum,haac
2460 2688 2644 2753 gentes
2662 2681 2889 2756 impiam
2908 2692 3231 2757 potestatem
3248 2699 3583 2762 acceperunt
3612 2692 3756 2764 (56).

2223 2778 2404 2849 (Vers.
2449 2779 2535 2848 13,
2578 2780 2689 2853 iis.)
2716 2781 2766 2838 Ii
2797 2799 2962 2839 unum
2998 2787 3284 2843 consulam
3331 2787 3617 2858 habebunt,
3649 2791 3758 2845 vir-

2151 2871 2306 2923 tutem
2334 2886 2485 2925 suam
2537 2876 2585 2927 et
2606 2879 2911 2944 potestatem
2958 2875 3127 2933 bestiae
3157 2879 3526 2937 tradiderunt.
3568 2882 3752 2939 Unum

2148 2961 2442 3018 consilium
2491 2962 2828 3032 habuerunt,
2864 2966 2922 3023 id
2970 2976 3071 3038 est,
3106 2986 3274 3027 unam
3316 2972 3667 3030 voluntatem
3698 2974 3755 3030 in

2148 3052 2313 3108 malo.
2340 3052 2621 3111 Virtutem
2652 3073 2806 3113 suam
2846 3065 2901 3115 et
2928 3067 3254 3131 potestatem
3292 3062 3482 3120 bestia;
3514 3065 3757 3123 tradide-

2146 3148 2323 3209 runt;
2375 3143 2503 3215 quia
2541 3161 2730 3202 eorum
2761 3145 2939 3205 virtus
2980 3156 3145 3224 atque
3192 3159 3436 3224 potestas
3476 3153 3760 3212 diabolica

2150 3230 2276 3287 fuit.
2322 3233 2373 3289 Ii
2400 3250 2517 3288 cum
2556 3251 2693 3306 agno
2716 3238 3047 3308 pugnabunt,
3096 3246 3146 3296 et
3175 3258 3346 3312 agnus
3391 3243 3560 3299 vincet
3604 3243 3756 3302 illos.

2146 3319 2285 3377 Cum
2332 3338 2472 3395 agno
2518 3333 2921 3396 pugnaverunt,
2981 3327 3080 3401 qui
3124 3331 3431 3389 Ecclesiam
3479 3334 3581 3392 Dei
3630 3351 3755 3408 per-

2144 3413 2318 3470 secuti
2346 3421 2496 3484 sunt,
2540 3416 2916 3491 populumque
2948 3418 3051 3475 Dei
3090 3420 3524 3481 interfecerunt:
3556 3427 3756 3497 Agnus

2145 3509 2328 3558 autem
2369 3504 2559 3562 vincet
2609 3504 2756 3575 illos,
2792 3506 2923 3579 quia
2958 3507 3166 3565 scimus
3193 3508 3296 3566 has
3332 3519 3522 3584 gentes
3548 3521 3755 3585 praeter

2144 3606 2344 3663 paucas
2387 3595 2584 3667 jugum
2646 3593 2777 3651 ﬁdei
2821 3595 3029 3654 Christi
3072 3596 3187 3668 jam
3233 3601 3558 3674 suscepisse.
3611 3603 3753 3670 Quo-

2143 3680 2290 3737 niam
2316 3682 2431 3739 Rea:
2457 3688 2551 3751 est,
2592 3688 2642 3738 et
2690 3683 2951 3741 Dominus
2979 3686 3386 3759 dominantium,
3432 3697 3483 3747 et
3508 3690 3605 3763 qui
3632 3707 3750 3749 cum

2143 3770 2240 3827 illo
2294 3779 2419 3828 sunt
2446 3773 2634 3844 vocati,
2690 3775 2835 3831 electi
2879 3781 2930 3831 et
2956 3776 3154 3848 ﬁdeles.
3185 3778 3295 3847 Qui
3338 3788 3474 3837 sunt
3499 3797 3660 3855 reges
3694 3791 3748 3839 et

2143 3859 2511 3933 dominantes,
2566 3863 2673 3937 ipsi
2721 3872 2853 3922 sunt
2914 3866 3075 3925 electi
3120 3876 3176 3925 et
3227 3868 3440 3928 ﬁdeles.
3493 3871 3744 3930 Christus

2143 3951 2313 4026 igitur
2340 3954 2456 4012 Rex
2502 3970 2691 4029 regum
2720 3966 2824 4029 est,
2877 3965 2934 4015 et
2984 3959 3255 4017 Dominus
3282 3959 3697 4019 dominantium
3727 3979 3743 4019 :

2142 4044 2273 4118 quia
2313 4045 2429 4119 ipse
2466 4056 2549 4105 est
2570 4049 2686 4107 Rex
2713 4058 2768 4107 et
2795 4050 3068 4109 Dominus
3096 4051 3346 4111 omnium
3378 4062 3735 4111 sanctorum:

2141 4142 2196 4191 et
2225 4136 2320 4208 qui
2365 4152 2492 4193 cum
2523 4137 2622 4194 illo
2669 4147 2801 4195 sunt
2830 4140 3035 4209 vocati,
3081 4142 3238 4200 electi
3279 4150 3333 4200 et
3361 4143 3557 4201 ﬁdeles
3590 4153 3740 4215 sunt,

2141 4221 2199 4278 id
2227 4230 2311 4280 est
2356 4224 2554 4296 sancti,
2602 4226 2698 4299 qui
2725 4226 2796 4284 ad
2842 4228 2948 4286 hoc
2975 4231 3158 4287 vocati
3200 4239 3348 4300 sunt,
3382 4240 3447 4289 ut
3486 4248 3615 4290 cum
3645 4232 3741 4290 illo

2142 4311 2201 4368 in
2247 4321 2515 4371 aeternum
2557 4326 2940 4389 permaneant,
2988 4319 3149 4377 electi
3198 4328 3252 4378 et
3280 4320 3472 4379 ﬁdeles
3493 4323 3621 4395 jure
3649 4337 3740 4378 vo-

2139 4412 2355 4464 cantur.
2406 4406 2689 4465 Vocantur
2734 4409 2885 4465 enim
2914 4417 2967 4466 et
3008 4410 3249 4483 reprobi,
3297 4414 3442 4470 sicut
3468 4415 3741 4470 Dominus

2141 4492 2277 4552 dicit
2302 4512 2313 4552 :
2361 4519 2382 4546 ι
2411 4497 2571 4555 Multi
2592 4508 2723 4555 sunt
2748 4499 2953 4569 vocati,
2983 4501 3143 4572 pauci
3162 4518 3297 4558 vero
3324 4502 3486 4559 electi
3519 4504 3738 4574 (Matth.

2140 4600 2237 4654 xx,
2274 4585 2386 4658 16).
2410 4610 2430 4635 ι
2471 4585 2579 4644 Sed
2606 4587 2824 4659 reprobi
2854 4587 2925 4645 ad
2968 4588 3074 4649 hoc
3102 4598 3392 4661 vocantur,
3423 4600 3486 4650 ut
3516 4593 3741 4651 inexcu-

2137 4674 2337 4731 sabiles
2360 4675 2471 4733 sint
2502 4691 2514 4731 :
2567 4677 2729 4735 electi
2762 4692 2914 4749 vero,
2960 4686 3023 4735 ut
3060 4695 3189 4739 cum
3232 4680 3354 4755 ipso
3383 4682 3445 4739 in
3468 4689 3742 4741 aeternum

2136 4779 2487 4840 perseverent
2522 4770 2661 4845 (57).

2209 4867 2391 4937 (Vera.
2434 4868 2543 4942 l6.)
2574 4870 2647 4927 Et
2673 4869 2841 4928 decem
2869 4886 3091 4942 cornua,
3113 4889 3233 4945 qua
3259 4872 3445 4931 vidisti
3469 4875 3530 4931 in
3556 4875 3740 4940 bestia;

2135 4958 2191 5014 hi
2227 4959 2402 5015 edient
2445 4959 2817 5031 fornicariam.
2864 4964 3244 5022 Fornicariam
3293 4966 3526 5023 Romam
3555 4974 3741 5037 vocat,

2135 5065 2255 5123 quas
2284 5066 2384 5123 pro
2429 5050 2745 5110 defensione
2772 5054 3037 5111 falsorum
3086 5054 3344 5121 deorum,
3374 5057 3554 5113 Deum
3591 5073 3741 5114 ores.

2134 5145 2309 5197 torem
2355 5156 2515 5198 suum
2563 5142 3005 5217 persequebatur.
3054 5146 3257 5205 Decem
3314 5147 3507 5220 itaque
3532 5162 3740 5210 cornua

2134 5230 2263 5287 odio
2306 5229 2615 5290 habuerunt
2676 5234 3051 5306 fornicariam,
3099 5236 3331 5311 quando
3378 5245 3571 5311 gentes
3615 5252 3739 5312 quat

2132 5338 2230 5395 per
2257 5323 2443 5382 decem
2472 5342 2677 5385 cornua
2720 5327 3013 5401 designatae
3043 5335 3193 5398 sunt,
3227 5329 3298 5387 ad
3327 5328 3732 5389 destruendum

2133 5501 2263 5543 mss.
2297 5502 2430 5544 vero
2456 5487 2746 5548 nobiscum
2776 5487 3006 5549 faciunt.

2207 5558 2323 5631 (57)
2383 5561 2718 5641 Rom-edit.
2768 5562 2860 5641 hic
2896 5569 3196 5641 posuerat:
3250 5564 3335 5641 _Et
3362 5565 3733 5641 rdiaritmibi:

2132 5629 2310 5710 Aqua?
2341 5648 2485 5712 quas
2498 5634 2719 5712 ‘vjdisti,
2748 5634 2840 5712 ubi
2877 5629 3129 5691 meretrix
3173 5637 3335 5712 sedet,
3362 5640 3426 5695 et
3470 5638 3585 5696 alia
3609 5655 3733 5712 qua

2131 5700 2205 5757 in’
2220 5700 2427 5761 mssfet
2445 5704 2576 5763 Gill.
2604 5700 2735 5764 edit.
2750 5705 3023 5766 habentur
3045 5709 3301 5781 proxime
3315 5700 3469 5782 ante,
3488 5700 3644 5770 vers:
3644 5711 3735 5772 18.
