3902 6198
91 354 225 412 1001

974 351 1437 413 BERENGAUDI
1476 351 1851 412 EXPOSITIO
1886 351 1958 411 IN
1995 352 2500 412 APOCALYPSIN.

3250 353 3388 414 1002

86 479 394 535 Romanum
436 479 729 552 imperium
758 496 911 536 arma
937 488 1308 553 sumpserunt.
1352 483 1427 537 Et
1463 481 1681 536 desola-
1709 483 1759 541 A
1787 480 1955 535 Patri.
1996 482 2162 536 Terra
2192 481 2497 536 illuminata
2522 484 2596 535 est
2646 496 2682 536 a
2708 479 2884 552 gloria
2913 479 3065 551 ejus;
3116 497 3245 556 quia
3292 498 3392 555 per

89 574 197 624 tam
239 569 390 625 illam
420 568 618 640 facient
646 575 691 625 et
719 570 937 627 nudam.
974 570 1285 626 Desolatam
1334 569 1483 625 illam
1535 570 1688 627 fece-

85 664 221 712 runt
266 665 319 713 et
366 657 592 727 nudam,
642 658 862 732 quando
912 675 1103 715 omnes
1149 666 1335 731 gentes
1375 658 1492 730 (58)
1539 654 1686 731 pote-

85 745 219 801 stati
241 746 359 819 ejus
383 747 723 805 ademerunt.
761 750 834 805 Et
860 766 1044 805 carnes
1073 747 1186 818 eius
1215 748 1685 804 manducaverunt.

86 836 232 906 Quia
278 838 492 894 deliciae
539 856 757 895 carnem
802 840 1077 909 nutriunt,
1110 854 1402 911 possumus
1429 853 1525 910 per
1559 852 1690 893 car-

83 941 189 983 nes
233 925 457 983 divitias
501 928 750 983 omnium
809 928 1053 1001 gentium
1110 926 1436 1000 intelligere.
1488 924 1691 983 Carnes

85 1014 211 1087 ejus
255 1015 747 1085 manducaverunt,
797 1017 1016 1090 quando
1063 1031 1191 1090 opes
1234 1014 1496 1073 omnium
1542 1018 1689 1078 565

85 1117 360 1190 gentium,
405 1132 526 1190 quae
582 1117 812 1174 Romam
867 1115 1273 1185 deferebantur,
1336 1118 1688 1187 acceperunt,

87 1210 149 1260 et
180 1203 239 1260 in
284 1221 412 1262 suos
440 1222 573 1262 usus
614 1205 961 1278 redegerunt.
1010 1207 1085 1262 Et
1115 1205 1287 1277 ipsam
1330 1203 1444 1276 igni
1472 1218 1693 1258 concre-

82 1294 327 1351 mabunt.
363 1295 579 1353 Scimus
617 1295 884 1367 plurimas
911 1295 1183 1364 civitates,
1213 1294 1387 1363 vicos,
1417 1300 1472 1349 et
1500 1292 1692 1350 castel-

87 1383 168 1452 la,
203 1399 323 1457 quae
351 1384 597 1442 Romano
644 1384 878 1458 imperio
914 1383 1290 1458 subjacebant,
1320 1382 1389 1439 ab
1427 1380 1516 1439 his
1552 1396 1694 1454 gen-

85 1472 246 1530 tibus
274 1473 442 1531 fuisse
470 1484 837 1534 concremata.

171 1562 352 1636 (Vers.
391 1564 503 1638 17.)
544 1567 684 1622 Deus
722 1565 859 1622 enim
893 1567 1036 1623 dedit
1084 1566 1144 1622 in
1183 1564 1346 1623 corda
1395 1579 1593 1631 eorum,
1634 1565 1695 1617 ut

85 1650 298 1724 faciant
342 1654 483 1725 quod
521 1655 609 1711 illi
637 1655 1013 1729 beneplacitum
1047 1662 1162 1722 est;
1210 1661 1269 1711 ut
1313 1655 1437 1710 dent
1476 1665 1696 1725 regnum

87 1758 250 1797 suum
295 1742 485 1812 bestiae,
530 1743 690 1799 donec
733 1751 1153 1802 consummentur
1195 1743 1354 1802 verba
1397 1740 1515 1798 Dei.
1546 1742 1695 1797 Deus

1795 568 2101 627 doctrinam
2159 568 2287 626 ﬁdei
2343 569 2460 641 ejus
2506 586 2675 641 genus
2733 569 3038 627 humanum
3069 587 3102 627 a
3147 571 3391 629 tenebris

1796 658 2120 731 ignorantia:
2147 666 2311 730 atque
2340 657 2742 715 incredulitatis
2768 667 2850 716 est
2877 668 3146 732 ereptum.

1871 756 2051 829 (Vers.
2086 756 2166 829 2.)
2199 758 2274 813 Et
2298 756 2548 814 clamavit
2574 756 2633 812 in
2686 756 2821 829 forti
2849 775 2987 825 voce,
3019 759 3216 816 dicens.
3265 759 3391 819 Vox

1801 846 2007 904 Christi
2035 845 2291 903 doctrina
2319 854 2401 903 est
2420 846 2731 920 Evangelii.
2765 846 2909 915 Quid
2932 857 3112 904 autem
3144 848 3261 906 haec
3281 865 3393 905 vox

1799 935 2141 1004 clamaverit,
2199 935 2484 994 subdendo
2540 936 2885 993 manifestat:
2938 935 3157 1005 Cecidit,
3214 937 3396 991 cecidit

1800 1025 2044 1096 Babylon
2072 1042 2283 1097 magna.
2314 1026 2531 1083 Dixisse
2569 1025 2670 1082 Dei
2704 1010 2898 1083 fecisse
2927 1033 3045 1094 est;
3071 1024 3217 1082 dixit
3244 1025 3393 1082 enim

1799 1112 2063 1170 cecidisse
2091 1113 2450 1187 Babylonem,
2473 1114 2602 1188 quia
2623 1114 2738 1188 ipse
2759 1114 2890 1170 fecit
2910 1121 2973 1170 ut
2990 1115 3213 1172 caderet
3237 1132 3249 1172 :
3274 1131 3396 1189 qua

1798 1202 1886 1259 bis
1911 1202 2173 1260 cecidisse
2201 1203 2428 1272 dicitur,
2461 1203 2591 1278 quia
2644 1202 2847 1261 cecidit
2884 1203 3084 1276 primo,
3118 1220 3244 1261 cum
3298 1221 3397 1278 per

1800 1291 2108 1350 doctrinam
2140 1292 2427 1365 Evangelii
2456 1295 2756 1349 maximam
2808 1293 3226 1350 multitudinem
3257 1292 3396 1351 elec-

1799 1390 1983 1438 torum
2014 1380 2221 1451 amisit,
2254 1382 2348 1457 qui
2380 1382 2449 1439 ab
2480 1398 2543 1439 ea
2569 1399 2667 1456 per
2716 1381 2883 1439 ﬁdem
2917 1382 3126 1440 Christi
3155 1382 3392 1456 praecisi,

1801 1472 1951 1528 cives
1984 1480 2186 1529 sanctae
2220 1471 2484 1541 civitatis,
2519 1471 2577 1529 id
2630 1480 2732 1541 est,
2766 1472 3027 1530 Ecclesize
3053 1472 3186 1531 facti
3215 1483 3346 1531 sunt
3379 1489 3393 1530 :

1801 1561 1960 1618 cadet
1984 1559 2245 1631 secundo,
2278 1578 2405 1618 cum
2436 1561 2495 1618 in
2524 1561 2725 1619 ultimo
2762 1560 2853 1619 die
2896 1572 3073 1622 morte
3110 1573 3405 1638 perpetua,

1803 1666 1923 1723 quae
1954 1650 2012 1707 in
2043 1650 2149 1708 hoc
2176 1650 2321 1707 libro
2353 1667 2501 1707 mors
2529 1651 2770 1708 secunda
2815 1660 3067 1723 vocatur,
3112 1653 3395 1726 punietur.

1800 1742 1876 1797 Et
1902 1738 2049 1810 facta
2087 1745 2163 1796 est
2186 1739 2442 1797 habitatio
2470 1740 2785 1798 daemonum.
2815 1740 3099 1815 Numquid
3136 1749 3265 1798 ante
3306 1742 3399 1799 ad-

86 1830 250 1887 dedit
286 1830 347 1886 in
384 1831 552 1890 corda
581 1848 793 1902 eorum,
842 1832 899 1889 id
940 1842 1042 1904 est,
1084 1830 1334 1906 permisit
1379 1837 1441 1886 ut
1489 1828 1695 1886 faciant
1726 1843 1774 1906 Β
1807 1839 2033 1888 ventum
2090 1831 2298 1889 Christi
2327 1831 2605 1890 daemones
2634 1833 2693 1889 in
2746 1833 3029 1906 Babylone
3056 1849 3171 1891 non
3226 1833 3399 1890 habi-

87 1921 245 1996 quod
272 1920 356 1977 illi
388 1921 795 1999 beneplaoitum
825 1932 926 1992 est,
974 1929 1029 1978 et
1075 1920 1221 1997 quod
1259 1919 1582 1994 pra-edictum
1612 1924 1697 1974 est

86 2027 125 2067 a
182 2009 462 2083 prophetis
515 2009 635 2083 ejus
704 2017 761 2067 et
825 2011 1109 2084 apostolis,
1166 2009 1262 2084 qui
1317 2007 1696 2082 praedixerunt

87 2100 243 2175 quod
268 2107 507 2172 potestas
532 2099 764 2157 Romani
796 2099 1014 2172 imperii
1042 2099 1110 2156 ab
1158 2099 1237 2156 eis
1273 2098 1528 2171 gentibus
1556 2104 1698 2154 esset

86 2190 446 2249 destruenda.
478 2191 727 2263 Regnum
755 2197 939 2246 autem
968 2206 1131 2246 suum
1167 2188 1357 2245 bestiae
1403 2188 1696 2256 dederunt,

88 2281 272 2339 donec
317 2286 834 2336 consummarentur
862 2279 1029 2338 verba
1058 2277 1157 2335 Dei
1181 2297 1195 2348 ;
1238 2278 1366 2353 quia
1393 2276 1697 2335 secundum

80 2369 387 2445 justissimi
438 2368 539 2426 Dei
592 2368 1009 2442 permissionem
1074 2367 1270 2424 tandiu
1324 2365 1699 2440 suggestiones

89 2459 305 2517 diaboli
364 2458 423 2514 in
477 2458 779 2515 sceleribus
848 2457 1226 2531 perpetrandis
1301 2457 1473 2515 secuti
1547 2462 1698 2521 sunt,

89 2548 344 2627 quandiu
377 2555 896 2605 consummarentur
922 2546 1091 2602 verba
1117 2544 1237 2615 Dei,
1265 2544 1323 2601 id
1365 2551 1466 2613 est,
1508 2543 1699 2616 imple-

89 2646 290 2696 rentur
354 2653 417 2694 ea
471 2653 592 2711 quae
651 2653 683 2693 a
731 2638 845 2694 Deo
900 2643 955 2692 et
1008 2634 1213 2692 sanctis
1270 2632 1386 2706 ejus
1443 2632 1702 2707 praedicta

96 2736 256 2786 sunt.

173 2816 355 2884 (Vere.
391 2815 504 2888 15.)
536 2815 704 2887 Αᾳιιω
730 2830 863 2885 quas
899 2813 1102 2882 vidisti,
1146 2815 1235 2871 ubi
1258 2812 1515 2870 meretrix
1542 2811 1698 2881 sedet,

87 2906 291 2981 populi
335 2910 461 2959 sunt
506 2910 554 2959 et
601 2903 768 2959 tribus
811 2909 860 2959 et
894 2903 1104 2976 linguce.
1151 2904 1253 2960 Per
1283 2920 1470 2977 aquas,
1512 2917 1702 2958 omnes

94 3003 289 3072 gentes
317 3010 451 3068 quas
496 2993 604 3049 sibi
641 2992 874 3050 Romani
913 2992 1277 3066 subjecerant,
1322 2993 1699 3064 designantur.

176 3085 360 3158 (Vers.
398 3084 510 3155 18.)
543 3085 620 3139 Et
643 3083 838 3139 mulier
865 3100 1026 3154 quam
1052 3083 1233 3138 vidisti
1260 3090 1337 3139 est
1364 3083 1547 3137 civitas
1576 3097 1705 3136 ma-

1804 1918 1994 1977 tabant
2014 1919 2043 1976 ‘l
2071 1919 2404 1977 Habitabant
2446 1919 2692 1994 quidem,
2750 1919 2846 1978 sed
2893 1937 3084 1977 eorum
3131 1919 3400 1979 habitatio

1805 2008 2192 2083 ignorabatur:
2244 2008 2465 2083 quando
2520 2017 2705 2067 autem
2738 2008 3040 2066 multitudo
3099 2009 3399 2068 electorum

1804 2097 1873 2155 ad
1903 2097 2069 2155 ﬁdem
2097 2115 2363 2157 conversa
2392 2107 2492 2168 est,
2521 2097 2775 2172 Babylon
2801 2097 3072 2156 habitatio
3102 2098 3401 2157 daemonio-

1806 2204 1930 2244 rum
1962 2188 2106 2247 facta
2133 2197 2250 2246 est:
2285 2187 2415 2262 quia
2442 2187 2527 2245 illi
2555 2188 2651 2262 qui
2680 2187 2843 2244 ﬁdem
2875 2186 3084 2246 Christi
3138 2204 3402 2263 suscepe-

1807 2286 1960 2347 runt,
2014 2279 2162 2353 quod
2220 2278 2493 2336 habitatio
2549 2277 2953 2335 daemoniorum
3008 2278 3067 2335 in
3117 2278 3402 2353 Babylone

1808 2383 2022 2440 semper
2051 2368 2239 2437 fuerit,
2271 2369 2541 2424 veraciter
2585 2377 2981 2441 cognoverunt.
3038 2371 3113 2427 Et
3164 2371 3402 2428 custodia

1809 2460 1979 2516 omnis
2007 2460 2232 2532 spiritus
2260 2460 2541 2527 immundi,
2570 2467 2619 2517 et
2680 2463 2918 2518 custodia
2947 2464 3118 2519 omnis
3171 2466 3403 2522 volucris

1808 2549 2096 2605 immunda:
2122 2556 2173 2604 et
2204 2549 2436 2606 adibitis.
2469 2550 2575 2618 Qui
2631 2560 2761 2608 sunt
2789 2551 3084 2622 daemones,
3117 2553 3225 2625 ipsi
3273 2562 3404 2611 sunt

1810 2639 2040 2712 spiritus
2067 2637 2366 2707 immundi,
2397 2646 2452 2695 et
2480 2639 2732 2696 volucres
2782 2639 3101 2699 immundae.
3135 2643 3404 2702 Volucres

1811 2729 2012 2803 quippe
2041 2730 2400 2787 nominantur
2430 2745 2494 2785 eo
2523 2728 2672 2803 quod
2700 2747 2797 2803 per
2821 2747 3000 2789 aerem
3052 2732 3223 2790 istum
3252 2751 3405 2791 more

1810 2829 2103 2877 ventorum
2158 2819 2533 2877 indesinenter
2568 2818 2910 2880 discurrant:
2963 2823 3217 2882 custodes
3272 2841 3405 2882 vero

1812 2909 2135 2984 Babyloniae
2168 2910 2290 2968 ideo
2310 2918 2597 2981 vocantur,
2644 2912 2774 2985 quia
2803 2912 2946 2971 sicut
2972 2913 3152 2985 angeli
3199 2915 3404 2972 electos

1811 3000 1911 3056 Dei
1936 2998 2291 3057 custodiunt:
2354 3017 2422 3057 ne
2450 3008 2563 3057 tam
2614 3001 2848 3073 pessime
2904 3009 3150 3074 peccent,
3194 3011 3258 3061 ut
3302 3019 3410 3077 pe-

1810 3097 1999 3145 reant:
2039 3088 2117 3145 ita
2144 3097 2199 3146 et
2253 3088 2532 3147 daemones
2585 3088 2791 3163 impios
2819 3089 3132 3161 observant,
3192 3108 3261 3150 ne
3308 3094 3407 3150 ali-

95 3193 226 3250 gna,
259 3191 375 3246 qua
400 3173 554 3229 habet
590 3179 895 3245 potestatem
941 3188 1102 3245 super
1147 3177 1356 3227 cunctos
1398 3187 1541 3241 reges
1590 3176 1705 3225 ιεν-
1738 3196 1783 3259 c
1812 3177 2032 3252 quando
2054 3178 2123 3236 ab
2152 3178 2540 3253 iniquitatibus
2568 3179 2683 3236 suis
2740 3179 3063 3256 resipiscam
3092 3189 3148 3240 et
3193 3183 3407 3240 salven-

95 3283 201 3322 νοω.
248 3265 364 3320 Hoc
410 3263 767 3320 manifestum
811 3271 928 3331 est;
984 3261 1189 3319 scimus
1236 3260 1384 3316 enim
1432 3262 1705 3318 Romanos

97 3372 171 3412 eo
200 3362 445 3427 tempore
492 3354 707 3411 cunctis
754 3352 976 3426 regibus
1024 3361 1182 3409 terra:
1226 3349 1538 3407 dominatos
1567 3366 1703 3426 esse.

98 3442 214 3501 Sed
258 3442 405 3500 dicet
451 3442 693 3516 aliquis:
736 3440 1024 3510 Quomodo
1055 3457 1152 3514 per
1201 3440 1490 3497 mulierem
1538 3454 1708 3494 mere-

100 3534 303 3592 tricem
329 3532 564 3589 Romani
593 3531 968 3605 designantur,
1018 3547 1147 3589 cum
1197 3529 1310 3587 illis
1346 3528 1704 3602 temporibus,

100 3624 329 3701 quando
375 3624 460 3682 hae
508 3633 693 3698 gentes
738 3624 984 3681 diversas
1014 3624 1196 3681 clades
1224 3620 1427 3696 generi
1464 3621 1708 3677 humano

102 3716 441 3781 intulerunt,
472 3714 706 3774 Romani
731 3713 1019 3772 christiani
1045 3712 1410 3770 exstiterint?
1442 3710 1529 3767 Ad
1561 3709 1710 3784 quod

100 3821 209 3861 nos
247 3802 663 3877 respondemus,
716 3803 846 3877 quia
884 3818 981 3876 per
1026 3801 1314 3857 mulierem
1363 3798 1709 3857 meretricem

99 3909 223 3953 non
270 3893 451 3963 electi,
501 3893 595 3967 qui
651 3909 721 3950 ex
769 3890 957 3948 eadem
1004 3897 1162 3964 gente
1207 3889 1455 3956 fuerunt,
1505 3887 1710 3944 intelli-

103 3992 338 4059 guntur,
384 3981 589 4056 quique
632 3981 827 4039 mundi
874 3981 1104 4055 gloriam
1151 3995 1250 4053 pro
1293 3993 1477 4036 amore
1524 3975 1711 4051 gloriae

103 4073 349 4135 caelestis
376 4076 860 4144 contempserunt;
911 4069 1006 4126 sed
1052 4068 1292 4142 reprobi,
1332 4068 1451 4125 sive
1487 4063 1707 4140 pagani,

100 4165 229 4222 sive
257 4161 553 4220 christiani
580 4160 808 4217 fuerint.
838 4161 1068 4216 Illorum
1108 4175 1235 4232 ergo
1269 4165 1507 4231 potestas
1542 4155 1611 4211 ab
1641 4154 1711 4212 iis

103 4255 368 4331 gentibus
395 4252 676 4310 destructa
702 4257 803 4320 est,
827 4249 923 4324 qui
942 4249 1113 4322 impia
1135 4248 1512 4305 dominatione
1542 4262 1712 4321 genus

102 4346 417 4403 humanum
449 4339 790 4416 premebant.

180 4432 414 4492 CAPUT
445 4430 648 4488 XVIII.
679 4458 751 4470 —
783 4426 964 4500 (Vers.
995 4424 1073 4497 1.)
1104 4426 1235 4482 Post
1270 4424 1377 4480 hac
1403 4421 1515 4479 vidi
1542 4422 1713 4478 alium

1813 3273 1926 3325 tur.

1889 3357 2074 3432 (Vers.
2106 3357 2188 3432 3.)
2223 3356 2388 3426 Quias
2413 3357 2478 3413 de
2529 3357 2654 3413 vino
2686 3357 2785 3413 ira:
2811 3356 2926 3427 ejus
2953 3357 3195 3415 biberunt
3229 3375 3408 3417 omnes

1814 3454 2005 3522 gentes,
2027 3454 2075 3504 et
2102 3464 2243 3519 reges
2270 3453 2426 3504 terra:
2451 3463 2570 3503 cum
2604 3447 2705 3505 illa
2731 3446 2987 3519 fornicati
3014 3455 3154 3518 sunt,
3185 3455 3234 3505 et
3267 3465 3408 3506 mer-

1815 3543 2016 3593 catores
2046 3543 2202 3594 terra:
2237 3537 2300 3593 de
2326 3537 2521 3592 virtute
2549 3535 2863 3594 deliciarum
2917 3536 3030 3607 ejus
3053 3537 3237 3594 divites
3278 3536 3409 3609 facti

1817 3632 1959 3682 sunt.
1996 3624 2144 3693 Quid
2172 3625 2245 3682 sit
2274 3626 2468 3684 vinum
2500 3626 2617 3697 iraa,
2648 3634 2703 3684 et
2740 3625 2874 3700 quid
2902 3625 3196 3685 fornicatio
3219 3643 3409 3700 regum

1817 3732 1944 3774 cum
1971 3716 2256 3790 Babylone
2283 3727 2488 3789 autem,
2536 3717 2788 3792 superius
2841 3716 3085 3775 breviter
3140 3717 3408 3778 diximus.

1816 3809 1920 3866 Per
1965 3816 2297 3869 mercatores
2352 3820 2511 3869 terra;
2561 3819 2832 3869 amatores
2877 3812 3066 3870 saeculi
3122 3827 3413 3884 possumus

1817 3899 2153 3973 intelligere,
2182 3900 2278 3974 qui
2314 3901 2528 3958 animas
2555 3918 2683 3958 suas
2710 3918 2811 3974 pro
2847 3899 3215 3974 acquisitione
3249 3916 3411 3973 pecu-

1818 3989 2037 4045 niarum
2066 3988 2367 4061 perditioni
2395 3988 2642 4046 tradunt.
2675 3991 2756 4046 De
2784 3987 3106 4061 hujusmodi
3134 3994 3414 4046 mercato-

1819 4077 1975 4135 ribus
2006 4077 2162 4134 Jesus
2190 4076 2342 4134 ﬁlius
2404 4076 2598 4134 Sirach
2629 4077 2896 4152 loquitur,
2951 4076 3141 4134 dicens
3173 4095 3187 4134 :
3261 4099 3282 4126 ι
3311 4077 3416 4138 Hic

1819 4167 1969 4225 enim
1998 4167 2239 4224 animam
2270 4182 2425 4223 suam
2453 4167 2706 4225 venalem
2753 4166 2984 4237 habuit;
3035 4166 3299 4242 quoniam
3354 4167 3415 4224 in

1818 4255 1936 4312 vita
1964 4271 2064 4311 sua
2094 4254 2328 4327 projecit
2361 4254 2563 4311 intima
2590 4270 2690 4311 sua
2727 4254 2917 4327 (Eccli.
2949 4271 3008 4325 x,
3042 4254 3154 4327 10).
3203 4280 3224 4305 ι
3264 4253 3417 4311 Ani-

1820 4361 1968 4402 mam
1998 4360 2151 4401 suam
2190 4344 2442 4400 venalem
2467 4342 2683 4415 habuit,
2726 4345 2821 4420 qui
2850 4361 2971 4402 eam
3024 4361 3125 4419 pro
3181 4344 3416 4418 acquisi-

1818 4432 1969 4489 tione
1991 4432 2349 4506 pecuniarum
2381 4429 2725 4490 daemonibus
2770 4433 2983 4492 tradere
3011 4449 3123 4491 non
3180 4432 3372 4489 timuit
3398 4449 3411 4489 :

102 4525 356 4596 angelum
402 4520 783 4618 (19369"de
933 4516 1077 4584 σαῖσι
1109 4514 1374 4618 habebit“?!
1408 4516 1714 4618 ΡῩιεεειξξθηι
1743 4558 1792 4618 D
1822 4522 2049 4580 delicias
2079 4539 2211 4580 vero
2232 4523 2498 4580 virtutem
2527 4522 2831 4595 Babylonis
2859 4531 3022 4581 vocat
3047 4540 3059 4579 :
3116 4522 3246 4595 quia
3272 4521 3418 4578 sicut

101 4628 362 4685 magnam
397 4628 408 4665 :
442 4616 489 4665 et
519 4615 664 4663 terra
701 4603 1010 4661 illuminata
1050 4609 1125 4658 est
1150 4619 1185 4657 a
1212 4601 1389 4674 gloria
1423 4600 1554 4671 ejus.
1587 4601 1715 4658 Haec

103 4721 235 4780 quae
278 4710 605 4776 sequuntur,
647 4697 972 4772 generaliter
1015 4696 1084 4752 ad
1132 4695 1359 4768 impiam
1407 4693 1710 4763 civitatem,

101 4797 168 4854 id
216 4803 323 4864 est,
354 4793 424 4850 ad
452 4808 644 4849 omnes
690 4788 950 4863 reprobos
978 4788 1274 4862 pertinent.
1306 4788 1379 4843 Et
1406 4796 1469 4844 ut
1497 4786 1715 4859 plenius

101 4883 462 4944 eversionem
492 4879 792 4953 Babylonis
821 4878 1177 4946 demonstret,
1209 4876 1277 4933 ad
1320 4878 1553 4951 primam
1596 4875 1716 4949 ejus

101 4977 361 5043 ruinam,
413 4989 519 5046 qua
566 4987 661 5045 per
709 4970 992 5028 Christum
1029 4985 1216 5026 eversa
1253 4974 1355 5037 est,
1396 4967 1710 5025 revertitur.

100 5066 362 5138 Angelus
412 5076 649 5135 namque
692 5059 795 5117 iste
841 5058 1122 5118 Christum
1170 5056 1458 5129 signiﬁcat,
1509 5056 1607 5129 qui
1649 5055 1717 5112 de

100 5156 254 5216 caelo
285 5154 361 5211 ad
388 5160 589 5210 terram
621 5150 949 5208 descendere
995 5149 1251 5223 dignatus
1295 5156 1396 5217 est,
1427 5154 1490 5203 ut
1525 5146 1719 5203 homi-

100 5262 215 5304 nos
240 5242 315 5300 ad
345 5241 591 5300 ccelestia
619 5241 949 5297 sublevaret.
982 5238 1087 5307 Qui
1111 5244 1434 5312 potestatem
1464 5252 1716 5310 magnam

101 5334 322 5393 habere
376 5330 623 5399 dicitur;
683 5330 811 5405 quia
864 5328 1113 5387 eamdem
1175 5334 1499 5401 potestatem
1556 5325 1721 5382 habet

100 5443 285 5504 quam
339 5432 397 5483 et
447 5426 628 5496 Pater,
684 5439 748 5482 eo
794 5422 944 5499 quod
995 5420 1227 5498 aequalis
1278 5420 1351 5479 sit
1394 5437 1490 5495 per
1534 5418 1721 5477 omnia

187 5648 318 5727 (58)
372 5647 458 5727 Ita
502 5661 669 5718 mss.;
725 5644 859 5708 edit.
911 5654 1094 5710 autem
1138 5663 1151 5706 :

103 5725 303 5784 omnes
331 5725 525 5796 gentes,
557 5727 664 5780 etc.

411 5819 654 5879 Parnon.
691 5818 868 5881 XVII.

1821 4612 1985 4669 electi
2030 4618 2147 4668 tota
2200 4612 2409 4669 virtute
2463 4611 2714 4668 laborant
2768 4620 2832 4668 ut
2877 4611 3105 4668 divitias
3165 4609 3418 4667 caelestes

1821 4702 2128 4775 acquirant,
2161 4701 2237 4758 ita
2264 4708 2318 4757 et
2358 4700 2577 4775 reprobi
2610 4700 2744 4756 totis
2772 4699 2989 4755 nisibus
3035 4697 3303 4754 insistunt
3355 4708 3420 4756 ut

1822 4789 2048 4847 divitias
2076 4790 2346 4863 perituras
2378 4788 2486 4846 sibi
2514 4788 2881 4846 accumulent.
2915 4788 2995 4843 De
3049 4785 3255 4843 talibus
3280 4786 3420 4846 dicit

1824 4878 2126 4952 propheta:
2168 4901 2188 4927 ι
2218 4878 2288 4935 Ut
2343 4877 2534 4950 inique
2571 4882 2816 4950 agerent,
2873 4875 3266 4933 laboraverunt
3313 4876 3418 4949 (Je-

1822 4989 1955 5028 rem.
1989 4987 2068 5041 1x,
2100 4970 2181 5044 ὅ).
2206 4993 2226 5017 ι

1896 5060 2079 5134 (Vers.
2111 5058 2192 5133 4.)
2222 5060 2297 5116 Et
2322 5056 2507 5115 audivi
2550 5056 2719 5114 aliam
2773 5073 2947 5113 vocem
2988 5055 3051 5113 de
3075 5056 3199 5113 caelo
3249 5054 3421 5112 dicen-

1826 5155 1945 5205 tem.
1977 5149 2079 5205 Per
2113 5147 2313 5206 coelum
2352 5146 2410 5203 in
2469 5145 2575 5205 hoc
2603 5145 2727 5204 loco
2758 5144 3009 5204 Ecclesia
3064 5143 3414 5219 designatur:

1825 5255 1937 5296 vox
1963 5236 2032 5293 de
2061 5236 2200 5294 caelo
2229 5252 2341 5293 vox
2377 5242 2459 5292 est
2490 5235 2913 5310 praedicatorum
2944 5233 3014 5292 de
3034 5235 3282 5293 Ecclesia
3298 5252 3421 5309 pro-

1825 5327 2044 5387 cedens.
2075 5326 2180 5384 Sed
2209 5326 2345 5401 quid
2380 5325 2519 5384 dicit
2546 5342 2659 5383 vox
2689 5325 2793 5384 ista
2812 5325 2841 5385 ?
2872 5325 3034 5383 Exite
3060 5325 3123 5382 de
3148 5324 3272 5395 illa,
3324 5342 3422 5397 po-

1821 5420 1949 5493 pule
1973 5434 2135 5477 meus.
2165 5417 2436 5476 Dominus
2463 5432 2560 5492 per
2605 5416 2992 5491 praedicatores
3023 5433 3174 5489 suos,
3227 5415 3421 5474 suadet

1208 5660 1367 5707 arma
1410 5648 1764 5721 sumpserunt,
1817 5644 1893 5704 Et
1944 5644 2233 5704 desolatam
2279 5643 2435 5703 illam
2487 5639 2745 5716 fecerunt,
2807 5646 2857 5699 et
2908 5638 3133 5700 nudam.
3195 5636 3420 5709 Quando

3070 5807 3138 5865 32
