3902 6198
496 402 635 463 1003

1513 394 1609 449 ΑΙ)
1648 389 1882 448 ΟΡΕΒΑ
1919 387 1974 443 S.
2012 384 2342 445 AMBROSII
2381 376 2759 439 APPENDIX.

3718 370 3828 425 {mli

488 527 700 595 electis,
744 532 808 581 ut
863 530 1062 581 exeant
1109 537 1140 577 a
1186 519 1488 591 Babylone,
1534 531 1645 571 non
1688 528 1936 585 corpore,
1986 508 2081 566 sed
2113 511 2163 570 A
2192 505 2621 576 memoriamque
2652 501 2842 558 mortis
2872 518 2902 556 a
2932 506 3113 554 mente
3140 511 3244 553 sua
3277 492 3599 565 rejicinnt,
3638 506 3711 544 ne
3737 493 3830 545 tri-

489 627 693 675 mente.
722 611 1199 682 Quemadmodum
1229 616 1414 664 autem
1445 623 1477 661 a
1506 604 1787 677 Babylone
1816 600 1969 657 exire
1995 600 2084 656 de-

485 707 673 774 beant,
706 704 764 759 in
790 699 1149 775 sequentibus
1177 698 1357 764 docet,
1407 694 1627 750 dicens:
1679 694 1753 748 Et
1805 708 1867 746 ne
1912 688 2085 761 parti-

487 798 622 868 cipes
651 794 768 849 sitis
795 792 1110 847 delictorum
1127 788 1238 858 ejus
1264 805 1283 852 ;
1305 785 1387 841 illi
1420 784 1566 841 enim
1588 800 1619 839 a
1646 782 1929 854 Babylone
1958 794 2084 835 con-

487 886 775 941 venienter
827 886 1061 945 exeunt,
1115 876 1210 950 qui
1266 893 1297 931 a
1345 874 1508 930 malis
1545 871 1802 946 operibus
1857 868 1973 940 ejus
2030 883 2085 923 se

488 976 698 1031 alienos
728 970 985 1039 reddunt,
1018 969 1161 1025 sicut
1208 967 1498 1024 Psalmista
1552 965 1618 1021 de
1646 962 1939 1034 semetipso
1993 960 2086 1015 lo-

488 1064 699 1138 quitur,
742 1062 969 1118 dicens:
1015 1082 1033 1106 ι
1066 1060 1187 1115 Νοιι
1215 1057 1331 1113 sedi
1364 1056 1421 1111 in
1450 1053 1685 1111 consilio
1715 1049 2001 1117 vanitatis,
2033 1056 2087 1103 et

487 1137 615 1211 cum
647 1149 841 1223 iniqua
870 1147 1188 1222 gerentibus
1208 1161 1320 1201 non
1348 1143 1575 1199 introivi
1601 1142 1773 1213 (Psal.
1797 1156 1935 1206 xxv,
1966 1137 2072 1207 4).»

560 1245 635 1299 Et
662 1242 725 1297 de
745 1239 920 1312 plagis
952 1238 1066 1309 ejus
1105 1255 1212 1293 non
1235 1235 1531 1306 accipiatis.
1581 1230 1727 1298 Quid
1758 1238 1886 1286 sunt
1916 1228 2087 1300 plagas

489 1330 811 1404 Babylonis,
844 1329 953 1385 nisi
981 1327 1121 1383 vitia
1150 1343 1269 1400 quae
1308 1325 1520 1380 animas
1539 1319 1884 1377 interﬁciunt
1903 1317 1931 1373 ‘i
1962 1317 2088 1371 Pos-

490 1436 683 1477 sumus
712 1418 879 1475 etiam
910 1434 1007 1490 per
1032 1417 1219 1489 plagas
1248 1412 1549 1486 Babylonis
1577 1425 1784 1484 pcnnas,
1818 1423 1939 1481 quae
1974 1405 2090 1461 im-

490 1510 599 1584 piis
624 1515 942 1583 praeparataa
969 1515 1120 1575 sunt,
1152 1505 1481 1577 intelligere,
1513 1509 1575 1558 ut
1605 1500 1679 1556 sit
1704 1514 1896 1556 sensus
1924 1514 1934 1551 :
1969 1495 2026 1552 Si
2058 1511 2089 1550 a

490 1582 788 1657 sceleribus
816 1594 1117 1670 Babylonis
1149 1590 1548 1659 abstinueritis,
1577 1604 1610 1645 a
1664 1586 1843 1661 pomis
1868 1599 2001 1658 quas
2029 1582 2088 1638 in

491 1698 757 1746 aeternum
786 1686 1046 1760 patietur,
1081 1682 1250 1740 alieni
1280 1681 1455 1738 eritis.

565 1778 749 1850 (Vers.
779 1776 861 1848 5.)
895 1775 1159 1845 Quoniam
1181 1776 1536 1846 pervenerunt
1556 1773 1770 1843 peccata
1789 1764 1901 1835 ejus
1929 1778 2091 1834 usque

2190 602 2292 658 stis
2322 597 2580 671 cogitatio
2612 594 2859 652 laetitiam
2889 590 3071 648 cordis
3098 604 3301 645 eorum
3339 583 3686 659 perturbet.

2266 689 2446 762 (Vers.
2474 686 2554 757 8.)
2586 685 2708 741 Ideo
2737 684 2795 738 in
2818 699 2927 737 una
2946 680 3029 735 die
3054 678 3262 733 venient
3278 677 3478 747 plaga:
3503 673 3659 743 ejus,
3681 689 3824 735 mors,

2193 784 2243 835 et
2295 779 2481 841 luctus,
2521 781 2568 829 et
2611 772 2795 843 fames.
2844 772 2906 827 In
2954 769 3043 826 die
3086 766 3293 839 judicii
3348 780 3517 820 mors
3574 770 3825 835 perpetua

2194 868 2277 923 illi
2306 866 2511 930 veniet,
2542 880 2663 937 quas
2691 862 2749 917 in
2779 862 2884 917 hoc
2912 859 3056 915 libro
3086 873 3236 913 mors
3272 854 3545 912 secunda
3584 862 3821 908 vocatur.

2195 958 2400 1014 Luctus
2439 955 2523 1011 illi
2550 955 2755 1020 veniet,
2786 950 2930 1006 sicut
2959 947 3232 1005 Dominus
3272 944 3420 1001 dicit
3467 943 3533 998 in
3570 943 3825 1011 Evange»

2195 1048 2271 1102 lio
2301 1065 2313 1102 :
2355 1071 2374 1093 ι
2408 1043 2488 1101 lbi
2516 1043 2621 1099 erit
2647 1041 2804 1097 ﬂetus
2830 1046 2884 1095 et
2909 1036 3113 1095 stridor
3141 1035 3407 1091 dentium
3445 1032 3688 1102 (Matth.
3716 1047 3823 1096 vm,

2198 1135 2311 1207 12).
2343 1161 2360 1183 ι
2405 1136 2596 1190 Fames
2626 1130 2709 1186 illi
2740 1128 2947 1192 veniet,
2984 1124 3042 1181 id
3070 1132 3171 1192 est,
3202 1124 3385 1179 fames
3414 1120 3656 1194 requiei
3684 1138 3699 1180 ;
3731 1118 3824 1175 de-

2196 1224 2515 1282 siderabant
2542 1221 2691 1278 enim
2721 1236 2752 1276 a
2783 1217 2958 1291 poanis
3002 1214 3368 1288 requiescere,
3413 1228 3563 1285 quas
3620 1210 3823 1282 patienv

2196 1322 2308 1382 tur,
2338 1312 2405 1369 ad
2436 1327 2597 1385 quam
2627 1308 2871 1382 requiem
2903 1306 3061 1361 nullo
3090 1302 3258 1360 modo
3288 1301 3668 1374 pervenient.

2270 1398 2684 1476 (Vers.9,10.)
2732 1400 2807 1454 Et
2842 1395 2953 1468 igni
2998 1393 3378 1457 comburetur;
3426 1388 3493 1445 id
3546 1396 3661 1456 est,
3710 1388 3824 1458 igne

2197 1500 2419 1549 aeterno.
2454 1492 2713 1558 Quoniam
2754 1485 2917 1558 fortis
2958 1491 3032 1540 est
3079 1481 3363 1549 Dominus,
3412 1478 3519 1551 qui
3553 1477 3825 1548 judicabit

2196 1584 2369 1641 illam.
2410 1585 2486 1640 Et
2528 1581 2741 1652 ﬂebunt,
2786 1585 2834 1635 et
2865 1580 3118 1650 plangent
3163 1592 3215 1631 se
3258 1590 3426 1646 super
3475 1572 3650 1628 illam
3687 1587 3821 1641 reges

2199 1679 2371 1741 term,
2425 1671 2519 1744 qui
2565 1688 2684 1727 cum
2726 1670 2827 1726 illa
2874 1666 3134 1737 fornicati
3179 1670 3326 1733 sunt,
3386 1669 3439 1718 et
3500 1662 3562 1716 in
3626 1662 3826 1717 deliciis

2194 1765 2469 1830 vixerunt,
2483 1778 2601 1818 cum
2624 1759 2855 1817 viderint
2871 1757 3079 1828 fumum
3100 1753 3338 1811 incendii
3341 1752 3483 1823 ejus,
3511 1753 3675 1823 longe
3693 1758 3822 1806 stunc

491 1842 789 1933 ad‘cwlum,
818 1842 866 1921 et
892 1842 1207 1921 recordatus
1255 1869 1332 1919 est
1382 1862 1525 1918 Deus
1560 1842 1915 1928 iniquitatem
1967 1850 2101 1922 ejus.
2131 1865 2178 1927 Β
2208 1859 2278 1909 tes
2292 1859 2513 1925 propter
2538 1852 2776 1907 timorem
2797 1842 3602 1913 tormentorumejus,dieentes:
3632 1842 3825 1906 Vara

493 1953 821 2027 Iniquitates
847 1951 1153 2027 Babylonis
1183 1949 1534 2023 omnipotens
1579 1948 1726 2003 Deus
1765 1956 1981 2014 semper
2010 1940 2091 1995 in-

494 2049 718 2111 tuetur;
751 2041 845 2099 sed
876 2058 1005 2100 cum
1034 2040 1339 2098 vindictam
1371 2053 1484 2094 non
1514 2035 1708 2107 exigit,
1730 2032 1953 2090 videtur
1979 2044 2091 2086 non

493 2133 683 2190 videre
710 2131 859 2206 quod
886 2130 1059 2189 videt.
1096 2131 1199 2187 Per
1231 2129 1339 2187 hoc
1366 2144 1495 2200 ergo
1552 2124 1700 2199 quod
1727 2123 1884 2192 dicit,
1947 2119 2092 2178 illud

493 2222 745 2295 designat
771 2221 889 2293 (59)
922 2227 1161 2293 tempus,
1195 2218 1256 2276 in
1287 2234 1397 2292 quo
1426 2231 1616 2274 omnes
1635 2212 1795 2286 impii
1834 2217 2095 2285 perpetua

494 2326 655 2385 posna
682 2311 1011 2383 plectentur.

570 2399 753 2471 (Vers.
801 2397 883 2469 6.)
932 2394 1150 2453 Reddite
1176 2393 1301 2460 sibi,
1332 2394 1467 2449 sicut
1492 2392 1612 2464 ipsa
1647 2390 1882 2447 reddidit
1928 2388 2092 2445 vobis.

494 2486 819 2559 Praecipitur
863 2485 1075 2551 electis,
1103 2491 1167 2539 ut
1202 2481 1435 2540 reddant
1464 2480 1760 2554 Babyloni,
1814 2477 1959 2536 sicut
2001 2477 2098 2533 illa

495 2576 631 2651 ipsis
660 2575 923 2644 reddidit,
954 2574 1071 2631 sive
1092 2591 1192 2647 pro
1222 2590 1287 2630 eo
1346 2570 1494 2647 quod
1524 2568 1699 2627 sancti
1737 2567 1839 2626 Dei
1893 2567 2095 2639 impios

497 2670 643 2729 566
666 2672 1019 2745 judicabant,
1068 2672 1212 2729 sicut
1261 2670 1399 2727 dicit
1429 2667 1699 2725 Dominus
1729 2665 1787 2721 in
1836 2666 2099 2735 Evange-

500 2765 577 2820 lio
602 2782 613 2820 :
656 2788 675 2810 ι
706 2765 767 2819 In
798 2763 1209 2837 regeneratione
1246 2777 1374 2817 cum
1405 2757 1609 2816 sederit
1647 2756 1823 2813 Filius
1853 2753 2099 2810 hominis

499 2855 561 2910 in
590 2853 715 2910 sede
744 2853 1046 2925 majestatis
1073 2869 1206 2920 suas,
1240 2849 1497 2906 sedebitis
1531 2855 1585 2903 et
1615 2863 1715 2902 vos
1753 2861 1917 2919 super
1941 2843 2100 2900 sedes

500 2938 817 3007 duodecim,
844 2938 1160 3009 judicantes
1186 2936 1479 2992 duodecim
1500 2934 1678 2990 tribus
1694 2934 1857 2990 Israel
1883 2932 2098 3004 (Matth.

500 3045 623 3095 xix,
656 3027 790 3098 28);
824 3052 843 3076 ι
901 3026 1020 3081 sive
1065 3041 1165 3098 pro
1208 3040 1273 3081 eo
1315 3023 1463 3098 quod
1507 3024 1615 3096 ipsi
1671 3025 1919 3080 membra
1969 3028 2101 3077 sunt

502 3117 621 3190 ejus
653 3115 743 3172 cui
765 3113 1057 3188 judicandi
1088 3120 1327 3186 potestas
1353 3130 1384 3169 a
1407 3114 1565 3169 Patre
1590 3113 1791 3169 tradita
1828 3121 1930 3168 est.
1960 3108 2099 3167 Red-

2199 1944 2385 1999 civitas
2404 1944 2505 1998 illa
2521 1940 2783 2011 Babylon,
2804 1937 2989 1993 civitas
3008 1935 3107 1991 illa
3122 1933 3286 2004 fortis
3301 1951 3315 1999 ;
3329 1932 3463 2002 quia
3482 1930 3538 1985 in
3555 1947 3675 1985 una
3696 1932 3821 1985 liora

2200 2034 2339 2091 venit
2354 2030 2623 2101 judicium
2653 2027 2841 2083 tuum!
2869 2023 3014 2093 Quid
3038 2024 3112 2081 sit
3136 2020 3436 2080 fornicatlo
3469 2035 3674 2092 regum
3700 2035 3818 2076 cum

2202 2122 2487 2195 Babylone
2513 2119 2766 2192 superius
2794 2115 3039 2172 diximus
3073 2131 3085 2170 :
3119 2112 3216 2169 sed
3264 2112 3475 2167 mirum
3523 2108 3699 2165 valde
3744 2118 3819 2164 est

2204 2212 2352 2287 quod
2396 2211 2558 2283 longe
2602 2216 2745 2266 stare
2784 2206 3057 2273 dicantur,
3101 2219 3228 2260 cum
3274 2202 3334 2257 in
3385 2200 3601 2257 eisdem
3651 2198 3819 2272 poenis

2206 2312 2260 2361 et
2298 2302 2403 2375 ipsi
2449 2300 2561 2357 sint
2589 2296 2963 2369 demergendi,
2996 2295 3054 2351 in
3087 2292 3289 2366 quibus
3316 2299 3374 2347 et
3399 2290 3594 2347 caeteri
3641 2305 3818 2363 repro-

2205 2391 2283 2460 bi,
2311 2389 2406 2464 qui
2452 2404 2550 2461 per
2596 2387 2935 2459 Babylonem
2967 2383 3349 2455 designantur.
3379 2380 3627 2436 Stabunt
3659 2379 3818 2449 igitur

2207 2485 2388 2555 longe,
2418 2487 2600 2537 mente
2628 2486 2682 2535 et
2711 2478 3018 2544 voluntate,
3049 2490 3159 2531 non
3198 2489 3431 2545 corpore
3461 2491 3477 2539 ;
3532 2470 3816 2527 horrentes

2206 2574 2411 2632 scelera
2426 2587 2544 2639 sua,
2566 2586 2663 2643 pro
2683 2569 2885 2642 quibus
2910 2565 3240 2623 aeternaliter
3259 2562 3691 2619 cruciabuntur.
3710 2560 3813 2616 Sta-

2205 2661 2347 2718 bunt
2377 2662 2538 2731 longe
2567 2674 2663 2731 per
2688 2654 3046 2723 desiderium,
3069 2652 3222 2709 aliud
3243 2650 3655 2718 desiderantes,
3674 2649 3729 2704 id
3744 2655 3813 2703 est

2207 2750 2452 2824 requiem
2479 2767 2492 2816 ;
2525 2754 2579 2803 et
2605 2746 2756 2803 aliud
2788 2743 3078 2818 patientes,
3102 2742 3158 2797 id
3178 2748 3260 2797 est
3282 2748 3571 2795 tormenta
3597 2746 3811 2794 aeterna.

2282 2840 2464 2912 (Vers.
2491 2836 2604 2909 11.)
2627 2837 2700 2892 Ει
2718 2834 3061 2906 negotiatores
3093 2838 3247 2886 terra
3273 2830 3478 2901 ﬂebunt
3504 2836 3553 2885 et
3580 2828 3815 2900 lugebant

2207 2948 2368 3002 super
2388 2930 2541 2986 illam
2563 2946 2573 2985 :
2599 2927 2852 2998 quoniam
2870 2924 3125 2980 mercedes
3152 2922 3271 2993 (60)
3299 2938 3487 2976 eorum
3516 2938 3673 2975 nemo
3697 2926 3815 2975 emet

2208 3020 2459 3091 amplius.
2491 3016 2632 3086 Quia
2660 3014 2912 3088 superius
2940 3030 3035 3086 per
3063 3019 3399 3069 mercatores
3422 3019 3588 3067 terrae
3619 3016 3814 3065 amato-

2208 3127 2294 3166 res
2337 3105 2524 3165 saeculi
2575 3105 2823 3163 diximus
2869 3120 2985 3160 esse
3031 3101 3363 3174 designatos,
3416 3116 3720 3173 possumus
3763 3099 3813 3155 in

504 3209 635 3266 dent
664 3207 848 3280 itaque
868 3204 1007 3279 justi
1037 3204 1226 3277 impiis
1254 3204 1397 3259 mala
1427 3219 1547 3276 quas
1567 3203 1635 3259 ab
1664 3203 1744 3258 eis
1773 3200 1916 3275 passi
1932 3207 2095 3269 sunt;
2132 3224 2176 3286 ο
2208 3200 2314 3257 hoc
2344 3201 2463 3255 loco
2503 3213 2600 3270 per
2629 3194 2993 3267 negotiatores
3037 3208 3129 3248 eos
3158 3192 3429 3264 accipere,
3462 3191 3565 3263 qui
3610 3191 3813 3247 bonum

502 3316 631 3358 cum
662 3297 915 3357 Christus
944 3295 1041 3369 qui
1070 3301 1234 3369 caput
1260 3293 1484 3350 illorum
1510 3301 1610 3362 est,
1640 3298 1695 3347 et
1722 3290 1884 3363 cujus
1915 3306 2097 3345 mem-

502 3389 603 3447 bra
632 3388 737 3461 ipsi
766 3395 918 3456 sunt,
950 3403 1045 3443 eos
1068 3392 1330 3458 perpetua
1359 3399 1523 3456 poena
1556 3381 1860 3438 damnabit.
1891 3382 1965 3436 Et
1990 3378 2101 3434 du-

502 3478 702 3551 plicate
728 3476 967 3547 duplicia
995 3474 1278 3528 secundum
1307 3489 1467 3543 opera
1501 3471 1637 3541 ejus.
1669 3468 1975 3542 Dupliciter
2002 3467 2099 3522 Ba-

504 3563 679 3637 bylon
710 3565 913 3618 electos
943 3561 1045 3619 Dei
1072 3568 1357 3633 persecuta
1378 3569 1481 3630 est,
1511 3558 1730 3633 quando
1778 3557 2103 3630 corporibus

507 3659 563 3708 et
597 3648 887 3706 animabus
914 3664 1106 3704 eorum
1138 3647 1313 3702 multa
1331 3647 1475 3702 mala
1511 3646 1765 3717 ingessit.
1794 3643 2105 3717 Dupliciter

507 3756 697 3815 pamas
726 3738 845 3812 ipsa
902 3737 1149 3810 recipiet,
1182 3734 1312 3809 quia
1366 3752 1493 3792 cum
1522 3734 1811 3791 animabus
1876 3750 2106 3808 corpora

509 3836 904 3896 cruciabuntur
928 3851 942 3902 ;
976 3833 1203 3906 ipsaque
1232 3830 1477 3903 duplicia
1492 3829 1951 3903 duplicabantur;
1976 3830 2107 3904 quia

511 3942 611 4001 pro
632 3924 809 3999 poenis
836 3921 1237 3997 temporalibus
1265 3928 1428 3995 atque
1455 3919 1740 3989 brevibus,
1773 3920 1977 3995 quibus
2020 3919 2106 3993 ju-

512 4024 625 4073 stos
644 4014 843 4084 aﬁixit,
874 4029 1060 4088 pmnas
1089 4019 1320 4069 internas
1352 4011 1610 4085 excipiet.
1644 4012 1710 4067 In
1744 4012 1937 4083 poculo
1965 4008 2107 4082 quod

510 4103 721 4159 miscuit
746 4104 911 4169 vobis,
950 4102 1152 4158 miscete
1178 4102 1225 4157 ei
1268 4100 1509 4174 duplum.
1542 4100 1644 4156 Per
1698 4100 1957 4173 poculum
2013 4100 2110 4156 tri-

511 4189 826 4246 bulationes
855 4207 990 4263 quas
1013 4191 1081 4248 ab
1132 4191 1341 4265 iniquis
1369 4190 1545 4248 sancti
1592 4189 1735 4262 passi
1792 4196 1940 4258 sunt,
1992 4204 2111 4261 pos-

516 4297 709 4337 sumus
729 4280 1053 4353 intelligere.

592 4376 774 4448 (Vera.
802 4375 876 4447 7.)
919 4377 1188 4442 Quantum
1223 4376 1545 4448 gloriﬁcavit
1598 4392 1669 4446 se,
1703 4384 1749 4433 et
1783 4376 1842 4433 in
1907 4374 2113 4432 deliciis

516 4466 647 4541 fuit,
668 4471 871 4521 tantum
899 4465 1019 4521 date
1053 4466 1139 4520 illi
1185 4471 1503 4520 tormentum
1529 4472 1576 4521 et
1600 4467 1811 4524 luctum.
1834 4466 2112 4534 Quantum

2207 3288 2356 3363 quod
2382 3288 2559 3345 facere
2591 3285 2873 3352 videntur,
2901 3281 3170 3339 vendunt.
3199 3281 3340 3337 Sunt
3360 3296 3609 3353 namque
3636 3279 3814 3346 multi,

2208 3382 2407 3455 quibus
2458 3382 2639 3452 legum
2690 3376 3035 3434 saecularium
3090 3374 3321 3432 scientia
3377 3374 3509 3431 data
3563 3382 3672 3441 est,
3728 3370 3815 3445 qui

2209 3488 2398 3529 causas
2426 3485 2726 3543 pauperum
2758 3468 2817 3523 in
2842 3465 3072 3538 judiciis
3101 3472 3323 3538 portant
3355 3482 3368 3521 :
3396 3464 3496 3521 sed
3530 3462 3666 3537 quia
3712 3478 3814 3518 non

2211 3576 2311 3635 pro
2353 3573 2538 3614 amore
2567 3556 2690 3625 Dei,
2726 3554 2821 3611 sed
2850 3570 2950 3626 pro
2991 3553 3346 3627 praemiorum
3400 3550 3812 3624 acceptionibus

2212 3648 2319 3706 hoc
2360 3646 2593 3713 faciunt,
2643 3643 2951 3702 mercedem
2999 3659 3032 3699 a
3085 3644 3199 3699 Deo
3248 3658 3361 3698 non
3416 3641 3721 3714 recipiunt.
3759 3640 3812 3694 ln

2212 3745 2428 3795 tantum
2458 3752 2592 3793 vero
2621 3734 2739 3791 haec
2766 3733 2991 3790 miseria
3020 3732 3328 3799 convaluit,
3349 3738 3412 3787 nt
3440 3731 3542 3787 vix
3572 3728 3812 3785 invenias

2215 3828 2454 3900 aliquem
2499 3842 2570 3882 ex
2610 3825 2703 3892 iis,
2735 3825 2831 3897 qui
2861 3824 3043 3881 locum
3088 3822 3294 3879 habent
3341 3820 3490 3895 apud
3522 3821 3806 3893 principes,

2217 3917 2312 3990 qui
2340 3915 2565 3989 aliquod
2590 3913 2822 3970 verbum
2852 3911 2922 3968 ad
2949 3911 3191 3985 proximi
3222 3910 3480 3983 pauperis
3528 3909 3809 3965 necessita-

2216 4011 2327 4062 tem
2363 4003 2780 4061 sustentandam
2816 4002 3056 4076 proferat
3084 4001 3205 4058 sine
3232 3999 3448 4073 praemii
3482 3998 3802 4071 acceptione.

2218 4096 2517 4152 Possumus
2546 4102 2601 4150 et
2631 4110 2728 4167 per
2753 4092 3119 4165 negotiatores
3148 4099 3333 4157 terrai,
3363 4106 3457 4146 eos
3490 4089 3806 4158 intelligere,

2220 4185 2316 4261 qui
2345 4202 2415 4242 ex
2441 4185 2588 4242 bono
2626 4184 2775 4258 quod
2804 4172 3034 4251 faciunt,
3071 4182 3262 4239 laudes
3290 4181 3360 4237 ab
3391 4178 3711 4235 hominibus
3738 4192 3806 4231 re-

2221 4275 2474 4350 quirunt.
2506 4276 2802 4331 Possumus
2849 4273 3011 4329 etiam
3061 4280 3116 4328 et
3160 4287 3257 4344 per
3300 4269 3549 4335 eosdem,
3577 4268 3699 4323 illos
3724 4264 3808 4337 qui

2223 4366 2421 4440 gradus
2448 4364 2846 4423 ecclesiasticos
2874 4362 3125 4419 vendunt
3161 4360 3472 4433 intelligere
3505 4377 3518 4414 :
3555 4355 3698 4431 quod
3723 4354 3811 4410 di-

2221 4456 2353 4513 vina
2380 4456 2662 4527 Scriptura
2689 4451 2848 4509 valde
2876 4452 3227 4510 condemnat.
3260 4450 3335 4505 Et
3379 4447 3636 4521 quamvis
3662 4442 3811 4499 multi

520 4554 852 4630 gloriﬁcavit
881 4570 957 4624 se,
990 4552 1049 4609 id
1076 4562 1176 4621 est,
1210 4553 1270 4608 in
1299 4554 1616 4624 superbiam
1660 4554 1855 4622 erexit,
1914 4562 1968 4609 et
1997 4570 2111 4609 om-
2141 4581 2193 4641 D
2224 4567 2294 4606 ex
2340 4548 2613 4622 episcopis
2662 4547 2730 4603 ab
2778 4546 2886 4604 hoc
2931 4545 3136 4603 scelere
3180 4542 3483 4599 videantur
3531 4539 3808 4601 immunes,

519 4646 684 4704 nibus
713 4641 867 4701 vitiis
890 4661 947 4701 se
968 4641 1299 4715 implicavit,
1325 4646 1481 4698 tanto
1501 4647 1556 4698 et
1586 4642 1857 4713 ampliora
1877 4648 2116 4698 tormen-

518 4740 578 4791 ta
604 4732 864 4807 excipiet.
897 4732 1034 4801 Quia
1065 4731 1122 4787 in
1150 4730 1305 4787 corde
1333 4747 1428 4786 suo
1461 4729 1629 4786 dicit:
1658 4730 1815 4787 Sedeo
1844 4730 2048 4802 regina,
2071 4736 2118 4786 et

519 4826 685 4881 vidua
706 4842 811 4880 non
847 4841 985 4891 sum,
1027 4829 1078 4880 et
1112 4825 1305 4881 luctum
1333 4838 1438 4877 non
1493 4820 1693 4876 videbo.
1744 4820 2004 4892 Reginam
2061 4834 2118 4875 se

520 4910 773 4988 Babylon
804 4912 1212 4987 quodammodo
1255 4921 1435 4982 vocat,
1484 4928 1611 4970 cum
1674 4924 1732 4967 se
1759 4910 1818 4965 in
1848 4909 2119 4983 prosperis

523 5005 693 5077 hujus
720 5005 917 5061 mundi
945 5004 1187 5062 extollit.
1246 5004 1485 5062 Viduam
1515 5018 1629 5059 non
1684 5018 1741 5059 se
1770 5017 1884 5057 esse
1940 5000 2113 5068 dicit;

526 5093 657 5169 quia
683 5110 715 5149 a
742 5092 905 5150 bonis
949 5091 1365 5166 temporalibus,
1425 5090 1626 5165 quibus
1669 5090 1964 5163 conjuncta
2015 5094 2120 5157 est,

527 5190 583 5241 et
610 5200 681 5240 ex
710 5180 912 5256 quibus
941 5182 1222 5238 luxuriam
1276 5196 1430 5237 suam
1461 5180 1690 5248 enutrit,
1737 5194 1850 5234 non
1880 5194 1935 5234 se
1963 5192 2122 5249 posse

530 5273 773 5347 disjungi
803 5271 1054 5331 confidit.
1087 5271 1323 5329 Luctum
1344 5286 1457 5327 non
1489 5285 1604 5326 esse
1638 5268 1884 5323 visuram
1943 5265 2119 5333 dicit;

530 5365 661 5439 quia
693 5363 870 5438 impii,
903 5362 1155 5437 quamvis
1210 5360 1387 5418 sciant
1414 5376 1470 5417 se
1497 5375 1596 5432 pro
1651 5357 1953 5415 sceleribus
2009 5355 2124 5413 suis

532 5465 649 5513 esse
678 5454 1025 5527 puniendos,
1040 5453 1258 5527 ﬁngunt
1284 5470 1341 5510 se
1370 5468 1482 5508 non
1511 5449 1701 5507 videre
1730 5448 1877 5523 quod
1904 5448 2124 5515 vident,

614 5596 730 5668 (59)
762 5596 913 5654 Edit.
944 5603 1000 5653 et
1031 5613 1134 5653 ms.
1168 5595 1322 5666 Reg.,
1353 5611 1461 5650 non
1488 5592 1700 5668 emerit;
1724 5600 1778 5668 et
1806 5591 1939 5649 edit.
1972 5592 2122 5658 solre,

536 5664 647 5725 Per
672 5664 767 5721 hoc
791 5668 932 5737 quod
950 5667 1076 5723 dicit
1094 5664 1269 5722 aliam
1288 5682 1480 5737 vocem,
1502 5665 1643 5722 illud
1665 5664 1921 5737 designat,
1967 5669 2073 5720 etc.
2107 5678 2122 5729 ;

540 5753 673 5799 mss.
704 5752 836 5795 vero
863 5738 1025 5796 nobis
1053 5736 1429 5796 consentiunt.

2224 4640 2467 4697 ministri
2498 4648 2679 4695 tamen
2708 4653 2898 4694 eorum
2932 4636 2990 4691 in
3018 4634 3124 4691 hoc
3155 4649 3298 4705 saepe
3328 4631 3661 4703 polluuntur
3685 4644 3699 4681 :
3727 4622 3811 4681 sed

2224 4729 2293 4785 ad
2343 4728 2637 4801 magistros
2681 4725 2923 4798 respicit,
2956 4721 3228 4797 quidquid
3257 4736 3291 4776 a
3320 4718 3616 4792 discipulis
3642 4716 3813 4773 delin-

2228 4818 2437 4891 quitur.
2470 4817 2569 4872 Est
2617 4824 2670 4872 et
2715 4815 2871 4870 aliud
2907 4813 3085 4869 scelus
3118 4809 3280 4865 valde
3324 4810 3649 4882 pessimum,
3682 4801 3814 4877 quod

2226 4910 2294 4968 ab
2324 4909 2394 4965 iis
2436 4909 2530 4982 qui
2577 4904 2952 4963 archidiaconi
2998 4902 3366 4976 appellantur,
3417 4897 3813 4959 committitur;

2228 5012 2355 5054 nam
2384 4994 2452 5051 ab
2482 4992 2745 5050 adulteris
2775 4990 3113 5064 presbyteris
3152 4987 3396 5060 pretium
3448 4984 3742 5057 accipiunt,
3768 4988 3817 5035 et

2228 5088 2459 5149 tacendo
2504 5087 2561 5143 in
2595 5086 2803 5141 malum
2846 5081 3221 5147 consentiunt,
3262 5078 3414 5152 quod
3462 5093 3562 5151 per
3602 5072 3812 5131 auctori-

2228 5188 2396 5239 tatem
2454 5196 2615 5253 quam
2674 5177 2742 5234 ab
2802 5174 3071 5249 episcopis
3131 5176 3489 5243 acceperunt,
3547 5164 3811 5253 emendare

2230 5252 2486 5345 possent:
2516 5268 2657 5325 Sunt
2685 5266 2851 5324 etiam
2892 5263 2987 5320 alii
3019 5278 3089 5318 ex
3117 5258 3444 5332 hujusmodi
3479 5252 3808 5331 presbyteris,

2233 5341 2328 5434 qui
2376 5358 2633 5415 timentes
2681 5372 2736 5413 se
2778 5351 3029 5412 damnari
3086 5365 3186 5424 pro
3238 5346 3547 5407 sceleribus
3600 5345 3724 5410 suis,
3758 5341 3807 5395 in

2234 5448 2474 5508 servitiis
2522 5446 3035 5505 archidiaconorum
3085 5440 3211 5514 plus
3260 5445 3396 5495 sunt
3429 5434 3640 5495 assidui
3668 5445 3805 5507 quam

2307 5590 2424 5663 (σο)
2455 5592 2613 5663 BQm-
2646 5586 3086 5663 θᾱίιηθμοηέαπι
3112 5598 3309 5663 merce
3333 5598 3563 5663 eorum
3589 5578 3679 5637 sed

2234 5647 2471 5720 ac‘Gi’ll.
2522 5661 2613 5717 hic
2650 5667 2705 5716 et
2750 5647 2883 5714 alibi
2923 5657 3244 5716 cdnstanter
3291 5654 3514 5727 legunt,
3562 5647 3806 5713 marcida,

2234 5734 2533 5802 mercedem,
2563 5739 2617 5789 et
2641 5729 2865 5789 similia.
