3902 6198
196 274 342 334 1005

1080 281 1541 340 BEBENGAUDI
1579 281 1953 343 EXPOSlTIO
1992 286 2059 343 ΙΝ
2104 287 2607 347 APOCALYPSIN.

3361 299 3502 358 1006

193 402 418 493 caeteri:
464 410 657 458 contra
695 419 832 476 quos
883 406 927 460 si
967 391 1092 478 quis
1139 407 1362 480 aliquod
1393 408 1620 464 verbum
1668 415 1873 473 con-'A
1903 410 2193 467 ctitudinis
2214 421 2393 484 posset
2439 414 2659 472 ducere.
2704 415 2845 471 Justi
2887 415 3070 489 itaque
3120 418 3217 490 qui
3258 436 3356 493 per
3402 412 3502 479 hos

193 491 428 547 trarium
477 493 721 565 proferre
772 496 1028 564 voluerit,
1078 497 1450 555 defenduntur
1496 500 1564 555 ab
1593 499 1707 567 eis;
1740 510 1793 557 et

193 578 415 652 ﬁngunt
460 598 517 639 se
553 583 765 640 nescire
808 586 956 658 quod
1005 587 1209 656 sciunt,
1240 588 1788 663 condemnanturque

191 670 351 727 illius
366 673 685 744 prophetica
701 676 1120 751 sententia,quse
1141 677 1279 735 dicit
1307 698 1318 735 :
1369 703 1387 727 ‹
1417 679 1515 737 Vae
1540 680 1635 753 qui
1650 679 1785 736 dici-

195 760 273 814 tis
305 762 510 821 malum
542 762 771 831 bonum,
804 771 858 820 et
884 764 1092 820 bonum
1123 767 1329 821 malum
1355 785 1369 834 ;
1401 775 1668 840 ponentes
1703 775 1795 823 te—

192 848 395 930 nebras
424 850 622 917 lucem,
654 858 707 906 et
737 852 917 908 lucem
946 853 1199 909 tenebras
1229 854 1354 925 (Iss.
1393 871 1447 923 v,
1480 855 1572 927 20)
1601 857 1613 911 l
1649 881 1668 904 ι
1708 855 1795 912 Ad

192 944 250 993 te
284 953 411 1009 ergo
441 939 658 1013 loquor,
689 940 785 1012 qui
814 941 941 998 talis
969 959 1025 998 es
1056 961 1067 998 :
1098 959 1221 1000 ecce
1249 944 1490 1000 animam
1522 945 1784 1002 sacerdo-

193 1024 273 1081 tis
310 1024 531 1082 diabolo
562 1028 887 1085 vendidisti.
916 1029 1052 1097 Quis
1092 1031 1241 1086 enim
1272 1032 1447 1088 suasit
1471 1034 1793 1105 presbytero

190 1122 261 1169 ut
303 1114 688 1185 fornicaretur,
720 1118 829 1173 nisi
876 1117 1174 1175 diabolus?
1220 1119 1329 1187 Qui
1358 1137 1486 1193 ergo
1516 1122 1687 1177 suasit
1728 1131 1791 1179 ut

191 1202 588 1273 fornicaretur,
620 1203 734 1277 ipse
763 1206 934 1262 suasit
964 1214 1026 1263 ut
1053 1208 1293 1279 pretium
1322 1209 1427 1266 tibi
1460 1210 1635 1279 daret,
1662 1227 1793 1284 qua-

193 1299 363 1349 tenus
418 1292 524 1350 hoc
575 1294 751 1351 scelus
806 1294 924 1351 sine
975 1295 1174 1353 timore
1223 1306 1535 1371 perpetrare
1592 1306 1793 1371 posset.

190 1384 302 1441 Per
345 1402 570 1442 manum
627 1402 755 1459 ergo
804 1385 1111 1461 presbyteri
1167 1392 1408 1462 pretium
1465 1392 1798 1464 perditionis

194 1476 398 1531 animae
428 1474 601 1547 ipsius
638 1474 742 1531 tibi
769 1475 1024 1534 diabolus
1053 1478 1225 1535 dedit.
1266 1480 1410 1536 Ecce
1438 1480 1677 1553 pretium
1709 1498 1795 1538 ac-

189 1560 412 1634 cepisti,
445 1569 501 1617 et
519 1560 761 1617 animam
781 1561 986 1619 fratris.
1028 1563 1235 1622 Christi
1269 1564 1532 1637 sanguine
1574 1565 1792 1622 redem-

191 1659 370 1724 ptam,
392 1650 571 1708 eidem
597 1651 817 1709 diabolo
838 1668 870 1709 a
888 1670 996 1726 quo
1018 1653 1297 1726 redempta
1312 1661 1413 1721 est,
1431 1652 1798 1710 tradidisti.ln

1905 499 2150 571 quinque
2180 501 2428 573 corporis
2458 519 2648 559 sensus
2676 505 2977 561 secundum
3011 505 3246 564 rationis
3274 510 3501 567 rectitu-

1904 589 2090 644 dinem
2124 590 2375 646 incedere
2414 593 2765 663 studuerunt,
2798 594 3097 651 amicitiam
3128 597 3236 653 sibi
3264 599 3363 654 Dei
3389 617 3502 655 om-

1903 676 2207 748 nipotentis
2236 680 2615 752 acquisierunt
2639 700 2650 736 :
2688 681 2846 753 impii
2878 699 3010 738 vero
3030 683 3125 757 qui
3153 685 3383 742 rationis
3410 687 3502 743 bo-

1905 786 2038 825 num
2090 770 2149 826 in
2198 774 2404 827 malum
2458 780 2851 844 pervertentes,
2898 773 3000 830 hos
3029 776 3276 848 corporis
3315 795 3505 835 sensus

1909 861 2146 916 luxuria:
2175 869 2227 916 et
2255 861 2467 918 caeteris
2487 862 2643 918 vitiis
2673 863 2878 919 servire
2906 873 3222 935 coegerunt,
3253 866 3391 922 iram
3421 868 3503 923 ni-

1905 948 2212 1005 hilominus
2252 949 2391 1021 justi
2437 950 2643 1022 judicis
2692 951 3061 1009 incurrerunt.
3118 954 3292 1025 Igitur
3345 955 3391 1010 si
3443 972 3506 1012 ea

1907 1060 2025 1116 quae
2057 1044 2114 1100 in
2146 1046 2505 1118 sequentibus
2530 1046 2735 1117 scripta
2762 1054 2911 1115 sunt,
2947 1064 3137 1104 vocem
3177 1048 3387 1106 scilicet
3417 1049 3507 1105 ci-

1905 1133 2284 1191 tharmdorum
2334 1145 2388 1193 et
2436 1136 2795 1203 musicorum,
2845 1145 2899 1192 et
2939 1137 3077 1194 tibia
3107 1139 3423 1195 canentium
3453 1148 3507 1196 et

1906 1222 2059 1291 tuba,
2090 1241 2217 1279 cum
2253 1223 2323 1279 iis
2353 1223 2685 1297 conjungere
2718 1225 2996 1293 volueris;
3031 1226 3280 1283 invenies
3316 1242 3508 1284 omnes

1906 1311 2133 1368 divitias
2163 1311 2486 1384 Babylonis,
2509 1329 2628 1384 quae
2656 1312 2749 1370 hic
2768 1313 3054 1385 descriptae
3083 1323 3231 1384 sunt,
3262 1316 3328 1372 ad
3348 1316 3505 1389 quin-

1907 1415 2014 1472 que
2059 1400 2306 1474 corporis
2350 1417 2562 1469 sensus,
2596 1409 2657 1456 ut
2700 1418 2865 1473 supra
2910 1402 3178 1473 diximus,
3209 1404 3501 1476 pertinere.

1906 1489 2121 1544 Aurum
2170 1503 2427 1561 namque,
2478 1497 2532 1545 et
2574 1497 2881 1562 argentum,
2922 1499 2977 1547 et
3022 1490 3230 1563 lapides
3257 1490 3535 1565 pretiosi,-

1908 1582 1963 1631 et
2011 1576 2335 1649 margaritae,
2383 1577 2452 1633 ad
2496 1577 2716 1633 visum:
2762 1576 2981 1651 byssus,
3029 1586 3083 1634 et
3137 1596 3398 1652 purpura,
3452 1588 3507 1638 et

1909 1678 2128 1732 coccus,
2152 1674 2207 1722 et
2234 1672 2448 1733 caetera,
2479 1664 2548 1721 ad
2569 1672 2779 1722 tactum
2809 1684 2821 1723 :
2845 1666 3282 1737 cinnamomum,
3303 1677 3357 1725 et
3376 1667 3504 1724 odo-

188 1740 339 1814 Lege
367 1741 633 1814 scriptum
659 1750 741 1799 est
760 1742 907 1815 quod
934 1742 982 1798 si
1012 1742 1140 1815 quis
1180 1741 1465 1798 hominem
1505 1741 1601 1814 qui
1628 1740 1797 1798 frater
1824 1766 1872 1827 Β
1910 1759 2180 1821 ramenta,
2199 1761 2252 1809 et
2280 1760 2580 1824 unguenta,
2601 1760 2653 1808 et
2679 1752 2828 1821 thus,
2851 1754 2919 1810 ad
2935 1754 3223 1810 odoratum
3249 1772 3261 1810 :
3287 1755 3503 1827 vinum,

189 1829 315 1901 ejus
346 1839 504 1898 esset,
520 1829 878 1899 vendidisset,
901 1839 1078 1888 morte
1105 1840 1410 1887 moreretur
1434 1830 1641 1902 (Exod.
1671 1848 1794 1901 χχι,

192 1922 294 1995 16)
330 1940 343 1979 :
377 1923 423 1979 si
462 1922 634 1995 igitur
670 1939 796 1980 reus
842 1931 926 1981 est
967 1924 1083 1993 ille,
1137 1924 1231 1997 qui
1264 1924 1547 1981 hominem
1577 1922 1794 1979 homini

189 2010 425 2079 vendit;
457 2020 663 2085 quanto
692 2014 865 2086 magis
891 2020 954 2069 tu
978 2029 1102 2070 reus
1132 2014 1354 2071 exsistis
1383 2013 1481 2087 qui
1510 2012 1793 2069 hominem

188 2102 409 2161 Christi
436 2104 701 2176 sanguine
732 2104 1074 2176 redemptum
1108 2120 1221 2159 non
1263 2103 1498 2172 homini,
1530 2103 1625 2159 sed
1647 2101 1795 2173 quod

191 2192 571 2266 perniciosius
598 2201 703 2261 est,
731 2192 955 2249 diabolo
983 2193 1316 2249 vendidisti!
1359 2193 1516 2248 Tales
1546 2208 1675 2264 ergo
1699 2207 1793 2247 ne-

189 2282 498 2355 gotiatores
526 2279 738 2336 ﬂebunt
766 2288 820 2336 et
847 2281 1115 2353 lugebunt
1143 2281 1202 2335 in
1249 2280 1491 2346 inferno,
1531 2280 1793 2353 quoniam

189 2368 480 2426 mercedes
541 2384 730 2424 eorum
787 2385 951 2424 nemo
1002 2377 1147 2425 emet
1194 2370 1479 2440 amplius;
1538 2369 1797 2425 amittent

189 2458 351 2515 enim
380 2457 523 2530 quod
546 2464 731 2513 tenere
761 2457 1111 2526 videbantur,
1143 2466 1198 2514 et
1228 2457 1475 2515 incident
1499 2458 1558 2513 in
1587 2458 1794 2513 malum

191 2548 352 2622 quod
379 2545 679 2620 przevidere
707 2548 1088 2618 neglexerunt.
1200 2606 1252 2646 .

277 2638 458 2709 (Vers.
492 2636 579 2706 l2,
614 2635 702 2701 13,
735 2634 847 2707 14.)
880 2636 1167 2693 Mercedem
1205 2633 1352 2701 duri,
1402 2639 1452 2689 et
1495 2633 1721 2704 argenti,
1748 2638 1796 2688 et

200 2727 405 2798 lapidis
455 2726 697 2798 pretiosi,
749 2731 796 2780 et
820 2725 1150 2796 margaritae,
1180 2730 1229 2779 et
1255 2723 1415 2793 byssi,
1445 2730 1491 2778 et
1514 2739 1794 2794 purpurae,

197 2824 253 2873 et
281 2817 456 2885 serici,
489 2823 535 2871 et
565 2815 718 2883 cocci,
773 2821 822 2869 et
860 2832 1009 2870 omne
1048 2815 1244 2885 lignum
1274 2813 1509 2882 thynum,
1545 2819 1592 2866 et
1616 2814 1793 2868 omnia

195 2920 340 2959 vasa
360 2905 601 2974 eboris,et
611 2905 789 2959 omnia
806 2921 937 2960 vasa
958 2905 1020 2959 de
1042 2903 1217 2975 lapide
1228 2904 1791 2973 pretioso,etteramen-

200 2999 282 3061 to,
305 3000 354 3048 et
376 2993 545 3065 ferro,
573 3000 621 3050 et
642 3010 926 3062 marmore,
948 2999 995 3049 et
1033 2993 1385 3057 cinnamomo,
1411 2996 1459 3046 et
1484 2992 1794 3047 odoramen-

1908 1841 2117 1908 oleum,
2169 1839 2388 1908 similae,
2442 1839 2712 1910 triticum,
2763 1850 2816 1897 et
2869 1849 3085 1910 caetera,
3129 1842 3200 1898 ad
3246 1850 3500 1914 gustum:

1905 1943 2018 1983 vox
2061 1926 2515 1996 citharoedorum,
2569 1936 2624 1983 et
2655 1930 3012 1997 musicorum,
3044 1936 3099 1985 et
3134 1929 3267 1987 tibia
3295 1946 3506 1988 canen-

1905 2015 2070 2086 tium,
2121 2016 2188 2072 ad
2218 2015 2470 2072 auditum
2508 2017 2807 2088 pertinent.
2840 2016 3133 2073 Damnatio
3160 2033 3288 2090 ergo
3316 2019 3506 2092 Baby—

1904 2106 2070 2173 lonis,
2105 2104 2250 2161 sicut
2294 2104 2412 2162 haec
2444 2104 2726 2178 Scriptura
2769 2106 3131 2175 demonstrat,
3178 2108 3417 2164 maxime
3446 2108 3505 2164 in

1904 2194 2121 2251 divitiis
2150 2194 2445 2263 consistit;
2495 2211 2560 2251 eo
2599 2196 2746 2268 quod
2776 2195 2991 2252 divitiae
3028 2196 3369 2253 nutrimenta
3395 2198 3508 2255 sint

1903 2286 2193 2350 vitiorum,
2224 2292 2277 2338 et
2322 2300 2392 2339 ex
2429 2284 2632 2357 quibus
2671 2285 2923 2352 avaritia,
2956 2302 3077 2359 quae
3125 2285 3289 2342 modo
3319 2287 3507 2360 regina

1905 2373 2101 2429 mundi
2134 2373 2245 2428 dici
2271 2380 2470 2445 potest,
2501 2373 2782 2429 luxuriam
2812 2374 2985 2443 filiam
3016 2391 3171 2431 suam
3200 2376 3321 2431 alit.

1978 2468 2158 2541 (Vers.
2205 2467 2289 2536 15,
2326 2468 2411 2537 16,
2456 2469 2570 2539 17.)
2622 2469 2729 2535 Qui
2756 2470 2941 2524 divites
2984 2470 3115 2540 facti
3158 2478 3300 2538 swit,
3347 2474 3414 2529 ab
3443 2491 3504 2530 ea

1907 2559 2055 2628 longe
2101 2558 2314 2612 stabunt
2362 2562 2583 2628 propter
2638 2557 2875 2612 timorem
2934 2565 3313 2613 tormentorum
3366 2561 3499 2632 ejus,

1902 2648 2079 2716 ﬂentes
2108 2651 2156 2699 et
2200 2645 2446 2715 lugentes,
2501 2650 2548 2698 et
2581 2644 2802 2698 dicentes
2834 2661 2846 2698 :
2904 2646 3006 2712 Vw,
3039 2663 3136 2714 vce,
3181 2647 3366 2702 civitas
3402 2647 3504 2703 illa

1901 2752 2096 2805 magna
2126 2752 2242 2805 quw
2283 2734 2475 2789 amicta
2505 2740 2621 2797 erat
2650 2733 2819 2804 bysso,
2870 2739 2918 2787 et
2941 2750 3212 2806 purpura,
3252 2742 3300 2791 et
3335 2754 3502 2804 cocco,

1902 2830 1951 2879 et
1974 2825 2229 2879 inaurata
2270 2840 2428 2888 auro,
2462 2829 2509 2877 et
2555 2822 2729 2893 lapide
2770 2823 3022 2893 pretioso,
3060 2828 3111 2877 et
3152 2826 3499 2896 margaritis;

1902 2914 2155 2984 quoniam
2185 2930 2294 2968 una
2323 2914 2457 2968 hora
2482 2912 2737 2967 destituta:
2764 2917 2889 2965 sunt
2912 2918 3070 2967 tantae
3088 2912 3287 2968 divitia:
3305 2915 3325 2968 Ι
3345 2914 3505 2981 Quod

1901 3002 2104 3058 divites
2144 2999 2445 3073 Babylonis
2490 3000 2651 3073 longe
2694 3006 2837 3077 stare
2883 3000 3158 3070 dicantur,
3202 3002 3504 3059 secundum

191 3088 398 3153 torum,
431 3091 478 3140 et
504 3084 774 3156 unguenti,
805 3090 851 3138 et
882 3083 1073 3151 thuris,
1103 3088 1151 3138 et
1186 3081 1319 3149 vini,
1350 3086 1398 3135 et
1424 3081 1547 3148 olei,
1572 3087 1619 3136 et
1646 3079 1787 3135 simi-

1910 3107 2120 3148 sensum
2164 3088 2520 3162 superiorem,
2573 3104 2737 3162 quem
2768 3086 2835 3144 de
2866 3087 3087 3160 regibus
3117 3089 3381 3160 diximus,
3414 3090 3501 3147 in-

192 3174 288 3241 ιω,
323 3178 370 3227 et
418 3173 597 3243 tritici,
642 3179 690 3229 et
720 3173 1103 3243 jumentorum,
1146 3177 1193 3226 et
1219 3171 1417 3237 ovium,
1439 3176 1487 3226 et
1514 3186 1787 3240 equorum,

189 3270 249 3320 et
290 3264 597 3332 rhedarum,
626 3271 673 3319 et
698 3262 1131 3345 ‘mancipiorum,
1179 3267 1227 3317 et
1270 3260 1580 3316 animarum
1620 3258 1797 3314 homi-

189 3371 332 3410 num
363 3371 380 3409 :
410 3360 458 3409 et
474 3369 636 3426 poma
677 3359 769 3409 tua
798 3352 1062 3408 desideria
1102 3352 1296 3407 anima:
1326 3355 1426 3406 tua:
1452 3350 1800 3405 discesserunt

186 3463 231 3501 α
268 3451 333 3511 te,
363 3449 409 3498 et
444 3443 624 3499 omnia
664 3442 890 3515 pinguia
916 3448 964 3497 et
984 3442 1256 3513 prwclara
1276 3440 1554 3513 perierunt
1592 3458 1628 3495 a
1657 3445 1723 3505 te,
1752 3444 1801 3494 et

190 3536 436 3606 amplius
465 3535 565 3591 illa
592 3551 699 3590 non
726 3534 989 3589 invenient
1014 3539 1327 3588 mercatores
1354 3533 1564 3587 horum.
1593 3531 1656 3586 In
1684 3546 1796 3586 om-

191 3623 372 3681 nibus
401 3640 520 3696 quae
550 3632 869 3680 enumerata
895 3632 1044 3691 sunt,
1066 3621 1298 3678 avaritia
1321 3618 1621 3693 Babylonis
1637 3627 1799 3692 atque

191 3714 433 3773 luxuria
475 3715 890 3773 condemnatur.
921 3714 1058 3771 Nam
1100 3721 1155 3770 et
1197 3712 1257 3768 in
1280 3711 1494 3785 judicio
1530 3711 1800 3767 Dominus

191 3820 317 3862 non
360 3804 506 3862 dicet
538 3804 785 3877 reprobis
816 3822 829 3861 :
871 3810 1017 3868 567
1059 3804 1163 3869 Ite,
1193 3799 1495 3869 maledicti,
1527 3799 1587 3855 in
1614 3799 1799 3871 ignem

192 3915 472 3964 mternum
507 3923 520 3973 ;
557 3904 686 3977 quia
722 3902 1019 3961 homicidae
1047 3902 1253 3972 fuistis,
1285 3900 1528 3975 superbi,
1565 3898 1799 3956 fornica-

192 4005 372 4065 tores,
400 3994 669 4061 adulteri;
701 3993 797 4049 sed
825 3992 972 4050 dicet
1000 4011 1011 4050 :
1062 4019 1080 4041 ι
1112 3992 1361 4061 Esurivi,
1393 3998 1448 4047 et
1482 4005 1595 4045 non
1624 3987 1792 4044 dedi-

193 4085 304 4143 stis
343 4084 480 4141 mihi
528 4080 860 4139 manducare
890 4099 905 4149 ;
950 4082 1126 4151 sitivi,
1158 4092 1213 4139 et
1253 4097 1365 4137 non
1396 4078 1627 4136 dedistis
1658 4076 1800 4134 mihi

191 4175 425 4241 bibere;
466 4199 484 4221 ι
545 4182 600 4229 et
643 4182 839 4228 czetera
876 4169 1269 4227 misericordia
1316 4185 1500 4241 opera,
1539 4184 1571 4223 a
1599 4166 1800 4238 quibus

194 4264 437 4322 avaritia
479 4261 714 4319 retrahit
784 4260 1066 4332 reprobos,
1101 4275 1171 4315 ne
1232 4256 1624 4314 misericordes
1688 4256 1800 4311 sint

195 4369 333 4429 erga
361 4368 647 4427 pauperes.
680 4348 933 4406 Avaritia
968 4348 1171 4422 quippe
1205 4346 1398 4403 nutrix
1415 4353 1499 4401 est
1525 4344 1760 4400 luxuriae
1780 4360 1799 4398 .·

196 4444 543 4503 nutrimenta
589 4449 771 4498 autem
818 4438 1054 4495 luxuriae
1102 4436 1162 4493 in
1208 4435 1315 4493 hoc
1361 4436 1483 4491 loco
1530 4433 1801 4504 descripta

196 4541 354 4601 sunt,
401 4532 603 4605 quibus
632 4530 701 4587 ab
745 4528 981 4586 avaritia
1019 4525 1283 4582 nutritur.
1330 4525 1403 4580 Et
1430 4523 1475 4579 si
1504 4523 1799 4595 diligenter

195 4622 475 4694 inspicere
528 4619 888 4685 voluerimus,
946 4615 1294 4671 inveniemus
1347 4612 1532 4669 omnia
1580 4628 1700 4684 quae
1740 4610 1800 4665 in

195 4712 311 4769 hoc
349 4712 469 4767 loco
497 4709 565 4766 ad
594 4707 884 4765 avaritiam
916 4706 1033 4761 sive
1064 4703 1345 4760 luxuriam
1375 4701 1677 4775 Babylonis
1708 4700 1798 4756 de-

200 4800 619 4859 monstrandam
650 4803 968 4854 enumerata
992 4801 1142 4863 sunt,
1171 4795 1241 4850 ad
1278 4792 1524 4866 quinque
1553 4790 1800 4863 corporis

200 4907 401 4949 sensus
429 4887 723 4962 pertinere.
754 4885 1010 4956 Quinque
1033 4882 1183 4939 enim
1213 4889 1343 4938 sunt
1379 4879 1627 4952 corporis
1664 4894 1799 4935 sen-

200 4998 323 5051 sus,
371 4979 428 5036 id
470 4986 551 5034 est
579 4977 751 5043 visus,
800 4972 1041 5042 auditus,
1088 4980 1296 5045 gustus,
1329 4970 1590 5026 odoratus
1619 4976 1677 5025 et
1708 4976 1798 5025 ta-

199 5078 350 5137 ctus,
374 5083 510 5141 quos
529 5069 676 5122 Deus
704 5061 1026 5120 hominibus
1046 5071 1099 5118 et
1118 5059 1451 5117 animalibus
1466 5057 1618 5113 dedit
1638 5075 1651 5125 ;
1676 5057 1795 5112 ani-

202 5157 448 5215 malibus
476 5155 545 5211 ad
573 5154 743 5210 vitam
773 5168 930 5208 suam
964 5148 1344 5208 tantummodo
1369 5145 1654 5215 tuendam,
1689 5146 1800 5201 ho-

202 5248 455 5306 minibus
481 5254 666 5302 autem
696 5252 749 5300 et
778 5242 848 5300 ad
866 5228 1058 5299 'vitam
1090 5238 1368 5309 tuendam,
1398 5246 1453 5295 et
1483 5245 1547 5293 ut
1586 5252 1683 5309 per
1709 5252 1801 5293 eos

204 5339 353 5398 ratio
378 5335 621 5393 animam
655 5350 776 5408 quae
806 5332 891 5389 illi
937 5330 1234 5390 commissa
1281 5335 1364 5387 est
1400 5343 1500 5401 per
1520 5326 1671 5384 viam
1704 5342 1802 5385 re—

283 5556 404 5630 (61)
449 5552 653 5613 Omnes
681 5552 840 5624 edit.,
878 5553 1033 5627 quia
1088 5553 1233 5625 longe
1275 5547 1574 5624 navigant;
1627 5547 1801 5609 codex

211 5629 411 5699 lacurn,
431 5633 536 5686 etc.

1909 3179 2271 3252 telligendum
2303 3185 2407 3235 est.

1983 3279 2164 3351 (Vers.
2201 3275 2286 3345 18,
2321 3277 2434 3350 19.)
2466 3279 2542 3334 Et
2567 3277 2738 3333 omnis
2768 3275 3109 3347 gubernator,
3136 3281 3185 3330 et
3210 3291 3384 3330 omnes
3410 3276 3504 3345 qui

1908 3370 1966 3425 in
1993 3370 2164 3424 lacum
2186 3367 2440 3438 navigant
2472 3368 2611 3439 (61),
2643 3372 2692 3422 et
2712 3372 2891 3422 nautae
2915 3365 3009 3436 qui
3036 3364 3093 3420 in
3113 3365 3257 3421 mari
3283 3381 3503 3436 operan-

1913 3467 2019 3527 tur,
2055 3459 2201 3529 longe
2246 3463 2517 3523 steterunt,
2567 3462 2615 3512 et
2660 3458 3040 3524 clamaverunt,
3081 3454 3308 3511 videntes
3336 3456 3504 3511 locum

1909 3547 2138 3604 incendii
2191 3546 2325 3616 ejus,
2382 3546 2643 3602 dicentes:
2707 3547 2834 3612 Qum
2889 3544 3080 3601 similis
3136 3543 3336 3599 civitati
3384 3544 3505 3599 huic

1908 3637 2159 3709 magna?
2207 3636 2281 3692 Et
2332 3636 2590 3691 miserunt
2636 3636 2910 3706 pulverem
2960 3650 3120 3705 super
3167 3633 3343 3706 capita
3406 3651 3503 3691 sua

1908 3727 2085 3797 ﬂentes
2113 3730 2164 3780 et
2200 3725 2446 3796 lugentes,
2485 3729 2534 3778 et
2582 3723 2839 3778 dicentes:
2896 3722 3002 3790 Vw,
3054 3739 3150 3789 vae,
3193 3721 3377 3777 civitas
3402 3722 3504 3779 illa

1908 3831 2125 3886 magna,
2159 3813 2218 3869 in
2262 3831 2369 3884 qua
2399 3812 2583 3868 divites
2626 3812 2757 3882 facti
2797 3815 2921 3865 sunt
2959 3827 3154 3877 omnes,
3199 3810 3293 3879 qui
3318 3811 3505 3866 habent

1908 3922 2067 3961 naves
2089 3904 2147 3958 in
2171 3904 2313 3959 mari
2342 3904 2404 3957 de
2425 3902 2613 3974 pretiis
2639 3901 2753 3971 ejus
2772 3918 2794 3966 ;
2826 3900 3077 3971 quoniam
3113 3916 3222 3955 una
3249 3902 3383 3956 hora
3411 3901 3503 3957 de-

1910 3996 2082 4050 solata
2107 3992 2227 4047 est!
2277 3991 2571 4046 Possumus
2598 4005 2695 4060 per
2731 4004 2878 4044 mare
2912 3987 3018 4044 hoc
3056 3988 3367 4047 saeculum;
3406 4003 3504 4061 per

1912 4081 2302 4155 gubernatores
2333 4095 2464 4134 vero
2491 4076 2766 4149 principes
2795 4075 3014 4147 iniquos
3042 4075 3347 4149 intelligere
3371 4095 3383 4134 :
3406 4092 3504 4149 per

1911 4186 2004 4226 eos
2040 4175 2223 4225 autem
2254 4165 2349 4238 qui
2389 4166 2456 4221 de
2505 4166 2624 4220 loco
2666 4163 2736 4219 ad
2778 4164 2961 4221 locum
3000 4163 3281 4236 navigant,
3317 4171 3373 4221 et
3407 4181 3504 4238 per

1910 4264 2105 4328 nautas
2134 4255 2231 4328 qui
2261 4254 2319 4309 in
2357 4252 2497 4309 mari
2526 4259 2840 4325 operantur,
2888 4268 2981 4308 eos
3008 4251 3103 4326 qui
3134 4252 3353 4309 diversa
3379 4252 3502 4310 oﬂi-

1910 4326 1997 4405 eia
2019 4347 2089 4403 ad
2120 4326 2551 4417 depraedationes
2579 4360 2902 4416 pauperum,
2962 4350 3016 4399 et
3062 4343 3128 4399 ad
3160 4351 3381 4416 peccata
3406 4351 3505 4399 sua

1828 4465 1880 4524 D
1912 4434 2160 4509 quotidie
2191 4433 2438 4507 augenda
2479 4433 2536 4488 in
2565 4432 2777 4489 mundo
2803 4438 3082 4524 exercent.
3123 4431 3376 4524 Isti‘ergo
3405 4430 3502 4524 fle-

1909 4526 2051 4582 bunt
2092 4534 2145 4581 et
2174 4524 2460 4597 lugebunt,
2505 4522 2754 4579 videntes
2783 4521 2966 4577 locum
2997 4520 3241 4576 incendii
3270 4518 3502 4590 Babylo-

1910 4614 1998 4670 nis
2027 4632 2041 4680 ;
2075 4614 2179 4686 ipsi
2211 4629 2447 4685 namque
2473 4620 2636 4667 erunt
2654 4610 2922 4680 Babylon,
2954 4614 3010 4662 et
3032 4607 3138 4678 ipsi
3158 4608 3423 4679 lugebant
3449 4614 3503 4663 et

1909 4701 2141 4759 ﬂebunt.
2186 4702 2467 4761 Videbunt
2511 4707 2694 4755 autem
2724 4694 2980 4753 incendia
3012 4694 3332 4766 Babylonis,
3373 4693 3504 4765 quia

1910 4809 2007 4849 sua
2044 4790 2303 4848 incendia
2352 4786 2677 4862 perferendo
2723 4782 3013 4851 videbunt,
3055 4798 3176 4854 quae
3217 4788 3399 4837 mente
3442 4781 3502 4836 in

1909 4880 2110 4938 saeculo
2140 4878 2328 4951 positi,
2358 4875 2674 4948 conspicere
2721 4874 3105 4945 neglexerunt,
3136 4878 3200 4928 ut
3228 4887 3285 4928 se
3326 4870 3503 4929 corri-

1910 4975 2116 5042 gerent.
2155 4966 2260 5033 Qui
2290 4965 2455 5021 etiam
2485 4963 2723 5021 cinerem
2755 4977 2918 5034 super
2947 4961 3127 5033 capita
3154 4976 3253 5016 sua
3289 4959 3503 5016 misisse

1910 5058 2211 5123 dicuntur;
2260 5070 2388 5110 nam
2417 5069 2559 5126 saepe
2606 5068 2703 5125 per
2743 5060 2907 5126 caput
2941 5066 3117 5121 mens,
3164 5066 3261 5123 per
3291 5049 3503 5106 cineres

1910 5152 2132 5219 peccata
2175 5142 2555 5216 designantur.
2594 5140 2848 5199 Cinerem
2891 5140 3074 5212 itaque
3120 5155 3282 5213 super
3325 5138 3504 5211 capita

1909 5251 2009 5292 sua
2036 5241 2277 5307 ponent;
2328 5233 2459 5307 quia
2485 5231 2750 5288 memoria
2777 5239 3123 5305 peccatorum
3152 5245 3184 5286 a
3223 5227 3502 5287 mentibus

1908 5340 2099 5383 eorum
2128 5337 2411 5396 nunquam
2437 5318 2673 5379 recedet.

1864 5563 2027 5621 gem.,
2071 5544 2164 5618 qui
2209 5546 2267 5603 in
2309 5545 2479 5603 locum
2518 5541 2811 5617 navigant:
2863 5540 2986 5613 Sag.
3037 5548 3093 5597 et
3121 5539 3277 5611 Reg,
3316 5537 3410 5610 qui
3444 5534 3504 5593 in
