  <div class='ocr_page' id='page_1' title='image "/cluster/home/n/w/nwhite01/storage/ocr_20150623/17/uva.x000826553/511.png"; bbox 0 0 3902 6198; ppageno 0'>
   <div class='ocr_carea' id='block_1_1' title="bbox 474 348 610 409">
    <p class='ocr_par' dir='ltr' id='par_1_1' title="bbox 474 348 610 409">
     <span class='ocr_line' id='line_1_1' title="bbox 474 348 610 409; baseline -0.007 -1"><span class='ocrx_word' id='word_1_1' title='bbox 474 348 610 409; x_wconf 84' lang='grc'><strong><em>1007</em></strong></span> 
     </span>
    </p>
   </div>
   <div class='ocr_carea' id='block_1_2' title="bbox 1481 338 2731 399">
    <p class='ocr_par' dir='ltr' id='par_1_2' title="bbox 1481 338 2731 399">
     <span class='ocr_line' id='line_1_2' title="bbox 1481 338 2731 399; baseline -0.004 0"><span class='ocrx_word' id='word_1_2' title='bbox 1481 346 1575 399; x_wconf 82' lang='lat' dir='ltr'><strong><em>AD</em></strong></span> <span class='ocrx_word' id='word_1_3' title='bbox 1614 341 1850 399; x_wconf 80' lang='lat' dir='ltr'><strong><em>OPERA</em></strong></span> <span class='ocrx_word' id='word_1_4' title='bbox 1886 341 1942 397; x_wconf 91' lang='lat' dir='ltr'><strong><em>S.</em></strong></span> <span class='ocrx_word' id='word_1_5' title='bbox 1984 339 2317 398; x_wconf 80' lang='lat' dir='ltr'><strong><em>AMBROSII</em></strong></span> <span class='ocrx_word' id='word_1_6' title='bbox 2354 338 2731 395; x_wconf 85' lang='lat' dir='ltr'><strong><em>APPENDIX.</em></strong></span> 
     </span>
    </p>
   </div>
   <div class='ocr_carea' id='block_1_3' title="bbox 3670 332 3796 388">
    <p class='ocr_par' dir='ltr' id='par_1_3' title="bbox 3670 332 3796 388">
     <span class='ocr_line' id='line_1_3' title="bbox 3670 332 3796 388; baseline 0 -1"><span class='ocrx_word' id='word_1_7' title='bbox 3670 332 3796 388; x_wconf 71' lang='lat'><strong>1008</strong></span> 
     </span>
    </p>
   </div>
   <div class='ocr_carea' id='block_1_4' title="bbox 540 459 3798 546">
    <p class='ocr_par' dir='ltr' id='par_1_4' title="bbox 540 459 3798 546">
     <span class='ocr_line' id='line_1_4' title="bbox 540 459 3798 546; baseline -0.006 -19"><span class='ocrx_word' id='word_1_8' title='bbox 540 472 725 546; x_wconf 83' lang='lat' dir='ltr'><strong><em>(Vers.</em></strong></span> <span class='ocrx_word' id='word_1_9' title='bbox 760 468 874 543; x_wconf 93' lang='grc'>20.)</span> <span class='ocrx_word' id='word_1_10' title='bbox 917 469 1149 525; x_wconf 71' lang='lat' dir='ltr'><strong><em>Exsulta</em></strong></span> <span class='ocrx_word' id='word_1_11' title='bbox 1198 485 1356 540; x_wconf 84' lang='lat' dir='ltr'><strong><em>super</em></strong></span> <span class='ocrx_word' id='word_1_12' title='bbox 1400 485 1535 535; x_wconf 84' lang='lat' dir='ltr'><strong><em>eam,</em></strong></span> <span class='ocrx_word' id='word_1_13' title='bbox 1565 467 1770 534; x_wconf 69' lang='lat' dir='ltr'><strong><em>caelum,</em></strong></span> <span class='ocrx_word' id='word_1_14' title='bbox 1805 472 1853 520; x_wconf 87' lang='lat' dir='ltr'><strong><em>et</em></strong></span> <span class='ocrx_word' id='word_1_15' title='bbox 1894 465 2060 520; x_wconf 88' lang='lat' dir='ltr'><strong><em>sancti</em></strong></span> <span class='ocrx_word' id='word_1_16' title='bbox 2086 464 2142 525; x_wconf 83' lang='lat' dir='ltr'><strong>A</strong></span> <span class='ocrx_word' id='word_1_17' title='bbox 2171 461 2229 519; x_wconf 89' lang='lat' dir='ltr'><strong><em>in</em></strong></span> <span class='ocrx_word' id='word_1_18' title='bbox 2264 470 2587 535; x_wconf 89' lang='lat' dir='ltr'><strong><em>perpetuum</em></strong></span> <span class='ocrx_word' id='word_1_19' title='bbox 2649 461 2914 534; x_wconf 88' lang='lat' dir='ltr'><strong><em>segregari</em></strong></span> <span class='ocrx_word' id='word_1_20' title='bbox 2968 460 3199 517; x_wconf 82' lang='lat' dir='ltr'><strong><em>nollent.</em></strong></span> <span class='ocrx_word' id='word_1_21' title='bbox 3234 459 3406 515; x_wconf 84' lang='lat' dir='ltr'><strong><em>Tales</em></strong></span> <span class='ocrx_word' id='word_1_22' title='bbox 3451 472 3603 528; x_wconf 85' lang='lat' dir='ltr'><strong><em>ergo</em></strong></span> <span class='ocrx_word' id='word_1_23' title='bbox 3661 461 3798 518; x_wconf 86' lang='lat'><strong><em>568</em></strong></span> 
     </span>
    </p>
   </div>
   <div class='ocr_carea' id='block_1_5' title="bbox 465 552 2066 633">
    <p class='ocr_par' dir='ltr' id='par_1_5' title="bbox 465 552 2066 633">
     <span class='ocr_line' id='line_1_5' title="bbox 465 552 2066 633; baseline -0.006 -16"><span class='ocrx_word' id='word_1_24' title='bbox 465 560 695 633; x_wconf 77' lang='lat' dir='ltr'><strong><em>apostoli</em></strong></span> <span class='ocrx_word' id='word_1_25' title='bbox 727 564 776 614; x_wconf 88' lang='lat' dir='ltr'><strong><em>et</em></strong></span> <span class='ocrx_word' id='word_1_26' title='bbox 802 557 1073 630; x_wconf 65' lang='lat' dir='ltr'><strong><em>propheta:</em></strong></span> <span class='ocrx_word' id='word_1_27' title='bbox 1092 574 1113 621; x_wconf 85' lang='lat'><strong><em>;</em></strong></span> <span class='ocrx_word' id='word_1_28' title='bbox 1159 558 1288 627; x_wconf 91' lang='lat' dir='ltr'><strong><em>quia</em></strong></span> <span class='ocrx_word' id='word_1_29' title='bbox 1326 555 1592 625; x_wconf 80' lang='lat' dir='ltr'><strong><em>judicavit</em></strong></span> <span class='ocrx_word' id='word_1_30' title='bbox 1630 555 1770 609; x_wconf 88' lang='lat' dir='ltr'><strong><em>Deus</em></strong></span> <span class='ocrx_word' id='word_1_31' title='bbox 1799 552 2066 622; x_wconf 73' lang='lat' dir='ltr'><strong><em>judicium</em></strong></span> 
     </span>
    </p>
   </div>
   <div class='ocr_carea' id='block_1_6' title="bbox 466 643 2066 716">
    <p class='ocr_par' dir='ltr' id='par_1_6' title="bbox 466 643 2066 716">
     <span class='ocr_line' id='line_1_6' title="bbox 466 643 2066 716; baseline -0.004 -11"><span class='ocrx_word' id='word_1_32' title='bbox 466 656 696 705; x_wconf 84' lang='lat' dir='ltr'><strong><em>vestrum</em></strong></span> <span class='ocrx_word' id='word_1_33' title='bbox 724 648 786 703; x_wconf 87' lang='lat' dir='ltr'><strong><em>de</em></strong></span> <span class='ocrx_word' id='word_1_34' title='bbox 814 647 932 702; x_wconf 89' lang='lat' dir='ltr'><strong><em>illa.</em></strong></span> <span class='ocrx_word' id='word_1_35' title='bbox 967 645 1261 700; x_wconf 87' lang='lat' dir='ltr'><strong><em>Possumus</em></strong></span> <span class='ocrx_word' id='word_1_36' title='bbox 1305 660 1402 716; x_wconf 91' lang='lat' dir='ltr'><strong><em>per</em></strong></span> <span class='ocrx_word' id='word_1_37' title='bbox 1446 643 1647 700; x_wconf 76' lang='lat' dir='ltr'><strong><em>ccelum</em></strong></span> <span class='ocrx_word' id='word_1_38' title='bbox 1695 643 1933 715; x_wconf 84' lang='lat' dir='ltr'><strong><em>angelos,</em></strong></span> <span class='ocrx_word' id='word_1_39' title='bbox 1968 657 2066 714; x_wconf 91' lang='lat' dir='ltr'><strong><em>per</em></strong></span> 
     </span>
    </p>
   </div>
   <div class='ocr_carea' id='block_1_7' title="bbox 467 731 2065 813">
    <p class='ocr_par' dir='ltr' id='par_1_7' title="bbox 467 731 2065 813">
     <span class='ocr_line' id='line_1_7' title="bbox 467 731 2065 813; baseline -0.006 -18"><span class='ocrx_word' id='word_1_40' title='bbox 467 739 743 813; x_wconf 83' lang='lat' dir='ltr'><strong><em>apostolos</em></strong></span> <span class='ocrx_word' id='word_1_41' title='bbox 790 736 925 792; x_wconf 90' lang='lat' dir='ltr'><strong><em>novi</em></strong></span> <span class='ocrx_word' id='word_1_42' title='bbox 977 732 1311 790; x_wconf 88' lang='lat' dir='ltr'><strong><em>Testamenti</em></strong></span> <span class='ocrx_word' id='word_1_43' title='bbox 1370 739 1570 804; x_wconf 82' lang='lat' dir='ltr'><strong><em>patres,</em></strong></span> <span class='ocrx_word' id='word_1_44' title='bbox 1629 748 1727 805; x_wconf 87' lang='lat' dir='ltr'><strong><em>per</em></strong></span> <span class='ocrx_word' id='word_1_45' title='bbox 1772 731 2065 804; x_wconf 83' lang='lat' dir='ltr'><strong><em>prophetas</em></strong></span> 
     </span>
    </p>
   </div>
   <div class='ocr_carea' id='block_1_8' title="bbox 473 819 2067 898">
    <p class='ocr_par' dir='ltr' id='par_1_8' title="bbox 473 819 2067 898">
     <span class='ocr_line' id='line_1_8' title="bbox 473 819 2067 898; baseline -0.006 -14"><span class='ocrx_word' id='word_1_46' title='bbox 473 836 656 884; x_wconf 91' lang='lat' dir='ltr'><strong><em>autem</em></strong></span> <span class='ocrx_word' id='word_1_47' title='bbox 688 836 870 898; x_wconf 90' lang='lat' dir='ltr'><strong><em>patres</em></strong></span> <span class='ocrx_word' id='word_1_48' title='bbox 901 822 1103 878; x_wconf 75' lang='lat' dir='ltr'><strong><em>veteris</em></strong></span> <span class='ocrx_word' id='word_1_49' title='bbox 1132 821 1469 878; x_wconf 87' lang='lat' dir='ltr'><strong><em>Testamenti</em></strong></span> <span class='ocrx_word' id='word_1_50' title='bbox 1499 819 1823 893; x_wconf 80' lang='lat' dir='ltr'><strong><em>intelligere.</em></strong></span> <span class='ocrx_word' id='word_1_51' title='bbox 1852 820 2067 876; x_wconf 87' lang='lat' dir='ltr'><strong><em>Exsul-</em></strong></span> 
     </span>
    </p>
   </div>
   <div class='ocr_carea' id='block_1_9' title="bbox 468 911 2067 988">
    <p class='ocr_par' dir='ltr' id='par_1_9' title="bbox 468 911 2067 988">
     <span class='ocr_line' id='line_1_9' title="bbox 468 911 2067 988; baseline -0.006 -13"><span class='ocrx_word' id='word_1_52' title='bbox 468 919 667 975; x_wconf 89' lang='lat' dir='ltr'><strong><em>tabunt</em></strong></span> <span class='ocrx_word' id='word_1_53' title='bbox 711 916 899 988; x_wconf 87' lang='lat' dir='ltr'><strong><em>igitur,</em></strong></span> <span class='ocrx_word' id='word_1_54' title='bbox 938 930 1064 970; x_wconf 92' lang='lat' dir='ltr'><strong><em>cum</em></strong></span> <span class='ocrx_word' id='word_1_55' title='bbox 1112 913 1393 970; x_wconf 88' lang='lat' dir='ltr'><strong><em>destructa</em></strong></span> <span class='ocrx_word' id='word_1_56' title='bbox 1435 912 1603 969; x_wconf 89' lang='lat' dir='ltr'><strong><em>fuerit</em></strong></span> <span class='ocrx_word' id='word_1_57' title='bbox 1640 911 1821 968; x_wconf 90' lang='lat' dir='ltr'><strong><em>omnis</em></strong></span> <span class='ocrx_word' id='word_1_58' title='bbox 1849 919 2067 969; x_wconf 82' lang='lat' dir='ltr'><strong><em>caterva</em></strong></span> 
     </span>
    </p>
   </div>
   <div class='ocr_carea' id='block_1_10' title="bbox 468 1001 2065 1079">
    <p class='ocr_par' dir='ltr' id='par_1_10' title="bbox 468 1001 2065 1079">
     <span class='ocr_line' id='line_1_10' title="bbox 468 1001 2065 1079; baseline -0.005 -14"><span class='ocrx_word' id='word_1_59' title='bbox 468 1007 767 1079; x_wconf 88' lang='lat' dir='ltr'><strong><em>impiorum</em></strong></span> <span class='ocrx_word' id='word_1_60' title='bbox 798 1021 925 1061; x_wconf 90' lang='lat' dir='ltr'><strong><em>cum</em></strong></span> <span class='ocrx_word' id='word_1_61' title='bbox 966 1003 1101 1076; x_wconf 84' lang='lat' dir='ltr'><strong><em>ipsis</em></strong></span> <span class='ocrx_word' id='word_1_62' title='bbox 1129 1002 1474 1060; x_wconf 71' lang='lat' dir='ltr'><strong><em>daemonibus</em></strong></span> <span class='ocrx_word' id='word_1_63' title='bbox 1501 1003 1818 1060; x_wconf 81' lang='lat' dir='ltr'><strong><em>auctoribus</em></strong></span> <span class='ocrx_word' id='word_1_64' title='bbox 1848 1001 2065 1075; x_wconf 89' lang='lat' dir='ltr'><strong><em>iniqui-</em></strong></span> 
     </span>
    </p>
   </div>
   <div class='ocr_carea' id='block_1_11' title="bbox 467 1095 2067 1170">
    <p class='ocr_par' dir='ltr' id='par_1_11' title="bbox 467 1095 2067 1170">
     <span class='ocr_line' id='line_1_11' title="bbox 467 1095 2067 1170; baseline -0.003 -13"><span class='ocrx_word' id='word_1_65' title='bbox 467 1095 1051 1157; x_wconf 86' lang='lat' dir='ltr'><strong><em>tatum.Exsultahunt</em></strong></span> <span class='ocrx_word' id='word_1_66' title='bbox 1078 1096 1265 1165; x_wconf 88' lang='lat' dir='ltr'><strong><em>etiam,</em></strong></span> <span class='ocrx_word' id='word_1_67' title='bbox 1296 1112 1361 1154; x_wconf 89' lang='lat' dir='ltr'><strong><em>eo</em></strong></span> <span class='ocrx_word' id='word_1_68' title='bbox 1387 1096 1535 1170; x_wconf 90' lang='lat' dir='ltr'><strong><em>quod</em></strong></span> <span class='ocrx_word' id='word_1_69' title='bbox 1565 1105 1698 1153; x_wconf 88' lang='lat' dir='ltr'><strong><em>tunc</em></strong></span> <span class='ocrx_word' id='word_1_70' title='bbox 1722 1096 1888 1152; x_wconf 87' lang='lat' dir='ltr'><strong><em>ﬁnem</em></strong></span> <span class='ocrx_word' id='word_1_71' title='bbox 1917 1112 2067 1153; x_wconf 89' lang='lat' dir='ltr'><strong><em>acce-</em></strong></span> 
     </span>
    </p>
   </div>
   <div class='ocr_carea' id='block_1_12' title="bbox 468 1184 2064 1263">
    <p class='ocr_par' dir='ltr' id='par_1_12' title="bbox 468 1184 2064 1263">
     <span class='ocr_line' id='line_1_12' title="bbox 468 1184 2064 1263; baseline -0.003 -17"><span class='ocrx_word' id='word_1_72' title='bbox 468 1196 630 1263; x_wconf 92' lang='lat' dir='ltr'><strong><em>ptura</em></strong></span> <span class='ocrx_word' id='word_1_73' title='bbox 656 1187 729 1245; x_wconf 88' lang='lat' dir='ltr'><strong><em>sit</em></strong></span> <span class='ocrx_word' id='word_1_74' title='bbox 757 1186 939 1243; x_wconf 88' lang='lat' dir='ltr'><strong><em>omnis</em></strong></span> <span class='ocrx_word' id='word_1_75' title='bbox 979 1185 1193 1243; x_wconf 90' lang='lat' dir='ltr'><strong><em>malitia</em></strong></span> <span class='ocrx_word' id='word_1_76' title='bbox 1235 1193 1290 1242; x_wconf 90' lang='lat' dir='ltr'><strong><em>et</em></strong></span> <span class='ocrx_word' id='word_1_77' title='bbox 1317 1186 1620 1244; x_wconf 88' lang='lat' dir='ltr'><strong><em>adducetur</em></strong></span> <span class='ocrx_word' id='word_1_78' title='bbox 1651 1184 1870 1259; x_wconf 89' lang='lat' dir='ltr'><strong><em>justitia</em></strong></span> <span class='ocrx_word' id='word_1_79' title='bbox 1911 1201 2064 1243; x_wconf 90' lang='lat' dir='ltr'><strong><em>sem-</em></strong></span> 
     </span>
    </p>
   </div>
   <div class='ocr_carea' id='block_1_13' title="bbox 468 1275 853 1351">
    <p class='ocr_par' dir='ltr' id='par_1_13' title="bbox 468 1275 853 1351">
     <span class='ocr_line' id='line_1_13' title="bbox 468 1275 853 1351; baseline -0.005 -17"><span class='ocrx_word' id='word_1_80' title='bbox 468 1278 686 1351; x_wconf 91' lang='lat' dir='ltr'><strong><em>piterna</em></strong></span> <span class='ocrx_word' id='word_1_81' title='bbox 712 1275 853 1349; x_wconf 86' lang='grc'>(62).</span> 
     </span>
    </p>
   </div>
   <div class='ocr_carea' id='block_1_14' title="bbox 545 1370 2064 1450">
    <p class='ocr_par' dir='ltr' id='par_1_14' title="bbox 545 1370 2064 1450">
     <span class='ocr_line' id='line_1_14' title="bbox 545 1370 2064 1450; baseline -0.003 -17"><span class='ocrx_word' id='word_1_82' title='bbox 545 1375 727 1450; x_wconf 76' lang='lat' dir='ltr'><strong><em>(Vere.</em></strong></span> <span class='ocrx_word' id='word_1_83' title='bbox 759 1372 877 1445; x_wconf 83' lang='grc'>21.)</span> <span class='ocrx_word' id='word_1_84' title='bbox 930 1373 1006 1429; x_wconf 89' lang='lat' dir='ltr'><strong><em>Et</em></strong></span> <span class='ocrx_word' id='word_1_85' title='bbox 1041 1370 1257 1429; x_wconf 79' lang='lat' dir='ltr'><strong><em>sustulit</em></strong></span> <span class='ocrx_word' id='word_1_86' title='bbox 1292 1389 1429 1428; x_wconf 88' lang='lat' dir='ltr'><strong><em>unus</em></strong></span> <span class='ocrx_word' id='word_1_87' title='bbox 1475 1372 1691 1444; x_wconf 82' lang='lat' dir='ltr'><strong><em>angelus</em></strong></span> <span class='ocrx_word' id='word_1_88' title='bbox 1737 1372 1896 1442; x_wconf 81' lang='lat' dir='ltr'><strong><em>fortis</em></strong></span> <span class='ocrx_word' id='word_1_89' title='bbox 1932 1372 2064 1444; x_wconf 85' lang='lat' dir='ltr'><strong><em>lapi-</em></strong></span> 
     </span>
    </p>
   </div>
   <div class='ocr_carea' id='block_1_15' title="bbox 470 1462 2067 1536">
    <p class='ocr_par' dir='ltr' id='par_1_15' title="bbox 470 1462 2067 1536">
     <span class='ocr_line' id='line_1_15' title="bbox 470 1462 2067 1536; baseline -0.003 -14"><span class='ocrx_word' id='word_1_90' title='bbox 470 1466 586 1523; x_wconf 88' lang='lat' dir='ltr'><strong><em>dem</em></strong></span> <span class='ocrx_word' id='word_1_91' title='bbox 613 1463 768 1536; x_wconf 84' lang='lat' dir='ltr'><strong><em>quasi</em></strong></span> <span class='ocrx_word' id='word_1_92' title='bbox 800 1462 1051 1519; x_wconf 87' lang='lat' dir='ltr'><strong><em>molarem</em></strong></span> <span class='ocrx_word' id='word_1_93' title='bbox 1098 1478 1368 1534; x_wconf 85' lang='lat' dir='ltr'><strong><em>magnum,</em></strong></span> <span class='ocrx_word' id='word_1_94' title='bbox 1418 1467 1465 1517; x_wconf 89' lang='lat' dir='ltr'><strong><em>et</em></strong></span> <span class='ocrx_word' id='word_1_95' title='bbox 1503 1462 1647 1517; x_wconf 87' lang='lat' dir='ltr'><strong><em>misit</em></strong></span> <span class='ocrx_word' id='word_1_96' title='bbox 1689 1462 1747 1517; x_wconf 89' lang='lat' dir='ltr'><strong><em>in</em></strong></span> <span class='ocrx_word' id='word_1_97' title='bbox 1774 1479 1940 1531; x_wconf 89' lang='lat' dir='ltr'><strong><em>mare,</em></strong></span> <span class='ocrx_word' id='word_1_98' title='bbox 1973 1462 2067 1517; x_wconf 86' lang='lat' dir='ltr'><strong><em>di-</em></strong></span> 
     </span>
    </p>
   </div>
   <div class='ocr_carea' id='block_1_16' title="bbox 470 1551 2068 1625">
    <p class='ocr_par' dir='ltr' id='par_1_16' title="bbox 470 1551 2068 1625">
     <span class='ocr_line' id='line_1_16' title="bbox 470 1551 2068 1625; baseline -0.002 -13"><span class='ocrx_word' id='word_1_99' title='bbox 470 1572 587 1612; x_wconf 88' lang='lat' dir='ltr'><strong><em>cens</em></strong></span> <span class='ocrx_word' id='word_1_100' title='bbox 619 1570 637 1610; x_wconf 91' lang='lat'><strong><em>:</em></strong></span> <span class='ocrx_word' id='word_1_101' title='bbox 679 1554 788 1610; x_wconf 87' lang='lat' dir='ltr'><strong><em>Hoc</em></strong></span> <span class='ocrx_word' id='word_1_102' title='bbox 820 1552 1014 1625; x_wconf 89' lang='lat' dir='ltr'><strong><em>impetu</em></strong></span> <span class='ocrx_word' id='word_1_103' title='bbox 1042 1551 1279 1607; x_wconf 84' lang='lat' dir='ltr'><strong><em>mittetur</em></strong></span> <span class='ocrx_word' id='word_1_104' title='bbox 1306 1551 1549 1621; x_wconf 79' lang='lat' dir='ltr'><strong><em>Babylon</em></strong></span> <span class='ocrx_word' id='word_1_105' title='bbox 1584 1568 1799 1621; x_wconf 87' lang='lat' dir='ltr'><strong><em>magna,</em></strong></span> <span class='ocrx_word' id='word_1_106' title='bbox 1845 1557 1895 1606; x_wconf 90' lang='lat' dir='ltr'><strong><em>et</em></strong></span> <span class='ocrx_word' id='word_1_107' title='bbox 1920 1553 2068 1609; x_wconf 86' lang='lat' dir='ltr'><strong><em>ultra</em></strong></span> 
     </span>
    </p>
   </div>
   <div class='ocr_carea' id='block_1_17' title="bbox 472 1638 2065 1713">
    <p class='ocr_par' dir='ltr' id='par_1_17' title="bbox 472 1638 2065 1713">
     <span class='ocr_line' id='line_1_17' title="bbox 472 1638 2065 1713; baseline -0.004 -11"><span class='ocrx_word' id='word_1_108' title='bbox 472 1661 579 1702; x_wconf 88' lang='lat' dir='ltr'><strong><em>non</em></strong></span> <span class='ocrx_word' id='word_1_109' title='bbox 632 1642 948 1700; x_wconf 82' lang='lat' dir='ltr'><strong><em>invenietur.</em></strong></span> <span class='ocrx_word' id='word_1_110' title='bbox 1009 1641 1117 1698; x_wconf 90' lang='lat' dir='ltr'><strong><em>Iste</em></strong></span> <span class='ocrx_word' id='word_1_111' title='bbox 1162 1640 1388 1713; x_wconf 83' lang='lat' dir='ltr'><strong>angelus</strong></span> <span class='ocrx_word' id='word_1_112' title='bbox 1444 1638 1726 1697; x_wconf 89' lang='lat' dir='ltr'><strong><em>Christum</em></strong></span> <span class='ocrx_word' id='word_1_113' title='bbox 1774 1639 2065 1712; x_wconf 90' lang='lat' dir='ltr'><strong><em>signiﬁcat,</em></strong></span> 
     </span>
    </p>
   </div>
   <div class='ocr_carea' id='block_1_18' title="bbox 472 1728 2071 1808">
    <p class='ocr_par' dir='ltr' id='par_1_18' title="bbox 472 1728 2071 1808">
     <span class='ocr_line' id='line_1_18' title="bbox 472 1728 2071 1808; baseline -0.003 -19"><span class='ocrx_word' id='word_1_114' title='bbox 472 1733 569 1808; x_wconf 86' lang='lat' dir='ltr'><strong><em>qui</em></strong></span> <span class='ocrx_word' id='word_1_115' title='bbox 607 1731 766 1790; x_wconf 85' lang='lat' dir='ltr'><strong><em>fortis</em></strong></span> <span class='ocrx_word' id='word_1_116' title='bbox 816 1745 931 1789; x_wconf 87' lang='lat' dir='ltr'><strong><em>esse</em></strong></span> <span class='ocrx_word' id='word_1_117' title='bbox 962 1728 1210 1799; x_wconf 89' lang='lat' dir='ltr'><strong><em>dicitur;</em></strong></span> <span class='ocrx_word' id='word_1_118' title='bbox 1263 1729 1393 1803; x_wconf 86' lang='lat' dir='ltr'><strong><em>quia</em></strong></span> <span class='ocrx_word' id='word_1_119' title='bbox 1434 1728 1819 1787; x_wconf 85' lang='lat' dir='ltr'><strong><em>fortitudinem</em></strong></span> <span class='ocrx_word' id='word_1_120' title='bbox 1862 1728 2071 1801; x_wconf 75' lang='lat' dir='ltr'><strong><em>Christi</em></strong></span> 
     </span>
    </p>
   </div>
   <div class='ocr_carea' id='block_1_19' title="bbox 2170 554 3798 632">
    <p class='ocr_par' dir='ltr' id='par_1_19' title="bbox 2170 554 3798 632">
     <span class='ocr_line' id='line_1_19' title="bbox 2170 554 3798 632; baseline -0.006 -15"><span class='ocrx_word' id='word_1_121' title='bbox 2170 560 2410 617; x_wconf 87' lang='lat' dir='ltr'><strong><em>artiﬁces</em></strong></span> <span class='ocrx_word' id='word_1_122' title='bbox 2445 560 2504 616; x_wconf 91' lang='lat' dir='ltr'><strong><em>in</em></strong></span> <span class='ocrx_word' id='word_1_123' title='bbox 2532 559 2810 632; x_wconf 84' lang='lat' dir='ltr'><strong><em>Babylone</em></strong></span> <span class='ocrx_word' id='word_1_124' title='bbox 2836 574 2947 614; x_wconf 90' lang='lat' dir='ltr'><strong><em>non</em></strong></span> <span class='ocrx_word' id='word_1_125' title='bbox 2981 557 3278 614; x_wconf 90' lang='lat' dir='ltr'><strong><em>audientur</em></strong></span> <span class='ocrx_word' id='word_1_126' title='bbox 3307 554 3586 627; x_wconf 90' lang='lat' dir='ltr'><strong><em>amplius</em></strong></span> <span class='ocrx_word' id='word_1_127' title='bbox 3611 572 3627 623; x_wconf 90' lang='lat'><strong><em>;</em></strong></span> <span class='ocrx_word' id='word_1_128' title='bbox 3676 554 3798 626; x_wconf 73' lang='lat' dir='ltr'><strong><em>quia</em></strong></span> 
     </span>
    </p>
   </div>
   <div class='ocr_carea' id='block_1_20' title="bbox 2172 645 3798 723">
    <p class='ocr_par' dir='ltr' id='par_1_20' title="bbox 2172 645 3798 723">
     <span class='ocr_line' id='line_1_20' title="bbox 2172 645 3798 723; baseline -0.007 -15"><span class='ocrx_word' id='word_1_129' title='bbox 2172 667 2297 708; x_wconf 91' lang='lat' dir='ltr'><strong><em>cum</em></strong></span> <span class='ocrx_word' id='word_1_130' title='bbox 2328 666 2390 705; x_wconf 88' lang='lat' dir='ltr'><strong><em>ea</em></strong></span> <span class='ocrx_word' id='word_1_131' title='bbox 2417 649 2473 705; x_wconf 92' lang='lat' dir='ltr'><strong><em>in</em></strong></span> <span class='ocrx_word' id='word_1_132' title='bbox 2505 657 2825 723; x_wconf 91' lang='lat' dir='ltr'><strong><em>perpetuum</em></strong></span> <span class='ocrx_word' id='word_1_133' title='bbox 2856 647 3285 704; x_wconf 80' lang='lat' dir='ltr'><strong><em>damnabantur.</em></strong></span> <span class='ocrx_word' id='word_1_134' title='bbox 3342 645 3503 714; x_wconf 84' lang='lat' dir='ltr'><strong><em>Quia</em></strong></span> <span class='ocrx_word' id='word_1_135' title='bbox 3524 650 3798 699; x_wconf 77' lang='lat' dir='ltr'><strong><em>mercato—</em></strong></span> 
     </span>
    </p>
   </div>
   <div class='ocr_carea' id='block_1_21' title="bbox 2172 735 3798 811">
    <p class='ocr_par' dir='ltr' id='par_1_21' title="bbox 2172 735 3798 811">
     <span class='ocr_line' id='line_1_21' title="bbox 2172 735 3798 811; baseline -0.004 -15"><span class='ocrx_word' id='word_1_136' title='bbox 2172 758 2256 796; x_wconf 89' lang='lat' dir='ltr'><strong><em>res</em></strong></span> <span class='ocrx_word' id='word_1_137' title='bbox 2282 739 2359 795; x_wconf 89' lang='lat' dir='ltr'><strong><em>tui</em></strong></span> <span class='ocrx_word' id='word_1_138' title='bbox 2379 747 2531 795; x_wconf 89' lang='lat' dir='ltr'><strong><em>erant</em></strong></span> <span class='ocrx_word' id='word_1_139' title='bbox 2556 738 2822 811; x_wconf 84' lang='lat' dir='ltr'><strong><em>principes</em></strong></span> <span class='ocrx_word' id='word_1_140' title='bbox 2854 745 3027 795; x_wconf 68' lang='lat' dir='ltr'><strong><em>terra.</em></strong></span> <span class='ocrx_word' id='word_1_141' title='bbox 3061 738 3237 794; x_wconf 83' lang='lat' dir='ltr'><strong><em>Habet</em></strong></span> <span class='ocrx_word' id='word_1_142' title='bbox 3267 735 3551 794; x_wconf 85' lang='lat' dir='ltr'><strong><em>Ecclesia</em></strong></span> <span class='ocrx_word' id='word_1_143' title='bbox 3581 750 3798 791; x_wconf 82' lang='lat' dir='ltr'><strong><em>merca-</em></strong></span> 
     </span>
    </p>
   </div>
   <div class='ocr_carea' id='block_1_22' title="bbox 2174 825 3798 899">
    <p class='ocr_par' dir='ltr' id='par_1_22' title="bbox 2174 825 3798 899">
     <span class='ocr_line' id='line_1_22' title="bbox 2174 825 3798 899; baseline -0.003 -15"><span class='ocrx_word' id='word_1_144' title='bbox 2174 837 2318 885; x_wconf 89' lang='lat' dir='ltr'><strong><em>tores</em></strong></span> <span class='ocrx_word' id='word_1_145' title='bbox 2334 845 2482 898; x_wconf 90' lang='lat' dir='ltr'><strong><em>suos,</em></strong></span> <span class='ocrx_word' id='word_1_146' title='bbox 2524 827 2688 884; x_wconf 85' lang='lat' dir='ltr'><strong><em>habet</em></strong></span> <span class='ocrx_word' id='word_1_147' title='bbox 2711 835 2765 883; x_wconf 91' lang='lat' dir='ltr'><strong><em>et</em></strong></span> <span class='ocrx_word' id='word_1_148' title='bbox 2806 826 3056 899; x_wconf 88' lang='lat' dir='ltr'><strong><em>Babylon</em></strong></span> <span class='ocrx_word' id='word_1_149' title='bbox 3086 844 3098 882; x_wconf 88' lang='lat'><strong><em>:</em></strong></span> <span class='ocrx_word' id='word_1_150' title='bbox 3143 835 3506 883; x_wconf 88' lang='lat' dir='ltr'><strong><em>mercatores</em></strong></span> <span class='ocrx_word' id='word_1_151' title='bbox 3538 825 3798 881; x_wconf 67' lang='lat' dir='ltr'><strong><em>Ecclesia</em></strong></span> 
     </span>
    </p>
   </div>
   <div class='ocr_carea' id='block_1_23' title="bbox 2173 915 3799 985">
    <p class='ocr_par' dir='ltr' id='par_1_23' title="bbox 2173 915 3799 985">
     <span class='ocr_line' id='line_1_23' title="bbox 2173 915 3799 985; baseline -0.003 -12"><span class='ocrx_word' id='word_1_152' title='bbox 2173 917 2457 974; x_wconf 88' lang='lat' dir='ltr'><strong><em>thesauros</em></strong></span> <span class='ocrx_word' id='word_1_153' title='bbox 2482 934 2611 973; x_wconf 90' lang='lat' dir='ltr'><strong><em>suos</em></strong></span> <span class='ocrx_word' id='word_1_154' title='bbox 2656 917 2715 972; x_wconf 92' lang='lat' dir='ltr'><strong><em>in</em></strong></span> <span class='ocrx_word' id='word_1_155' title='bbox 2756 917 2895 973; x_wconf 70' lang='lat' dir='ltr'><strong><em>coelo</em></strong></span> <span class='ocrx_word' id='word_1_156' title='bbox 2947 915 3275 985; x_wconf 86' lang='lat' dir='ltr'><strong><em>recondunt,</em></strong></span> <span class='ocrx_word' id='word_1_157' title='bbox 3307 915 3415 971; x_wconf 87' lang='lat' dir='ltr'><strong><em>ubi</em></strong></span> <span class='ocrx_word' id='word_1_158' title='bbox 3477 915 3647 970; x_wconf 82' lang='lat' dir='ltr'><strong><em>fures</em></strong></span> <span class='ocrx_word' id='word_1_159' title='bbox 3697 931 3799 969; x_wconf 88' lang='lat' dir='ltr'><strong><em>non</em></strong></span> 
     </span>
    </p>
   </div>
   <div class='ocr_carea' id='block_1_24' title="bbox 2173 1004 3799 1077">
    <p class='ocr_par' dir='ltr' id='par_1_24' title="bbox 2173 1004 3799 1077">
     <span class='ocr_line' id='line_1_24' title="bbox 2173 1004 3799 1077; baseline -0.002 -14"><span class='ocrx_word' id='word_1_160' title='bbox 2173 1007 2443 1063; x_wconf 84' lang='lat' dir='ltr'><strong><em>effodiunt</em></strong></span> <span class='ocrx_word' id='word_1_161' title='bbox 2483 1014 2537 1062; x_wconf 93' lang='lat' dir='ltr'><strong><em>et</em></strong></span> <span class='ocrx_word' id='word_1_162' title='bbox 2583 1006 2835 1062; x_wconf 87' lang='lat' dir='ltr'><strong><em>furantur</em></strong></span> <span class='ocrx_word' id='word_1_163' title='bbox 2884 1006 3098 1077; x_wconf 83' lang='lat' dir='ltr'><strong><em>(Matth.</em></strong></span> <span class='ocrx_word' id='word_1_164' title='bbox 3144 1024 3225 1075; x_wconf 75' lang='grc' dir='ltr'><strong><em>γι,</em></strong></span> <span class='ocrx_word' id='word_1_165' title='bbox 3258 1004 3403 1077; x_wconf 83' lang='grc'>20);</span> <span class='ocrx_word' id='word_1_166' title='bbox 3450 1012 3799 1061; x_wconf 84' lang='lat' dir='ltr'><strong><em>mercatores</em></strong></span> 
     </span>
    </p>
   </div>
   <div class='ocr_carea' id='block_1_25' title="bbox 2173 1097 3799 1172">
    <p class='ocr_par' dir='ltr' id='par_1_25' title="bbox 2173 1097 3799 1172">
     <span class='ocr_line' id='line_1_25' title="bbox 2173 1097 3799 1172; baseline -0.001 -17"><span class='ocrx_word' id='word_1_167' title='bbox 2173 1116 2305 1157; x_wconf 86' lang='lat' dir='ltr'><strong><em>vero</em></strong></span> <span class='ocrx_word' id='word_1_168' title='bbox 2343 1098 2643 1172; x_wconf 82' lang='lat' dir='ltr'><strong><em>Babylonis</em></strong></span> <span class='ocrx_word' id='word_1_169' title='bbox 2670 1099 2957 1155; x_wconf 89' lang='lat' dir='ltr'><strong><em>thesauros</em></strong></span> <span class='ocrx_word' id='word_1_170' title='bbox 2985 1115 3111 1154; x_wconf 88' lang='lat' dir='ltr'><strong><em>suos</em></strong></span> <span class='ocrx_word' id='word_1_171' title='bbox 3156 1098 3215 1153; x_wconf 89' lang='lat' dir='ltr'><strong><em>in</em></strong></span> <span class='ocrx_word' id='word_1_172' title='bbox 3246 1107 3403 1155; x_wconf 89' lang='lat' dir='ltr'><strong><em>terra</em></strong></span> <span class='ocrx_word' id='word_1_173' title='bbox 3454 1097 3799 1166; x_wconf 74' lang='lat' dir='ltr'><strong><em>recondunt,</em></strong></span> 
     </span>
    </p>
   </div>
   <div class='ocr_carea' id='block_1_26' title="bbox 2172 1185 3802 1258">
    <p class='ocr_par' dir='ltr' id='par_1_26' title="bbox 2172 1185 3802 1258">
     <span class='ocr_line' id='line_1_26' title="bbox 2172 1185 3802 1258; baseline -0.003 -14"><span class='ocrx_word' id='word_1_174' title='bbox 2172 1188 2271 1244; x_wconf 91' lang='lat' dir='ltr'><strong><em>ubi</em></strong></span> <span class='ocrx_word' id='word_1_175' title='bbox 2300 1187 2448 1244; x_wconf 87' lang='lat' dir='ltr'><strong><em>fures</em></strong></span> <span class='ocrx_word' id='word_1_176' title='bbox 2478 1187 2764 1257; x_wconf 78' lang='lat' dir='ltr'><strong><em>effodiunt,</em></strong></span> <span class='ocrx_word' id='word_1_177' title='bbox 2789 1203 2890 1245; x_wconf 90' lang='lat' dir='ltr'><strong><em>nec</em></strong></span> <span class='ocrx_word' id='word_1_178' title='bbox 2912 1187 3183 1244; x_wconf 88' lang='lat' dir='ltr'><strong><em>furantur.</em></strong></span> <span class='ocrx_word' id='word_1_179' title='bbox 3207 1189 3285 1244; x_wconf 87' lang='lat' dir='ltr'><strong><em>Et</em></strong></span> <span class='ocrx_word' id='word_1_180' title='bbox 3311 1187 3376 1242; x_wconf 87' lang='lat' dir='ltr'><strong><em>in</em></strong></span> <span class='ocrx_word' id='word_1_181' title='bbox 3398 1185 3802 1258; x_wconf 74' lang='lat' dir='ltr'><strong><em>veneﬁciistsis</em></strong></span> 
     </span>
    </p>
   </div>
   <div class='ocr_carea' id='block_1_27' title="bbox 2174 1275 3799 1351">
    <p class='ocr_par' dir='ltr' id='par_1_27' title="bbox 2174 1275 3799 1351">
     <span class='ocr_line' id='line_1_27' title="bbox 2174 1275 3799 1351; baseline 0 -18"><span class='ocrx_word' id='word_1_182' title='bbox 2174 1284 2492 1333; x_wconf 84' lang='lat' dir='ltr'><strong><em>erraverunt</em></strong></span> <span class='ocrx_word' id='word_1_183' title='bbox 2516 1294 2706 1334; x_wconf 88' lang='lat' dir='ltr'><strong><em>omnes</em></strong></span> <span class='ocrx_word' id='word_1_184' title='bbox 2738 1285 2944 1351; x_wconf 81' lang='lat' dir='ltr'><strong><em>gentes.</em></strong></span> <span class='ocrx_word' id='word_1_185' title='bbox 2978 1276 3263 1336; x_wconf 86' lang='lat' dir='ltr'><strong><em>Veneﬁcia</em></strong></span> <span class='ocrx_word' id='word_1_186' title='bbox 3300 1275 3642 1349; x_wconf 83' lang='lat' dir='ltr'><strong><em>Babylonis</em></strong></span> <span class='ocrx_word' id='word_1_187' title='bbox 3673 1282 3799 1333; x_wconf 89' lang='lat' dir='ltr'><strong><em>sunt</em></strong></span> 
     </span>
    </p>
   </div>
   <div class='ocr_carea' id='block_1_28' title="bbox 2173 1365 3799 1443">
    <p class='ocr_par' dir='ltr' id='par_1_28' title="bbox 2173 1365 3799 1443">
     <span class='ocr_line' id='line_1_28' title="bbox 2173 1365 3799 1443; baseline 0.001 -20"><span class='ocrx_word' id='word_1_188' title='bbox 2173 1367 2379 1424; x_wconf 87' lang='lat' dir='ltr'><strong><em>diversi</em></strong></span> <span class='ocrx_word' id='word_1_189' title='bbox 2418 1384 2628 1425; x_wconf 90' lang='lat' dir='ltr'><strong><em>errores</em></strong></span> <span class='ocrx_word' id='word_1_190' title='bbox 2681 1384 2778 1440; x_wconf 89' lang='lat' dir='ltr'><strong><em>per</em></strong></span> <span class='ocrx_word' id='word_1_191' title='bbox 2833 1385 2970 1443; x_wconf 88' lang='lat' dir='ltr'><strong><em>quos</em></strong></span> <span class='ocrx_word' id='word_1_192' title='bbox 3029 1384 3199 1441; x_wconf 87' lang='lat' dir='ltr'><strong><em>genus</em></strong></span> <span class='ocrx_word' id='word_1_193' title='bbox 3252 1367 3587 1424; x_wconf 89' lang='lat' dir='ltr'><strong><em>humanum</em></strong></span> <span class='ocrx_word' id='word_1_194' title='bbox 3630 1365 3799 1425; x_wconf 82' lang='lat' dir='ltr'><strong><em>dece-</em></strong></span> 
     </span>
    </p>
   </div>
   <div class='ocr_carea' id='block_1_29' title="bbox 2174 1466 2465 1533">
    <p class='ocr_par' dir='ltr' id='par_1_29' title="bbox 2174 1466 2465 1533">
     <span class='ocr_line' id='line_1_29' title="bbox 2174 1466 2465 1533; baseline 0.003 -17"><span class='ocrx_word' id='word_1_195' title='bbox 2174 1466 2330 1533; x_wconf 90' lang='lat' dir='ltr'><strong><em>ptum</em></strong></span> <span class='ocrx_word' id='word_1_196' title='bbox 2365 1468 2465 1517; x_wconf 92' lang='lat' dir='ltr'><strong><em>est.</em></strong></span> 
     </span>
    </p>
   </div>
   <div class='ocr_carea' id='block_1_30' title="bbox 2250 1547 3796 1623">
    <p class='ocr_par' dir='ltr' id='par_1_30' title="bbox 2250 1547 3796 1623">
     <span class='ocr_line' id='line_1_30' title="bbox 2250 1547 3796 1623; baseline -0.003 -16"><span class='ocrx_word' id='word_1_197' title='bbox 2250 1550 2432 1623; x_wconf 84' lang='lat' dir='ltr'><strong><em>(Vers.</em></strong></span> <span class='ocrx_word' id='word_1_198' title='bbox 2461 1548 2579 1621; x_wconf 77' lang='grc'>24.)</span> <span class='ocrx_word' id='word_1_199' title='bbox 2610 1551 2684 1607; x_wconf 88' lang='lat' dir='ltr'><strong><em>Et</em></strong></span> <span class='ocrx_word' id='word_1_200' title='bbox 2713 1548 2769 1605; x_wconf 88' lang='lat' dir='ltr'><strong><em>in</em></strong></span> <span class='ocrx_word' id='word_1_201' title='bbox 2810 1565 2871 1605; x_wconf 90' lang='lat' dir='ltr'><strong><em>ea</em></strong></span> <span class='ocrx_word' id='word_1_202' title='bbox 2898 1547 3113 1620; x_wconf 85' lang='lat' dir='ltr'><strong><em>sanguis</em></strong></span> <span class='ocrx_word' id='word_1_203' title='bbox 3148 1548 3556 1622; x_wconf 83' lang='lat' dir='ltr'><strong><em>prophetarum</em></strong></span> <span class='ocrx_word' id='word_1_204' title='bbox 3581 1554 3639 1604; x_wconf 85' lang='lat' dir='ltr'><strong><em>et</em></strong></span> <span class='ocrx_word' id='word_1_205' title='bbox 3662 1563 3796 1602; x_wconf 72' lang='lat' dir='ltr'><strong><em>san-</em></strong></span> 
     </span>
    </p>
   </div>
   <div class='ocr_carea' id='block_1_31' title="bbox 2176 1638 3797 1712">
    <p class='ocr_par' dir='ltr' id='par_1_31' title="bbox 2176 1638 3797 1712">
     <span class='ocr_line' id='line_1_31' title="bbox 2176 1638 3797 1712; baseline -0.003 -15"><span class='ocrx_word' id='word_1_206' title='bbox 2176 1646 2381 1697; x_wconf 86' lang='lat' dir='ltr'><strong><em>ctorum</em></strong></span> <span class='ocrx_word' id='word_1_207' title='bbox 2403 1641 2644 1697; x_wconf 86' lang='lat' dir='ltr'><strong><em>inventus</em></strong></span> <span class='ocrx_word' id='word_1_208' title='bbox 2682 1645 2775 1710; x_wconf 90' lang='lat' dir='ltr'><strong><em>est,</em></strong></span> <span class='ocrx_word' id='word_1_209' title='bbox 2806 1646 2854 1696; x_wconf 86' lang='lat' dir='ltr'><strong><em>et</em></strong></span> <span class='ocrx_word' id='word_1_210' title='bbox 2882 1640 3116 1696; x_wconf 89' lang='lat' dir='ltr'><strong><em>omnium</em></strong></span> <span class='ocrx_word' id='word_1_211' title='bbox 3152 1642 3247 1712; x_wconf 85' lang='lat' dir='ltr'><strong><em>qui</em></strong></span> <span class='ocrx_word' id='word_1_212' title='bbox 3279 1640 3561 1711; x_wconf 79' lang='lat' dir='ltr'><strong><em>interfecti</em></strong></span> <span class='ocrx_word' id='word_1_213' title='bbox 3586 1645 3721 1695; x_wconf 76' lang='lat' dir='ltr'><strong><em>sunt</em></strong></span> <span class='ocrx_word' id='word_1_214' title='bbox 3742 1638 3797 1692; x_wconf 69' lang='lat' dir='ltr'><strong><em>in</em></strong></span> 
     </span>
    </p>
   </div>
   <div class='ocr_carea' id='block_1_32' title="bbox 2179 1727 3792 1804">
    <p class='ocr_par' dir='ltr' id='par_1_32' title="bbox 2179 1727 3792 1804">
     <span class='ocr_line' id='line_1_32' title="bbox 2179 1727 3792 1804; baseline -0.002 -17"><span class='ocrx_word' id='word_1_215' title='bbox 2179 1737 2342 1787; x_wconf 88' lang='lat' dir='ltr'><strong><em>terra.</em></strong></span> <span class='ocrx_word' id='word_1_216' title='bbox 2371 1729 2602 1804; x_wconf 80' lang='lat' dir='ltr'><strong><em>Sanguis</em></strong></span> <span class='ocrx_word' id='word_1_217' title='bbox 2628 1738 2947 1787; x_wconf 89' lang='lat' dir='ltr'><strong><em>sanctorum</em></strong></span> <span class='ocrx_word' id='word_1_218' title='bbox 2976 1728 3034 1786; x_wconf 91' lang='lat' dir='ltr'><strong><em>in</em></strong></span> <span class='ocrx_word' id='word_1_219' title='bbox 3065 1745 3129 1786; x_wconf 91' lang='lat' dir='ltr'><strong><em>ea</em></strong></span> <span class='ocrx_word' id='word_1_220' title='bbox 3155 1728 3424 1786; x_wconf 85' lang='lat' dir='ltr'><strong><em>inventus</em></strong></span> <span class='ocrx_word' id='word_1_221' title='bbox 3452 1736 3565 1795; x_wconf 88' lang='lat' dir='ltr'><strong><em>est,</em></strong></span> <span class='ocrx_word' id='word_1_222' title='bbox 3602 1727 3666 1784; x_wconf 87' lang='lat' dir='ltr'><strong><em>id</em></strong></span> <span class='ocrx_word' id='word_1_223' title='bbox 3693 1735 3792 1797; x_wconf 55' lang='lat' dir='ltr'><strong><em>at,</em></strong></span> 
     </span>
    </p>
   </div>
   <div class='ocr_carea' id='block_1_33' title="bbox 472 1816 3791 1897">
    <p class='ocr_par' dir='ltr' id='par_1_33' title="bbox 472 1816 3791 1897">
     <span class='ocr_line' id='line_1_33' title="bbox 472 1816 3791 1897; baseline -0.002 -17"><span class='ocrx_word' id='word_1_224' title='bbox 472 1829 678 1897; x_wconf 86' lang='lat' dir='ltr'><strong><em>quanta</em></strong></span> <span class='ocrx_word' id='word_1_225' title='bbox 734 1820 828 1891; x_wconf 89' lang='lat' dir='ltr'><strong><em>sit,</em></strong></span> <span class='ocrx_word' id='word_1_226' title='bbox 894 1818 1136 1877; x_wconf 89' lang='lat' dir='ltr'><strong><em>humana</em></strong></span> <span class='ocrx_word' id='word_1_227' title='bbox 1200 1834 1356 1876; x_wconf 89' lang='lat' dir='ltr'><strong><em>meus</em></strong></span> <span class='ocrx_word' id='word_1_228' title='bbox 1414 1818 1878 1892; x_wconf 88' lang='lat' dir='ltr'><strong><em>comprehendere</em></strong></span> <span class='ocrx_word' id='word_1_229' title='bbox 1956 1835 2070 1876; x_wconf 90' lang='lat' dir='ltr'><strong><em>non</em></strong></span> <span class='ocrx_word' id='word_1_230' title='bbox 2100 1829 2146 1890; x_wconf 84' lang='grc' dir='ltr'><strong>Β</strong></span> <span class='ocrx_word' id='word_1_231' title='bbox 2174 1821 2352 1878; x_wconf 88' lang='lat' dir='ltr'><strong><em>scelus</em></strong></span> <span class='ocrx_word' id='word_1_232' title='bbox 2382 1819 2782 1877; x_wconf 87' lang='lat' dir='ltr'><strong><em>interfectionis</em></strong></span> <span class='ocrx_word' id='word_1_233' title='bbox 2806 1826 3143 1889; x_wconf 89' lang='lat' dir='ltr'><strong><em>sanctorum,</em></strong></span> <span class='ocrx_word' id='word_1_234' title='bbox 3174 1818 3324 1877; x_wconf 85' lang='lat' dir='ltr'><strong><em>sicut</em></strong></span> <span class='ocrx_word' id='word_1_235' title='bbox 3337 1817 3628 1875; x_wconf 84' lang='lat' dir='ltr'><strong><em>Dominus</em></strong></span> <span class='ocrx_word' id='word_1_236' title='bbox 3658 1816 3791 1873; x_wconf 83' lang='lat' dir='ltr'><strong><em>dicit</em></strong></span> 
     </span>
    </p>
   </div>
   <div class='ocr_carea' id='block_1_34' title="bbox 472 1907 2067 1983">
    <p class='ocr_par' dir='ltr' id='par_1_34' title="bbox 472 1907 2067 1983">
     <span class='ocr_line' id='line_1_34' title="bbox 472 1907 2067 1983; baseline -0.002 -16"><span class='ocrx_word' id='word_1_237' title='bbox 472 1916 651 1983; x_wconf 87' lang='lat' dir='ltr'><strong><em>potest</em></strong></span> <span class='ocrx_word' id='word_1_238' title='bbox 676 1926 691 1973; x_wconf 85' lang='lat'><strong><em>;</em></strong></span> <span class='ocrx_word' id='word_1_239' title='bbox 719 1924 816 1982; x_wconf 89' lang='lat' dir='ltr'><strong><em>per</em></strong></span> <span class='ocrx_word' id='word_1_240' title='bbox 844 1907 1085 1981; x_wconf 90' lang='lat' dir='ltr'><strong><em>lapidem</em></strong></span> <span class='ocrx_word' id='word_1_241' title='bbox 1111 1923 1244 1965; x_wconf 88' lang='lat' dir='ltr'><strong><em>vero</em></strong></span> <span class='ocrx_word' id='word_1_242' title='bbox 1276 1908 1541 1965; x_wconf 89' lang='lat' dir='ltr'><strong><em>molarem</em></strong></span> <span class='ocrx_word' id='word_1_243' title='bbox 1590 1923 1848 1982; x_wconf 89' lang='lat' dir='ltr'><strong><em>magnum</em></strong></span> <span class='ocrx_word' id='word_1_244' title='bbox 1886 1908 2067 1964; x_wconf 89' lang='lat' dir='ltr'><strong><em>omnis</em></strong></span> 
     </span>
    </p>
   </div>
   <div class='ocr_carea' id='block_1_35' title="bbox 472 1996 2067 2071">
    <p class='ocr_par' dir='ltr' id='par_1_35' title="bbox 472 1996 2067 2071">
     <span class='ocr_line' id='line_1_35' title="bbox 472 1996 2067 2071; baseline -0.002 -15"><span class='ocrx_word' id='word_1_245' title='bbox 472 1997 776 2056; x_wconf 89' lang='lat' dir='ltr'><strong><em>multitudo</em></strong></span> <span class='ocrx_word' id='word_1_246' title='bbox 818 1997 1117 2071; x_wconf 91' lang='lat' dir='ltr'><strong><em>impiorum</em></strong></span> <span class='ocrx_word' id='word_1_247' title='bbox 1163 1996 1527 2071; x_wconf 84' lang='lat' dir='ltr'><strong><em>designatur:</em></strong></span> <span class='ocrx_word' id='word_1_248' title='bbox 1562 2013 1711 2054; x_wconf 88' lang='lat' dir='ltr'><strong><em>mare</em></strong></span> <span class='ocrx_word' id='word_1_249' title='bbox 1757 2004 1940 2054; x_wconf 88' lang='lat' dir='ltr'><strong><em>autem</em></strong></span> <span class='ocrx_word' id='word_1_250' title='bbox 1983 1997 2067 2053; x_wconf 91' lang='lat' dir='ltr'><strong><em>in-</em></strong></span> 
     </span>
    </p>
   </div>
   <div class='ocr_carea' id='block_1_36' title="bbox 474 2084 2061 2160">
    <p class='ocr_par' dir='ltr' id='par_1_36' title="bbox 474 2084 2061 2160">
     <span class='ocr_line' id='line_1_36' title="bbox 474 2084 2061 2160; baseline 0 -17"><span class='ocrx_word' id='word_1_251' title='bbox 474 2086 691 2145; x_wconf 88' lang='lat' dir='ltr'><strong><em>fernum</em></strong></span> <span class='ocrx_word' id='word_1_252' title='bbox 722 2085 990 2160; x_wconf 86' lang='lat' dir='ltr'><strong><em>designat,</em></strong></span> <span class='ocrx_word' id='word_1_253' title='bbox 1023 2086 1081 2143; x_wconf 92' lang='lat' dir='ltr'><strong><em>in</em></strong></span> <span class='ocrx_word' id='word_1_254' title='bbox 1110 2102 1219 2160; x_wconf 88' lang='lat' dir='ltr'><strong><em>quo</em></strong></span> <span class='ocrx_word' id='word_1_255' title='bbox 1249 2101 1440 2143; x_wconf 91' lang='lat' dir='ltr'><strong><em>omnes</em></strong></span> <span class='ocrx_word' id='word_1_256' title='bbox 1469 2084 1628 2160; x_wconf 89' lang='lat' dir='ltr'><strong><em>impii</em></strong></span> <span class='ocrx_word' id='word_1_257' title='bbox 1658 2085 2061 2159; x_wconf 89' lang='lat' dir='ltr'><strong><em>demergentur.</em></strong></span> 
     </span>
    </p>
   </div>
   <div class='ocr_carea' id='block_1_37' title="bbox 472 2174 2061 2250">
    <p class='ocr_par' dir='ltr' id='par_1_37' title="bbox 472 2174 2061 2250">
     <span class='ocr_line' id='line_1_37' title="bbox 472 2174 2061 2250; baseline -0.001 -17"><span class='ocrx_word' id='word_1_258' title='bbox 472 2174 717 2250; x_wconf 84' lang='lat' dir='ltr'><strong><em>Angelus</em></strong></span> <span class='ocrx_word' id='word_1_259' title='bbox 769 2176 942 2250; x_wconf 85' lang='lat' dir='ltr'><strong><em>igitur</em></strong></span> <span class='ocrx_word' id='word_1_260' title='bbox 980 2174 1218 2250; x_wconf 89' lang='lat' dir='ltr'><strong><em>lapidem</em></strong></span> <span class='ocrx_word' id='word_1_261' title='bbox 1260 2175 1527 2232; x_wconf 89' lang='lat' dir='ltr'><strong><em>molarem</em></strong></span> <span class='ocrx_word' id='word_1_262' title='bbox 1575 2175 1636 2232; x_wconf 92' lang='lat' dir='ltr'><strong><em>in</em></strong></span> <span class='ocrx_word' id='word_1_263' title='bbox 1679 2191 1828 2232; x_wconf 89' lang='lat' dir='ltr'><strong><em>mare</em></strong></span> <span class='ocrx_word' id='word_1_264' title='bbox 1872 2175 2061 2244; x_wconf 86' lang='lat' dir='ltr'><strong><em>misit;</em></strong></span> 
     </span>
    </p>
   </div>
   <div class='ocr_carea' id='block_1_38' title="bbox 473 2266 2067 2343">
    <p class='ocr_par' dir='ltr' id='par_1_38' title="bbox 473 2266 2067 2343">
     <span class='ocr_line' id='line_1_38' title="bbox 473 2266 2067 2343; baseline -0.002 -17"><span class='ocrx_word' id='word_1_265' title='bbox 473 2269 604 2343; x_wconf 86' lang='lat' dir='ltr'><strong><em>quia</em></strong></span> <span class='ocrx_word' id='word_1_266' title='bbox 630 2268 903 2326; x_wconf 90' lang='lat' dir='ltr'><strong><em>Dominus</em></strong></span> <span class='ocrx_word' id='word_1_267' title='bbox 931 2276 1115 2326; x_wconf 90' lang='lat' dir='ltr'><strong><em>noster</em></strong></span> <span class='ocrx_word' id='word_1_268' title='bbox 1140 2269 1294 2326; x_wconf 79' lang='lat' dir='ltr'><strong><em>Iesus</em></strong></span> <span class='ocrx_word' id='word_1_269' title='bbox 1331 2266 1585 2326; x_wconf 87' lang='lat' dir='ltr'><strong><em>Christus</em></strong></span> <span class='ocrx_word' id='word_1_270' title='bbox 1631 2268 1691 2324; x_wconf 91' lang='lat' dir='ltr'><strong><em>in</em></strong></span> <span class='ocrx_word' id='word_1_271' title='bbox 1736 2268 1828 2325; x_wconf 88' lang='lat' dir='ltr'><strong><em>die</em></strong></span> <span class='ocrx_word' id='word_1_272' title='bbox 1865 2266 2067 2341; x_wconf 88' lang='lat' dir='ltr'><strong><em>judicii</em></strong></span> 
     </span>
    </p>
   </div>
   <div class='ocr_carea' id='block_1_39' title="bbox 474 2355 2066 2432">
    <p class='ocr_par' dir='ltr' id='par_1_39' title="bbox 474 2355 2066 2432">
     <span class='ocr_line' id='line_1_39' title="bbox 474 2355 2066 2432; baseline -0.003 -15"><span class='ocrx_word' id='word_1_273' title='bbox 474 2374 695 2417; x_wconf 89' lang='lat' dir='ltr'><strong><em>omnem</em></strong></span> <span class='ocrx_word' id='word_1_274' title='bbox 743 2357 1043 2432; x_wconf 89' lang='lat' dir='ltr'><strong><em>impiorum</em></strong></span> <span class='ocrx_word' id='word_1_275' title='bbox 1090 2356 1503 2416; x_wconf 88' lang='lat' dir='ltr'><strong><em>multitudinem</em></strong></span> <span class='ocrx_word' id='word_1_276' title='bbox 1532 2373 1632 2415; x_wconf 88' lang='lat' dir='ltr'><strong><em>suo</em></strong></span> <span class='ocrx_word' id='word_1_277' title='bbox 1669 2356 1821 2431; x_wconf 88' lang='lat' dir='ltr'><strong><em>justo</em></strong></span> <span class='ocrx_word' id='word_1_278' title='bbox 1852 2355 2066 2430; x_wconf 90' lang='lat' dir='ltr'><strong><em>judicio</em></strong></span> 
     </span>
    </p>
   </div>
   <div class='ocr_carea' id='block_1_40' title="bbox 474 2446 1178 2521">
    <p class='ocr_par' dir='ltr' id='par_1_40' title="bbox 474 2446 1178 2521">
     <span class='ocr_line' id='line_1_40' title="bbox 474 2446 1178 2521; baseline 0.001 -18"><span class='ocrx_word' id='word_1_279' title='bbox 474 2448 534 2504; x_wconf 92' lang='lat' dir='ltr'><strong><em>in</em></strong></span> <span class='ocrx_word' id='word_1_280' title='bbox 570 2446 853 2521; x_wconf 78' lang='lat' dir='ltr'><strong><em>infernum</em></strong></span> <span class='ocrx_word' id='word_1_281' title='bbox 880 2446 1178 2521; x_wconf 85' lang='lat' dir='ltr'><strong><em>demerget.</em></strong></span> 
     </span>
    </p>
   </div>
   <div class='ocr_carea' id='block_1_41' title="bbox 546 2509 2068 2619">
    <p class='ocr_par' dir='ltr' id='par_1_41' title="bbox 546 2509 2068 2619">
     <span class='ocr_line' id='line_1_41' title="bbox 546 2509 2068 2619; baseline -0.002 -16"><span class='ocrx_word' id='word_1_282' title='bbox 546 2509 747 2619; x_wconf 38' lang='lat' dir='ltr'><strong><em>(Vere?</em></strong></span> <span class='ocrx_word' id='word_1_283' title='bbox 760 2544 852 2615; x_wconf 87' lang='grc'>22,</span> <span class='ocrx_word' id='word_1_284' title='bbox 894 2544 1012 2619; x_wconf 89' lang='grc'><strong><em>23.)</em></strong></span> <span class='ocrx_word' id='word_1_285' title='bbox 1056 2509 1133 2603; x_wconf 66' lang='grc' dir='ltr'>ἐι</span> <span class='ocrx_word' id='word_1_286' title='bbox 1160 2561 1266 2601; x_wconf 71' lang='lat' dir='ltr'><strong><em>vos:</em></strong></span> <span class='ocrx_word' id='word_1_287' title='bbox 1293 2544 1724 2612; x_wconf 78' lang='lat' dir='ltr'><strong><em>cithareedorum,</em></strong></span> <span class='ocrx_word' id='word_1_288' title='bbox 1759 2549 1807 2600; x_wconf 88' lang='lat' dir='ltr'><strong><em>et</em></strong></span> <span class='ocrx_word' id='word_1_289' title='bbox 1833 2543 2068 2601; x_wconf 87' lang='lat' dir='ltr'><strong><em>musico-</em></strong></span> 
     </span>
    </p>
   </div>
   <div class='ocr_carea' id='block_1_42' title="bbox 470 2632 2069 2704">
    <p class='ocr_par' dir='ltr' id='par_1_42' title="bbox 470 2632 2069 2704">
     <span class='ocr_line' id='line_1_42' title="bbox 470 2632 2069 2704; baseline 0 -12"><span class='ocrx_word' id='word_1_290' title='bbox 470 2651 613 2701; x_wconf 86' lang='lat' dir='ltr'><strong><em>rum,</em></strong></span> <span class='ocrx_word' id='word_1_291' title='bbox 644 2640 693 2691; x_wconf 92' lang='lat' dir='ltr'><strong><em>et</em></strong></span> <span class='ocrx_word' id='word_1_292' title='bbox 721 2634 850 2693; x_wconf 87' lang='lat' dir='ltr'><strong><em>tibia</em></strong></span> <span class='ocrx_word' id='word_1_293' title='bbox 883 2635 1181 2692; x_wconf 75' lang='lat' dir='ltr'><strong><em>canentium</em></strong></span> <span class='ocrx_word' id='word_1_294' title='bbox 1214 2641 1262 2691; x_wconf 89' lang='lat' dir='ltr'><strong><em>et</em></strong></span> <span class='ocrx_word' id='word_1_295' title='bbox 1305 2634 1450 2704; x_wconf 88' lang='lat' dir='ltr'><strong><em>tuba,</em></strong></span> <span class='ocrx_word' id='word_1_296' title='bbox 1488 2650 1596 2690; x_wconf 89' lang='lat' dir='ltr'><strong><em>non</em></strong></span> <span class='ocrx_word' id='word_1_297' title='bbox 1634 2632 1884 2690; x_wconf 85' lang='lat' dir='ltr'><strong><em>audietur</em></strong></span> <span class='ocrx_word' id='word_1_298' title='bbox 1926 2634 1986 2689; x_wconf 90' lang='lat' dir='ltr'><strong><em>in</em></strong></span> <span class='ocrx_word' id='word_1_299' title='bbox 2023 2639 2069 2692; x_wconf 85' lang='lat' dir='ltr'><strong><em>te</em></strong></span> 
     </span>
    </p>
   </div>
   <div class='ocr_carea' id='block_1_43' title="bbox 470 2723 2066 2798">
    <p class='ocr_par' dir='ltr' id='par_1_43' title="bbox 470 2723 2066 2798">
     <span class='ocr_line' id='line_1_43' title="bbox 470 2723 2066 2798; baseline -0.002 -16"><span class='ocrx_word' id='word_1_300' title='bbox 470 2723 722 2798; x_wconf 84' lang='lat' dir='ltr'><strong><em>amplius.</em></strong></span> <span class='ocrx_word' id='word_1_301' title='bbox 757 2724 874 2783; x_wconf 86' lang='lat' dir='ltr'><strong><em>Hoc</em></strong></span> <span class='ocrx_word' id='word_1_302' title='bbox 903 2724 1160 2798; x_wconf 87' lang='lat' dir='ltr'><strong><em>superius</em></strong></span> <span class='ocrx_word' id='word_1_303' title='bbox 1206 2732 1693 2782; x_wconf 89' lang='lat' dir='ltr'><strong><em>commemoratum</em></strong></span> <span class='ocrx_word' id='word_1_304' title='bbox 1725 2728 1825 2780; x_wconf 87' lang='lat' dir='ltr'><strong><em>est.</em></strong></span> <span class='ocrx_word' id='word_1_305' title='bbox 1857 2724 1933 2779; x_wconf 89' lang='lat' dir='ltr'><strong><em>Et</em></strong></span> <span class='ocrx_word' id='word_1_306' title='bbox 1959 2740 2066 2779; x_wconf 93' lang='lat' dir='ltr'><strong><em>om-</em></strong></span> 
     </span>
    </p>
   </div>
   <div class='ocr_carea' id='block_1_44' title="bbox 469 2812 2063 2884">
    <p class='ocr_par' dir='ltr' id='par_1_44' title="bbox 469 2812 2063 2884">
     <span class='ocr_line' id='line_1_44' title="bbox 469 2812 2063 2884; baseline -0.001 -15"><span class='ocrx_word' id='word_1_307' title='bbox 469 2814 556 2870; x_wconf 84' lang='lat' dir='ltr'><strong><em>nis</em></strong></span> <span class='ocrx_word' id='word_1_308' title='bbox 582 2813 808 2884; x_wconf 68' lang='lat' dir='ltr'><strong><em>artifex,</em></strong></span> <span class='ocrx_word' id='word_1_309' title='bbox 836 2820 882 2870; x_wconf 89' lang='lat' dir='ltr'><strong><em>et</em></strong></span> <span class='ocrx_word' id='word_1_310' title='bbox 896 2815 1065 2869; x_wconf 88' lang='lat' dir='ltr'><strong><em>omnis</em></strong></span> <span class='ocrx_word' id='word_1_311' title='bbox 1092 2830 1308 2870; x_wconf 88' lang='lat' dir='ltr'><strong><em>arsnon</em></strong></span> <span class='ocrx_word' id='word_1_312' title='bbox 1334 2812 1627 2870; x_wconf 83' lang='lat' dir='ltr'><strong><em>invenietur</em></strong></span> <span class='ocrx_word' id='word_1_313' title='bbox 1653 2812 1711 2869; x_wconf 89' lang='lat' dir='ltr'><strong><em>in</em></strong></span> <span class='ocrx_word' id='word_1_314' title='bbox 1737 2819 1782 2869; x_wconf 90' lang='lat' dir='ltr'><strong><em>te</em></strong></span> <span class='ocrx_word' id='word_1_315' title='bbox 1810 2813 2063 2884; x_wconf 86' lang='lat' dir='ltr'><strong><em>amplius,</em></strong></span> 
     </span>
    </p>
   </div>
   <div class='ocr_carea' id='block_1_45' title="bbox 469 2905 2065 2978">
    <p class='ocr_par' dir='ltr' id='par_1_45' title="bbox 469 2905 2065 2978">
     <span class='ocr_line' id='line_1_45' title="bbox 469 2905 2065 2978; baseline 0.003 -21"><span class='ocrx_word' id='word_1_316' title='bbox 469 2908 520 2958; x_wconf 88' lang='lat' dir='ltr'><strong><em>et</em></strong></span> <span class='ocrx_word' id='word_1_317' title='bbox 568 2921 673 2958; x_wconf 71' lang='lat' dir='ltr'><strong><em>vos:</em></strong></span> <span class='ocrx_word' id='word_1_318' title='bbox 720 2905 872 2959; x_wconf 65' lang='lat' dir='ltr'><strong><em>molle</em></strong></span> <span class='ocrx_word' id='word_1_319' title='bbox 918 2920 1028 2959; x_wconf 87' lang='lat' dir='ltr'><strong><em>non</em></strong></span> <span class='ocrx_word' id='word_1_320' title='bbox 1079 2906 1332 2961; x_wconf 82' lang='lat' dir='ltr'><strong><em>audietur</em></strong></span> <span class='ocrx_word' id='word_1_321' title='bbox 1386 2907 1443 2962; x_wconf 89' lang='lat' dir='ltr'><strong><em>in</em></strong></span> <span class='ocrx_word' id='word_1_322' title='bbox 1482 2913 1527 2961; x_wconf 92' lang='lat' dir='ltr'><strong><em>te</em></strong></span> <span class='ocrx_word' id='word_1_323' title='bbox 1572 2905 1824 2978; x_wconf 84' lang='lat' dir='ltr'><strong><em>amplius,</em></strong></span> <span class='ocrx_word' id='word_1_324' title='bbox 1868 2911 1916 2960; x_wconf 92' lang='lat' dir='ltr'><strong><em>et</em></strong></span> <span class='ocrx_word' id='word_1_325' title='bbox 1970 2906 2065 2962; x_wconf 72' lang='lat' dir='ltr'><strong><em>lue:</em></strong></span> 
     </span>
    </p>
   </div>
   <div class='ocr_carea' id='block_1_46' title="bbox 473 2991 2069 3066">
    <p class='ocr_par' dir='ltr' id='par_1_46' title="bbox 473 2991 2069 3066">
     <span class='ocr_line' id='line_1_46' title="bbox 473 2991 2069 3066; baseline 0.002 -19"><span class='ocrx_word' id='word_1_326' title='bbox 473 2993 696 3048; x_wconf 67' lang='lat' dir='ltr'><strong><em>lucerna:</em></strong></span> <span class='ocrx_word' id='word_1_327' title='bbox 720 3008 829 3047; x_wconf 87' lang='lat' dir='ltr'><strong><em>non</em></strong></span> <span class='ocrx_word' id='word_1_328' title='bbox 858 2991 1044 3048; x_wconf 90' lang='lat' dir='ltr'><strong><em>lucebit</em></strong></span> <span class='ocrx_word' id='word_1_329' title='bbox 1085 2993 1145 3048; x_wconf 88' lang='lat' dir='ltr'><strong><em>in</em></strong></span> <span class='ocrx_word' id='word_1_330' title='bbox 1186 2999 1231 3048; x_wconf 87' lang='lat' dir='ltr'><strong><em>te</em></strong></span> <span class='ocrx_word' id='word_1_331' title='bbox 1274 2994 1527 3066; x_wconf 87' lang='lat' dir='ltr'><strong><em>amplius,</em></strong></span> <span class='ocrx_word' id='word_1_332' title='bbox 1559 3000 1607 3049; x_wconf 91' lang='lat' dir='ltr'><strong><em>et</em></strong></span> <span class='ocrx_word' id='word_1_333' title='bbox 1648 3011 1753 3049; x_wconf 77' lang='lat' dir='ltr'><strong><em>vox</em></strong></span> <span class='ocrx_word' id='word_1_334' title='bbox 1797 2994 1975 3065; x_wconf 86' lang='lat' dir='ltr'><strong><em>sponsi</em></strong></span> <span class='ocrx_word' id='word_1_335' title='bbox 2018 2999 2069 3050; x_wconf 88' lang='lat' dir='ltr'><strong><em>et</em></strong></span> 
     </span>
    </p>
   </div>
   <div class='ocr_carea' id='block_1_47' title="bbox 468 3080 2065 3153">
    <p class='ocr_par' dir='ltr' id='par_1_47' title="bbox 468 3080 2065 3153">
     <span class='ocr_line' id='line_1_47' title="bbox 468 3080 2065 3153; baseline 0.003 -17"><span class='ocrx_word' id='word_1_336' title='bbox 468 3095 673 3153; x_wconf 76' lang='lat' dir='ltr'><strong><em>sponsa:</em></strong></span> <span class='ocrx_word' id='word_1_337' title='bbox 699 3096 807 3137; x_wconf 86' lang='lat' dir='ltr'><strong><em>non</em></strong></span> <span class='ocrx_word' id='word_1_338' title='bbox 833 3080 1083 3137; x_wconf 84' lang='lat' dir='ltr'><strong><em>audietur</em></strong></span> <span class='ocrx_word' id='word_1_339' title='bbox 1127 3080 1184 3137; x_wconf 89' lang='lat' dir='ltr'><strong><em>in</em></strong></span> <span class='ocrx_word' id='word_1_340' title='bbox 1214 3089 1259 3138; x_wconf 87' lang='lat' dir='ltr'><strong><em>te</em></strong></span> <span class='ocrx_word' id='word_1_341' title='bbox 1286 3082 1477 3139; x_wconf 91' lang='lat' dir='ltr'><strong><em>adhuc.</em></strong></span> <span class='ocrx_word' id='word_1_342' title='bbox 1509 3082 1876 3150; x_wconf 59' lang='lat' dir='ltr'><strong><em>Quaerendum</em></strong></span> <span class='ocrx_word' id='word_1_343' title='bbox 1903 3081 2065 3140; x_wconf 89' lang='lat' dir='ltr'><strong><em>nobis</em></strong></span> 
     </span>
    </p>
   </div>
   <div class='ocr_carea' id='block_1_48' title="bbox 2176 1909 3789 1984">
    <p class='ocr_par' dir='ltr' id='par_1_48' title="bbox 2176 1909 3789 1984">
     <span class='ocr_line' id='line_1_48' title="bbox 2176 1909 3789 1984; baseline -0.001 -18"><span class='ocrx_word' id='word_1_344' title='bbox 2176 1909 2363 1984; x_wconf 90' lang='lat' dir='ltr'><strong><em>impiis</em></strong></span> <span class='ocrx_word' id='word_1_345' title='bbox 2385 1909 2589 1968; x_wconf 74' lang='lat' dir='ltr'><strong><em>Iudaeis</em></strong></span> <span class='ocrx_word' id='word_1_346' title='bbox 2618 1909 2720 1966; x_wconf 90' lang='lat' dir='ltr'><strong><em>sub</em></strong></span> <span class='ocrx_word' id='word_1_347' title='bbox 2763 1909 3052 1967; x_wconf 87' lang='lat' dir='ltr'><strong><em>intellectu</em></strong></span> <span class='ocrx_word' id='word_1_348' title='bbox 3078 1910 3333 1966; x_wconf 90' lang='lat' dir='ltr'><strong><em>omnium</em></strong></span> <span class='ocrx_word' id='word_1_349' title='bbox 3367 1909 3749 1983; x_wconf 85' lang='lat' dir='ltr'><strong><em>reproborum</em></strong></span> <span class='ocrx_word' id='word_1_350' title='bbox 3775 1926 3789 1965; x_wconf 91' lang='lat'><strong><em>:</em></strong></span> 
     </span>
    </p>
   </div>
   <div class='ocr_carea' id='block_1_49' title="bbox 2189 1999 3789 2074">
    <p class='ocr_par' dir='ltr' id='par_1_49' title="bbox 2189 1999 3789 2074">
     <span class='ocr_line' id='line_1_49' title="bbox 2189 1999 3789 2074; baseline -0.001 -16"><span class='ocrx_word' id='word_1_351' title='bbox 2189 2024 2207 2048; x_wconf 80' lang='grc' dir='ltr'><strong><em>ι</em></strong></span> <span class='ocrx_word' id='word_1_352' title='bbox 2228 1999 2448 2069; x_wconf 86' lang='lat' dir='ltr'><strong><em>Veniet,</em></strong></span> <span class='ocrx_word' id='word_1_353' title='bbox 2490 2000 2694 2074; x_wconf 86' lang='lat' dir='ltr'><strong><em>inquit,</em></strong></span> <span class='ocrx_word' id='word_1_354' title='bbox 2740 2016 2903 2073; x_wconf 89' lang='lat' dir='ltr'><strong><em>super</em></strong></span> <span class='ocrx_word' id='word_1_355' title='bbox 2947 2016 3046 2057; x_wconf 87' lang='lat' dir='ltr'><strong><em>vos</em></strong></span> <span class='ocrx_word' id='word_1_356' title='bbox 3084 1999 3268 2057; x_wconf 89' lang='lat' dir='ltr'><strong><em>omnis</em></strong></span> <span class='ocrx_word' id='word_1_357' title='bbox 3318 2000 3549 2073; x_wconf 86' lang='lat' dir='ltr'><strong><em>sanguis</em></strong></span> <span class='ocrx_word' id='word_1_358' title='bbox 3599 1999 3789 2071; x_wconf 82' lang='lat' dir='ltr'><strong><em>justus</em></strong></span> 
     </span>
    </p>
   </div>
   <div class='ocr_carea' id='block_1_50' title="bbox 2175 2088 3715 2163">
    <p class='ocr_par' dir='ltr' id='par_1_50' title="bbox 2175 2088 3715 2163">
     <span class='ocr_line' id='line_1_50' title="bbox 2175 2088 3715 2163; baseline 0.001 -19"><span class='ocrx_word' id='word_1_359' title='bbox 2175 2088 2271 2163; x_wconf 90' lang='lat' dir='ltr'><strong><em>qui</em></strong></span> <span class='ocrx_word' id='word_1_360' title='bbox 2299 2089 2505 2147; x_wconf 83' lang='lat' dir='ltr'><strong><em>eﬁ&#39;usus</em></strong></span> <span class='ocrx_word' id='word_1_361' title='bbox 2537 2097 2619 2147; x_wconf 90' lang='lat' dir='ltr'><strong><em>est</em></strong></span> <span class='ocrx_word' id='word_1_362' title='bbox 2649 2106 2814 2163; x_wconf 90' lang='lat' dir='ltr'><strong><em>super</em></strong></span> <span class='ocrx_word' id='word_1_363' title='bbox 2838 2098 3042 2147; x_wconf 87' lang='lat' dir='ltr'><strong><em>terram</em></strong></span> <span class='ocrx_word' id='word_1_364' title='bbox 3072 2089 3288 2163; x_wconf 83' lang='lat' dir='ltr'><strong><em>(Matth.</em></strong></span> <span class='ocrx_word' id='word_1_365' title='bbox 3322 2106 3493 2159; x_wconf 66' lang='grc' dir='ltr'>χχιιι,</span> <span class='ocrx_word' id='word_1_366' title='bbox 3524 2089 3651 2160; x_wconf 82' lang='lat'><strong><em>35).</em></strong></span> <span class='ocrx_word' id='word_1_367' title='bbox 3684 2111 3715 2139; x_wconf 71' lang='grc' dir='ltr'><strong><em>υ</em></strong></span> 
     </span>
    </p>
   </div>
   <div class='ocr_carea' id='block_1_51' title="bbox 2244 2177 3787 2253">
    <p class='ocr_par' dir='ltr' id='par_1_51' title="bbox 2244 2177 3787 2253">
     <span class='ocr_line' id='line_1_51' title="bbox 2244 2177 3787 2253; baseline 0 -17"><span class='ocrx_word' id='word_1_368' title='bbox 2244 2177 2473 2236; x_wconf 85' lang='lat' dir='ltr'><strong><em>CAPUT</em></strong></span> <span class='ocrx_word' id='word_1_369' title='bbox 2502 2180 2658 2237; x_wconf 85' lang='lat' dir='ltr'><strong><em>XIX.</em></strong></span> <span class='ocrx_word' id='word_1_370' title='bbox 2682 2211 2755 2222; x_wconf 94' lang='lat'>—</span> <span class='ocrx_word' id='word_1_371' title='bbox 2783 2180 2963 2253; x_wconf 81' lang='lat' dir='ltr'><strong><em>(Vers.</em></strong></span> <span class='ocrx_word' id='word_1_372' title='bbox 2996 2180 3146 2253; x_wconf 84' lang='grc'>1-8.)</span> <span class='ocrx_word' id='word_1_373' title='bbox 3174 2180 3251 2236; x_wconf 88' lang='lat' dir='ltr'><strong><em>Et</em></strong></span> <span class='ocrx_word' id='word_1_374' title='bbox 3278 2180 3467 2235; x_wconf 83' lang='lat' dir='ltr'><strong><em>audivi</em></strong></span> <span class='ocrx_word' id='word_1_375' title='bbox 3493 2179 3660 2250; x_wconf 82' lang='lat' dir='ltr'><strong><em>quasi</em></strong></span> <span class='ocrx_word' id='word_1_376' title='bbox 3686 2197 3787 2236; x_wconf 73' lang='grc' dir='ltr'><strong><em>σο-</em></strong></span> 
     </span>
    </p>
   </div>
   <div class='ocr_carea' id='block_1_52' title="bbox 2173 2270 3780 2342">
    <p class='ocr_par' dir='ltr' id='par_1_52' title="bbox 2173 2270 3780 2342">
     <span class='ocr_line' id='line_1_52' title="bbox 2173 2270 3780 2342; baseline -0.001 -16"><span class='ocrx_word' id='word_1_377' title='bbox 2173 2285 2281 2326; x_wconf 90' lang='lat' dir='ltr'><strong><em>cem</em></strong></span> <span class='ocrx_word' id='word_1_378' title='bbox 2308 2286 2551 2342; x_wconf 87' lang='lat' dir='ltr'><strong><em>magnam</em></strong></span> <span class='ocrx_word' id='word_1_379' title='bbox 2581 2270 2827 2327; x_wconf 84' lang='lat' dir='ltr'><strong><em>tubarum</em></strong></span> <span class='ocrx_word' id='word_1_380' title='bbox 2854 2272 3149 2326; x_wconf 88' lang='lat' dir='ltr'><strong><em>multarum</em></strong></span> <span class='ocrx_word' id='word_1_381' title='bbox 3195 2270 3254 2325; x_wconf 88' lang='lat' dir='ltr'><strong><em>in</em></strong></span> <span class='ocrx_word' id='word_1_382' title='bbox 3289 2271 3416 2325; x_wconf 75' lang='lat' dir='ltr'><strong><em>ccelo</em></strong></span> <span class='ocrx_word' id='word_1_383' title='bbox 3441 2270 3736 2325; x_wconf 67' lang='lat' dir='ltr'><strong><em>dicentium</em></strong></span> <span class='ocrx_word' id='word_1_384' title='bbox 3765 2288 3780 2325; x_wconf 93' lang='lat'><strong>:</strong></span> 
     </span>
    </p>
   </div>
   <div class='ocr_carea' id='block_1_53' title="bbox 2173 2357 3779 2431">
    <p class='ocr_par' dir='ltr' id='par_1_53' title="bbox 2173 2357 3779 2431">
     <span class='ocr_line' id='line_1_53' title="bbox 2173 2357 3779 2431; baseline 0 -16"><span class='ocrx_word' id='word_1_385' title='bbox 2173 2358 2431 2429; x_wconf 82' lang='lat' dir='ltr'><strong><em>Alleluia,</em></strong></span> <span class='ocrx_word' id='word_1_386' title='bbox 2461 2360 2629 2428; x_wconf 89' lang='lat' dir='ltr'><strong><em>salus,</em></strong></span> <span class='ocrx_word' id='word_1_387' title='bbox 2660 2365 2705 2415; x_wconf 90' lang='lat' dir='ltr'><strong><em>et</em></strong></span> <span class='ocrx_word' id='word_1_388' title='bbox 2754 2358 2950 2431; x_wconf 87' lang='lat' dir='ltr'><strong><em>gloria,</em></strong></span> <span class='ocrx_word' id='word_1_389' title='bbox 2991 2364 3039 2415; x_wconf 89' lang='lat' dir='ltr'><strong><em>et</em></strong></span> <span class='ocrx_word' id='word_1_390' title='bbox 3078 2357 3251 2414; x_wconf 78' lang='lat' dir='ltr'><strong><em>virtus</em></strong></span> <span class='ocrx_word' id='word_1_391' title='bbox 3299 2358 3410 2414; x_wconf 87' lang='lat' dir='ltr'><strong><em>Deo</em></strong></span> <span class='ocrx_word' id='word_1_392' title='bbox 3459 2364 3656 2414; x_wconf 85' lang='lat' dir='ltr'><strong><em>nostro</em></strong></span> <span class='ocrx_word' id='word_1_393' title='bbox 3686 2365 3779 2427; x_wconf 86' lang='lat' dir='ltr'><strong><em>est,</em></strong></span> 
     </span>
    </p>
   </div>
   <div class='ocr_carea' id='block_1_54' title="bbox 2175 2453 3781 2527">
    <p class='ocr_par' dir='ltr' id='par_1_54' title="bbox 2175 2453 3781 2527">
     <span class='ocr_line' id='line_1_54' title="bbox 2175 2453 3781 2527; baseline -0.001 -15"><span class='ocrx_word' id='word_1_394' title='bbox 2175 2456 2303 2527; x_wconf 85' lang='lat' dir='ltr'><strong><em>quia</em></strong></span> <span class='ocrx_word' id='word_1_395' title='bbox 2328 2472 2455 2511; x_wconf 84' lang='lat' dir='ltr'><strong><em>vera</em></strong></span> <span class='ocrx_word' id='word_1_396' title='bbox 2483 2462 2530 2510; x_wconf 90' lang='lat' dir='ltr'><strong><em>et</em></strong></span> <span class='ocrx_word' id='word_1_397' title='bbox 2548 2453 2701 2524; x_wconf 88' lang='lat' dir='ltr'><strong><em>justa</em></strong></span> <span class='ocrx_word' id='word_1_398' title='bbox 2730 2455 2942 2526; x_wconf 87' lang='lat' dir='ltr'><strong><em>judicia</em></strong></span> <span class='ocrx_word' id='word_1_399' title='bbox 2982 2454 3096 2525; x_wconf 85' lang='lat' dir='ltr'><strong><em>ejus</em></strong></span> <span class='ocrx_word' id='word_1_400' title='bbox 3138 2460 3302 2523; x_wconf 81' lang='lat' dir='ltr'><strong><em>sunt;</em></strong></span> <span class='ocrx_word' id='word_1_401' title='bbox 3357 2453 3489 2525; x_wconf 82' lang='lat' dir='ltr'><strong><em>quia</em></strong></span> <span class='ocrx_word' id='word_1_402' title='bbox 3508 2454 3781 2524; x_wconf 73' lang='lat' dir='ltr'><strong><em>judicavit</em></strong></span> 
     </span>
    </p>
   </div>
   <div class='ocr_carea' id='block_1_55' title="bbox 2174 2542 3777 2615">
    <p class='ocr_par' dir='ltr' id='par_1_55' title="bbox 2174 2542 3777 2615">
     <span class='ocr_line' id='line_1_55' title="bbox 2174 2542 3777 2615; baseline 0.001 -16"><span class='ocrx_word' id='word_1_403' title='bbox 2174 2544 2237 2600; x_wconf 88' lang='lat' dir='ltr'><strong><em>de</em></strong></span> <span class='ocrx_word' id='word_1_404' title='bbox 2262 2543 2532 2599; x_wconf 86' lang='lat' dir='ltr'><strong><em>meretrice</em></strong></span> <span class='ocrx_word' id='word_1_405' title='bbox 2563 2560 2775 2615; x_wconf 89' lang='lat' dir='ltr'><strong><em>magna,</em></strong></span> <span class='ocrx_word' id='word_1_406' title='bbox 2805 2560 2922 2615; x_wconf 71' lang='lat' dir='ltr'><strong><em>qua:</em></strong></span> <span class='ocrx_word' id='word_1_407' title='bbox 2949 2542 3191 2615; x_wconf 87' lang='lat' dir='ltr'><strong><em>corrupit</em></strong></span> <span class='ocrx_word' id='word_1_408' title='bbox 3238 2549 3440 2598; x_wconf 84' lang='lat' dir='ltr'><strong><em>terram</em></strong></span> <span class='ocrx_word' id='word_1_409' title='bbox 3483 2543 3545 2599; x_wconf 77' lang='lat' dir='ltr'><strong><em>in</em></strong></span> <span class='ocrx_word' id='word_1_410' title='bbox 3578 2546 3777 2615; x_wconf 83' lang='lat' dir='ltr'><strong><em>prosti-</em></strong></span> 
     </span>
    </p>
   </div>
   <div class='ocr_carea' id='block_1_56' title="bbox 2177 2628 3779 2706">
    <p class='ocr_par' dir='ltr' id='par_1_56' title="bbox 2177 2628 3779 2706">
     <span class='ocr_line' id='line_1_56' title="bbox 2177 2628 3779 2706; baseline 0 -16"><span class='ocrx_word' id='word_1_411' title='bbox 2177 2634 2373 2691; x_wconf 86' lang='lat' dir='ltr'><strong><em>tutione</em></strong></span> <span class='ocrx_word' id='word_1_412' title='bbox 2411 2650 2529 2704; x_wconf 89' lang='lat' dir='ltr'><strong><em>sua,</em></strong></span> <span class='ocrx_word' id='word_1_413' title='bbox 2560 2640 2611 2690; x_wconf 89' lang='lat' dir='ltr'><strong><em>et</em></strong></span> <span class='ocrx_word' id='word_1_414' title='bbox 2636 2628 2926 2691; x_wconf 60' lang='lat' dir='ltr'><strong><em>viiﬁicavit</em></strong></span> <span class='ocrx_word' id='word_1_415' title='bbox 2967 2633 3273 2706; x_wconf 85' lang='lat' dir='ltr'><strong><em>sanguinem</em></strong></span> <span class='ocrx_word' id='word_1_416' title='bbox 3298 2639 3617 2690; x_wconf 82' lang='lat' dir='ltr'><strong><em>sanctorum</em></strong></span> <span class='ocrx_word' id='word_1_417' title='bbox 3648 2652 3779 2690; x_wconf 80' lang='lat' dir='ltr'><strong><em>suo—-</em></strong></span> 
     </span>
    </p>
   </div>
   <div class='ocr_carea' id='block_1_57' title="bbox 2174 2724 3780 2795">
    <p class='ocr_par' dir='ltr' id='par_1_57' title="bbox 2174 2724 3780 2795">
     <span class='ocr_line' id='line_1_57' title="bbox 2174 2724 3780 2795; baseline 0 -13"><span class='ocrx_word' id='word_1_418' title='bbox 2174 2743 2297 2782; x_wconf 90' lang='lat' dir='ltr'><strong><em>rum</em></strong></span> <span class='ocrx_word' id='word_1_419' title='bbox 2324 2726 2387 2781; x_wconf 90' lang='lat' dir='ltr'><strong><em>de</em></strong></span> <span class='ocrx_word' id='word_1_420' title='bbox 2414 2741 2579 2781; x_wconf 89' lang='lat' dir='ltr'><strong><em>manu</em></strong></span> <span class='ocrx_word' id='word_1_421' title='bbox 2603 2724 2736 2795; x_wconf 86' lang='lat' dir='ltr'><strong><em>ejus.</em></strong></span> <span class='ocrx_word' id='word_1_422' title='bbox 2775 2726 2851 2782; x_wconf 89' lang='lat' dir='ltr'><strong><em>Et</em></strong></span> <span class='ocrx_word' id='word_1_423' title='bbox 2879 2724 3070 2781; x_wconf 86' lang='lat' dir='ltr'><strong><em>iterum</em></strong></span> <span class='ocrx_word' id='word_1_424' title='bbox 3096 2725 3385 2781; x_wconf 73' lang='lat' dir='ltr'><strong><em>dixerunt:</em></strong></span> <span class='ocrx_word' id='word_1_425' title='bbox 3415 2725 3669 2781; x_wconf 79' lang='lat' dir='ltr'><strong><em>Alleluia</em></strong></span> <span class='ocrx_word' id='word_1_426' title='bbox 3687 2744 3710 2791; x_wconf 88' lang='lat'><strong><em>;</em></strong></span> <span class='ocrx_word' id='word_1_427' title='bbox 3733 2732 3780 2782; x_wconf 84' lang='lat' dir='ltr'><strong><em>et</em></strong></span> 
     </span>
    </p>
   </div>
   <div class='ocr_carea' id='block_1_58' title="bbox 2173 2815 3779 2889">
    <p class='ocr_par' dir='ltr' id='par_1_58' title="bbox 2173 2815 3779 2889">
     <span class='ocr_line' id='line_1_58' title="bbox 2173 2815 3779 2889; baseline -0.001 -16"><span class='ocrx_word' id='word_1_428' title='bbox 2173 2816 2356 2889; x_wconf 84' lang='lat' dir='ltr'><strong><em>fumus</em></strong></span> <span class='ocrx_word' id='word_1_429' title='bbox 2384 2815 2499 2886; x_wconf 86' lang='lat' dir='ltr'><strong><em>ejus</em></strong></span> <span class='ocrx_word' id='word_1_430' title='bbox 2526 2815 2761 2872; x_wconf 84' lang='lat' dir='ltr'><strong><em>ascendit</em></strong></span> <span class='ocrx_word' id='word_1_431' title='bbox 2786 2816 2846 2871; x_wconf 89' lang='lat' dir='ltr'><strong><em>in</em></strong></span> <span class='ocrx_word' id='word_1_432' title='bbox 2885 2816 3081 2872; x_wconf 62' lang='lat' dir='ltr'><strong><em>secula</em></strong></span> <span class='ocrx_word' id='word_1_433' title='bbox 3117 2817 3453 2873; x_wconf 70' lang='lat' dir='ltr'><strong><em>saeculorum.</em></strong></span> <span class='ocrx_word' id='word_1_434' title='bbox 3487 2817 3564 2873; x_wconf 86' lang='lat' dir='ltr'><strong><em>Et</em></strong></span> <span class='ocrx_word' id='word_1_435' title='bbox 3590 2817 3779 2889; x_wconf 71' lang='lat' dir='ltr'><strong><em>viginti</em></strong></span> 
     </span>
    </p>
   </div>
   <div class='ocr_carea' id='block_1_59' title="bbox 2172 2906 3779 2980">
    <p class='ocr_par' dir='ltr' id='par_1_59' title="bbox 2172 2906 3779 2980">
     <span class='ocr_line' id='line_1_59' title="bbox 2172 2906 3779 2980; baseline 0.001 -17"><span class='ocrx_word' id='word_1_436' title='bbox 2172 2913 2403 2979; x_wconf 88' lang='lat' dir='ltr'><strong><em>quatuor</em></strong></span> <span class='ocrx_word' id='word_1_437' title='bbox 2428 2907 2658 2963; x_wconf 86' lang='lat' dir='ltr'><strong><em>seniores</em></strong></span> <span class='ocrx_word' id='word_1_438' title='bbox 2685 2906 2978 2963; x_wconf 85' lang='lat' dir='ltr'><strong><em>ceciderunt</em></strong></span> <span class='ocrx_word' id='word_1_439' title='bbox 3004 2908 3064 2963; x_wconf 87' lang='lat' dir='ltr'><strong><em>in</em></strong></span> <span class='ocrx_word' id='word_1_440' title='bbox 3088 2906 3251 2979; x_wconf 84' lang='lat' dir='ltr'><strong><em>facies</em></strong></span> <span class='ocrx_word' id='word_1_441' title='bbox 3278 2925 3426 2974; x_wconf 89' lang='lat' dir='ltr'><strong><em>suas,</em></strong></span> <span class='ocrx_word' id='word_1_442' title='bbox 3465 2914 3523 2965; x_wconf 88' lang='lat' dir='ltr'><strong><em>et</em></strong></span> <span class='ocrx_word' id='word_1_443' title='bbox 3543 2915 3779 2980; x_wconf 75' lang='lat' dir='ltr'><strong><em>quatuor</em></strong></span> 
     </span>
    </p>
   </div>
   <div class='ocr_carea' id='block_1_60' title="bbox 2171 2996 3781 3071">
    <p class='ocr_par' dir='ltr' id='par_1_60' title="bbox 2171 2996 3781 3071">
     <span class='ocr_line' id='line_1_60' title="bbox 2171 2996 3781 3071; baseline -0.001 -16"><span class='ocrx_word' id='word_1_444' title='bbox 2171 2998 2455 3067; x_wconf 86' lang='lat' dir='ltr'><strong><em>animalia,</em></strong></span> <span class='ocrx_word' id='word_1_445' title='bbox 2520 3004 2569 3054; x_wconf 91' lang='lat' dir='ltr'><strong><em>et</em></strong></span> <span class='ocrx_word' id='word_1_446' title='bbox 2631 2996 2993 3055; x_wconf 82' lang='lat' dir='ltr'><strong><em>adoraoerunt</em></strong></span> <span class='ocrx_word' id='word_1_447' title='bbox 3065 2999 3237 3056; x_wconf 89' lang='lat' dir='ltr'><strong><em>Deum</em></strong></span> <span class='ocrx_word' id='word_1_448' title='bbox 3288 2999 3544 3056; x_wconf 75' lang='lat' dir='ltr'><strong><em>sedentem</em></strong></span> <span class='ocrx_word' id='word_1_449' title='bbox 3619 3016 3781 3071; x_wconf 82' lang='lat' dir='ltr'><strong><em>super</em></strong></span> 
     </span>
    </p>
   </div>
   <div class='ocr_carea' id='block_1_61' title="bbox 2174 3086 3778 3161">
    <p class='ocr_par' dir='ltr' id='par_1_61' title="bbox 2174 3086 3778 3161">
     <span class='ocr_line' id='line_1_61' title="bbox 2174 3086 3778 3161; baseline 0.002 -19"><span class='ocrx_word' id='word_1_450' title='bbox 2174 3089 2441 3154; x_wconf 86' lang='lat' dir='ltr'><strong><em>thronum,</em></strong></span> <span class='ocrx_word' id='word_1_451' title='bbox 2491 3086 2711 3144; x_wconf 84' lang='lat' dir='ltr'><strong><em>dicentes</em></strong></span> <span class='ocrx_word' id='word_1_452' title='bbox 2742 3105 2761 3143; x_wconf 87' lang='lat'><strong><em>:</em></strong></span> <span class='ocrx_word' id='word_1_453' title='bbox 2803 3089 2994 3158; x_wconf 88' lang='lat' dir='ltr'><strong><em>Amen,</em></strong></span> <span class='ocrx_word' id='word_1_454' title='bbox 3049 3088 3293 3146; x_wconf 85' lang='lat' dir='ltr'><strong><em>alleluia.</em></strong></span> <span class='ocrx_word' id='word_1_455' title='bbox 3337 3090 3415 3146; x_wconf 86' lang='lat' dir='ltr'><strong><em>Et</em></strong></span> <span class='ocrx_word' id='word_1_456' title='bbox 3439 3106 3551 3144; x_wconf 70' lang='lat' dir='ltr'><strong><em>vos:</em></strong></span> <span class='ocrx_word' id='word_1_457' title='bbox 3580 3106 3778 3161; x_wconf 72' lang='lat' dir='ltr'><strong><em>magna</em></strong></span> 
     </span>
    </p>
   </div>
   <div class='ocr_carea' id='block_1_62' title="bbox 469 3171 3773 3258">
    <p class='ocr_par' dir='ltr' id='par_1_62' title="bbox 469 3171 3773 3258">
     <span class='ocr_line' id='line_1_62' title="bbox 469 3171 3773 3258; baseline 0.002 -31"><span class='ocrx_word' id='word_1_458' title='bbox 469 3177 551 3228; x_wconf 91' lang='lat' dir='ltr'><strong><em>est</em></strong></span> <span class='ocrx_word' id='word_1_459' title='bbox 577 3186 677 3228; x_wconf 88' lang='lat' dir='ltr'><strong><em>cur</em></strong></span> <span class='ocrx_word' id='word_1_460' title='bbox 722 3178 885 3242; x_wconf 88' lang='lat' dir='ltr'><strong><em>artes,</em></strong></span> <span class='ocrx_word' id='word_1_461' title='bbox 934 3178 990 3228; x_wconf 89' lang='lat' dir='ltr'><strong><em>et</em></strong></span> <span class='ocrx_word' id='word_1_462' title='bbox 1018 3188 1209 3231; x_wconf 89' lang='lat' dir='ltr'><strong><em>vocem</em></strong></span> <span class='ocrx_word' id='word_1_463' title='bbox 1259 3171 1441 3242; x_wconf 74' lang='lat' dir='ltr'><strong><em>molae,</em></strong></span> <span class='ocrx_word' id='word_1_464' title='bbox 1471 3180 1526 3230; x_wconf 91' lang='lat' dir='ltr'><strong><em>et</em></strong></span> <span class='ocrx_word' id='word_1_465' title='bbox 1556 3173 1744 3230; x_wconf 93' lang='lat' dir='ltr'><strong><em>lumen</em></strong></span> <span class='ocrx_word' id='word_1_466' title='bbox 1800 3173 2061 3242; x_wconf 72' lang='lat' dir='ltr'><strong><em>lucernae,</em></strong></span> <span class='ocrx_word' id='word_1_467' title='bbox 2093 3197 2137 3258; x_wconf 71' lang='grc' dir='ltr'>ο</span> <span class='ocrx_word' id='word_1_468' title='bbox 2171 3175 2302 3231; x_wconf 71' lang='lat' dir='ltr'><strong><em>exiit</em></strong></span> <span class='ocrx_word' id='word_1_469' title='bbox 2346 3175 2409 3232; x_wconf 89' lang='lat' dir='ltr'><strong><em>de</em></strong></span> <span class='ocrx_word' id='word_1_470' title='bbox 2455 3175 2663 3245; x_wconf 88' lang='lat' dir='ltr'><strong><em>throno,</em></strong></span> <span class='ocrx_word' id='word_1_471' title='bbox 2694 3175 2871 3232; x_wconf 87' lang='lat' dir='ltr'><strong><em>dicens</em></strong></span> <span class='ocrx_word' id='word_1_472' title='bbox 2906 3194 2919 3234; x_wconf 90' lang='lat'><strong><em>:</em></strong></span> <span class='ocrx_word' id='word_1_473' title='bbox 2978 3177 3215 3234; x_wconf 84' lang='lat' dir='ltr'><strong><em>Laudem</em></strong></span> <span class='ocrx_word' id='word_1_474' title='bbox 3240 3177 3397 3234; x_wconf 86' lang='lat' dir='ltr'><strong><em>dicite</em></strong></span> <span class='ocrx_word' id='word_1_475' title='bbox 3422 3178 3538 3235; x_wconf 86' lang='lat' dir='ltr'><strong><em>Deo</em></strong></span> <span class='ocrx_word' id='word_1_476' title='bbox 3564 3186 3773 3249; x_wconf 83' lang='lat' dir='ltr'><strong><em>nostra,</em></strong></span> 
     </span>
    </p>
   </div>
   <div class='ocr_carea' id='block_1_63' title="bbox 468 3262 2064 3339">
    <p class='ocr_par' dir='ltr' id='par_1_63' title="bbox 468 3262 2064 3339">
     <span class='ocr_line' id='line_1_63' title="bbox 468 3262 2064 3339; baseline 0.003 -22"><span class='ocrx_word' id='word_1_477' title='bbox 468 3267 525 3317; x_wconf 90' lang='lat' dir='ltr'><strong><em>et</em></strong></span> <span class='ocrx_word' id='word_1_478' title='bbox 551 3278 744 3320; x_wconf 89' lang='lat' dir='ltr'><strong><em>vocem</em></strong></span> <span class='ocrx_word' id='word_1_479' title='bbox 782 3262 970 3337; x_wconf 89' lang='lat' dir='ltr'><strong><em>sponsi</em></strong></span> <span class='ocrx_word' id='word_1_480' title='bbox 1019 3270 1074 3321; x_wconf 91' lang='lat' dir='ltr'><strong><em>et</em></strong></span> <span class='ocrx_word' id='word_1_481' title='bbox 1100 3280 1311 3339; x_wconf 75' lang='lat' dir='ltr'><strong><em>sponsae</em></strong></span> <span class='ocrx_word' id='word_1_482' title='bbox 1359 3263 1505 3322; x_wconf 89' lang='lat' dir='ltr'><strong><em>inter</em></strong></span> <span class='ocrx_word' id='word_1_483' title='bbox 1529 3265 1738 3322; x_wconf 90' lang='lat' dir='ltr'><strong><em>scelera</em></strong></span> <span class='ocrx_word' id='word_1_484' title='bbox 1765 3262 2064 3338; x_wconf 87' lang='lat' dir='ltr'><strong><em>Babylonis</em></strong></span> 
     </span>
    </p>
   </div>
   <div class='ocr_carea' id='block_1_64' title="bbox 468 3352 2063 3428">
    <p class='ocr_par' dir='ltr' id='par_1_64' title="bbox 468 3352 2063 3428">
     <span class='ocr_line' id='line_1_64' title="bbox 468 3352 2063 3428; baseline 0.001 -20"><span class='ocrx_word' id='word_1_485' title='bbox 468 3360 787 3426; x_wconf 88' lang='lat' dir='ltr'><strong><em>computet;</em></strong></span> <span class='ocrx_word' id='word_1_486' title='bbox 843 3370 971 3413; x_wconf 87' lang='lat' dir='ltr'><strong><em>cum</em></strong></span> <span class='ocrx_word' id='word_1_487' title='bbox 1028 3354 1135 3412; x_wconf 92' lang='lat' dir='ltr'><strong><em>ista</em></strong></span> <span class='ocrx_word' id='word_1_488' title='bbox 1187 3354 1376 3414; x_wconf 90' lang='lat' dir='ltr'><strong><em>omnia</em></strong></span> <span class='ocrx_word' id='word_1_489' title='bbox 1433 3355 1551 3413; x_wconf 90' lang='lat' dir='ltr'><strong><em>sine</em></strong></span> <span class='ocrx_word' id='word_1_490' title='bbox 1606 3355 1769 3428; x_wconf 90' lang='lat' dir='ltr'><strong><em>culpa</em></strong></span> <span class='ocrx_word' id='word_1_491' title='bbox 1821 3352 2063 3411; x_wconf 81' lang='lat' dir='ltr'><strong><em>exerceri</em></strong></span> 
     </span>
    </p>
   </div>
   <div class='ocr_carea' id='block_1_65' title="bbox 468 3443 2062 3517">
    <p class='ocr_par' dir='ltr' id='par_1_65' title="bbox 468 3443 2062 3517">
     <span class='ocr_line' id='line_1_65' title="bbox 468 3443 2062 3517; baseline 0 -17"><span class='ocrx_word' id='word_1_492' title='bbox 468 3444 701 3516; x_wconf 89' lang='lat' dir='ltr'><strong><em>possint,</em></strong></span> <span class='ocrx_word' id='word_1_493' title='bbox 750 3450 806 3500; x_wconf 91' lang='lat' dir='ltr'><strong><em>et</em></strong></span> <span class='ocrx_word' id='word_1_494' title='bbox 850 3444 970 3500; x_wconf 87' lang='lat' dir='ltr'><strong><em>sine</em></strong></span> <span class='ocrx_word' id='word_1_495' title='bbox 1017 3443 1139 3517; x_wconf 87' lang='lat' dir='ltr'><strong><em>istis</em></strong></span> <span class='ocrx_word' id='word_1_496' title='bbox 1167 3446 1285 3502; x_wconf 85' lang='lat' dir='ltr'><strong><em>vita</em></strong></span> <span class='ocrx_word' id='word_1_497' title='bbox 1324 3444 1569 3501; x_wconf 90' lang='lat' dir='ltr'><strong><em>humana</em></strong></span> <span class='ocrx_word' id='word_1_498' title='bbox 1610 3444 1907 3502; x_wconf 89' lang='lat' dir='ltr'><strong><em>subsistere</em></strong></span> <span class='ocrx_word' id='word_1_499' title='bbox 1950 3459 2062 3501; x_wconf 91' lang='lat' dir='ltr'><strong><em>non</em></strong></span> 
     </span>
    </p>
   </div>
   <div class='ocr_carea' id='block_1_66' title="bbox 465 3531 2063 3607">
    <p class='ocr_par' dir='ltr' id='par_1_66' title="bbox 465 3531 2063 3607">
     <span class='ocr_line' id='line_1_66' title="bbox 465 3531 2063 3607; baseline 0.004 -22"><span class='ocrx_word' id='word_1_500' title='bbox 465 3531 658 3603; x_wconf 91' lang='lat' dir='ltr'><strong><em>possit.</em></strong></span> <span class='ocrx_word' id='word_1_501' title='bbox 709 3531 1044 3602; x_wconf 91' lang='lat' dir='ltr'><strong><em>Spiritaliter</em></strong></span> <span class='ocrx_word' id='word_1_502' title='bbox 1094 3534 1279 3605; x_wconf 89' lang='lat' dir='ltr'><strong><em>itaque</em></strong></span> <span class='ocrx_word' id='word_1_503' title='bbox 1328 3533 1435 3589; x_wconf 91' lang='lat' dir='ltr'><strong><em>ista</em></strong></span> <span class='ocrx_word' id='word_1_504' title='bbox 1479 3535 1666 3590; x_wconf 89' lang='lat' dir='ltr'><strong><em>omnia</em></strong></span> <span class='ocrx_word' id='word_1_505' title='bbox 1707 3534 2063 3607; x_wconf 89' lang='lat' dir='ltr'><strong><em>intelligenda</em></strong></span> 
     </span>
    </p>
   </div>
   <div class='ocr_carea' id='block_1_67' title="bbox 464 3617 2063 3696">
    <p class='ocr_par' dir='ltr' id='par_1_67' title="bbox 464 3617 2063 3696">
     <span class='ocr_line' id='line_1_67' title="bbox 464 3617 2063 3696; baseline 0.005 -22"><span class='ocrx_word' id='word_1_506' title='bbox 464 3625 613 3674; x_wconf 81' lang='lat' dir='ltr'><strong><em>sunt.</em></strong></span> <span class='ocrx_word' id='word_1_507' title='bbox 662 3617 961 3673; x_wconf 86' lang='lat' dir='ltr'><strong><em>Possumus</em></strong></span> <span class='ocrx_word' id='word_1_508' title='bbox 1000 3634 1128 3690; x_wconf 90' lang='lat' dir='ltr'><strong><em>ergo</em></strong></span> <span class='ocrx_word' id='word_1_509' title='bbox 1177 3636 1274 3691; x_wconf 92' lang='lat' dir='ltr'><strong><em>per</em></strong></span> <span class='ocrx_word' id='word_1_510' title='bbox 1327 3628 1472 3676; x_wconf 87' lang='lat' dir='ltr'><strong><em>artes</em></strong></span> <span class='ocrx_word' id='word_1_511' title='bbox 1518 3622 1842 3693; x_wconf 87' lang='lat' dir='ltr'><strong><em>sapientiam</em></strong></span> <span class='ocrx_word' id='word_1_512' title='bbox 1896 3622 2063 3696; x_wconf 88' lang='lat' dir='ltr'><strong><em>hujus</em></strong></span> 
     </span>
    </p>
   </div>
   <div class='ocr_carea' id='block_1_68' title="bbox 465 3703 2059 3786">
    <p class='ocr_par' dir='ltr' id='par_1_68' title="bbox 465 3703 2059 3786">
     <span class='ocr_line' id='line_1_68' title="bbox 465 3703 2059 3786; baseline 0.006 -25"><span class='ocrx_word' id='word_1_513' title='bbox 465 3703 677 3774; x_wconf 58' lang='lat' dir='ltr'><strong><em>seaculi,</em></strong></span> <span class='ocrx_word' id='word_1_514' title='bbox 709 3719 830 3777; x_wconf 65' lang='lat' dir='ltr'><strong><em>qua</em></strong></span> <span class='ocrx_word' id='word_1_515' title='bbox 860 3704 1100 3762; x_wconf 89' lang='lat' dir='ltr'><strong><em>stultitia</em></strong></span> <span class='ocrx_word' id='word_1_516' title='bbox 1127 3714 1210 3764; x_wconf 90' lang='lat' dir='ltr'><strong><em>est</em></strong></span> <span class='ocrx_word' id='word_1_517' title='bbox 1239 3706 1384 3780; x_wconf 89' lang='lat' dir='ltr'><strong><em>apud</em></strong></span> <span class='ocrx_word' id='word_1_518' title='bbox 1406 3708 1579 3764; x_wconf 91' lang='lat' dir='ltr'><strong><em>Deum</em></strong></span> <span class='ocrx_word' id='word_1_519' title='bbox 1598 3710 1664 3780; x_wconf 95' lang='grc' dir='ltr'><strong><em>(Ι</em></strong></span> <span class='ocrx_word' id='word_1_520' title='bbox 1692 3711 1921 3780; x_wconf 83' lang='lat' dir='ltr'><strong><em>Cor.m,</em></strong></span> <span class='ocrx_word' id='word_1_521' title='bbox 1946 3712 2059 3786; x_wconf 87' lang='grc'>19),</span> 
     </span>
    </p>
   </div>
   <div class='ocr_carea' id='block_1_69' title="bbox 465 3792 2062 3874">
    <p class='ocr_par' dir='ltr' id='par_1_69' title="bbox 465 3792 2062 3874">
     <span class='ocr_line' id='line_1_69' title="bbox 465 3792 2062 3874; baseline 0.007 -26"><span class='ocrx_word' id='word_1_522' title='bbox 465 3792 793 3866; x_wconf 88' lang='lat' dir='ltr'><strong><em>intelligere,</em></strong></span> <span class='ocrx_word' id='word_1_523' title='bbox 825 3809 959 3868; x_wconf 88' lang='lat' dir='ltr'><strong><em>quas</em></strong></span> <span class='ocrx_word' id='word_1_524' title='bbox 986 3794 1225 3854; x_wconf 89' lang='lat' dir='ltr'><strong><em>artiﬁces</em></strong></span> <span class='ocrx_word' id='word_1_525' title='bbox 1265 3796 1494 3869; x_wconf 91' lang='lat' dir='ltr'><strong><em>maligni</em></strong></span> <span class='ocrx_word' id='word_1_526' title='bbox 1526 3803 1581 3854; x_wconf 91' lang='lat' dir='ltr'><strong><em>et</em></strong></span> <span class='ocrx_word' id='word_1_527' title='bbox 1627 3796 1731 3854; x_wconf 91' lang='lat' dir='ltr'><strong><em>ﬁlii</em></strong></span> <span class='ocrx_word' id='word_1_528' title='bbox 1760 3798 2062 3874; x_wconf 89' lang='lat' dir='ltr'><strong><em>Babylonis</em></strong></span> 
     </span>
    </p>
   </div>
   <div class='ocr_carea' id='block_1_70' title="bbox 466 3880 2064 3962">
    <p class='ocr_par' dir='ltr' id='par_1_70' title="bbox 466 3880 2064 3962">
     <span class='ocr_line' id='line_1_70' title="bbox 466 3880 2064 3962; baseline 0.007 -24"><span class='ocrx_word' id='word_1_529' title='bbox 466 3882 536 3940; x_wconf 90' lang='lat' dir='ltr'><strong><em>ad</em></strong></span> <span class='ocrx_word' id='word_1_530' title='bbox 591 3880 699 3941; x_wconf 88' lang='lat' dir='ltr'><strong><em>hoc</em></strong></span> <span class='ocrx_word' id='word_1_531' title='bbox 753 3881 995 3955; x_wconf 88' lang='lat' dir='ltr'><strong><em>discunt,</em></strong></span> <span class='ocrx_word' id='word_1_532' title='bbox 1038 3893 1101 3943; x_wconf 91' lang='lat' dir='ltr'><strong><em>ut</em></strong></span> <span class='ocrx_word' id='word_1_533' title='bbox 1154 3886 1215 3942; x_wconf 89' lang='lat' dir='ltr'><strong><em>in</em></strong></span> <span class='ocrx_word' id='word_1_534' title='bbox 1256 3885 1471 3943; x_wconf 87' lang='lat' dir='ltr'><strong><em>malitia</em></strong></span> <span class='ocrx_word' id='word_1_535' title='bbox 1514 3886 1817 3960; x_wconf 89' lang='lat' dir='ltr'><strong><em>Babylonis</em></strong></span> <span class='ocrx_word' id='word_1_536' title='bbox 1852 3891 2064 3962; x_wconf 89' lang='lat' dir='ltr'><strong><em>possint</em></strong></span> 
     </span>
    </p>
   </div>
   <div class='ocr_carea' id='block_1_71' title="bbox 466 3972 2061 4049">
    <p class='ocr_par' dir='ltr' id='par_1_71' title="bbox 466 3972 2061 4049">
     <span class='ocr_line' id='line_1_71' title="bbox 466 3972 2061 4049; baseline 0.004 -19"><span class='ocrx_word' id='word_1_537' title='bbox 466 3972 769 4046; x_wconf 89' lang='lat' dir='ltr'><strong><em>proﬁcere;</em></strong></span> <span class='ocrx_word' id='word_1_538' title='bbox 822 3975 1096 4049; x_wconf 87' lang='lat' dir='ltr'><strong><em>sapientes</em></strong></span> <span class='ocrx_word' id='word_1_539' title='bbox 1144 3976 1296 4033; x_wconf 92' lang='lat' dir='ltr'><strong><em>enim</em></strong></span> <span class='ocrx_word' id='word_1_540' title='bbox 1341 3983 1471 4033; x_wconf 89' lang='lat' dir='ltr'><strong><em>sunt</em></strong></span> <span class='ocrx_word' id='word_1_541' title='bbox 1524 3984 1588 4033; x_wconf 91' lang='lat' dir='ltr'><strong><em>ut</em></strong></span> <span class='ocrx_word' id='word_1_542' title='bbox 1646 3976 1851 4036; x_wconf 86' lang='lat' dir='ltr'><strong><em>faciant</em></strong></span> <span class='ocrx_word' id='word_1_543' title='bbox 1896 3982 2061 4049; x_wconf 88' lang='lat' dir='ltr'><strong><em>mala,</em></strong></span> 
     </span>
    </p>
   </div>
   <div class='ocr_carea' id='block_1_72' title="bbox 465 4062 2063 4143">
    <p class='ocr_par' dir='ltr' id='par_1_72' title="bbox 465 4062 2063 4143">
     <span class='ocr_line' id='line_1_72' title="bbox 465 4062 2063 4143; baseline 0.006 -24"><span class='ocrx_word' id='word_1_544' title='bbox 465 4062 604 4121; x_wconf 90' lang='lat' dir='ltr'><strong><em>bene</em></strong></span> <span class='ocrx_word' id='word_1_545' title='bbox 629 4074 813 4122; x_wconf 89' lang='lat' dir='ltr'><strong><em>autem</em></strong></span> <span class='ocrx_word' id='word_1_546' title='bbox 863 4067 1040 4125; x_wconf 84' lang='lat' dir='ltr'><strong><em>facere</em></strong></span> <span class='ocrx_word' id='word_1_547' title='bbox 1088 4068 1346 4126; x_wconf 89' lang='lat' dir='ltr'><strong><em>nesciunt</em></strong></span> <span class='ocrx_word' id='word_1_548' title='bbox 1395 4069 1611 4141; x_wconf 75' lang='lat' dir='ltr'><strong><em>(Ierem.</em></strong></span> <span class='ocrx_word' id='word_1_549' title='bbox 1665 4086 1740 4140; x_wconf 86' lang='lat' dir='ltr'><strong><em>1v,</em></strong></span> <span class='ocrx_word' id='word_1_550' title='bbox 1774 4069 1890 4143; x_wconf 85' lang='grc'>22).</span> <span class='ocrx_word' id='word_1_551' title='bbox 1920 4072 2063 4129; x_wconf 80' lang='lat' dir='ltr'><strong><em>Mola</em></strong></span> 
     </span>
    </p>
   </div>
   <div class='ocr_carea' id='block_1_73' title="bbox 467 4155 2065 4233">
    <p class='ocr_par' dir='ltr' id='par_1_73' title="bbox 467 4155 2065 4233">
     <span class='ocr_line' id='line_1_73' title="bbox 467 4155 2065 4233; baseline 0.008 -26"><span class='ocrx_word' id='word_1_552' title='bbox 467 4166 600 4209; x_wconf 91' lang='lat' dir='ltr'><strong><em>vero</em></strong></span> <span class='ocrx_word' id='word_1_553' title='bbox 629 4155 902 4228; x_wconf 90' lang='lat' dir='ltr'><strong><em>quidquid</em></strong></span> <span class='ocrx_word' id='word_1_554' title='bbox 930 4157 1032 4215; x_wconf 91' lang='lat' dir='ltr'><strong><em>sub</em></strong></span> <span class='ocrx_word' id='word_1_555' title='bbox 1059 4174 1116 4216; x_wconf 94' lang='lat' dir='ltr'><strong><em>se</em></strong></span> <span class='ocrx_word' id='word_1_556' title='bbox 1157 4160 1451 4233; x_wconf 89' lang='lat' dir='ltr'><strong><em>acceperit,</em></strong></span> <span class='ocrx_word' id='word_1_557' title='bbox 1486 4160 1724 4218; x_wconf 90' lang='lat' dir='ltr'><strong><em>conterit</em></strong></span> <span class='ocrx_word' id='word_1_558' title='bbox 1752 4169 1808 4218; x_wconf 93' lang='lat' dir='ltr'><strong><em>et</em></strong></span> <span class='ocrx_word' id='word_1_559' title='bbox 1836 4161 2065 4219; x_wconf 90' lang='lat' dir='ltr'><strong><em>commi-</em></strong></span> 
     </span>
    </p>
   </div>
   <div class='ocr_carea' id='block_1_74' title="bbox 467 4239 2063 4323">
    <p class='ocr_par' dir='ltr' id='par_1_74' title="bbox 467 4239 2063 4323">
     <span class='ocr_line' id='line_1_74' title="bbox 467 4239 2063 4323; baseline 0.009 -29"><span class='ocrx_word' id='word_1_560' title='bbox 467 4239 623 4296; x_wconf 89' lang='lat' dir='ltr'><strong><em>nuit:</em></strong></span> <span class='ocrx_word' id='word_1_561' title='bbox 672 4257 961 4313; x_wconf 87' lang='lat' dir='ltr'><strong><em>possumus</em></strong></span> <span class='ocrx_word' id='word_1_562' title='bbox 1002 4247 1173 4318; x_wconf 90' lang='lat' dir='ltr'><strong><em>igitur</em></strong></span> <span class='ocrx_word' id='word_1_563' title='bbox 1216 4266 1313 4322; x_wconf 91' lang='lat' dir='ltr'><strong><em>per</em></strong></span> <span class='ocrx_word' id='word_1_564' title='bbox 1358 4251 1562 4305; x_wconf 89' lang='lat' dir='ltr'><strong><em>molam</em></strong></span> <span class='ocrx_word' id='word_1_565' title='bbox 1601 4249 1816 4323; x_wconf 87' lang='lat' dir='ltr'><strong><em>judices</em></strong></span> <span class='ocrx_word' id='word_1_566' title='bbox 1862 4250 2063 4323; x_wconf 88' lang='lat' dir='ltr'><strong><em>impios</em></strong></span> 
     </span>
    </p>
   </div>
   <div class='ocr_carea' id='block_1_75' title="bbox 468 4328 2063 4412">
    <p class='ocr_par' dir='ltr' id='par_1_75' title="bbox 468 4328 2063 4412">
     <span class='ocr_line' id='line_1_75' title="bbox 468 4328 2063 4412; baseline 0.008 -27"><span class='ocrx_word' id='word_1_567' title='bbox 468 4328 733 4401; x_wconf 86' lang='lat' dir='ltr'><strong><em>accipere.</em></strong></span> <span class='ocrx_word' id='word_1_568' title='bbox 784 4331 989 4389; x_wconf 86' lang='lat' dir='ltr'><strong><em>Vocem</em></strong></span> <span class='ocrx_word' id='word_1_569' title='bbox 1044 4352 1172 4408; x_wconf 90' lang='lat' dir='ltr'><strong><em>ergo</em></strong></span> <span class='ocrx_word' id='word_1_570' title='bbox 1224 4339 1373 4394; x_wconf 91' lang='lat' dir='ltr'><strong><em>mola</em></strong></span> <span class='ocrx_word' id='word_1_571' title='bbox 1423 4340 1619 4406; x_wconf 89' lang='lat' dir='ltr'><strong><em>mittit,</em></strong></span> <span class='ocrx_word' id='word_1_572' title='bbox 1677 4357 1805 4398; x_wconf 90' lang='lat' dir='ltr'><strong><em>cum</em></strong></span> <span class='ocrx_word' id='word_1_573' title='bbox 1847 4339 2063 4412; x_wconf 90' lang='lat' dir='ltr'><strong><em>judices</em></strong></span> 
     </span>
    </p>
   </div>
   <div class='ocr_carea' id='block_1_76' title="bbox 467 4416 2061 4494">
    <p class='ocr_par' dir='ltr' id='par_1_76' title="bbox 467 4416 2061 4494">
     <span class='ocr_line' id='line_1_76' title="bbox 467 4416 2061 4494; baseline 0.008 -19"><span class='ocrx_word' id='word_1_574' title='bbox 467 4416 628 4491; x_wconf 89' lang='lat' dir='ltr'><strong><em>impii</em></strong></span> <span class='ocrx_word' id='word_1_575' title='bbox 679 4417 891 4491; x_wconf 89' lang='lat' dir='ltr'><strong><em>judicia</em></strong></span> <span class='ocrx_word' id='word_1_576' title='bbox 948 4420 1154 4494; x_wconf 74' lang='lat' dir='ltr'><strong><em>injuste</em></strong></span> <span class='ocrx_word' id='word_1_577' title='bbox 1205 4426 1273 4482; x_wconf 89' lang='lat' dir='ltr'><strong><em>ad</em></strong></span> <span class='ocrx_word' id='word_1_578' title='bbox 1329 4429 1694 4485; x_wconf 86' lang='lat' dir='ltr'><strong><em>conterendos</em></strong></span> <span class='ocrx_word' id='word_1_579' title='bbox 1744 4429 2061 4488; x_wconf 90' lang='lat' dir='ltr'><strong><em>innocentes</em></strong></span> 
     </span>
    </p>
   </div>
   <div class='ocr_carea' id='block_1_77' title="bbox 467 4507 2061 4589">
    <p class='ocr_par' dir='ltr' id='par_1_77' title="bbox 467 4507 2061 4589">
     <span class='ocr_line' id='line_1_77' title="bbox 467 4507 2061 4589; baseline 0.008 -26"><span class='ocrx_word' id='word_1_580' title='bbox 467 4507 776 4581; x_wconf 86' lang='lat' dir='ltr'><strong><em>proferunt.</em></strong></span> <span class='ocrx_word' id='word_1_581' title='bbox 827 4510 929 4567; x_wconf 93' lang='lat' dir='ltr'><strong><em>Per</em></strong></span> <span class='ocrx_word' id='word_1_582' title='bbox 980 4510 1166 4568; x_wconf 88' lang='lat' dir='ltr'><strong><em>lumen</em></strong></span> <span class='ocrx_word' id='word_1_583' title='bbox 1196 4529 1327 4571; x_wconf 85' lang='lat' dir='ltr'><strong><em>vero</em></strong></span> <span class='ocrx_word' id='word_1_584' title='bbox 1379 4516 1637 4586; x_wconf 83' lang='lat' dir='ltr'><strong><em>lucernae,</em></strong></span> <span class='ocrx_word' id='word_1_585' title='bbox 1671 4517 1838 4589; x_wconf 89' lang='lat' dir='ltr'><strong><em>hujus</em></strong></span> <span class='ocrx_word' id='word_1_586' title='bbox 1873 4520 2061 4577; x_wconf 66' lang='lat' dir='ltr'><strong><em>saeculi</em></strong></span> 
     </span>
    </p>
   </div>
   <div class='ocr_carea' id='block_1_78' title="bbox 468 4599 2054 4682">
    <p class='ocr_par' dir='ltr' id='par_1_78' title="bbox 468 4599 2054 4682">
     <span class='ocr_line' id='line_1_78' title="bbox 468 4599 2054 4682; baseline 0.007 -26"><span class='ocrx_word' id='word_1_587' title='bbox 468 4599 643 4673; x_wconf 90' lang='lat' dir='ltr'><strong><em>gloria</em></strong></span> <span class='ocrx_word' id='word_1_588' title='bbox 670 4599 987 4672; x_wconf 90' lang='lat' dir='ltr'><strong><em>designatur</em></strong></span> <span class='ocrx_word' id='word_1_589' title='bbox 1015 4618 1027 4658; x_wconf 94' lang='lat'><strong><em>:</em></strong></span> <span class='ocrx_word' id='word_1_590' title='bbox 1061 4599 1129 4659; x_wconf 91' lang='lat' dir='ltr'><strong><em>de</em></strong></span> <span class='ocrx_word' id='word_1_591' title='bbox 1176 4600 1280 4660; x_wconf 87' lang='lat' dir='ltr'><strong><em>hac</em></strong></span> <span class='ocrx_word' id='word_1_592' title='bbox 1323 4604 1548 4662; x_wconf 90' lang='lat' dir='ltr'><strong><em>lucerna</em></strong></span> <span class='ocrx_word' id='word_1_593' title='bbox 1574 4606 1711 4665; x_wconf 91' lang='lat' dir='ltr'><strong><em>dicit</em></strong></span> <span class='ocrx_word' id='word_1_594' title='bbox 1737 4609 2054 4682; x_wconf 90' lang='lat' dir='ltr'><strong><em>Scriptura:</em></strong></span> 
     </span>
    </p>
   </div>
   <div class='ocr_carea' id='block_1_79' title="bbox 479 4691 2048 4775">
    <p class='ocr_par' dir='ltr' id='par_1_79' title="bbox 479 4691 2048 4775">
     <span class='ocr_line' id='line_1_79' title="bbox 479 4691 2048 4775; baseline 0.003 -28"><span class='ocrx_word' id='word_1_595' title='bbox 479 4712 500 4740; x_wconf 77' lang='grc' dir='ltr'><strong><em>ι</em></strong></span> <span class='ocrx_word' id='word_1_596' title='bbox 531 4691 778 4750; x_wconf 88' lang='lat' dir='ltr'><strong><em>Lucerna</em></strong></span> <span class='ocrx_word' id='word_1_597' title='bbox 791 4692 1089 4765; x_wconf 89' lang='lat' dir='ltr'><strong><em>impiorum</em></strong></span> <span class='ocrx_word' id='word_1_598' title='bbox 1110 4693 1491 4768; x_wconf 81' lang='lat' dir='ltr'><strong><em>exstinguetur</em></strong></span> <span class='ocrx_word' id='word_1_599' title='bbox 1513 4696 1872 4769; x_wconf 78' lang='lat' dir='ltr'><strong><em>(Prov.xx1v,</em></strong></span> <span class='ocrx_word' id='word_1_600' title='bbox 1895 4700 2012 4775; x_wconf 83' lang='lat'><strong><em>20).</em></strong></span> <span class='ocrx_word' id='word_1_601' title='bbox 2028 4725 2048 4751; x_wconf 73' lang='grc' dir='ltr'><strong><em>ι</em></strong></span> 
     </span>
    </p>
   </div>
   <div class='ocr_carea' id='block_1_80' title="bbox 465 4779 2056 4859">
    <p class='ocr_par' dir='ltr' id='par_1_80' title="bbox 465 4779 2056 4859">
     <span class='ocr_line' id='line_1_80' title="bbox 465 4779 2056 4859; baseline 0.006 -21"><span class='ocrx_word' id='word_1_602' title='bbox 465 4779 716 4839; x_wconf 85' lang='lat' dir='ltr'><strong><em>Lucerna</em></strong></span> <span class='ocrx_word' id='word_1_603' title='bbox 769 4782 971 4857; x_wconf 88' lang='lat' dir='ltr'><strong><em>quippe</em></strong></span> <span class='ocrx_word' id='word_1_604' title='bbox 1021 4783 1321 4857; x_wconf 90' lang='lat' dir='ltr'><strong><em>impiorum</em></strong></span> <span class='ocrx_word' id='word_1_605' title='bbox 1361 4786 1754 4859; x_wconf 78' lang='lat' dir='ltr'><strong><em>exstinguitur,</em></strong></span> <span class='ocrx_word' id='word_1_606' title='bbox 1802 4805 1930 4846; x_wconf 89' lang='lat' dir='ltr'><strong><em>cum</em></strong></span> <span class='ocrx_word' id='word_1_607' title='bbox 1988 4789 2056 4846; x_wconf 89' lang='lat' dir='ltr'><strong><em>ab</em></strong></span> 
     </span>
    </p>
   </div>
   <div class='ocr_carea' id='block_1_81' title="bbox 467 4868 2063 4949">
    <p class='ocr_par' dir='ltr' id='par_1_81' title="bbox 467 4868 2063 4949">
     <span class='ocr_line' id='line_1_81' title="bbox 467 4868 2063 4949; baseline 0.005 -22"><span class='ocrx_word' id='word_1_608' title='bbox 467 4868 574 4928; x_wconf 89' lang='lat' dir='ltr'><strong><em>hac</em></strong></span> <span class='ocrx_word' id='word_1_609' title='bbox 599 4870 715 4927; x_wconf 87' lang='lat' dir='ltr'><strong><em>vita</em></strong></span> <span class='ocrx_word' id='word_1_610' title='bbox 740 4871 1031 4943; x_wconf 88' lang='lat' dir='ltr'><strong><em>subtracti,</em></strong></span> <span class='ocrx_word' id='word_1_611' title='bbox 1063 4873 1324 4947; x_wconf 86' lang='lat' dir='ltr'><strong><em>gaudium</em></strong></span> <span class='ocrx_word' id='word_1_612' title='bbox 1354 4877 1652 4949; x_wconf 87' lang='lat' dir='ltr'><strong><em>temporale</em></strong></span> <span class='ocrx_word' id='word_1_613' title='bbox 1689 4877 1975 4948; x_wconf 89' lang='lat' dir='ltr'><strong><em>amittunt,</em></strong></span> <span class='ocrx_word' id='word_1_614' title='bbox 2007 4886 2063 4935; x_wconf 84' lang='lat' dir='ltr'><strong><em>et</em></strong></span> 
     </span>
    </p>
   </div>
   <div class='ocr_carea' id='block_1_82' title="bbox 467 4961 2062 5025">
    <p class='ocr_par' dir='ltr' id='par_1_82' title="bbox 467 4961 2062 5025">
     <span class='ocr_line' id='line_1_82' title="bbox 467 4961 2062 5025; baseline 0.006 -9"><span class='ocrx_word' id='word_1_615' title='bbox 467 4966 727 5017; x_wconf 61' lang='lat' dir='ltr'><strong><em>sternam</em></strong></span> <span class='ocrx_word' id='word_1_616' title='bbox 761 4961 1047 5019; x_wconf 87' lang='lat' dir='ltr'><strong><em>tristitiam</em></strong></span> <span class='ocrx_word' id='word_1_617' title='bbox 1093 4962 1402 5021; x_wconf 90' lang='lat' dir='ltr'><strong><em>incurrunt.</em></strong></span> <span class='ocrx_word' id='word_1_618' title='bbox 1454 4965 1752 5025; x_wconf 89' lang='lat' dir='ltr'><strong><em>Possumus</em></strong></span> <span class='ocrx_word' id='word_1_619' title='bbox 1778 4967 2062 5025; x_wconf 89' lang='lat' dir='ltr'><strong><em>nihilomi-</em></strong></span> 
     </span>
    </p>
   </div>
   <div class='ocr_carea' id='block_1_83' title="bbox 467 5056 2060 5131">
    <p class='ocr_par' dir='ltr' id='par_1_83' title="bbox 467 5056 2060 5131">
     <span class='ocr_line' id='line_1_83' title="bbox 467 5056 2060 5131; baseline 0.006 -26"><span class='ocrx_word' id='word_1_620' title='bbox 467 5064 574 5106; x_wconf 88' lang='lat' dir='ltr'><strong><em>nus</em></strong></span> <span class='ocrx_word' id='word_1_621' title='bbox 627 5066 723 5124; x_wconf 91' lang='lat' dir='ltr'><strong><em>per</em></strong></span> <span class='ocrx_word' id='word_1_622' title='bbox 761 5066 1024 5124; x_wconf 90' lang='lat' dir='ltr'><strong><em>sponsum</em></strong></span> <span class='ocrx_word' id='word_1_623' title='bbox 1075 5061 1347 5112; x_wconf 85' lang='lat' dir='ltr'><strong><em>amatores</em></strong></span> <span class='ocrx_word' id='word_1_624' title='bbox 1392 5056 1601 5127; x_wconf 70' lang='lat' dir='ltr'><strong><em>muli,</em></strong></span> <span class='ocrx_word' id='word_1_625' title='bbox 1657 5073 1755 5130; x_wconf 89' lang='lat' dir='ltr'><strong><em>per</em></strong></span> <span class='ocrx_word' id='word_1_626' title='bbox 1804 5074 2060 5131; x_wconf 87' lang='lat' dir='ltr'><strong><em>sponsam</em></strong></span> 
     </span>
    </p>
   </div>
   <div class='ocr_carea' id='block_1_84' title="bbox 466 5140 2057 5221">
    <p class='ocr_par' dir='ltr' id='par_1_84' title="bbox 466 5140 2057 5221">
     <span class='ocr_line' id='line_1_84' title="bbox 466 5140 2057 5221; baseline 0.007 -27"><span class='ocrx_word' id='word_1_627' title='bbox 466 5152 599 5195; x_wconf 87' lang='lat' dir='ltr'><strong><em>vero</em></strong></span> <span class='ocrx_word' id='word_1_628' title='bbox 636 5147 839 5197; x_wconf 88' lang='lat' dir='ltr'><strong><em>terram</em></strong></span> <span class='ocrx_word' id='word_1_629' title='bbox 870 5140 1181 5215; x_wconf 86' lang='lat' dir='ltr'><strong><em>intelligere</em></strong></span> <span class='ocrx_word' id='word_1_630' title='bbox 1212 5160 1228 5213; x_wconf 89' lang='lat'><strong><em>;</em></strong></span> <span class='ocrx_word' id='word_1_631' title='bbox 1267 5145 1396 5217; x_wconf 88' lang='lat' dir='ltr'><strong><em>quia</em></strong></span> <span class='ocrx_word' id='word_1_632' title='bbox 1433 5145 1575 5203; x_wconf 90' lang='lat' dir='ltr'><strong><em>sicut</em></strong></span> <span class='ocrx_word' id='word_1_633' title='bbox 1612 5164 1769 5204; x_wconf 91' lang='lat' dir='ltr'><strong><em>amor</em></strong></span> <span class='ocrx_word' id='word_1_634' title='bbox 1796 5164 2057 5221; x_wconf 88' lang='lat' dir='ltr'><strong><em>sponsum</em></strong></span> 
     </span>
    </p>
   </div>
   <div class='ocr_carea' id='block_1_85' title="bbox 465 5230 2061 5303">
    <p class='ocr_par' dir='ltr' id='par_1_85' title="bbox 465 5230 2061 5303">
     <span class='ocr_line' id='line_1_85' title="bbox 465 5230 2061 5303; baseline 0.006 -19"><span class='ocrx_word' id='word_1_635' title='bbox 465 5233 521 5284; x_wconf 87' lang='lat' dir='ltr'><strong><em>et</em></strong></span> <span class='ocrx_word' id='word_1_636' title='bbox 548 5243 802 5301; x_wconf 84' lang='lat' dir='ltr'><strong><em>sponsam</em></strong></span> <span class='ocrx_word' id='word_1_637' title='bbox 852 5230 1006 5303; x_wconf 88' lang='lat' dir='ltr'><strong><em>ligat,</em></strong></span> <span class='ocrx_word' id='word_1_638' title='bbox 1058 5240 1120 5288; x_wconf 90' lang='lat' dir='ltr'><strong><em>ut</em></strong></span> <span class='ocrx_word' id='word_1_639' title='bbox 1174 5248 1285 5289; x_wconf 89' lang='lat' dir='ltr'><strong><em>una</em></strong></span> <span class='ocrx_word' id='word_1_640' title='bbox 1321 5250 1448 5291; x_wconf 88' lang='lat' dir='ltr'><strong><em>caro</em></strong></span> <span class='ocrx_word' id='word_1_641' title='bbox 1495 5234 1839 5294; x_wconf 84' lang='lat' dir='ltr'><strong><em>eﬁiciantur:</em></strong></span> <span class='ocrx_word' id='word_1_642' title='bbox 1900 5238 1979 5294; x_wconf 90' lang='lat' dir='ltr'><strong><em>ita</em></strong></span> <span class='ocrx_word' id='word_1_643' title='bbox 2006 5244 2061 5294; x_wconf 91' lang='lat' dir='ltr'><strong><em>et</em></strong></span> 
     </span>
    </p>
   </div>
   <div class='ocr_carea' id='block_1_86' title="bbox 465 5319 2060 5400">
    <p class='ocr_par' dir='ltr' id='par_1_86' title="bbox 465 5319 2060 5400">
     <span class='ocr_line' id='line_1_86' title="bbox 465 5319 2060 5400; baseline 0.007 -27"><span class='ocrx_word' id='word_1_644' title='bbox 465 5332 622 5374; x_wconf 90' lang='lat' dir='ltr'><strong><em>amor</em></strong></span> <span class='ocrx_word' id='word_1_645' title='bbox 650 5319 840 5377; x_wconf 69' lang='lat' dir='ltr'><strong><em>seaculi</em></strong></span> <span class='ocrx_word' id='word_1_646' title='bbox 884 5329 1155 5378; x_wconf 87' lang='lat' dir='ltr'><strong><em>amatores</em></strong></span> <span class='ocrx_word' id='word_1_647' title='bbox 1199 5338 1327 5380; x_wconf 84' lang='lat' dir='ltr'><strong><em>suos</em></strong></span> <span class='ocrx_word' id='word_1_648' title='bbox 1353 5323 1435 5381; x_wconf 91' lang='lat' dir='ltr'><strong><em>sic</em></strong></span> <span class='ocrx_word' id='word_1_649' title='bbox 1464 5331 1618 5381; x_wconf 66' lang='lat' dir='ltr'><strong><em>terrae</em></strong></span> <span class='ocrx_word' id='word_1_650' title='bbox 1660 5325 1966 5400; x_wconf 90' lang='lat' dir='ltr'><strong><em>conjungit,</em></strong></span> <span class='ocrx_word' id='word_1_651' title='bbox 1996 5334 2060 5384; x_wconf 90' lang='lat' dir='ltr'><strong><em>ut</em></strong></span> 
     </span>
    </p>
   </div>
   <div class='ocr_carea' id='block_1_87' title="bbox 464 5415 2053 5492">
    <p class='ocr_par' dir='ltr' id='par_1_87' title="bbox 464 5415 2053 5492">
     <span class='ocr_line' id='line_1_87' title="bbox 464 5415 2053 5492; baseline 0.004 -23"><span class='ocrx_word' id='word_1_652' title='bbox 464 5426 637 5470; x_wconf 88' lang='lat' dir='ltr'><strong><em>unum</em></strong></span> <span class='ocrx_word' id='word_1_653' title='bbox 689 5430 817 5472; x_wconf 89' lang='lat' dir='ltr'><strong><em>cum</em></strong></span> <span class='ocrx_word' id='word_1_654' title='bbox 870 5430 934 5472; x_wconf 90' lang='lat' dir='ltr'><strong><em>ea</em></strong></span> <span class='ocrx_word' id='word_1_655' title='bbox 960 5415 1291 5487; x_wconf 72' lang='lat' dir='ltr'><strong><em>efﬁciantur,</em></strong></span> <span class='ocrx_word' id='word_1_656' title='bbox 1344 5433 1377 5473; x_wconf 91' lang='lat' dir='ltr'><strong><em>a</em></strong></span> <span class='ocrx_word' id='word_1_657' title='bbox 1422 5432 1551 5490; x_wconf 89' lang='lat' dir='ltr'><strong><em>qua,</em></strong></span> <span class='ocrx_word' id='word_1_658' title='bbox 1598 5419 1647 5475; x_wconf 90' lang='lat' dir='ltr'><strong><em>si</em></strong></span> <span class='ocrx_word' id='word_1_659' title='bbox 1700 5417 1823 5476; x_wconf 90' lang='lat' dir='ltr'><strong><em>ﬁeri</em></strong></span> <span class='ocrx_word' id='word_1_660' title='bbox 1852 5425 2053 5492; x_wconf 89' lang='lat' dir='ltr'><strong><em>posset,</em></strong></span> 
     </span>
    </p>
   </div>
   <div class='ocr_carea' id='block_1_88' title="bbox 474 5551 2059 5633">
    <p class='ocr_par' dir='ltr' id='par_1_88' title="bbox 474 5551 2059 5633">
     <span class='ocr_line' id='line_1_88' title="bbox 474 5551 2059 5633; baseline 0.002 -19"><span class='ocrx_word' id='word_1_661' title='bbox 474 5614 486 5631; x_wconf 62' lang='grc'><em>,</em></span> <span class='ocrx_word' id='word_1_662' title='bbox 539 5552 771 5633; x_wconf 54' lang='lat' dir='ltr'><strong><em>(ﬁnita</em></strong></span> <span class='ocrx_word' id='word_1_663' title='bbox 818 5570 951 5633; x_wconf 78' lang='lat' dir='ltr'><strong><em>mss.</em></strong></span> <span class='ocrx_word' id='word_1_664' title='bbox 975 5597 990 5625; x_wconf 87' lang='lat'><strong><em>,</em></strong></span> <span class='ocrx_word' id='word_1_665' title='bbox 1031 5551 1167 5633; x_wconf 78' lang='lat' dir='ltr'><strong><em>edit.</em></strong></span> <span class='ocrx_word' id='word_1_666' title='bbox 1214 5573 1245 5614; x_wconf 89' lang='lat' dir='ltr'><strong><em>e</em></strong></span> <span class='ocrx_word' id='word_1_667' title='bbox 1280 5557 1577 5627; x_wconf 83' lang='lat' dir='ltr'><strong><em>contrario,</em></strong></span> <span class='ocrx_word' id='word_1_668' title='bbox 1633 5565 1681 5615; x_wconf 88' lang='lat' dir='ltr'><strong><em>et</em></strong></span> <span class='ocrx_word' id='word_1_669' title='bbox 1729 5556 2059 5618; x_wconf 84' lang='lat' dir='ltr'><strong><em>adducentur</em></strong></span> 
     </span>
    </p>
   </div>
   <div class='ocr_carea' id='block_1_89' title="bbox 456 5624 1751 5749">
    <p class='ocr_par' dir='ltr' id='par_1_89' title="bbox 456 5624 1751 5749">
     <span class='ocr_line' id='line_1_89' title="bbox 456 5624 1569 5699; baseline 0.01 -23"><span class='ocrx_word' id='word_1_670' title='bbox 456 5624 596 5691; x_wconf 84' lang='lat' dir='ltr'><strong><em>justi</em></strong></span> <span class='ocrx_word' id='word_1_671' title='bbox 621 5624 694 5678; x_wconf 88' lang='lat' dir='ltr'><strong><em>ad</em></strong></span> <span class='ocrx_word' id='word_1_672' title='bbox 752 5625 920 5681; x_wconf 83' lang='lat' dir='ltr'><strong><em>audia</em></strong></span> <span class='ocrx_word' id='word_1_673' title='bbox 945 5624 1280 5699; x_wconf 79' lang='lat' dir='ltr'><strong><em>sempiterna.</em></strong></span> <span class='ocrx_word' id='word_1_674' title='bbox 1559 5624 1569 5627; x_wconf 57' lang='grc'><em>’</em></span> 
     </span>
     <span class='ocr_line' id='line_1_90' title="bbox 538 5641 1751 5749; baseline 0 0"><span class='ocrx_word' id='word_1_675' title='bbox 538 5690 658 5749; x_wconf 79' lang='grc'>(63)</span> <span class='ocrx_word' id='word_1_676' title='bbox 687 5641 840 5749; x_wconf 68' lang='lat' dir='ltr'><strong><em>Eqdit.</em></strong></span> <span class='ocrx_word' id='word_1_677' title='bbox 861 5704 915 5749; x_wconf 88' lang='lat' dir='ltr'><strong><em>et</em></strong></span> <span class='ocrx_word' id='word_1_678' title='bbox 928 5711 1059 5749; x_wconf 82' lang='lat' dir='ltr'><strong><em>mss.</em></strong></span> <span class='ocrx_word' id='word_1_679' title='bbox 1082 5697 1237 5749; x_wconf 56' lang='lat' dir='ltr'><strong><em>Ben“</em></strong></span> <span class='ocrx_word' id='word_1_680' title='bbox 1259 5696 1601 5749; x_wconf 80' lang='lat' dir='ltr'><strong><em>essediuisam</em></strong></span> <span class='ocrx_word' id='word_1_681' title='bbox 1627 5716 1642 5749; x_wconf 86' lang='lat'><strong><em>:</em></strong></span> <span class='ocrx_word' id='word_1_682' title='bbox 1664 5700 1751 5749; x_wconf 68' lang='lat' dir='ltr'><strong><em>mli</em></strong></span> 
     </span>
    </p>
   </div>
   <div class='ocr_carea' id='block_1_90' title="bbox 538 5690 2050 5772">
    <p class='ocr_par' dir='ltr' id='par_1_90' title="bbox 538 5690 2050 5772">
     <span class='ocr_line' id='line_1_91' title="bbox 538 5690 2050 5772; baseline 0.009 -24"><span class='ocrx_word' id='word_1_683' title='bbox 538 5690 658 5766; x_wconf 85' lang='lat'><strong><em>(63)</em></strong></span> <span class='ocrx_word' id='word_1_684' title='bbox 687 5690 840 5752; x_wconf 82' lang='lat' dir='ltr'><strong><em>Edit.</em></strong></span> <span class='ocrx_word' id='word_1_685' title='bbox 861 5690 1067 5757; x_wconf 68' lang='lat' dir='ltr'><strong><em>etmssI</em></strong></span> <span class='ocrx_word' id='word_1_686' title='bbox 1082 5697 1237 5772; x_wconf 84' lang='lat' dir='ltr'><strong><em>Reg.,</em></strong></span> <span class='ocrx_word' id='word_1_687' title='bbox 1259 5696 1601 5758; x_wconf 79' lang='lat' dir='ltr'><strong><em>essedivisam</em></strong></span> <span class='ocrx_word' id='word_1_688' title='bbox 1625 5716 1642 5771; x_wconf 90' lang='lat'><strong><em>;</em></strong></span> <span class='ocrx_word' id='word_1_689' title='bbox 1664 5700 1799 5763; x_wconf 86' lang='lat' dir='ltr'><strong><em>edit.</em></strong></span> <span class='ocrx_word' id='word_1_690' title='bbox 1822 5701 2050 5762; x_wconf 87' lang='lat' dir='ltr'><strong><em>addunt:</em></strong></span> 
     </span>
    </p>
   </div>
   <div class='ocr_carea' id='block_1_91' title="bbox 2171 3266 3780 3342">
    <p class='ocr_par' dir='ltr' id='par_1_91' title="bbox 2171 3266 3780 3342">
     <span class='ocr_line' id='line_1_92' title="bbox 2171 3266 3780 3342; baseline 0.003 -21"><span class='ocrx_word' id='word_1_691' title='bbox 2171 3282 2345 3323; x_wconf 87' lang='lat' dir='ltr'><strong><em>omnes</em></strong></span> <span class='ocrx_word' id='word_1_692' title='bbox 2392 3266 2563 3323; x_wconf 87' lang='lat' dir='ltr'><strong><em>sancti</em></strong></span> <span class='ocrx_word' id='word_1_693' title='bbox 2614 3266 2748 3337; x_wconf 87' lang='lat' dir='ltr'><strong><em>ejus,</em></strong></span> <span class='ocrx_word' id='word_1_694' title='bbox 2802 3273 2851 3323; x_wconf 91' lang='lat' dir='ltr'><strong><em>et</em></strong></span> <span class='ocrx_word' id='word_1_695' title='bbox 2899 3267 2995 3340; x_wconf 90' lang='lat' dir='ltr'><strong><em>qui</em></strong></span> <span class='ocrx_word' id='word_1_696' title='bbox 3055 3268 3242 3325; x_wconf 82' lang='lat' dir='ltr'><strong><em>timetis</em></strong></span> <span class='ocrx_word' id='word_1_697' title='bbox 3296 3286 3434 3338; x_wconf 84' lang='lat' dir='ltr'><strong><em>eum,</em></strong></span> <span class='ocrx_word' id='word_1_698' title='bbox 3490 3270 3694 3342; x_wconf 72' lang='lat' dir='ltr'><strong><em>pusilli</em></strong></span> <span class='ocrx_word' id='word_1_699' title='bbox 3732 3277 3780 3326; x_wconf 87' lang='lat' dir='ltr'><strong><em>et</em></strong></span> 
     </span>
    </p>
   </div>
   <div class='ocr_carea' id='block_1_92' title="bbox 2169 3356 3777 3432">
    <p class='ocr_par' dir='ltr' id='par_1_92' title="bbox 2169 3356 3777 3432">
     <span class='ocr_line' id='line_1_93' title="bbox 2169 3356 3777 3432; baseline 0.003 -21"><span class='ocrx_word' id='word_1_700' title='bbox 2169 3356 2367 3427; x_wconf 87' lang='lat' dir='ltr'><strong><em>magni.</em></strong></span> <span class='ocrx_word' id='word_1_701' title='bbox 2430 3357 2508 3413; x_wconf 89' lang='lat' dir='ltr'><strong><em>Et</em></strong></span> <span class='ocrx_word' id='word_1_702' title='bbox 2559 3357 2747 3413; x_wconf 84' lang='lat' dir='ltr'><strong><em>audivi</em></strong></span> <span class='ocrx_word' id='word_1_703' title='bbox 2790 3358 2946 3428; x_wconf 89' lang='lat' dir='ltr'><strong><em>quasi</em></strong></span> <span class='ocrx_word' id='word_1_704' title='bbox 2999 3374 3172 3414; x_wconf 79' lang='lat' dir='ltr'><strong><em>uocem</em></strong></span> <span class='ocrx_word' id='word_1_705' title='bbox 3240 3358 3379 3414; x_wconf 76' lang='lat' dir='ltr'><strong><em>tubte</em></strong></span> <span class='ocrx_word' id='word_1_706' title='bbox 3442 3376 3677 3432; x_wconf 66' lang='lat' dir='ltr'><strong><em>magna,</em></strong></span> <span class='ocrx_word' id='word_1_707' title='bbox 3728 3366 3777 3416; x_wconf 87' lang='lat' dir='ltr'><strong><em>et</em></strong></span> 
     </span>
    </p>
   </div>
   <div class='ocr_carea' id='block_1_93' title="bbox 2168 3443 3773 3517">
    <p class='ocr_par' dir='ltr' id='par_1_93' title="bbox 2168 3443 3773 3517">
     <span class='ocr_line' id='line_1_94' title="bbox 2168 3443 3773 3517; baseline 0.004 -19"><span class='ocrx_word' id='word_1_708' title='bbox 2168 3443 2326 3515; x_wconf 87' lang='lat' dir='ltr'><strong><em>quasi</em></strong></span> <span class='ocrx_word' id='word_1_709' title='bbox 2367 3459 2542 3499; x_wconf 84' lang='lat' dir='ltr'><strong><em>vocem</em></strong></span> <span class='ocrx_word' id='word_1_710' title='bbox 2587 3460 2853 3515; x_wconf 90' lang='lat' dir='ltr'><strong><em>aquarum</em></strong></span> <span class='ocrx_word' id='word_1_711' title='bbox 2913 3445 3229 3512; x_wconf 86' lang='lat' dir='ltr'><strong><em>multarum,</em></strong></span> <span class='ocrx_word' id='word_1_712' title='bbox 3295 3450 3344 3500; x_wconf 91' lang='lat' dir='ltr'><strong><em>et</em></strong></span> <span class='ocrx_word' id='word_1_713' title='bbox 3385 3449 3544 3517; x_wconf 84' lang='lat' dir='ltr'><strong><em>quasi</em></strong></span> <span class='ocrx_word' id='word_1_714' title='bbox 3596 3464 3773 3503; x_wconf 67' lang='lat' dir='ltr'><strong><em>vocent</em></strong></span> 
     </span>
    </p>
   </div>
   <div class='ocr_carea' id='block_1_94' title="bbox 2170 3532 3773 3607">
    <p class='ocr_par' dir='ltr' id='par_1_94' title="bbox 2170 3532 3773 3607">
     <span class='ocr_line' id='line_1_95' title="bbox 2170 3532 3773 3607; baseline 0.003 -19"><span class='ocrx_word' id='word_1_715' title='bbox 2170 3532 2530 3589; x_wconf 87' lang='lat' dir='ltr'><strong><em>tonitruorum</em></strong></span> <span class='ocrx_word' id='word_1_716' title='bbox 2576 3549 2911 3605; x_wconf 85' lang='lat' dir='ltr'><strong><em>magnorum,</em></strong></span> <span class='ocrx_word' id='word_1_717' title='bbox 2959 3532 3241 3589; x_wconf 88' lang='lat' dir='ltr'><strong><em>dicentium</em></strong></span> <span class='ocrx_word' id='word_1_718' title='bbox 3272 3551 3285 3590; x_wconf 92' lang='lat'><strong><em>:</em></strong></span> <span class='ocrx_word' id='word_1_719' title='bbox 3324 3534 3589 3605; x_wconf 81' lang='lat' dir='ltr'><strong><em>Alleluia,</em></strong></span> <span class='ocrx_word' id='word_1_720' title='bbox 3629 3553 3773 3607; x_wconf 82' lang='lat' dir='ltr'><strong><em>quo-</em></strong></span> 
     </span>
    </p>
   </div>
   <div class='ocr_carea' id='block_1_95' title="bbox 2172 3619 3766 3696">
    <p class='ocr_par' dir='ltr' id='par_1_95' title="bbox 2172 3619 3766 3696">
     <span class='ocr_line' id='line_1_96' title="bbox 2172 3619 3766 3696; baseline 0.004 -21"><span class='ocrx_word' id='word_1_721' title='bbox 2172 3619 2317 3676; x_wconf 88' lang='lat' dir='ltr'><strong><em>niam</em></strong></span> <span class='ocrx_word' id='word_1_722' title='bbox 2369 3621 2609 3692; x_wconf 84' lang='lat' dir='ltr'><strong><em>regnavit</em></strong></span> <span class='ocrx_word' id='word_1_723' title='bbox 2661 3621 2923 3678; x_wconf 90' lang='lat' dir='ltr'><strong><em>Dominus</em></strong></span> <span class='ocrx_word' id='word_1_724' title='bbox 2975 3622 3118 3679; x_wconf 87' lang='lat' dir='ltr'><strong><em>Deus</em></strong></span> <span class='ocrx_word' id='word_1_725' title='bbox 3167 3627 3344 3679; x_wconf 87' lang='lat' dir='ltr'><strong><em>noster</em></strong></span> <span class='ocrx_word' id='word_1_726' title='bbox 3393 3624 3766 3696; x_wconf 82' lang='lat' dir='ltr'><strong><em>omnipotens:</em></strong></span> 
     </span>
    </p>
   </div>
   <div class='ocr_carea' id='block_1_96' title="bbox 2167 3714 3771 3789">
    <p class='ocr_par' dir='ltr' id='par_1_96' title="bbox 2167 3714 3771 3789">
     <span class='ocr_line' id='line_1_97' title="bbox 2167 3714 3771 3789; baseline 0.002 -19"><span class='ocrx_word' id='word_1_727' title='bbox 2167 3714 2511 3786; x_wconf 88' lang='lat' dir='ltr'><strong><em>gaudeamus,</em></strong></span> <span class='ocrx_word' id='word_1_728' title='bbox 2567 3722 2616 3773; x_wconf 88' lang='lat' dir='ltr'><strong><em>et</em></strong></span> <span class='ocrx_word' id='word_1_729' title='bbox 2668 3717 3009 3787; x_wconf 69' lang='lat' dir='ltr'><strong><em>exsultemus,</em></strong></span> <span class='ocrx_word' id='word_1_730' title='bbox 3060 3723 3109 3773; x_wconf 91' lang='lat' dir='ltr'><strong><em>et</em></strong></span> <span class='ocrx_word' id='word_1_731' title='bbox 3160 3716 3339 3773; x_wconf 87' lang='lat' dir='ltr'><strong><em>demus</em></strong></span> <span class='ocrx_word' id='word_1_732' title='bbox 3380 3717 3629 3789; x_wconf 75' lang='lat' dir='ltr'><strong><em>gloriam</em></strong></span> <span class='ocrx_word' id='word_1_733' title='bbox 3674 3717 3771 3781; x_wconf 86' lang='lat' dir='ltr'><strong><em>ei;</em></strong></span> 
     </span>
    </p>
   </div>
   <div class='ocr_carea' id='block_1_97' title="bbox 2169 3807 3771 3883">
    <p class='ocr_par' dir='ltr' id='par_1_97' title="bbox 2169 3807 3771 3883">
     <span class='ocr_line' id='line_1_98' title="bbox 2169 3807 3771 3883; baseline 0.002 -20"><span class='ocrx_word' id='word_1_734' title='bbox 2169 3807 2299 3880; x_wconf 88' lang='lat' dir='ltr'><strong><em>quia</em></strong></span> <span class='ocrx_word' id='word_1_735' title='bbox 2326 3815 2580 3866; x_wconf 85' lang='lat' dir='ltr'><strong><em>venerunt</em></strong></span> <span class='ocrx_word' id='word_1_736' title='bbox 2611 3810 2811 3882; x_wconf 75' lang='lat' dir='ltr'><strong><em>nuptiw</em></strong></span> <span class='ocrx_word' id='word_1_737' title='bbox 2837 3810 3000 3883; x_wconf 85' lang='lat' dir='ltr'><strong><em>Agni,</em></strong></span> <span class='ocrx_word' id='word_1_738' title='bbox 3045 3815 3092 3865; x_wconf 88' lang='lat' dir='ltr'><strong><em>et</em></strong></span> <span class='ocrx_word' id='word_1_739' title='bbox 3118 3826 3262 3865; x_wconf 72' lang='lat' dir='ltr'><strong><em>uxor</em></strong></span> <span class='ocrx_word' id='word_1_740' title='bbox 3288 3808 3402 3879; x_wconf 84' lang='lat' dir='ltr'><strong><em>ejus</em></strong></span> <span class='ocrx_word' id='word_1_741' title='bbox 3434 3810 3771 3883; x_wconf 67' lang='grc' dir='ltr'><strong><em>ιιι-(εραταώ</em></strong></span> 
     </span>
    </p>
   </div>
   <div class='ocr_carea' id='block_1_98' title="bbox 2169 3898 3766 3972">
    <p class='ocr_par' dir='ltr' id='par_1_98' title="bbox 2169 3898 3766 3972">
     <span class='ocr_line' id='line_1_99' title="bbox 2169 3898 3766 3972; baseline 0.002 -19"><span class='ocrx_word' id='word_1_742' title='bbox 2169 3913 2240 3953; x_wconf 90' lang='lat' dir='ltr'><strong><em>se.</em></strong></span> <span class='ocrx_word' id='word_1_743' title='bbox 2288 3899 2364 3955; x_wconf 88' lang='lat' dir='ltr'><strong><em>Et</em></strong></span> <span class='ocrx_word' id='word_1_744' title='bbox 2386 3898 2571 3955; x_wconf 89' lang='lat' dir='ltr'><strong><em>datum</em></strong></span> <span class='ocrx_word' id='word_1_745' title='bbox 2606 3905 2681 3956; x_wconf 90' lang='lat' dir='ltr'><strong><em>est</em></strong></span> <span class='ocrx_word' id='word_1_746' title='bbox 2708 3899 2755 3955; x_wconf 92' lang='lat' dir='ltr'><strong><em>ei</em></strong></span> <span class='ocrx_word' id='word_1_747' title='bbox 2788 3906 2850 3956; x_wconf 89' lang='lat' dir='ltr'><strong><em>ut</em></strong></span> <span class='ocrx_word' id='word_1_748' title='bbox 2896 3898 3107 3972; x_wconf 87' lang='lat' dir='ltr'><strong><em>operiat</em></strong></span> <span class='ocrx_word' id='word_1_749' title='bbox 3134 3917 3189 3955; x_wconf 87' lang='lat' dir='ltr'><strong><em>se</em></strong></span> <span class='ocrx_word' id='word_1_750' title='bbox 3235 3898 3446 3970; x_wconf 79' lang='lat' dir='ltr'><strong><em>byssina</em></strong></span> <span class='ocrx_word' id='word_1_751' title='bbox 3469 3900 3766 3972; x_wconf 73' lang='lat' dir='ltr'><strong><em>splendente</em></strong></span> 
     </span>
    </p>
   </div>
   <div class='ocr_carea' id='block_1_99' title="bbox 2170 3987 3765 4063">
    <p class='ocr_par' dir='ltr' id='par_1_99' title="bbox 2170 3987 3765 4063">
     <span class='ocr_line' id='line_1_100' title="bbox 2170 3987 3765 4063; baseline 0.001 -20"><span class='ocrx_word' id='word_1_752' title='bbox 2170 3987 2444 4055; x_wconf 87' lang='lat' dir='ltr'><strong><em>candido;</em></strong></span> <span class='ocrx_word' id='word_1_753' title='bbox 2494 3988 2764 4061; x_wconf 83' lang='lat' dir='ltr'><strong><em>byssinum</em></strong></span> <span class='ocrx_word' id='word_1_754' title='bbox 2815 3989 2954 4047; x_wconf 89' lang='lat' dir='ltr'><strong><em>enim</em></strong></span> <span class='ocrx_word' id='word_1_755' title='bbox 2995 3988 3410 4063; x_wconf 80' lang='lat' dir='ltr'><strong><em>justiﬁcationes</em></strong></span> <span class='ocrx_word' id='word_1_756' title='bbox 3464 3997 3595 4047; x_wconf 85' lang='lat' dir='ltr'><strong><em>sunt</em></strong></span> <span class='ocrx_word' id='word_1_757' title='bbox 3651 4007 3765 4047; x_wconf 78' lang='lat' dir='ltr'><strong><em>san-</em></strong></span> 
     </span>
    </p>
   </div>
   <div class='ocr_carea' id='block_1_100' title="bbox 2169 4083 2394 4134">
    <p class='ocr_par' dir='ltr' id='par_1_100' title="bbox 2169 4083 2394 4134">
     <span class='ocr_line' id='line_1_101' title="bbox 2169 4083 2394 4134; baseline 0.013 -3"><span class='ocrx_word' id='word_1_758' title='bbox 2169 4083 2394 4134; x_wconf 87' lang='lat' dir='ltr'><strong><em>ctorum.</em></strong></span> 
     </span>
    </p>
   </div>
   <div class='ocr_carea' id='block_1_101' title="bbox 2241 4164 3764 4242">
    <p class='ocr_par' dir='ltr' id='par_1_101' title="bbox 2241 4164 3764 4242">
     <span class='ocr_line' id='line_1_102' title="bbox 2241 4164 3764 4242; baseline 0.003 -22"><span class='ocrx_word' id='word_1_759' title='bbox 2241 4164 2435 4223; x_wconf 87' lang='lat' dir='ltr'><strong><em>Totam</em></strong></span> <span class='ocrx_word' id='word_1_760' title='bbox 2482 4167 2815 4225; x_wconf 90' lang='lat' dir='ltr'><strong><em>sententiam</em></strong></span> <span class='ocrx_word' id='word_1_761' title='bbox 2868 4168 3050 4241; x_wconf 91' lang='lat' dir='ltr'><strong><em>posui,</em></strong></span> <span class='ocrx_word' id='word_1_762' title='bbox 3107 4174 3171 4224; x_wconf 92' lang='lat' dir='ltr'><strong><em>ut</em></strong></span> <span class='ocrx_word' id='word_1_763' title='bbox 3223 4166 3473 4242; x_wconf 85' lang='lat' dir='ltr'><strong><em>undique</em></strong></span> <span class='ocrx_word' id='word_1_764' title='bbox 3519 4169 3764 4227; x_wconf 85' lang='lat' dir='ltr'><strong><em>circum-</em></strong></span> 
     </span>
    </p>
   </div>
   <div class='ocr_carea' id='block_1_102' title="bbox 2170 4254 3765 4330">
    <p class='ocr_par' dir='ltr' id='par_1_102' title="bbox 2170 4254 3765 4330">
     <span class='ocr_line' id='line_1_103' title="bbox 2170 4254 3765 4330; baseline 0.003 -21"><span class='ocrx_word' id='word_1_765' title='bbox 2170 4263 2354 4326; x_wconf 89' lang='lat' dir='ltr'><strong><em>specta</em></strong></span> <span class='ocrx_word' id='word_1_766' title='bbox 2382 4254 2499 4327; x_wconf 90' lang='lat' dir='ltr'><strong><em>ejus</em></strong></span> <span class='ocrx_word' id='word_1_767' title='bbox 2527 4257 2807 4313; x_wconf 89' lang='lat' dir='ltr'><strong><em>subtilitas</em></strong></span> <span class='ocrx_word' id='word_1_768' title='bbox 2841 4256 3061 4313; x_wconf 89' lang='lat' dir='ltr'><strong><em>facilius</em></strong></span> <span class='ocrx_word' id='word_1_769' title='bbox 3099 4255 3348 4329; x_wconf 88' lang='lat' dir='ltr'><strong><em>indagari</em></strong></span> <span class='ocrx_word' id='word_1_770' title='bbox 3378 4261 3576 4330; x_wconf 88' lang='lat' dir='ltr'><strong><em>possit.</em></strong></span> <span class='ocrx_word' id='word_1_771' title='bbox 3605 4258 3651 4314; x_wconf 80' lang='grc' dir='ltr'>Α</span> <span class='ocrx_word' id='word_1_772' title='bbox 3675 4273 3765 4314; x_wconf 83' lang='lat' dir='ltr'><strong><em>se-</em></strong></span> 
     </span>
    </p>
   </div>
   <div class='ocr_carea' id='block_1_103' title="bbox 2171 4348 3764 4423">
    <p class='ocr_par' dir='ltr' id='par_1_103' title="bbox 2171 4348 3764 4423">
     <span class='ocr_line' id='line_1_104' title="bbox 2171 4348 3764 4423; baseline 0.003 -22"><span class='ocrx_word' id='word_1_773' title='bbox 2171 4352 2317 4417; x_wconf 89' lang='lat' dir='ltr'><strong><em>ptem</em></strong></span> <span class='ocrx_word' id='word_1_774' title='bbox 2362 4362 2602 4421; x_wconf 87' lang='lat' dir='ltr'><strong><em>namque</em></strong></span> <span class='ocrx_word' id='word_1_775' title='bbox 2630 4348 2864 4406; x_wconf 89' lang='lat' dir='ltr'><strong><em>vocibus</em></strong></span> <span class='ocrx_word' id='word_1_776' title='bbox 2894 4348 3186 4423; x_wconf 87' lang='lat' dir='ltr'><strong><em>quinquies</em></strong></span> <span class='ocrx_word' id='word_1_777' title='bbox 3225 4348 3455 4405; x_wconf 84' lang='lat' dir='ltr'><strong><em>alleluia</em></strong></span> <span class='ocrx_word' id='word_1_778' title='bbox 3482 4349 3764 4407; x_wconf 79' lang='lat' dir='ltr'><strong><em>decantata</em></strong></span> 
     </span>
    </p>
   </div>
   <div class='ocr_carea' id='block_1_104' title="bbox 2169 4435 3762 4511">
    <p class='ocr_par' dir='ltr' id='par_1_104' title="bbox 2169 4435 3762 4511">
     <span class='ocr_line' id='line_1_105' title="bbox 2169 4435 3762 4511; baseline 0.003 -21"><span class='ocrx_word' id='word_1_779' title='bbox 2169 4449 2284 4490; x_wconf 89' lang='lat' dir='ltr'><strong><em>esse</em></strong></span> <span class='ocrx_word' id='word_1_780' title='bbox 2326 4435 2530 4509; x_wconf 88' lang='lat' dir='ltr'><strong><em>legitur</em></strong></span> <span class='ocrx_word' id='word_1_781' title='bbox 2571 4455 2584 4495; x_wconf 90' lang='lat'><strong><em>:</em></strong></span> <span class='ocrx_word' id='word_1_782' title='bbox 2635 4438 2816 4511; x_wconf 90' lang='lat' dir='ltr'><strong><em>primo</em></strong></span> <span class='ocrx_word' id='word_1_783' title='bbox 2869 4447 2924 4496; x_wconf 90' lang='lat' dir='ltr'><strong><em>et</em></strong></span> <span class='ocrx_word' id='word_1_784' title='bbox 2960 4438 3204 4495; x_wconf 88' lang='lat' dir='ltr'><strong><em>secundo</em></strong></span> <span class='ocrx_word' id='word_1_785' title='bbox 3252 4454 3286 4495; x_wconf 90' lang='lat' dir='ltr'><strong><em>a</em></strong></span> <span class='ocrx_word' id='word_1_786' title='bbox 3327 4455 3466 4495; x_wconf 89' lang='lat' dir='ltr'><strong><em>voce</em></strong></span> <span class='ocrx_word' id='word_1_787' title='bbox 3512 4438 3762 4495; x_wconf 85' lang='lat' dir='ltr'><strong><em>tubarum</em></strong></span> 
     </span>
    </p>
   </div>
   <div class='ocr_carea' id='block_1_105' title="bbox 2168 4525 3765 4603">
    <p class='ocr_par' dir='ltr' id='par_1_105' title="bbox 2168 4525 3765 4603">
     <span class='ocr_line' id='line_1_106' title="bbox 2168 4525 3765 4603; baseline 0.003 -24"><span class='ocrx_word' id='word_1_788' title='bbox 2168 4525 2510 4596; x_wconf 90' lang='lat' dir='ltr'><strong><em>multarum;</em></strong></span> <span class='ocrx_word' id='word_1_789' title='bbox 2555 4527 2721 4584; x_wconf 89' lang='lat' dir='ltr'><strong><em>tertio</em></strong></span> <span class='ocrx_word' id='word_1_790' title='bbox 2765 4544 2799 4585; x_wconf 92' lang='lat' dir='ltr'><strong><em>a</em></strong></span> <span class='ocrx_word' id='word_1_791' title='bbox 2829 4527 3030 4601; x_wconf 76' lang='lat' dir='ltr'><strong><em>viginti</em></strong></span> <span class='ocrx_word' id='word_1_792' title='bbox 3063 4534 3302 4603; x_wconf 88' lang='lat' dir='ltr'><strong><em>quatuor</em></strong></span> <span class='ocrx_word' id='word_1_793' title='bbox 3349 4528 3685 4596; x_wconf 88' lang='lat' dir='ltr'><strong><em>senioribus,</em></strong></span> <span class='ocrx_word' id='word_1_794' title='bbox 3712 4535 3765 4584; x_wconf 87' lang='lat' dir='ltr'><strong><em>et</em></strong></span> 
     </span>
    </p>
   </div>
   <div class='ocr_carea' id='block_1_106' title="bbox 2167 4614 3762 4691">
    <p class='ocr_par' dir='ltr' id='par_1_106' title="bbox 2167 4614 3762 4691">
     <span class='ocr_line' id='line_1_107' title="bbox 2167 4614 3762 4691; baseline 0.001 -22"><span class='ocrx_word' id='word_1_795' title='bbox 2167 4621 2401 4686; x_wconf 88' lang='lat' dir='ltr'><strong><em>quatuor</em></strong></span> <span class='ocrx_word' id='word_1_796' title='bbox 2427 4614 2759 4674; x_wconf 88' lang='lat' dir='ltr'><strong><em>animalibus</em></strong></span> <span class='ocrx_word' id='word_1_797' title='bbox 2789 4635 2804 4685; x_wconf 91' lang='lat'><strong><em>;</em></strong></span> <span class='ocrx_word' id='word_1_798' title='bbox 2836 4624 3030 4691; x_wconf 88' lang='lat' dir='ltr'><strong><em>quarto</em></strong></span> <span class='ocrx_word' id='word_1_799' title='bbox 3062 4633 3095 4672; x_wconf 92' lang='lat' dir='ltr'><strong><em>a</em></strong></span> <span class='ocrx_word' id='word_1_800' title='bbox 3126 4632 3263 4674; x_wconf 89' lang='lat' dir='ltr'><strong><em>voce</em></strong></span> <span class='ocrx_word' id='word_1_801' title='bbox 3291 4615 3363 4672; x_wconf 90' lang='lat' dir='ltr'><strong><em>de</em></strong></span> <span class='ocrx_word' id='word_1_802' title='bbox 3390 4617 3603 4674; x_wconf 90' lang='lat' dir='ltr'><strong><em>throno</em></strong></span> <span class='ocrx_word' id='word_1_803' title='bbox 3627 4616 3762 4673; x_wconf 79' lang='lat' dir='ltr'><strong><em>exiit</em></strong></span> 
     </span>
    </p>
   </div>
   <div class='ocr_carea' id='block_1_107' title="bbox 2170 4703 3760 4781">
    <p class='ocr_par' dir='ltr' id='par_1_107' title="bbox 2170 4703 3760 4781">
     <span class='ocr_line' id='line_1_108' title="bbox 2170 4703 3760 4781; baseline 0.003 -22"><span class='ocrx_word' id='word_1_804' title='bbox 2170 4720 2281 4760; x_wconf 90' lang='lat' dir='ltr'><strong><em>non</em></strong></span> <span class='ocrx_word' id='word_1_805' title='bbox 2298 4703 2411 4777; x_wconf 90' lang='lat' dir='ltr'><strong><em>jam</em></strong></span> <span class='ocrx_word' id='word_1_806' title='bbox 2431 4706 2675 4777; x_wconf 90' lang='lat' dir='ltr'><strong><em>alleluia,</em></strong></span> <span class='ocrx_word' id='word_1_807' title='bbox 2698 4707 2793 4764; x_wconf 91' lang='lat' dir='ltr'><strong><em>sed</em></strong></span> <span class='ocrx_word' id='word_1_808' title='bbox 2813 4706 2932 4781; x_wconf 90' lang='lat' dir='ltr'><strong><em>ejus</em></strong></span> <span class='ocrx_word' id='word_1_809' title='bbox 2955 4707 3337 4780; x_wconf 89' lang='lat' dir='ltr'><strong><em>interpretatio</em></strong></span> <span class='ocrx_word' id='word_1_810' title='bbox 3350 4707 3644 4765; x_wconf 81' lang='lat' dir='ltr'><strong><em>decantata</em></strong></span> <span class='ocrx_word' id='word_1_811' title='bbox 3662 4715 3760 4776; x_wconf 86' lang='lat' dir='ltr'><strong><em>est,</em></strong></span> 
     </span>
    </p>
   </div>
   <div class='ocr_carea' id='block_1_108' title="bbox 2170 4794 3762 4867">
    <p class='ocr_par' dir='ltr' id='par_1_108' title="bbox 2170 4794 3762 4867">
     <span class='ocr_line' id='line_1_109' title="bbox 2170 4794 3762 4867; baseline 0.002 -17"><span class='ocrx_word' id='word_1_812' title='bbox 2170 4794 2228 4851; x_wconf 92' lang='lat' dir='ltr'><strong><em>id</em></strong></span> <span class='ocrx_word' id='word_1_813' title='bbox 2257 4803 2339 4850; x_wconf 91' lang='lat' dir='ltr'><strong><em>est</em></strong></span> <span class='ocrx_word' id='word_1_814' title='bbox 2371 4813 2383 4851; x_wconf 87' lang='lat'><strong><em>:</em></strong></span> <span class='ocrx_word' id='word_1_815' title='bbox 2414 4796 2651 4852; x_wconf 87' lang='lat' dir='ltr'><strong><em>Laudem</em></strong></span> <span class='ocrx_word' id='word_1_816' title='bbox 2677 4797 2831 4853; x_wconf 86' lang='lat' dir='ltr'><strong><em>dicite</em></strong></span> <span class='ocrx_word' id='word_1_817' title='bbox 2858 4798 3174 4865; x_wconf 87' lang='lat' dir='ltr'><strong><em>Deonostro,</em></strong></span> <span class='ocrx_word' id='word_1_818' title='bbox 3200 4813 3382 4852; x_wconf 85' lang='lat' dir='ltr'><strong><em>omnes</em></strong></span> <span class='ocrx_word' id='word_1_819' title='bbox 3413 4799 3591 4855; x_wconf 84' lang='lat' dir='ltr'><strong><em>sancti</em></strong></span> <span class='ocrx_word' id='word_1_820' title='bbox 3617 4798 3762 4867; x_wconf 83' lang='lat' dir='ltr'><strong><em>ejus;</em></strong></span> 
     </span>
    </p>
   </div>
   <div class='ocr_carea' id='block_1_109' title="bbox 2169 4883 3762 4959">
    <p class='ocr_par' dir='ltr' id='par_1_109' title="bbox 2169 4883 3762 4959">
     <span class='ocr_line' id='line_1_110' title="bbox 2169 4883 3762 4959; baseline 0.004 -20"><span class='ocrx_word' id='word_1_821' title='bbox 2169 4883 2391 4941; x_wconf 90' lang='lat' dir='ltr'><strong><em>alleluia</em></strong></span> <span class='ocrx_word' id='word_1_822' title='bbox 2424 4886 2626 4959; x_wconf 88' lang='lat' dir='ltr'><strong><em>quippe</em></strong></span> <span class='ocrx_word' id='word_1_823' title='bbox 2667 4886 2927 4944; x_wconf 70' lang='lat' dir='ltr'><strong><em>«laudate</em></strong></span> <span class='ocrx_word' id='word_1_824' title='bbox 2954 4887 3257 4944; x_wconf 91' lang='lat' dir='ltr'><strong><em>Dominum</em></strong></span> <span class='ocrx_word' id='word_1_825' title='bbox 3278 4912 3297 4936; x_wconf 75' lang='grc' dir='ltr'><strong><em>ι</em></strong></span> <span class='ocrx_word' id='word_1_826' title='bbox 3344 4896 3528 4945; x_wconf 89' lang='lat' dir='ltr'><strong><em>sonat.</em></strong></span> <span class='ocrx_word' id='word_1_827' title='bbox 3563 4888 3762 4955; x_wconf 89' lang='lat' dir='ltr'><strong><em>Quinto</em></strong></span> 
     </span>
    </p>
   </div>
   <div class='ocr_carea' id='block_1_110' title="bbox 2169 4975 3759 5048">
    <p class='ocr_par' dir='ltr' id='par_1_110' title="bbox 2169 4975 3759 5048">
     <span class='ocr_line' id='line_1_111' title="bbox 2169 4975 3759 5048; baseline 0.004 -19"><span class='ocrx_word' id='word_1_828' title='bbox 2169 4989 2301 5031; x_wconf 83' lang='lat' dir='ltr'><strong><em>vero</em></strong></span> <span class='ocrx_word' id='word_1_829' title='bbox 2328 4990 2360 5031; x_wconf 88' lang='lat' dir='ltr'><strong><em>a</em></strong></span> <span class='ocrx_word' id='word_1_830' title='bbox 2387 4975 2564 5032; x_wconf 89' lang='lat' dir='ltr'><strong><em>tribus</em></strong></span> <span class='ocrx_word' id='word_1_831' title='bbox 2591 4975 2823 5033; x_wconf 87' lang='lat' dir='ltr'><strong><em>vocibus</em></strong></span> <span class='ocrx_word' id='word_1_832' title='bbox 2873 4977 3040 5033; x_wconf 91' lang='lat' dir='ltr'><strong><em>semel</em></strong></span> <span class='ocrx_word' id='word_1_833' title='bbox 3085 4975 3378 5035; x_wconf 84' lang='lat' dir='ltr'><strong><em>decantata</em></strong></span> <span class='ocrx_word' id='word_1_834' title='bbox 3426 4987 3531 5047; x_wconf 89' lang='lat' dir='ltr'><strong><em>est,</em></strong></span> <span class='ocrx_word' id='word_1_835' title='bbox 3582 4977 3639 5035; x_wconf 91' lang='lat' dir='ltr'><strong><em>id</em></strong></span> <span class='ocrx_word' id='word_1_836' title='bbox 3665 4985 3759 5048; x_wconf 87' lang='lat' dir='ltr'><strong><em>est,</em></strong></span> 
     </span>
    </p>
   </div>
   <div class='ocr_carea' id='block_1_111' title="bbox 2169 5064 3759 5140">
    <p class='ocr_par' dir='ltr' id='par_1_111' title="bbox 2169 5064 3759 5140">
     <span class='ocr_line' id='line_1_112' title="bbox 2169 5064 3759 5140; baseline 0.001 -20"><span class='ocrx_word' id='word_1_837' title='bbox 2169 5080 2202 5120; x_wconf 89' lang='lat' dir='ltr'><strong><em>a</em></strong></span> <span class='ocrx_word' id='word_1_838' title='bbox 2231 5080 2365 5121; x_wconf 88' lang='lat' dir='ltr'><strong><em>voce</em></strong></span> <span class='ocrx_word' id='word_1_839' title='bbox 2385 5064 2530 5122; x_wconf 69' lang='lat' dir='ltr'><strong><em>tubae</em></strong></span> <span class='ocrx_word' id='word_1_840' title='bbox 2568 5081 2798 5138; x_wconf 75' lang='lat' dir='ltr'><strong><em>magnae,</em></strong></span> <span class='ocrx_word' id='word_1_841' title='bbox 2833 5074 2887 5123; x_wconf 92' lang='lat' dir='ltr'><strong><em>et</em></strong></span> <span class='ocrx_word' id='word_1_842' title='bbox 2912 5083 2942 5123; x_wconf 90' lang='lat' dir='ltr'><strong><em>a</em></strong></span> <span class='ocrx_word' id='word_1_843' title='bbox 2975 5083 3108 5124; x_wconf 90' lang='lat' dir='ltr'><strong><em>voce</em></strong></span> <span class='ocrx_word' id='word_1_844' title='bbox 3138 5082 3414 5140; x_wconf 88' lang='lat' dir='ltr'><strong><em>aquarum</em></strong></span> <span class='ocrx_word' id='word_1_845' title='bbox 3443 5069 3759 5138; x_wconf 82' lang='lat' dir='ltr'><strong><em>multarum,</em></strong></span> 
     </span>
    </p>
   </div>
   <div class='ocr_carea' id='block_1_112' title="bbox 2169 5155 3758 5230">
    <p class='ocr_par' dir='ltr' id='par_1_112' title="bbox 2169 5155 3758 5230">
     <span class='ocr_line' id='line_1_113' title="bbox 2169 5155 3758 5230; baseline 0.001 -20"><span class='ocrx_word' id='word_1_846' title='bbox 2169 5163 2224 5211; x_wconf 87' lang='lat' dir='ltr'><strong><em>et</em></strong></span> <span class='ocrx_word' id='word_1_847' title='bbox 2249 5171 2279 5210; x_wconf 87' lang='lat' dir='ltr'><strong><em>a</em></strong></span> <span class='ocrx_word' id='word_1_848' title='bbox 2317 5170 2453 5211; x_wconf 90' lang='lat' dir='ltr'><strong><em>voce</em></strong></span> <span class='ocrx_word' id='word_1_849' title='bbox 2488 5155 2863 5212; x_wconf 89' lang='lat' dir='ltr'><strong><em>tonitruorum</em></strong></span> <span class='ocrx_word' id='word_1_850' title='bbox 2911 5172 3257 5229; x_wconf 87' lang='lat' dir='ltr'><strong><em>magnorum.</em></strong></span> <span class='ocrx_word' id='word_1_851' title='bbox 3303 5156 3601 5230; x_wconf 82' lang='lat' dir='ltr'><strong><em>Scriptura</em></strong></span> <span class='ocrx_word' id='word_1_852' title='bbox 3642 5155 3758 5213; x_wconf 88' lang='lat' dir='ltr'><strong><em>libri</em></strong></span> 
     </span>
    </p>
   </div>
   <div class='ocr_carea' id='block_1_113' title="bbox 2168 5241 3757 5317">
    <p class='ocr_par' dir='ltr' id='par_1_113' title="bbox 2168 5241 3757 5317">
     <span class='ocr_line' id='line_1_114' title="bbox 2168 5241 3757 5317; baseline 0.002 -18"><span class='ocrx_word' id='word_1_853' title='bbox 2168 5241 2336 5316; x_wconf 88' lang='lat' dir='ltr'><strong><em>hujus</em></strong></span> <span class='ocrx_word' id='word_1_854' title='bbox 2376 5260 2516 5317; x_wconf 68' lang='lat' dir='ltr'><strong><em>saipe</em></strong></span> <span class='ocrx_word' id='word_1_855' title='bbox 2541 5244 2881 5303; x_wconf 88' lang='lat' dir='ltr'><strong><em>demonstrat</em></strong></span> <span class='ocrx_word' id='word_1_856' title='bbox 2910 5260 3129 5303; x_wconf 87' lang='lat' dir='ltr'><strong><em>omnem</em></strong></span> <span class='ocrx_word' id='word_1_857' title='bbox 3157 5245 3470 5303; x_wconf 86' lang='lat' dir='ltr'><strong><em>electorum</em></strong></span> <span class='ocrx_word' id='word_1_858' title='bbox 3501 5247 3757 5303; x_wconf 88' lang='lat' dir='ltr'><strong><em>multitu-</em></strong></span> 
     </span>
    </p>
   </div>
   <div class='ocr_carea' id='block_1_114' title="bbox 2167 5331 3756 5409">
    <p class='ocr_par' dir='ltr' id='par_1_114' title="bbox 2167 5331 3756 5409">
     <span class='ocr_line' id='line_1_115' title="bbox 2167 5331 3756 5409; baseline 0.003 -20"><span class='ocrx_word' id='word_1_859' title='bbox 2167 5331 2353 5389; x_wconf 90' lang='lat' dir='ltr'><strong><em>dinem</em></strong></span> <span class='ocrx_word' id='word_1_860' title='bbox 2388 5332 2447 5389; x_wconf 90' lang='lat' dir='ltr'><strong><em>in</em></strong></span> <span class='ocrx_word' id='word_1_861' title='bbox 2487 5341 2692 5406; x_wconf 91' lang='lat' dir='ltr'><strong><em>septem</em></strong></span> <span class='ocrx_word' id='word_1_862' title='bbox 2731 5342 2913 5408; x_wconf 89' lang='lat' dir='ltr'><strong><em>partes</em></strong></span> <span class='ocrx_word' id='word_1_863' title='bbox 2967 5350 3082 5391; x_wconf 88' lang='lat' dir='ltr'><strong><em>esse</em></strong></span> <span class='ocrx_word' id='word_1_864' title='bbox 3123 5333 3496 5393; x_wconf 88' lang='lat' dir='ltr'><strong><em>dividendam</em></strong></span> <span class='ocrx_word' id='word_1_865' title='bbox 3547 5335 3689 5409; x_wconf 88' lang='lat'><strong><em>(63),</em></strong></span> <span class='ocrx_word' id='word_1_866' title='bbox 3714 5333 3756 5392; x_wconf 88' lang='lat' dir='ltr'><strong><em>si</em></strong></span> 
     </span>
    </p>
   </div>
   <div class='ocr_carea' id='block_1_115' title="bbox 2166 5420 3755 5499">
    <p class='ocr_par' dir='ltr' id='par_1_115' title="bbox 2166 5420 3755 5499">
     <span class='ocr_line' id='line_1_116' title="bbox 2166 5420 3755 5499; baseline 0.001 -21"><span class='ocrx_word' id='word_1_867' title='bbox 2166 5420 2285 5495; x_wconf 91' lang='lat' dir='ltr'><strong><em>ejus</em></strong></span> <span class='ocrx_word' id='word_1_868' title='bbox 2311 5421 2678 5497; x_wconf 88' lang='lat' dir='ltr'><strong><em>intelligentia</em></strong></span> <span class='ocrx_word' id='word_1_869' title='bbox 2700 5423 2961 5483; x_wconf 89' lang='lat' dir='ltr'><strong><em>subtilius</em></strong></span> <span class='ocrx_word' id='word_1_870' title='bbox 2984 5432 3382 5498; x_wconf 77' lang='lat' dir='ltr'><strong><em>perscrutatur.</em></strong></span> <span class='ocrx_word' id='word_1_871' title='bbox 3407 5424 3440 5482; x_wconf 79' lang='grc' dir='ltr'>Ι</span> <span class='ocrx_word' id='word_1_872' title='bbox 3443 5426 3559 5484; x_wconf 89' lang='lat' dir='ltr'><strong><em>usti</em></strong></span> <span class='ocrx_word' id='word_1_873' title='bbox 3583 5426 3755 5499; x_wconf 79' lang='lat' dir='ltr'><strong><em>itaque</em></strong></span> 
     </span>
    </p>
   </div>
   <div class='ocr_carea' id='block_1_116' title="bbox 2163 5564 3756 5643">
    <p class='ocr_par' dir='ltr' id='par_1_116' title="bbox 2163 5564 3756 5643">
     <span class='ocr_line' id='line_1_117' title="bbox 2163 5564 3756 5643; baseline 0.004 -22"><span class='ocrx_word' id='word_1_874' title='bbox 2163 5564 2213 5621; x_wconf 86' lang='lat' dir='ltr'><strong><em>si</em></strong></span> <span class='ocrx_word' id='word_1_875' title='bbox 2253 5564 2369 5636; x_wconf 85' lang='lat' dir='ltr'><strong><em>ejus</em></strong></span> <span class='ocrx_word' id='word_1_876' title='bbox 2411 5566 2677 5643; x_wconf 74' lang='lat' dir='ltr'><strong><em>subtilitas</em></strong></span> <span class='ocrx_word' id='word_1_877' title='bbox 2704 5568 3177 5643; x_wconf 80' lang='lat' dir='ltr'><strong><em>oel_intelligentia</em></strong></span> <span class='ocrx_word' id='word_1_878' title='bbox 3216 5575 3600 5643; x_wconf 79' lang='lat' dir='ltr'><strong><em>perscrutetur</em></strong></span> <span class='ocrx_word' id='word_1_879' title='bbox 3616 5589 3640 5640; x_wconf 86' lang='lat'><strong><em>;</em></strong></span> <span class='ocrx_word' id='word_1_880' title='bbox 3669 5566 3756 5627; x_wconf 81' lang='lat' dir='ltr'><strong><em>alii</em></strong></span> 
     </span>
    </p>
   </div>
   <div class='ocr_carea' id='block_1_117' title="bbox 2163 5638 3054 5709">
    <p class='ocr_par' dir='ltr' id='par_1_117' title="bbox 2163 5638 3054 5709">
     <span class='ocr_line' id='line_1_118' title="bbox 2163 5638 3054 5709; baseline 0.008 -16"><span class='ocrx_word' id='word_1_881' title='bbox 2163 5651 2296 5696; x_wconf 90' lang='lat' dir='ltr'><strong><em>mss.</em></strong></span> <span class='ocrx_word' id='word_1_882' title='bbox 2330 5638 2552 5709; x_wconf 83' lang='lat' dir='ltr'><strong><em>melius,</em></strong></span> <span class='ocrx_word' id='word_1_883' title='bbox 2582 5647 2645 5699; x_wconf 87' lang='lat' dir='ltr'><strong><em>ut</em></strong></span> <span class='ocrx_word' id='word_1_884' title='bbox 2670 5654 2774 5698; x_wconf 89' lang='lat' dir='ltr'><strong><em>nos</em></strong></span> <span class='ocrx_word' id='word_1_885' title='bbox 2797 5638 2859 5698; x_wconf 90' lang='lat' dir='ltr'><strong><em>in</em></strong></span> <span class='ocrx_word' id='word_1_886' title='bbox 2879 5638 3054 5701; x_wconf 77' lang='lat' dir='ltr'><strong><em>textu.</em></strong></span> 
     </span>
    </p>
   </div>
  </div>
