3902 6198
213 271 357 330 1009

1111 266 1570 327 BERENGAUDI
1607 266 1981 327 EXPOSITIO
2019 269 2092 328 IN
2129 268 2632 330 APOCALYPSIN.

3382 271 3521 372 101ο

201 399 304 474 qui
331 404 456 454 ante
483 395 763 455 diluvium
792 395 1040 466 fuerunt,
1073 395 1140 453 ad
1171 395 1405 470 primam
1437 401 1688 468 partem:
1724 395 1812 452 illi
1843 396 1894 456 A
1991 395 2136 465 Quid
2178 407 2360 454 autem
2400 399 2522 456 istae
2561 405 2672 455 tres
2724 405 2905 474 partes
2945 399 3259 470 decantent,
3307 399 3514 458 audia-

199 489 302 563 qui
332 495 454 561 post
484 486 763 544 diluvium
791 502 1078 561 usquequo
1098 486 1213 543 Lex
1241 485 1368 542 data
1395 493 1497 554 est,
1527 485 1596 542 ad
1625 501 1816 543 secun-

199 580 334 638 dam
385 581 685 654 pertinent,
730 581 873 637 sicut
926 596 1066 652 saepe
1111 579 1225 652 jam
1280 578 1812 647 demonstravimus;

208 673 537 745 nullamque
565 670 728 726 aliam
762 672 932 743 legem
964 670 1294 739 habuerunt,
1336 671 1443 726 nisi
1485 671 1814 735 naturalem,

203 761 268 818 id
304 769 404 829 est,
437 761 792 818 dilectionem
822 759 920 815 Dei
949 769 1001 816 et
1032 759 1295 832 proximi.
1328 759 1442 816 Scit
1470 761 1617 814 enim
1648 776 1814 815 unus-

199 852 438 926 quisque
477 866 533 905 se
573 849 768 905 debere
813 848 1009 904 timere
1047 857 1101 906 et
1148 866 1310 922 super
1355 849 1541 905 omnia
1587 849 1814 920 diligere

199 959 331 999 eum
359 958 388 996 a
436 956 544 1013 quo
585 946 802 995 creatus
847 948 953 1005 est,
998 949 1051 996 et
1094 958 1126 996 a
1172 958 1280 1013 quo
1322 939 1372 996 ei
1422 940 1539 996 vita
1584 947 1638 995 et
1684 941 1813 996 vita)

198 1029 452 1090 subsidia
508 1029 938 1086 ministrantur:
991 1038 1046 1086 et
1094 1030 1235 1085 nulli
1280 1046 1337 1086 se
1389 1028 1586 1085 debere
1632 1028 1808 1086 facere

197 1121 352 1196 quod
381 1137 491 1176 non
524 1121 644 1176 vult
671 1120 738 1175 ab
767 1119 878 1174 alio
909 1119 1042 1190 pati.
1096 1120 1251 1176 Hanc
1289 1119 1464 1190 legem
1493 1119 1682 1175 nullus
1715 1119 1809 1193 qui

196 1227 349 1268 sanas
401 1209 602 1266 mentis
650 1218 752 1276 est,
806 1208 1056 1280 ignorare
1105 1211 1467 1282 permittitur.
1512 1211 1614 1266 Per
1651 1210 1810 1267 tubas

196 1299 375 1372 igitur
405 1297 605 1352 multas
631 1295 790 1352 electi
819 1295 913 1368 qui
961 1305 1086 1352 ante
1134 1296 1408 1352 diluvium
1465 1297 1710 1365 fuerunt,
1755 1313 1808 1361 et,

195 1389 295 1462 qui
326 1393 446 1460 post
474 1385 750 1441 diluvium
784 1401 956 1459 usque
983 1384 1052 1441 ad
1094 1385 1233 1441 illud
1282 1395 1497 1458 tempus
1539 1403 1646 1458 quo
1693 1387 1807 1442 Lex

196 1476 331 1533 data
357 1485 457 1544 est,
495 1474 870 1546 designantur.
905 1475 1110 1531 Vocem
1166 1475 1488 1542 emiserunt,
1534 1475 1662 1548 quia
1713 1491 1807 1546 per

194 1567 608 1642 pmdicationis
666 1583 776 1622 suae
831 1565 1159 1634 doctrinam,
1215 1582 1567 1639 quoscunque
1618 1574 1804 1637 potue-

192 1665 350 1726 runt,
380 1673 411 1712 a
431 1656 547 1712 suis
576 1655 856 1712 erroribus
886 1663 1285 1712 revocaverunt
1311 1673 1322 1711 :
1355 1654 1578 1710 alleluia
1607 1655 1801 1711 decan-

1924 501 2082 542 mus:
2146 485 2403 556 Alleluia,
2461 489 2712 559 quoniam
2766 489 3008 561 regnavit
3062 490 3322 546 Dominus
3374 491 3518 548 Deus

1923 582 2098 631 noster
2120 577 2476 648 omnipotens;
2528 577 2584 632 id
2611 586 2713 645 est,
2766 578 3052 643 laudemus
3078 579 3402 650 Dominum,
3451 595 3516 637 eo

1925 665 2070 737 quod
2099 667 2378 722 destructo
2405 682 2572 739 regno
2601 667 2806 724 diaboli
2837 669 3133 740 perditoris
3165 670 3366 740 nostri,
3399 671 3515 744 ipse

1924 754 1983 810 in
2015 755 2172 811 nobis
2201 771 2423 828 regnare
2453 756 2731 826 dignatur,
2775 757 2871 829 qui
2901 755 2981 814 est
3006 759 3278 815 Dominus
3305 767 3358 814 et
3385 759 3514 816 Sal-

1923 850 2082 898 vator
2128 853 2332 900 noster.
2389 845 2722 900 Gaudeamus
2766 851 2814 898 et
2855 847 3196 914 exsultemus,
3243 855 3290 903 et
3334 849 3514 906 demus

1921 933 2148 1002 gloriam
2177 932 2260 997 ei;
2299 933 2426 1004 quia
2455 939 2706 988 venerunt
2730 934 2928 1005 nuptiae
2955 934 3114 1006 Agni,
3159 943 3207 992 et
3231 953 3373 992 uxor
3399 937 3513 1007 ejus

1914 1023 2248 1094 praeparavit
2273 1040 2343 1079 se.
2393 1023 2522 1079 Ideo
2567 1023 2921 1096 gaudeamus,
2971 1023 3095 1080 ideo
3149 1026 3508 1095 exsultemus,

1920 1129 1983 1168 eo
2017 1111 2163 1184 quod
2205 1112 2582 1168 misericordia
2619 1112 2924 1169 conditoris
2973 1115 3146 1170 nostri
3206 1115 3509 1173 Ecclesiam

1917 1218 2094 1268 suam,
2118 1219 2238 1274 quae
2265 1218 2456 1258 sumus
2483 1218 2603 1267 nos,
2626 1201 2702 1256 ita
2729 1201 2836 1257 sibi
2867 1201 3195 1274 conjungere
3223 1205 3296 1258 sit
3321 1203 3509 1276 digna-

1917 1297 2024 1358 tus,
2069 1298 2129 1346 ut
2159 1307 2356 1362 sponsa
2383 1290 2738 1364 conjungitur
2765 1307 2964 1363 sponso
2994 1308 3128 1360 suo;
3163 1297 3309 1355 569
3359 1309 3506 1366 qua-

1921 1397 2078 1446 tenus
2106 1390 2282 1447 simus
2311 1407 2436 1447 cum
2470 1391 2587 1463 ipso
2624 1407 2736 1446 una
2780 1406 2927 1458 caro,
2983 1390 3125 1446 sicut
3170 1389 3309 1446 dicit
3351 1389 3510 1448 Scri-

1916 1487 2115 1551 ptura:
2189 1503 2208 1526 ‹
2253 1481 2434 1535 Erunt
2494 1479 2605 1535 duo
2647 1478 2705 1535 in
2753 1495 2915 1536 carne
2959 1495 3067 1534 una
3116 1479 3272 1551 (Gen.
3309 1496 3371 1548 II,
3402 1479 3504 1548 24;

1914 1570 2109 1640 Ephes.
2163 1585 2218 1636 v,
2269 1568 2402 1640 31);
2440 1592 2458 1616 ι
2519 1567 2666 1640 quod
2720 1567 3018 1640 Apostolus
3071 1565 3138 1622 de
3179 1567 3402 1625 Christo
3453 1575 3508 1624 et

1914 1657 2160 1714 Ecclesia
2189 1657 2610 1729 intelligendum
2641 1673 2755 1713 esse
2784 1657 2993 1713 docuit.
3028 1657 3180 1713 Uxor
3208 1655 3326 1728 ejus
3355 1673 3507 1729 prae-

191 1753 476 1814 taverunt,
520 1743 648 1818 quia
692 1743 993 1800 secundum
1043 1742 1309 1798 naturalis
1363 1742 1496 1814 legis
1542 1742 1796 1798 notitiam
1830 1757 1878 1818 Β
1912 1747 2124 1818 paravit
2152 1762 2227 1813 se,
2261 1746 2319 1801 id
2349 1753 2450 1814 est,
2502 1745 2748 1802 Ecclesia
2779 1761 2900 1819 quae
2928 1761 3071 1800 uxor
3100 1745 3244 1816 Agni
3273 1745 3501 1814 dicitur,

190 1853 294 1911 per
338 1836 481 1891 bona
519 1851 682 1908 opera
719 1836 832 1890 Deo
877 1833 1089 1904 placere
1137 1831 1512 1888 studuerunt:
1555 1832 1795 1888 secundo

190 1926 416 1982 alleluia
445 1925 728 1991 dixerunt,
751 1922 879 1996 quia
901 1922 960 1977 hi
983 1922 1077 1995 qui
1105 1930 1228 1994 post
1249 1921 1525 1977 diluvium
1548 1921 1792 1991 fuerunt,

187 2014 494 2071 secundum
550 2013 798 2068 eamdem
859 2011 1028 2082 legem
1079 2011 1353 2078 viventes,
1406 2011 1637 2067 creatori
1695 2027 1795 2066 suo

181 2104 336 2177 juste
369 2104 621 2159 viventes
659 2101 1027 2156 adhaeserunt.
1072 2099 1176 2155 Sed
1227 2099 1584 2171 quaerendum
1634 2100 1796 2156 nobis

187 2199 300 2260 est,
332 2208 432 2248 cur
461 2191 518 2246 in
557 2189 1009 2262 pronuntiatione
1055 2188 1293 2244 secunda
1341 2189 1563 2244 alleluia
1608 2189 1795 2245 fumus

184 2279 496 2352 Babylonis
535 2278 592 2334 in
634 2278 832 2334 saecula
863 2277 1190 2332 saeculorum
1219 2276 1527 2332 ascendisse
1557 2276 1790 2334 dicatur.

184 2371 378 2427 Potest
409 2384 504 2440 per
533 2367 748 2423 fumum
781 2366 926 2421 fama
962 2364 1258 2438 designari.
1309 2365 1525 2421 Scimus
1559 2367 1689 2438 quia
1735 2367 1793 2422 in

185 2457 432 2516 secunda
445 2464 596 2529 parte
613 2457 725 2512 Noe
746 2463 797 2512 et
810 2453 911 2509 ﬁlii
925 2454 1041 2526 ejus
1057 2454 1224 2526 primi
1241 2463 1542 2526 ponuntur,
1557 2471 1791 2528 quorum

188 2547 533 2621 temporibus
577 2546 734 2619 aquis
771 2546 972 2602 diluvii
1014 2545 1317 2601 humanum
1351 2561 1520 2617 genus
1548 2544 1791 2600 deletum

189 2647 296 2696 est.
326 2638 517 2692 Postea
560 2651 692 2691 vero
727 2634 964 2691 Sodoma
1011 2642 1064 2690 et
1111 2633 1435 2702 Gomorrha,
1487 2641 1541 2688 et
1584 2641 1792 2690 caetera)

189 2731 449 2790 civitates
478 2747 598 2804 quae
629 2728 708 2785 eis
735 2726 1108 2796 adhaerebant,
1149 2726 1357 2782 caelesti
1389 2726 1512 2797 igne
1539 2741 1791 2782 consum-

188 2829 302 2895 ptae
332 2829 480 2876 sunt.
516 2821 722 2875 Fumus
754 2834 882 2890 ergo
906 2816 1207 2888 Babylonis
1237 2815 1293 2870 in
1323 2816 1522 2872 saecula
1551 2817 1792 2873 saeculo-

187 2927 318 2966 rum
351 2909 616 2976 ascendit,
656 2907 784 2981 quia
818 2907 935 2964 haec
965 2905 1110 2961 fama
1136 2904 1204 2961 ab
1231 2921 1324 2962 ore
1352 2905 1600 2962 ﬁdelium
1636 2922 1791 2962 nun-

191 3016 364 3074 quam
390 2998 624 3056 recedet.

265 3118 338 3174 At
365 3133 496 3173 vero
527 3132 622 3188 per
649 3114 846 3187 viginti
885 3122 1120 3188 quatuor
1162 3113 1422 3182 seniores,
1466 3122 1646 3186 patres
1693 3116 1786 3188 qui
1823 3109 1866 3172 Ο

185 3210 294 3268 sub
325 3209 466 3280 Lege
495 3207 720 3263 fuerunt
747 3206 1123 3278 designantur.
1145 3203 1359 3273 Quibus
1377 3204 1792 3277 conjunguntur

185 3308 428 3373 quatuor
463 3297 741 3364 animalia,
801 3313 898 3368 per
949 3313 1069 3368 quae
1120 3311 1328 3351 novum
1378 3295 1786 3352 Testamentum

184 3390 494 3461 ﬁguratur;
555 3385 683 3459 quia
711 3385 769 3441 in
799 3385 973 3440 veteri
1004 3385 1350 3440 Testamento
1394 3383 1440 3440 si
1469 3383 1790 3454 spiritaliter

184 3477 554 3549 intelligatur,
578 3491 786 3532 novum
818 3469 1154 3530 continetur.
1191 3471 1431 3528 Alleluia
1454 3472 1791 3528 decantave-

185 3574 343 3633 runt,
376 3565 504 3638 quia
538 3564 792 3620 mandata
840 3563 1034 3634 legalia
1086 3562 1456 3629 observantes,
1506 3577 1601 3632 per
1647 3561 1790 3617 bona

184 3671 355 3728 opera
383 3655 497 3709 Deo
527 3653 738 3725 placere
767 3651 1118 3708 studuerunt.
1168 3651 1270 3705 Per
1312 3650 1574 3706 thronum
1603 3658 1786 3705 autem

182 3743 470 3818 prophetas
499 3741 874 3814 designantur,
915 3757 979 3796 eo
1028 3738 1176 3812 quod
1217 3739 1368 3795 sedes
1410 3738 1509 3795 Dei
1557 3738 1784 3806 fuerint,

182 3840 244 3890 et
272 3849 369 3904 per
397 3849 488 3888 eos
531 3847 630 3887 sua
667 3829 879 3902 judicia
925 3828 1274 3901 disposuerit.
1327 3829 1377 3884 A
1425 3827 1628 3884 throno
1675 3843 1787 3884 vox

181 3923 329 3980 exiit
365 3939 377 3978 :
411 3921 539 3994 quia
565 3937 597 3975 a
625 3918 907 3991 prophetis
937 3907 1255 3990 praedicatio
1282 3925 1469 3975 sancta
1498 3917 1780 3989 processit.

184 4011 430 4069 Laudem
480 4011 592 4066 Deo
640 4007 1072 4064 decantaverunt
1129 4007 1258 4080 quia
1308 4006 1359 4062 ei
1409 4015 1524 4063 tota
1580 4006 1785 4062 virtute

182 4101 396 4158 servire
451 4097 800 4155 studuerunt.
859 4097 1012 4152 Tuba
1071 4112 1200 4151 vero
1256 4112 1452 4167 magna
1502 4095 1782 4153 Christum

181 4186 498 4260 signiﬁcat:
529 4201 640 4240 vox
673 4183 815 4238 tubae
855 4182 1168 4254 praedicatio
1215 4189 1296 4238 est
1332 4181 1656 4254 Evangelii;
1690 4198 1784 4253 per

180 4296 377 4337 vocem
397 4287 580 4335 autem
608 4291 874 4349 aquarum
897 4275 1194 4330 multarum
1218 4275 1516 4330 multitudo
1537 4276 1780 4347 gentium

181 4367 468 4426 Christum
499 4362 882 4422 conﬁtentium
913 4361 1228 4432 designatur
1256 4379 1268 4416 :
1311 4377 1407 4432 per
1431 4377 1621 4418 vocem
1654 4378 1782 4418 vero

1905 1835 2076 1891 variis
2106 1834 2412 1891 virtutibus
2441 1835 2787 1907 semetipsam
2818 1833 3057 1890 ornavit.
3107 1835 3180 1889 Et
3217 1834 3401 1888 datum
3430 1843 3507 1891 est

1904 1925 1992 1980 illi
2029 1931 2087 1979 ut
2124 1924 2333 1996 aperiat
2379 1940 2430 1979 se
2477 1924 2681 1994 byssina
2723 1923 3015 1994 splendenti
3060 1921 3305 1978 candido.
3359 1922 3505 1991 Quid

1903 2014 2102 2087 byssus
2157 2011 2449 2083 signiﬁcet,
2516 2011 2632 2084 ipse
2686 2011 2953 2084 exponit:
3012 2010 3301 2082 Byssinum
3352 2010 3502 2070 enim

1894 2103 2299 2175 justiﬁcationes
2325 2109 2450 2157 sunt
2477 2107 2799 2158 sanctorum.

1978 2203 2160 2274 (Vers.
2193 2201 2274 2274 9.)
2315 2204 2389 2258 Et
2426 2201 2569 2256 dixit
2613 2200 2785 2256 mihi:
2844 2198 3042 2268 Scribe,
3103 2199 3237 2256 beati
3287 2198 3383 2271 qui
3428 2200 3502 2256 ad

1903 2308 2101 2347 orenam
2138 2291 2453 2362 nuptiarum
2481 2290 2623 2361 Agni
2649 2289 2818 2345 vocati
2845 2296 2986 2346 sunt.
3038 2288 3338 2346 Prandium
3381 2289 3502 2344 ele-

1903 2389 2118 2437 ctorum
2145 2396 2293 2436 nunc
2328 2387 2428 2447 est,
2461 2378 2680 2452 quando
2709 2379 2768 2434 in
2797 2379 3048 2436 Ecclesia
3076 2379 3312 2452 dapibus
3340 2395 3501 2436 evan-

1904 2469 2092 2542 gelicis
2132 2477 2471 2541 pascuntur:
2531 2484 2686 2525 caana
2735 2483 2868 2524 vero
2915 2478 3048 2526 tunc
3098 2470 3227 2538 erit,
3281 2467 3502 2541 quando

1902 2569 2024 2634 post
2049 2561 2505 2617 resurrectionem
2554 2561 2614 2615 in
2652 2559 2860 2615 coelesti
2909 2559 3254 2616 beatitudine
3298 2569 3503 2616 aeterna

1901 2653 2076 2726 gloria
2121 2653 2492 2725 perfruentur.
2548 2652 2620 2707 Et
2660 2650 2790 2724 quia
2827 2649 3121 2722 prandium
3165 2650 3313 2723 quod
3351 2667 3502 2708 nunc

1901 2743 2101 2816 agitur,
2151 2748 2206 2797 et
2228 2741 2403 2797 bonos
2431 2747 2485 2796 et
2513 2739 2685 2794 malos
2714 2739 2928 2811 recipit,
2981 2755 3094 2794 non
3125 2754 3316 2794 omnes
3345 2738 3499 2795 beati

1899 2839 2048 2896 sunt,
2080 2831 2175 2903 qui
2203 2831 2260 2885 in
2299 2845 2362 2885 eo
2389 2828 2650 2886 videntur
2673 2827 2991 2884 recumbere
3015 2844 3026 2882 :
3053 2826 3137 2882 illi
3169 2834 3355 2882 autem
3385 2827 3493 2883 soli

1899 2919 2044 2976 beati
2075 2925 2227 2986 sunt,
2255 2917 2350 2990 qui
2385 2918 2443 2972 in
2471 2918 2567 2972 illa
2595 2932 2770 2986 omna,
2799 2931 2920 2989 qua
2948 2922 3071 2989 post
3100 2914 3269 2972 ﬁnem
3295 2914 3493 2973 mundi

1898 3007 2086 3066 futura
2115 3017 2213 3077 est,
2245 3007 2603 3080 recipientur.

1973 3107 2153 3177 (Vers.
2189 3106 2302 3178 10.)
2342 3107 2417 3162 Et
2455 3104 2597 3161 dixit
2637 3102 2808 3160 mihi:
2855 3104 2977 3160 Haec
3020 3103 3183 3159 verba
3229 3103 3328 3160 Dei
3369 3120 3496 3162 vera

1900 3201 2042 3252 sunt.
2075 3198 2148 3252 Et
2180 3195 2337 3250 cecidi
2373 3201 2495 3250 ante
2536 3195 2693 3266 pedes
2737 3192 2870 3262 ejus,
2920 3197 2981 3247 ut
3023 3193 3309 3248 adorarem
3354 3209 3490 3249 eum.

1898 3288 1975 3342 Et
2008 3286 2148 3341 dixit
2174 3285 2331 3341 mihi:
2374 3285 2498 3343 Vide
2528 3301 2591 3338 ne
2618 3282 2836 3353 feceris;
2881 3298 3162 3337 conservus
3195 3288 3314 3336 tuus
3355 3297 3492 3350 sum,

1897 3382 1948 3431 et
2002 3374 2241 3446 fratrum
2291 3381 2506 3430 tuorum
2559 3371 2859 3428 habentium
2916 3369 3270 3425 testimonium
3327 3370 3488 3426 Iesu:

1896 3466 2065 3522 Deum
2092 3465 2282 3520 adora.
2315 3462 2638 3535 Redemptio
2665 3459 2948 3533 sanguinis
2979 3458 3185 3517 Christi
3211 3457 3319 3516 hoc
3346 3458 3496 3515 ﬁde-

1897 3553 2042 3610 libus
2071 3553 2326 3622 contulit,
2376 3561 2437 3608 ut
2469 3551 2571 3607 ﬁlii
2601 3550 2700 3607 Dei
2729 3549 2973 3621 sociique
3005 3548 3325 3618 angelorum
3365 3548 3493 3604 eili-

1895 3650 2187 3710 cerentur;
2243 3643 2472 3714 ideoque
2501 3638 2840 3713 pertimescit
2887 3637 3113 3710 angelus
3152 3635 3368 3693 adorari
3423 3637 3492 3694 ab

1897 3729 2142 3800 homine,
2186 3731 2279 3804 qui
2325 3747 2486 3803 super
2523 3745 2580 3785 se
2627 3727 2888 3785 adorabat
2934 3725 3218 3782 hominem
3271 3727 3486 3782 Deum:

1896 3829 2227 3893 quapropter
2284 3835 2610 3878 conservum
2661 3832 2720 3873 se
2775 3815 3001 3872 Joannis
3057 3822 3490 3885 caeterorumque

1895 3909 2142 3966 ﬁdelium
2171 3917 2350 3966 vocat.
2401 3905 2800 3963 Testimonium
2831 3905 2959 3959 Jesu
2997 3909 3079 3958 est
3107 3901 3334 3972 spiritus
3366 3917 3486 3972 pro-

1893 3999 2136 4072 phetiaa;
2186 4008 2367 4070 patres
2401 4005 2581 4052 autem
2613 3994 2815 4049 veteris
2854 3991 3209 4058 Testamenti,
3255 3991 3351 4062 qui
3395 3991 3486 4047 ad-

1893 4096 2120 4144 ventum
2152 4086 2380 4153 Christi,
2432 4083 2741 4156 passionem
2789 4089 2843 4137 et
2874 4080 3330 4137 resurrectionem
3369 4080 3488 4154 ejus

1891 4177 2288 4251 praedixerunt,
2337 4175 2590 4248 spiritum
2621 4171 2922 4245 prophetiae
2953 4171 3210 4228 habuisse
3248 4171 3486 4228 certissi-

1892 4283 2041 4322 mum
2075 4273 2176 4334 est,
2229 4264 2373 4321 unde
2419 4274 2472 4322 et
2516 4263 2794 4336 prophetae
2823 4269 3110 4319 vocantur.
3154 4261 3480 4335 Quicunque

1891 4373 2018 4428 ergo
2047 4354 2425 4411 testimonium
2475 4352 2700 4411 Christo
2730 4351 3005 4425 perhibet,
3058 4349 3316 4423 spiritum
3348 4367 3487 4423 pro-

181 4457 559 4513 tonitruorum
609 4468 932 4525 magnorum
977 4451 1136 4508 electi
1185 4451 1278 4524 qui
1333 4451 1392 4506 in
1436 4451 1544 4507 ﬁne
1588 4453 1781 4509 mundi
1810 4469 1859 4528 D
1890 4445 2091 4518 phetiaa
2124 4443 2310 4500 habet.

181 4545 452 4602 nascituri
481 4550 634 4611 sunt,
666 4540 1093 4612 intelliguntur:
1136 4549 1190 4598 et
1219 4540 1342 4612 jure
1382 4556 1477 4612 per
1519 4541 1781 4611 tonitrua,

181 4635 316 4707 quia
342 4643 607 4690 terrorem
639 4629 749 4686 diei
775 4628 977 4700 judicii
1015 4629 1442 4685 annuntiabunt.
1485 4630 1615 4686 Tres
1655 4646 1783 4703 ergo

180 4739 348 4781 voces
408 4721 573 4778 semel
634 4719 857 4774 alleluia
906 4718 1386 4786 decantaverunt;
1442 4719 1573 4792 quia
1617 4718 1781 4774 ﬁdem

181 4817 389 4868 sanctae
435 4807 724 4864 Trinitatis
764 4806 1180 4877 doctrinamque
1230 4807 1539 4879 Evangelii,
1589 4824 1708 4881 qua:
1752 4824 1784 4863 a

180 4914 383 4970 magna
415 4897 568 4964 tuba,
603 4895 659 4951 id
697 4901 797 4962 est,
847 4910 879 4948 a
924 4892 1144 4950 Christo
1186 4894 1468 4965 processit,
1520 4911 1783 4951 servave-

183 4997 340 5056 runt,
372 4995 426 5043 et
455 4986 754 5042 servabunt
783 5000 956 5057 usque
985 4983 1042 5038 in
1072 4982 1259 5038 ﬁnem.
1291 4985 1424 5044 Dure
1455 4985 1624 5057 igitur
1650 5003 1784 5058 par-

180 5085 285 5145 tes,
317 5075 376 5132 id
405 5082 505 5142 est,
549 5073 728 5145 prima
754 5079 809 5128 et
833 5069 1092 5138 secunda,
1122 5071 1190 5126 ad
1216 5069 1386 5143 legem
1419 5088 1580 5144 quam
1612 5082 1784 5129 natu-

180 5168 354 5223 ralem
383 5180 499 5220 esse
519 5163 789 5229 diximus,
811 5161 1087 5234 pertinent
1112 5177 1123 5214 :
1155 5159 1276 5216 duae
1306 5177 1426 5233 quae
1456 5171 1779 5233 sequuntur,

181 5255 241 5312 id
274 5262 381 5319 est,
410 5253 573 5309 tertia
601 5259 654 5308 et
683 5257 900 5324 quarta,
943 5249 1010 5306 ad
1044 5251 1216 5322 legem
1257 5266 1378 5322 quas
1416 5266 1511 5322 per
1556 5252 1782 5322 Moysen

181 5345 313 5403 data
339 5351 454 5400 est:
507 5349 616 5398 tres
642 5347 824 5396 autem
855 5355 975 5412 quae
1005 5347 1235 5408 restant,
1271 5339 1330 5395 id
1360 5347 1462 5409 est,
1507 5340 1700 5413 quinta
1729 5349 1782 5397 et

183 5441 360 5500 sexta,
391 5438 446 5487 et
473 5429 728 5502 septima,
759 5429 829 5486 ad
860 5431 1034 5503 legem
1069 5430 1395 5503 Evangelii;
1438 5438 1499 5487 ut
1535 5429 1783 5488 indicent

181 5540 277 5580 eos
307 5523 366 5578 in
395 5519 503 5576 ﬁde
532 5525 732 5576 sanctae
760 5517 1048 5576 Trinitatis
1075 5535 1246 5592 usque
1275 5517 1344 5576 ad
1381 5518 1548 5576 ﬁnem
1587 5518 1780 5576 mundi

181 5627 506 5690 permanere
535 5609 749 5667 debere.

1964 4541 2146 4613 (Vers.
2183 4541 2294 4612 11.)
2350 4543 2423 4597 Et
2448 4539 2562 4596 vidi
2587 4541 2771 4595 calum
2800 4543 3066 4610 apertum,
3119 4541 3167 4590 et
3193 4549 3298 4589 ecce
3325 4551 3486 4604 equus

1891 4632 2066 4699 albus,
2115 4637 2162 4685 et
2213 4629 2306 4700 qui
2341 4631 2546 4686 sedebat
2595 4645 2754 4700 super
2810 4644 2928 4682 eum
2973 4623 3259 4680 vocabatur
3316 4623 3487 4694 ﬁdelis

1891 4726 1940 4776 et
1964 4736 2150 4775 verax.
2198 4718 2364 4775 Nullo
2395 4715 2558 4772 modo
2587 4715 2860 4771 astimare
2899 4711 3162 4770 debemus
3202 4709 3350 4784 quod
3381 4709 3488 4767 hoc
3517 4777 3520 4779 Α

1891 4809 2193 4881 capitulum
2223 4807 2293 4862 ad
2317 4805 2614 4861 adventum
2642 4802 2848 4860 Christi
2878 4800 3171 4872 pertineat,
3194 4799 3250 4855 in
3281 4815 3391 4871 quo
3419 4798 3487 4855 ad

1886 4900 2160 4973 judicium
2191 4905 2458 4954 venturus
2483 4904 2596 4961 est;
2647 4893 2742 4950 sed
2773 4891 2956 4965 potius
3003 4890 3072 4946 ad
3119 4892 3340 4960 electos,
3391 4893 3484 4966 qui

1892 4991 1950 5045 in
1995 4989 2104 5044 ﬁne
2151 4987 2344 5044 mundi
2390 4983 2654 5042 nascituri
2697 4989 2863 5049 sunt;
2919 4981 3027 5037 ﬁne
3055 4982 3260 5038 etenim
3295 4981 3488 5038 mundi

1891 5079 2149 5146 instante,
2183 5077 2368 5133 veniet
2395 5076 2667 5134 Dominus
2697 5076 2757 5132 in
2780 5076 2986 5132 sanctis
3011 5074 3146 5144 suis,
3196 5083 3258 5131 ut
3287 5085 3490 5148 pugnet

1890 5184 1988 5240 per
2035 5167 2180 5240 ipsos
2226 5173 2421 5223 contra
2463 5163 2870 5222 Antichristum
2915 5171 2969 5220 et
3017 5163 3303 5220 ministros
3349 5163 3486 5235 ejus.

1889 5260 1961 5314 Et
1989 5256 2165 5330 qualis
2195 5271 2226 5311 a
2253 5255 2457 5313 sanctis
2486 5255 2600 5310 illis
2629 5252 3041 5326 praedicabitur,
3065 5253 3193 5309 talis
3221 5260 3277 5308 et
3308 5252 3489 5309 forma

1891 5346 2010 5419 ejus
2037 5345 2095 5401 in
2126 5344 2232 5402 hoc
2260 5345 2381 5400 loco
2411 5341 2742 5400 describitur
2766 5359 2779 5409 ;
2802 5356 2930 5398 nam
2960 5355 3058 5412 per
3083 5341 3284 5398 coelum
3306 5341 3494 5398 Eccle-

1892 5437 1973 5492 sia
2023 5435 2377 5508 designatur:
2426 5449 2522 5506 per
2575 5448 2780 5506 equum
2836 5429 3026 5488 album
3082 5429 3273 5498 homo,
3327 5445 3491 5503 quem

1892 5525 2068 5582 Filius
2095 5524 2196 5581 Dei
2221 5523 2535 5596 assumpsit,
2586 5538 2750 5595 super
2786 5535 2952 5594 quem
2996 5525 3051 5575 et
3079 5518 3286 5576 sedisse
3342 5517 3492 5572 visus

1892 5619 1993 5667 est.
2046 5609 2152 5678 Qui
2181 5610 2346 5668 etiam
2374 5607 2554 5666 ﬁdelis
2582 5614 2636 5666 et
2664 5623 2835 5666 verax
2864 5604 3052 5666 vocari
3085 5603 3313 5663 dicitur.
3364 5601 3492 5659 Haec
