3902 6198
455 316 592 376 1011

1480 321 1576 377 AD
1616 320 1849 378 OPERA
1886 321 1941 377 S.
1985 320 2316 380 AMBROSII
2353 319 2732 378 APPENDIX.

3679 322 3795 383 1012

454 447 565 506 duo
593 447 839 519 nomina,
887 447 945 507 id
975 457 1056 506 est
1084 449 1265 508 ﬁdelis
1293 458 1348 508 et
1379 466 1569 519 verax,
1620 467 1794 507 unum
1824 467 2046 508 sensum
2076 454 2127 514 A
2156 452 2389 521 Christi,
2422 469 2543 525 qua:
2562 469 2633 508 ex
2662 451 2869 525 angelis
2888 460 2942 509 et
2956 451 3164 510 sanctis
3186 450 3548 509 hominibus
3570 460 3793 521 constat,

456 537 660 596 habent
692 540 750 596 in
772 539 878 596 hoc
904 541 1045 597 loco.
1076 541 1241 597 Recte
1271 540 1448 596 Filius
1480 539 1596 612 (64)
1620 538 1719 596 Dei
1751 538 1933 597 ﬁdelis
1966 556 2057 595 vo-

455 637 632 699 catur,
685 631 753 686 de
808 646 917 702 quo
972 630 1111 686 dicit
1168 630 1494 685 Psalmista:
1560 654 1578 677 ι
1622 629 1828 686 Fidelis
1870 628 2055 686 Domi-

454 735 559 773 nus
591 719 648 773 in
678 717 937 773 omnibus
966 717 1152 773 verbis
1180 717 1315 787 suis,
1363 725 1419 773 et
1448 724 1672 774 sanctus
1710 718 1768 772 in
1799 717 2058 773 omnibus

454 807 714 879 operibus
759 805 871 860 suis
916 806 1091 875 (Psal.
1140 822 1327 874 chrv,
1382 806 1496 877 13).
1530 830 1549 853 ι
1610 807 1873 863 Veracem
1923 822 2056 862 vero

454 895 694 965 seipsum
743 894 801 947 in
853 893 1156 965 Evangelio
1204 901 1383 963 vocat,
1445 894 1669 951 dicens:
1742 919 1760 942 ι
1789 895 1905 966 Ego
1934 910 2056 949 sum

454 976 564 1052 via,
614 992 667 1039 et
695 981 919 1050 veritas,
966 991 1018 1038 et
1049 983 1165 1038 vita
1195 984 1376 1055 (Joan.
1409 1000 1526 1051 XIV,
1561 983 1640 1054 6).
1674 1009 1693 1033 ι
1755 984 2050 1057 Sequitur:

454 1074 670 1130 Etcum
690 1070 911 1140 justitia
932 1071 1145 1141 judicat
1172 1079 1217 1127 et
1240 1080 1463 1144 pugnat.
1524 1073 1646 1128 Non
1691 1073 1859 1129 armis
1910 1073 2057 1128 Deus

456 1162 513 1217 in
561 1161 651 1216 die
692 1160 893 1233 judicii
940 1170 1131 1217 contra
1170 1161 1369 1234 impios
1413 1161 1776 1218 dimicaturus
1810 1168 1912 1230 est,
1961 1160 2056 1216 sed

455 1250 573 1323 ejus
597 1249 816 1321 justitia
845 1251 1309 1323 expugnabuntur
1348 1259 1403 1308 et
1432 1261 1818 1319 conterentur;
1871 1251 2058 1307 omnia

455 1341 602 1397 enim
634 1347 855 1411 peccata
886 1340 1185 1413 impiorum
1221 1349 1383 1414 atque
1422 1343 1630 1397 scelera
1672 1341 1729 1396 in
1760 1348 2057 1413 conspectu

455 1446 647 1486 eorum
695 1428 930 1484 adducet
975 1429 1267 1499 Dominus,
1314 1438 1377 1487 ut
1417 1430 1595 1487 sciant
1641 1446 1698 1487 se
1747 1429 2057 1503 justissima

455 1519 554 1577 Dei
579 1518 794 1591 judicio
823 1533 939 1574 esse
966 1517 1275 1575 damnatos.

530 1659 710 1731 (Vers.
748 1659 861 1731 12.)
914 1659 1070 1716 Oculi
1105 1659 1220 1729 ejus
1262 1661 1396 1717 sicut
1442 1665 1659 1734 flamma
1704 1663 1865 1735 ignis,
1910 1669 1959 1718 et
2003 1662 2056 1717 in

454 1748 622 1819 capite
684 1764 778 1802 suo
834 1748 1142 1804 diademata
1185 1751 1377 1806 multa.
1436 1751 1538 1807 Per
1583 1750 1775 1808 oculos
1828 1748 2053 1807 Domini

456 1837 693 1910 Spiritus
721 1836 820 1892 Dei
868 1838 985 1910 (65)
1030 1838 1366 1912 designatur,
1394 1841 1538 1897 sicut
1565 1841 1623 1897 in
1649 1841 1813 1898 tertia
1841 1841 2057 1899 visione

456 1934 646 1983 auctor
678 1924 844 1997 hujus
876 1926 1006 1983 libri
1034 1928 1299 2001 exponit:
1336 1930 1589 1998 Habebat,
1637 1931 1838 2004 inquit,
1868 1931 2056 2002 Agnus

455 2016 634 2071 oculos
662 2021 870 2085 septem,
925 2018 1020 2088 qui
1067 2025 1193 2073 sunt
1226 2024 1414 2089 septem
1460 2019 1684 2090 spiritus
1731 2020 1853 2085 Dei,
1906 2020 2056 2075 missi

457 2104 514 2160 in
541 2120 743 2159 omnem
775 2110 993 2160 terram.
1016 2105 1087 2161 Et
1117 2106 1246 2178 quia
1276 2106 1495 2161 ﬂamma
1525 2107 1637 2162 urit
1662 2116 1717 2163 et
1747 2107 2048 2178 illuminat,

456 2211 570 2251 non
600 2193 1056 2252 inconvenienter
1095 2194 1334 2267 Spiritus
1362 2203 1584 2252 sanctus
1615 2196 1900 2254 ﬂammeus
1939 2214 2055 2254 esse

456 2283 697 2350 dicitur;
750 2300 814 2339 eo
844 2283 992 2356 quod
1017 2283 1185 2340 corda
1212 2282 1462 2339 ﬁdelium
1493 2292 1546 2340 et
1576 2284 1859 2341 illuminet
1887 2294 1942 2342 et
1972 2285 2054 2340 in-

455 2372 653 2430 cendat
682 2374 741 2430 in
771 2389 1013 2429 amorem
1043 2374 1163 2430 Dei.
1213 2375 1287 2429 Et
1315 2373 1373 2428 in
1401 2376 1568 2446 capite
1607 2374 1722 2444 ejus
1751 2376 2055 2432 diademata

459 2464 645 2519 multa.
670 2463 772 2519 Per
791 2463 1102 2520 diademata
1118 2464 1294 2520 multa
1319 2464 1618 2522 multitudo
1633 2474 1947 2522 sanctorum
1964 2484 2054 2523 ex-

457 2552 736 2625 primitur.
787 2553 995 2609 Habens
1023 2570 1207 2608 nomen
1235 2555 1512 2627 scriptum,
1542 2556 1681 2625 quod
1709 2572 1857 2611 nemo
1887 2556 2052 2624 novit,

454 2641 561 2695 nisi
589 2642 714 2713 ipse.
740 2641 875 2698 Cum
895 2642 1146 2715 superius
1165 2642 1315 2699 dicat
1335 2643 1465 2717 quia
1484 2643 1783 2700 vocabatur
1803 2643 1981 2700 ﬁdelis
2002 2651 2055 2700 et

456 2746 647 2800 verax,
670 2740 723 2787 et
745 2732 910 2803 paulo
940 2739 1061 2803 post
1089 2731 1221 2804 quia
1240 2730 1538 2789 vocabatur
1563 2748 1764 2788 nomen
1784 2731 1900 2804 ejus
1923 2733 2052 2789 Ver-

453 2819 587 2876 bum
610 2821 709 2877 Dei
730 2839 743 2887 ;
763 2821 897 2893 quid
927 2829 1009 2876 est
1040 2822 1187 2893 quod
1209 2820 1345 2879 dicit
1375 2822 1524 2895 quod
1542 2840 1707 2879 nemo
1727 2823 1830 2880 scit
1852 2839 2053 2879 nomen

453 2906 591 2977 ejus,
614 2908 719 2963 nisi
741 2908 887 2977 ipse?
902 2908 1098 2964 Sciunt
1116 2910 1337 2981 quidem
1360 2912 1533 2967 sancti
1556 2912 1656 2968 Dei
1676 2928 1882 2969 nomen
1896 2910 2050 2968 Chri-

454 2995 547 3061 sti,
575 2996 721 3067 quod
752 3005 834 3051 est
855 2995 1031 3052 Filius
1052 2998 1171 3065 Dei,
1191 3007 1245 3054 et
1268 2999 1540 3057 nesciunt.
1560 3000 1648 3056 Ex
1675 3010 1828 3073 parte
1849 3003 2053 3075 quippe

453 3081 659 3150 sciunt,
690 3090 744 3138 et
771 3099 839 3139 ex
870 3092 1023 3156 parte
1053 3086 1342 3155 nesciunt;
1369 3089 1426 3144 in
1453 3091 1713 3150 omnibus
1734 3093 1880 3148 enim
1903 3109 2047 3149 crea-

454 3171 594 3230 turis
622 3188 742 3246 quze
769 3173 1003 3247 gignunt
1030 3183 1083 3233 et
1106 3178 1427 3250 gignuntur,
1450 3180 1638 3236 nullus
1657 3181 1809 3237 ﬁlius
1831 3199 2049 3239 coaavus

452 3268 631 3334 potest
662 3279 777 3320 esse
806 3265 947 3338 patri
973 3285 986 3334 ;
1019 3268 1149 3341 quia
1177 3284 1398 3327 necesse
1426 3278 1508 3326 est
1539 3277 1600 3325 ut
1628 3270 1912 3328 antecedat
1952 3270 2047 3344 qui

452 3358 693 3423 generat,
743 3360 799 3408 et
847 3353 1214 3429 subsequatur
1269 3358 1364 3431 qui
1412 3366 1731 3430 generatur:
1792 3359 1885 3415 sed
1936 3376 2047 3417 non

452 3436 586 3496 talis'
615 3450 697 3496 est
726 3452 922 3500 natura
966 3445 1092 3500 Filii
1141 3446 1278 3514 Dei;
1317 3464 1442 3502 nam
1497 3456 1551 3504 et
1584 3450 2047 3521 quemadmodum

449 3525 609 3580 Pater
638 3534 721 3580 est
747 3528 866 3583 sine
896 3528 1080 3596 initio,
1126 3532 1207 3586 sic
1237 3541 1290 3587 et
1316 3533 1511 3590 Filius.
1560 3536 1631 3591 Et
1661 3538 1914 3608 quamvis
1943 3537 2069 3595 hoc~

449 3611 726 3684 quomodo
771 3613 891 3668 ﬁeri
942 3615 1135 3685 possit,
1196 3619 1541 3675 considerare
1577 3638 1688 3676 non
1731 3623 2043 3695 possimus;

450 3702 509 3760 in
539 3701 771 3757 veritate
812 3709 995 3758 tamen
1038 3705 1315 3762 credimus
1355 3716 1410 3763 et
1460 3709 1789 3766 conﬁtemur
1838 3714 2044 3772 Filium

448 3807 547 3863 per
574 3790 765 3848 omnia
792 3793 1061 3865 aequalem
1094 3801 1149 3850 et
1176 3811 1425 3852 coasvum
1453 3813 1569 3853 esse
1598 3797 1764 3855 Patri.
1815 3802 1893 3857 De
1943 3803 2046 3862 hac

448 3878 566 3952 ejus
599 3882 949 3953 generatione
978 3883 1243 3955 propheta
1284 3884 1530 3958 loquitur
1557 3885 1747 3944 dicens
1777 3905 1789 3945 :
1853 3913 1871 3936 ι
1925 3891 2043 3949 Ge-

445 3970 790 4028 nerationem
821 3970 940 4045 ejus
968 3972 1094 4047 quis
1121 3974 1402 4032 enarrabit
1434 3974 1571 4049 (Isa.
1605 3992 1731 4048 Lm,
1764 3978 1822 4052 8)
1846 3979 1875 4036 ?
1903 4004 1920 4028 ι

519 4108 701 4179 (Vers.
750 4111 863 4181 13.)
913 4115 987 4169 Et
1017 4116 1230 4169 vestitus
1257 4120 1373 4171 erat
1398 4123 1532 4171 veste
1569 4133 1788 4189 aspersa
1833 4119 2042 4191 sangui-

443 4210 542 4248 ne:
594 4200 643 4248 et
685 4198 975 4254 vocabatur
1018 4219 1205 4257 nomen
1246 4204 1360 4274 ejus
1412 4207 1633 4264 Verbum
1677 4209 1794 4265 Dei.
1852 4211 2042 4268 Possu-

444 4296 568 4337 mus
617 4297 716 4351 per
757 4291 963 4339 vestem
1020 4304 1219 4359 corpus
1274 4290 1512 4349 Christi:
1573 4311 1670 4366 per
1720 4301 2042 4370 sanguinem

443 4387 575 4427 vero
606 4381 824 4444 peccata
852 4381 1058 4445 nostra,
1110 4395 1209 4449 pro
1247 4380 1450 4451 quibus
1480 4394 1732 4443 mortuus
1778 4398 1860 4446 est
1901 4391 2038 4463 ipse,

2167 542 2225 597 in
2256 542 2353 597 illa
2382 542 2591 598 caelesti
2632 541 2972 601 beatitudine
3000 558 3098 599 suo
3129 542 3448 615 splendore
3501 552 3790 599 exornant.

2240 633 2422 703 (Vers.
2459 633 2572 705 14.)
2604 636 2681 689 Et
2697 635 2953 690 exercitus
2990 633 3084 705 qui
3117 641 3248 690 sunt
3293 634 3359 689 in
3405 636 3572 695 calo,
3626 651 3793 705 seque-

2166 721 2363 776 bantur
2382 738 2499 776 eum
2528 721 2581 776 in
2610 722 2755 793 equis
2775 722 2933 791 albis,
2962 723 3137 778 vestiti
3162 723 3385 794 byssina
3416 724 3557 780 albo
3590 725 3788 779 mundo.

2165 810 2422 867 Diximus
2451 812 2704 885 superius
2741 813 2872 885 quia
2912 813 3094 886 qualis
3128 814 3400 872 Christus
3429 831 3468 870 a
3499 816 3717 872 sanctis
3746 816 3790 870 in

2164 898 2274 954 ﬁne
2304 900 2497 955 mundi
2545 900 2953 973 przedicabitur,
2985 900 3112 957 talis
3140 911 3196 959 et
3225 903 3413 973 ﬁgura
3447 903 3581 975 ejus
3615 904 3721 960 hoc
3744 904 3790 957 in

2166 994 2286 1050 loco
2317 993 2667 1051 describitur.
2698 996 2800 1050 Per
2825 996 3025 1052 omium
3050 1011 3179 1068 ergo
3205 995 3267 1050 in
3298 994 3414 1051 hoc
3449 995 3587 1051 loco
3619 996 3791 1052 Eccle.

2164 1082 2279 1138 sia:
2314 1099 2410 1155 per
2437 1084 2715 1141 exercitus
2743 1084 2839 1158 qui
2864 1084 2932 1141 de
2960 1086 3101 1141 coelo
3124 1085 3473 1157 processisse
3508 1082 3791 1140 Christum

2164 1180 2451 1243 sequentes
2482 1172 2588 1227 visi
2620 1181 2771 1242 sunt,
2802 1173 2980 1231 sancti
3010 1171 3103 1245 qui
3154 1172 3213 1227 in
3259 1172 3375 1228 ﬁne
3422 1173 3639 1230 mundi
3684 1191 3790 1230 nas~

2163 1259 2351 1326 cituri,
2381 1270 2435 1317 et
2456 1271 2646 1318 contra
2665 1263 3070 1320 Antichristum
3100 1263 3404 1335 pugnaturi
3435 1271 3603 1333 sunt,
3634 1267 3786 1321 intel-

2165 1349 2449 1421 liguntur:
2490 1367 2586 1423 per
2624 1367 2791 1425 equos
2831 1361 3015 1410 autem
3063 1369 3334 1424 corpora:
3390 1368 3498 1425 per
3553 1370 3788 1411 sessores

2165 1458 2295 1496 vero
2322 1458 2585 1515 equorum
2608 1444 2804 1501 animae
2821 1444 3203 1518 designantur.
3218 1441 3393 1499 Albos
3413 1442 3601 1517 igitur
3622 1462 3787 1520 equos

2164 1527 2419 1587 habuisse
2466 1531 2573 1587 visi
2621 1540 2772 1601 sunt,
2804 1533 2933 1607 quia
2963 1550 3020 1590 se
3050 1533 3292 1590 mundos
3336 1542 3391 1589 et
3438 1534 3685 1603 nitidos,
3732 1538 3785 1592 in

2164 1628 2429 1693 quantum
2481 1619 2725 1677 humana
2771 1622 3040 1695 fragilitas
3088 1622 3386 1694 permittit,
3432 1623 3784 1681 exhibebunt

2164 1706 2221 1763 in
2248 1719 2549 1781 conspectu
2576 1709 2696 1767 Dei.
2731 1710 2878 1779 Quid
2904 1710 2977 1767 sit
3006 1726 3138 1766 vero
3173 1711 3497 1784 byssinum,
3530 1715 3783 1786 superius

2084 1808 2131 1868 Β
2163 1798 2430 1869 exponit:
2476 1799 2777 1870 Bgssinum,
2813 1799 3017 1874 inquit,
3036 1799 3453 1873 justiﬁcationes
3487 1810 3623 1858 sunt
3648 1820 3783 1859 sae-

2162 1893 2363 1942 ctorum
2386 1888 2526 1959 (66).

2236 1974 2417 2048 (Vers.
2452 1978 2565 2051 16.)
2597 1980 2673 2036 Et
2698 1979 2914 2036 habebat
2942 1979 2999 2034 in
3025 1981 3328 2037 vestimento
3365 1989 3415 2039 et
3466 1984 3525 2038 in
3578 1984 3781 2054 femore

2163 2083 2257 2121 suo
2285 2066 2568 2139 scriptum:
2615 2070 2729 2125 Rea:
2758 2085 2956 2139 regum,
2989 2075 3038 2123 et
3072 2070 3337 2125 Dominus
3363 2071 3775 2130 dominantium.

2162 2153 2264 2208 Per
2295 2154 2712 2224 vestimentum,
2742 2155 2885 2213 sicut
2925 2157 3181 2230 superius
3222 2156 3496 2227 diximus,
3549 2162 3731 2216 sancti
3762 2180 3774 2216 :

2162 2258 2259 2315 per
2300 2242 2480 2298 femur
2509 2251 2691 2299 autem
2723 2260 2792 2299 ex
2839 2260 2948 2317 quo
2978 2244 3223 2301 humana
3274 2250 3429 2319 origo
3476 2248 3777 2319 procedere

2162 2330 2388 2397 dicitur,
2418 2331 2585 2388 homo
2616 2349 2777 2405 quem
2805 2333 3058 2392 Christus
3077 2336 3394 2409 assumpsit,
3423 2336 3773 2409 designatur.

2162 2421 2226 2477 In
2260 2422 2585 2479 vestimento
2615 2423 2799 2496 itaque
2829 2440 2930 2481 suo
2957 2424 3105 2498 quod
3135 2424 3251 2497 ipse
3292 2426 3365 2481 sit
3400 2426 3521 2481 Rex
3561 2444 3771 2500 regum,

2161 2518 2429 2591 scriptum
2460 2518 2694 2576 habebat
2728 2539 2739 2577 :
2795 2522 2925 2595 quia
2962 2522 3021 2578 in
3073 2522 3335 2593 operibus
3378 2521 3528 2578 570
3562 2532 3771 2580 sancto-

2162 2623 2285 2663 rum
2317 2609 2634 2680 agnoscitur
2663 2608 2814 2667 hunc
2851 2627 2968 2668 esse
3006 2628 3198 2667 verum
3246 2613 3443 2680 Deum,
3496 2613 3596 2685 qui
3645 2615 3773 2669 tales

2160 2711 2349 2752 servos
2379 2697 2639 2769 possidet.
2672 2698 2846 2754 Habet
2872 2708 2927 2755 et
2982 2699 3039 2755 in
3089 2700 3298 2757 femore
3342 2718 3445 2757 suo
3502 2702 3769 2774 scriptum

2162 2785 2307 2858 quod
2374 2787 2488 2858 ipse
2539 2788 2612 2844 sit
2654 2789 2769 2846 Rex
2817 2806 3005 2862 regum
3052 2800 3108 2847 et
3152 2790 3427 2847 Dominus
3469 2791 3773 2847 dominan-

2160 2873 2331 2943 tium;
2366 2876 2496 2949 quia
2524 2876 2583 2932 in
2610 2877 2867 2950 operibus
2905 2896 3025 2952 quae
3055 2880 3113 2936 in
3143 2897 3309 2937 carne
3341 2881 3555 2954 positus
3584 2883 3767 2955 gessit,

2161 2964 2442 3036 cognitum
2483 2974 2564 3022 est
2603 2966 2753 3024 hunc
2776 2984 2890 3025 esse
2920 2985 3109 3025 verum
3141 2971 3241 3026 Dei
3284 2971 3516 3028 Filium.
3562 2973 3770 3029 Possu-

2160 3069 2283 3110 mus
2328 3054 2495 3111 etiam
2536 3073 2633 3128 per
2659 3057 2841 3113 femur
2869 3068 3048 3131 patres
3076 3059 3282 3115 veteris
3308 3060 3675 3129 Testamenti,
3703 3080 3770 3118 ex

2081 3158 2123 3218 ρ
2160 3158 2393 3215 quorum
2420 3144 2589 3217 stirpe
2618 3145 2872 3204 Christus
2904 3148 3173 3221 originem
3206 3149 3396 3217 duxit,
3427 3150 3765 3223 intelligere:

2159 3230 2254 3302 qui
2283 3238 2337 3287 et
2367 3232 2547 3304 ipsum
2577 3235 3086 3307 praeﬁguraverunt,
3115 3246 3170 3293 et
3198 3237 3349 3310 quod
3390 3239 3508 3310 ipse
3546 3239 3769 3295 futurus

2158 3329 2299 3377 esset
2324 3323 2440 3379 Rex
2462 3340 2650 3396 regum
2696 3334 2750 3383 et
2794 3326 3064 3382 Dominus
3093 3326 3533 3397 dominantium,
3564 3329 3768 3400 apertis

2158 3410 2387 3467 vocibus
2414 3413 2808 3484 przedixerunt.

2231 3499 2414 3571 (Vers.
2451 3502 2564 3574 15.)
2611 3506 2686 3560 Ει
2709 3505 2771 3559 de
2807 3522 2898 3561 ore
2938 3505 3052 3576 ejus
3101 3505 3314 3577 gladius
3341 3512 3534 3562 acutus
3566 3506 3761 3563 exibat.

2157 3587 2452 3646 Possumus
2485 3609 2581 3665 per
2609 3610 2669 3649 os
2696 3594 2922 3650 Domini
2969 3593 3186 3651 eosdem
3237 3595 3647 3667 praedicatores,
3697 3596 3762 3653 de

2156 3676 2359 3748 quibus
2387 3679 2653 3750 diximus,
2692 3683 2787 3756 qui
2818 3683 2877 3739 in
2914 3682 3024 3739 ﬁne
3071 3682 3266 3739 mundi
3311 3684 3583 3741 nascituri
3608 3693 3757 3753 sunt,

2154 3766 2419 3838 accipere,
2452 3786 2548 3841 per
2582 3786 2819 3843 quorum
2849 3788 2909 3828 os
2938 3772 3196 3844 loquetur
3233 3774 3404 3841 Deus,
3454 3773 3601 3830 sicut
3648 3774 3758 3845 ipse

2152 3854 2300 3913 dixit
2326 3857 2385 3913 in
2412 3859 2747 3934 Evangelio:
2796 3886 2813 3909 ι
2841 3862 2963 3919 Non
3002 3861 3152 3918 enim
3201 3878 3303 3919 vos
3344 3862 3477 3920 estis
3526 3865 3625 3937 qui
3672 3867 3757 3921 lo-

2152 3944 2411 4016 quimini,
2468 3948 2563 4004 sed
2622 3950 2861 4022 Spiritus
2911 3950 3087 4006 Patris
3132 3952 3302 4008 vestri
3358 3951 3454 4025 qui
3513 3953 3757 4026 loquitur

2152 4032 2212 4089 in
2240 4034 2399 4091 vobis
2431 4036 2644 4109 (Matth.
2675 4054 2734 4107 x,
2760 4038 2877 4111 20).
2907 4063 2926 4086 ι
2969 4040 3043 4096 Et
3076 4040 3191 4112 ipse
3220 4039 3358 4098 dicit
3388 4058 3486 4114 per
3511 4042 3755 4114 prophe-

2150 4132 2304 4181 tam:
2361 4151 2380 4174 ι
2419 4127 2476 4183 Si
2525 4128 2862 4201 separaveris
2908 4130 3206 4203 pretiosum
3239 4147 3271 4185 a
3316 4132 3443 4198 vili,
3494 4132 3652 4205 quasi
3695 4149 3752 4186 os

2152 4228 2335 4269 meum
2384 4217 2492 4273 eris
2542 4218 2758 4290 (Jerem.
2804 4236 2901 4287 xv,
2951 4219 3063 4290 19).
3108 4243 3128 4267 ι
3178 4220 3282 4276 Per
3330 4221 3575 4293 gladium
3623 4237 3752 4277 vero

2150 4302 2397 4361 divinam
2429 4306 2790 4380 Scripturam,
2820 4309 2964 4366 sicut
3005 4311 3259 4382 superius
3288 4310 3557 4379 diximus,
3596 4311 3754 4367 intel-

2152 4392 2318 4464 ligere
2343 4394 2624 4466 debemus,
2654 4397 2799 4453 sicut
2825 4396 2964 4455 dicit
3010 4399 3291 4471 apostolus
3330 4400 3575 4456 Paulus:
3622 4426 3641 4448 ι
3684 4401 3753 4457 Et

441 4465 560 4575 sive
589 4465 1028 4575 ipsamjmortem
1061 4483 1224 4575 quam
1255 4472 1482 4575 pertulit
1522 4491 1622 4545 pro
1653 4478 1832 4547 nobis,
1884 4482 2040 4537 intel-
2072 4516 2119 4575 Β
2151 4482 2389 4553 gladium
2449 4485 2697 4557 spiritus,
2756 4486 2903 4559 quod
2959 4465 3062 4544 est-
3088 4487 3318 4544 verbum
3376 4490 3475 4546 Dei
3530 4492 3747 4563 (Ephes.

440 4553 628 4626 ligere.
682 4553 789 4610 Sed
828 4554 957 4626 quia
1013 4564 1234 4626 peccata
1287 4557 1588 4617 electorum
1641 4580 1869 4622 suorum
1928 4586 2040 4625 mo-

439 4643 634 4699 riendo
665 4643 893 4708 delevit,
935 4650 990 4699 et
1018 4643 1191 4715 ipsam
1220 4653 1455 4702 mortem
1485 4653 1819 4722 resurgendo
1861 4657 2032 4713 calca-

439 4734 542 4801 vit,
577 4732 722 4789 sicut
753 4734 890 4791 dicit
919 4733 1197 4806 apostolus
1225 4734 1459 4793 Paulus:
1528 4762 1545 4785 ι
1575 4737 1826 4797 Christus
1856 4759 2029 4800 resur-

438 4838 569 4894 gens
605 4841 637 4880 a
666 4826 900 4883 mortuis
938 4824 1054 4896 jam
1099 4841 1210 4880 non
1260 4828 1515 4897 moritur,
1567 4847 1718 4886 mors
1756 4832 1839 4889 illi
1887 4836 2033 4892 ultra

436 4927 551 4967 non
578 4911 961 4969 dominabitur
984 4915 1157 4977 (Rom.
1193 4930 1271 4982 VI,
1299 4915 1357 4987 9)
1384 4933 1397 4981 ;
1432 4941 1450 4964 ι
1485 4918 1683 4974 melius
1712 4919 1852 4976 mihi
1883 4921 2030 4977 vide-

434 5007 528 5056 tur
555 5008 617 5056 ut
646 5018 741 5073 per
772 5011 979 5059 vestem
1010 5001 1217 5058 Christi
1253 5004 1669 5063 multitudinem
1713 5019 2026 5066 sanctorum

434 5089 826 5165 intelligamus,
875 5092 971 5164 qui
1026 5100 1157 5148 sunt
1196 5094 1443 5152 membra
1493 5096 1653 5170 ejus:
1706 5116 1803 5171 per
1849 5111 2029 5174 guttas

432 5193 614 5241 autem
643 5185 948 5257 sanguinis,
979 5174 1182 5257 quibus
1214 5187 1382 5243 vestis
1409 5206 1625 5262 aspersa
1654 5207 1768 5248 esse
1802 5194 2020 5263 legitur,

430 5282 701 5347 martyres
726 5274 1107 5347 designantur,
1157 5275 1253 5347 qui
1294 5292 1393 5348 pro
1435 5294 1621 5334 amore
1651 5279 1857 5338 Christi
1907 5300 2027 5339 san-

430 5363 650 5433 guinem
683 5363 912 5420 fundere
940 5378 1051 5417 non
1080 5360 1478 5421 dubitaverunt
1504 5384 1517 5433 ;
1555 5367 1789 5441 ideoque
1819 5380 2025 5429 vestem

501 5458 617 5597 ἕως)
659 5459 836 5514 Filius
862 5459 962 5514 Dei
986 5457 1046 5512 in
1074 5457 1209 5514 edit.
1232 5452 1604 5518 desideratur.

526 5530 617 5597 65)
660 5527 808 5583 Edit.
842 5536 895 5583 et
925 5546 1028 5584 ms.
1060 5529 1215 5597 Reg.,
1268 5530 1504 5597 Spiritus
1533 5551 1604 5589 sai

526 5527 808 5604 65)‘E_di_t.
842 5536 916 5604 et_
925 5546 1028 5604 ms.
1060 5529 1215 5600 Reg.,
1268 5530 1504 5601 Spiritus
1533 5539 1787 5604 sanctus;
1839 5539 2025 5595 caeteri

427 5611 555 5668 mss.
569 5640 582 5663 ,
613 5599 846 5668 Spiritus
874 5600 992 5654 Dei.

500 5667 616 5738 (66)
650 5667 739 5725 Ita
769 5684 901 5725 mss.
933 5687 948 5737 ;
981 5669 1116 5727 edit.
1149 5686 1304 5738 vero,
1342 5673 1588 5743 superius
1613 5678 1907 5747 expositum
1927 5688 2018 5740 est.

2150 4589 2228 4642 vr,
2267 4574 2379 4645 17).
2413 4599 2431 4622 ι
2474 4574 2579 4642 Qui
2623 4583 2814 4631 acutus
2850 4591 2965 4632 esse
3004 4576 3236 4643 dicitur;
3290 4578 3449 4649 quia.
3479 4578 3551 4634 ad
3595 4595 3750 4635 rese—

2140 4661 2317 4719 canda
2347 4662 2503 4731 vitia,
2538 4662 2729 4719 divina
2757 4663 3042 4735 Scriptura
3080 4665 3401 4727 acutissima
3436 4673 3538 4721 est.
3596 4668 3660 4724 Ut
3694 4667 3749 4720 in

2138 4749 2254 4821 ipso
2277 4752 2545 4821 percutiat
2572 4758 2761 4823 gentes.
2802 4752 3078 4810 Percutiet
3121 4754 3376 4811 Christus
3423 4753 3608 4826 gladio
3650 4769 3749 4810 suo

2141 4850 2350 4912 gentes,
2398 4842 2620 4914 quando
2666 4859 2762 4914 per
2801 4842 3109 4899 doctrinam
3156 4854 3474 4901 sanctorum
3523 4862 3747 4901 suorum

2140 4928 2426 4986 hominum
2445 4933 2743 4988 stultorum
2762 4932 2879 5003 (67)
2895 4948 3107 4989 errores
3126 4932 3477 4989 destruet.Et
3490 4934 3603 5005 ipse
3614 4940 3750 5005 reget

2137 5033 2224 5074 eas
2243 5020 2300 5074 in
2332 5020 2485 5092 virga
2516 5022 2698 5092 ferrea
2722 5040 2739 5076 :
2777 5028 2824 5076 et
2860 5025 3113 5093 tanquam
3158 5040 3252 5078 vas
3297 5025 3454 5095 ﬁguli
3501 5023 3745 5094 confrin-

2136 5115 2336 5178 gentur.
2402 5110 2505 5166 Per
2544 5112 2756 5183 virgam
2799 5110 3031 5166 ferream
3081 5111 3455 5183 Evangelium
3499 5112 3744 5167 diximus

2136 5196 2306 5253 fuisse
2346 5197 2691 5270 designatum
2726 5217 2739 5267 ;
2787 5206 2937 5271 reget
2985 5216 3114 5272 ergo
3160 5200 3420 5258 Christus
3452 5210 3645 5273 gentes
3687 5199 3739 5253 in

2136 5286 2290 5357 virga
2330 5288 2524 5355 ferrea,
2569 5290 2789 5363 quando
2834 5308 2930 5363 per
2971 5289 3282 5349 doctrinam
3333 5300 3659 5349 sanctorum
3690 5298 3739 5345 et

2134 5373 2351 5431 Judaeos
2378 5376 2447 5432 ad
2474 5377 2638 5433 ﬁdem
2671 5395 2825 5435 suam
2854 5387 3161 5448 convertet,
3203 5387 3259 5436 et
3294 5381 3510 5438 electos
3559 5381 3626 5438 ab
3664 5396 3738 5436 er-

2135 5471 2421 5549 Bgssinum
2452 5474 2618 5545 igitur
2638 5476 3063 5549 justiﬁeationes,
3091 5486 3198 5535 etc.

2208 5544 2345 5621 (67)_
2372 5544 2574 5621 Omnes
2618 5544 2784 5621 edit,
2829 5544 3099 5605 hominum
3154 5550 3466 5621 inﬁdelium
3490 5572 3514 5620 ;
3559 5567 3738 5610 omnes

2134 5627 2287 5683 mss.,
2326 5615 2596 5673 hominum
2624 5620 2931 5679 stultorum.
