  <div class='ocr_page' id='page_1' title='image "/cluster/home/n/w/nwhite01/storage/ocr_20150623/17/uva.x000826553/514.png"; bbox 0 0 3902 6198; ppageno 0'>
   <div class='ocr_carea' id='block_1_1' title="bbox 195 155 341 217">
    <p class='ocr_par' dir='ltr' id='par_1_1' title="bbox 195 155 341 217">
     <span class='ocr_line' id='line_1_1' title="bbox 195 155 341 217; baseline 0.027 -4"><span class='ocrx_word' id='word_1_1' title='bbox 195 155 341 217; x_wconf 90' lang='grc'><strong>1013</strong></span> 
     </span>
    </p>
   </div>
   <div class='ocr_carea' id='block_1_2' title="bbox 1076 161 2592 222">
    <p class='ocr_par' dir='ltr' id='par_1_2' title="bbox 1076 161 2592 222">
     <span class='ocr_line' id='line_1_2' title="bbox 1076 161 2592 222; baseline 0.001 -3"><span class='ocrx_word' id='word_1_2' title='bbox 1076 161 1534 221; x_wconf 81' lang='lat' dir='ltr'><strong>BERENGAUDI</strong></span> <span class='ocrx_word' id='word_1_3' title='bbox 1570 162 1944 222; x_wconf 83' lang='lat' dir='ltr'><strong>EXPOSITIO</strong></span> <span class='ocrx_word' id='word_1_4' title='bbox 1981 162 2054 220; x_wconf 86' lang='lat' dir='ltr'><strong>IN</strong></span> <span class='ocrx_word' id='word_1_5' title='bbox 2089 161 2592 221; x_wconf 78' lang='lat' dir='ltr'><strong>APOCALYPSIN.</strong></span> 
     </span>
    </p>
   </div>
   <div class='ocr_carea' id='block_1_3' title="bbox 3377 157 3513 220">
    <p class='ocr_par' dir='ltr' id='par_1_3' title="bbox 3377 157 3513 220">
     <span class='ocr_line' id='line_1_3' title="bbox 3377 157 3513 220; baseline 0.007 -1"><span class='ocrx_word' id='word_1_6' title='bbox 3377 157 3513 220; x_wconf 72' lang='grc'><strong>1014</strong></span> 
     </span>
    </p>
   </div>
   <div class='ocr_carea' id='block_1_4' title="bbox 192 283 3514 363">
    <p class='ocr_par' dir='ltr' id='par_1_4' title="bbox 192 283 3514 363">
     <span class='ocr_line' id='line_1_4' title="bbox 192 283 3514 363; baseline 0.003 -26"><span class='ocrx_word' id='word_1_7' title='bbox 192 283 421 341; x_wconf 90' lang='lat' dir='ltr'><strong>roribus</strong></span> <span class='ocrx_word' id='word_1_8' title='bbox 449 285 780 345; x_wconf 82' lang='lat' dir='ltr'><strong>Antichristi</strong></span> <span class='ocrx_word' id='word_1_9' title='bbox 810 286 1085 345; x_wconf 81' lang='lat' dir='ltr'><strong>defendet.</strong></span> <span class='ocrx_word' id='word_1_10' title='bbox 1126 289 1203 345; x_wconf 90' lang='lat' dir='ltr'><strong>Et</strong></span> <span class='ocrx_word' id='word_1_11' title='bbox 1232 293 1489 360; x_wconf 87' lang='lat' dir='ltr'><strong>tanquam</strong></span> <span class='ocrx_word' id='word_1_12' title='bbox 1516 305 1610 344; x_wconf 82' lang='lat' dir='ltr'><strong>vas</strong></span> <span class='ocrx_word' id='word_1_13' title='bbox 1636 289 1796 362; x_wconf 79' lang='lat' dir='ltr'><strong>ﬁctile</strong></span> <span class='ocrx_word' id='word_1_14' title='bbox 1822 292 1875 353; x_wconf 82' lang='grc' dir='ltr'><strong>Α</strong></span> <span class='ocrx_word' id='word_1_15' title='bbox 1907 289 2166 345; x_wconf 72' lang='lat' dir='ltr'><strong>exercitus</strong></span> <span class='ocrx_word' id='word_1_16' title='bbox 2203 305 2385 345; x_wconf 87' lang='lat' dir='ltr'><strong>eorum</strong></span> <span class='ocrx_word' id='word_1_17' title='bbox 2412 293 2745 363; x_wconf 86' lang='lat' dir='ltr'><strong>congregatos</strong></span> <span class='ocrx_word' id='word_1_18' title='bbox 2798 287 2872 346; x_wconf 88' lang='lat' dir='ltr'><strong>ad</strong></span> <span class='ocrx_word' id='word_1_19' title='bbox 2924 287 3223 360; x_wconf 83' lang='lat' dir='ltr'><strong>faciendum</strong></span> <span class='ocrx_word' id='word_1_20' title='bbox 3261 290 3514 362; x_wconf 72' lang='lat' dir='ltr'><strong>prmlium</strong></span> 
     </span>
    </p>
   </div>
   <div class='ocr_carea' id='block_1_5' title="bbox 190 372 1799 451">
    <p class='ocr_par' dir='ltr' id='par_1_5' title="bbox 190 372 1799 451">
     <span class='ocr_line' id='line_1_5' title="bbox 190 372 1799 451; baseline 0.007 -26"><span class='ocrx_word' id='word_1_21' title='bbox 190 372 623 446; x_wconf 83' lang='lat' dir='ltr'><strong>confringentur.</strong></span> <span class='ocrx_word' id='word_1_22' title='bbox 678 376 934 445; x_wconf 91' lang='lat' dir='ltr'><strong>Quandiu</strong></span> <span class='ocrx_word' id='word_1_23' title='bbox 988 377 1221 450; x_wconf 80' lang='lat' dir='ltr'><strong>quilibet</strong></span> <span class='ocrx_word' id='word_1_24' title='bbox 1269 378 1328 434; x_wconf 91' lang='lat' dir='ltr'><strong>in</strong></span> <span class='ocrx_word' id='word_1_25' title='bbox 1370 377 1608 451; x_wconf 85' lang='lat' dir='ltr'><strong>peccatis</strong></span> <span class='ocrx_word' id='word_1_26' title='bbox 1633 377 1799 451; x_wconf 87' lang='lat' dir='ltr'><strong>jacet,</strong></span> 
     </span>
    </p>
   </div>
   <div class='ocr_carea' id='block_1_6' title="bbox 191 463 1806 540">
    <p class='ocr_par' dir='ltr' id='par_1_6' title="bbox 191 463 1806 540">
     <span class='ocr_line' id='line_1_6' title="bbox 191 463 1806 540; baseline 0.006 -25"><span class='ocrx_word' id='word_1_27' title='bbox 191 470 346 519; x_wconf 90' lang='lat' dir='ltr'><strong>recte</strong></span> <span class='ocrx_word' id='word_1_28' title='bbox 375 479 472 519; x_wconf 89' lang='lat' dir='ltr'><strong>vas</strong></span> <span class='ocrx_word' id='word_1_29' title='bbox 500 463 668 522; x_wconf 91' lang='lat' dir='ltr'><strong>ﬁctile</strong></span> <span class='ocrx_word' id='word_1_30' title='bbox 698 475 928 524; x_wconf 83' lang='lat' dir='ltr'><strong>vocatur</strong></span> <span class='ocrx_word' id='word_1_31' title='bbox 962 484 973 522; x_wconf 89' lang='lat'><em>:</em></span> <span class='ocrx_word' id='word_1_32' title='bbox 1002 482 1129 523; x_wconf 91' lang='lat' dir='ltr'><strong>cum</strong></span> <span class='ocrx_word' id='word_1_33' title='bbox 1175 474 1359 523; x_wconf 90' lang='lat' dir='ltr'><strong>autem</strong></span> <span class='ocrx_word' id='word_1_34' title='bbox 1395 484 1493 540; x_wconf 90' lang='lat' dir='ltr'><strong>per</strong></span> <span class='ocrx_word' id='word_1_35' title='bbox 1523 469 1806 540; x_wconf 85' lang='lat' dir='ltr'><strong>poeniten-</strong></span> 
     </span>
    </p>
   </div>
   <div class='ocr_carea' id='block_1_7' title="bbox 188 551 1806 630">
    <p class='ocr_par' dir='ltr' id='par_1_7' title="bbox 188 551 1806 630">
     <span class='ocr_line' id='line_1_7' title="bbox 188 551 1806 630; baseline 0.006 -24"><span class='ocrx_word' id='word_1_36' title='bbox 188 551 336 607; x_wconf 88' lang='lat' dir='ltr'><strong>tiam</strong></span> <span class='ocrx_word' id='word_1_37' title='bbox 367 560 423 608; x_wconf 91' lang='lat' dir='ltr'><strong>et</strong></span> <span class='ocrx_word' id='word_1_38' title='bbox 452 554 726 627; x_wconf 86' lang='lat' dir='ltr'><strong>lacrymas</strong></span> <span class='ocrx_word' id='word_1_39' title='bbox 754 554 822 611; x_wconf 91' lang='lat' dir='ltr'><strong>ad</strong></span> <span class='ocrx_word' id='word_1_40' title='bbox 868 555 1013 611; x_wconf 88' lang='lat' dir='ltr'><strong>bona</strong></span> <span class='ocrx_word' id='word_1_41' title='bbox 1058 573 1221 629; x_wconf 86' lang='lat' dir='ltr'><strong>opera</strong></span> <span class='ocrx_word' id='word_1_42' title='bbox 1266 559 1477 630; x_wconf 89' lang='lat' dir='ltr'><strong>agenda</strong></span> <span class='ocrx_word' id='word_1_43' title='bbox 1508 574 1806 615; x_wconf 86' lang='lat' dir='ltr'><strong>conversus</strong></span> 
     </span>
    </p>
   </div>
   <div class='ocr_carea' id='block_1_8' title="bbox 188 639 1805 716">
    <p class='ocr_par' dir='ltr' id='par_1_8' title="bbox 188 639 1805 716">
     <span class='ocr_line' id='line_1_8' title="bbox 188 639 1805 716; baseline 0.006 -22"><span class='ocrx_word' id='word_1_44' title='bbox 188 639 392 709; x_wconf 90' lang='lat' dir='ltr'><strong>fuerit,</strong></span> <span class='ocrx_word' id='word_1_45' title='bbox 414 644 787 716; x_wconf 89' lang='lat' dir='ltr'><strong>confringitur</strong></span> <span class='ocrx_word' id='word_1_46' title='bbox 815 661 910 700; x_wconf 90' lang='lat' dir='ltr'><strong>vas</strong></span> <span class='ocrx_word' id='word_1_47' title='bbox 938 644 1129 714; x_wconf 79' lang='lat' dir='ltr'><strong>fictile,</strong></span> <span class='ocrx_word' id='word_1_48' title='bbox 1149 652 1206 701; x_wconf 92' lang='lat' dir='ltr'><strong>et</strong></span> <span class='ocrx_word' id='word_1_49' title='bbox 1226 661 1295 702; x_wconf 84' lang='lat' dir='ltr'><strong>ex</strong></span> <span class='ocrx_word' id='word_1_50' title='bbox 1316 661 1385 701; x_wconf 89' lang='lat' dir='ltr'><strong>va</strong></span> <span class='ocrx_word' id='word_1_51' title='bbox 1414 663 1470 703; x_wconf 92' lang='lat' dir='ltr'><strong>se</strong></span> <span class='ocrx_word' id='word_1_52' title='bbox 1506 645 1665 703; x_wconf 86' lang='lat' dir='ltr'><strong>ﬁctili</strong></span> <span class='ocrx_word' id='word_1_53' title='bbox 1694 646 1805 703; x_wconf 81' lang='lat' dir='ltr'><strong>eﬂi-</strong></span> 
     </span>
    </p>
   </div>
   <div class='ocr_carea' id='block_1_9' title="bbox 190 729 1804 802">
    <p class='ocr_par' dir='ltr' id='par_1_9' title="bbox 190 729 1804 802">
     <span class='ocr_line' id='line_1_9' title="bbox 190 729 1804 802; baseline 0.003 -16"><span class='ocrx_word' id='word_1_54' title='bbox 190 729 348 786; x_wconf 91' lang='lat' dir='ltr'><strong>citur</strong></span> <span class='ocrx_word' id='word_1_55' title='bbox 376 748 473 788; x_wconf 87' lang='lat' dir='ltr'><strong>vas</strong></span> <span class='ocrx_word' id='word_1_56' title='bbox 517 733 757 788; x_wconf 90' lang='lat' dir='ltr'><strong>solidum</strong></span> <span class='ocrx_word' id='word_1_57' title='bbox 800 740 854 789; x_wconf 92' lang='lat' dir='ltr'><strong>et</strong></span> <span class='ocrx_word' id='word_1_58' title='bbox 881 733 1126 802; x_wconf 88' lang='lat' dir='ltr'><strong>ﬁrmum,</strong></span> <span class='ocrx_word' id='word_1_59' title='bbox 1168 742 1221 791; x_wconf 91' lang='lat' dir='ltr'><strong>et</strong></span> <span class='ocrx_word' id='word_1_60' title='bbox 1267 734 1336 790; x_wconf 88' lang='lat' dir='ltr'><strong>ad</strong></span> <span class='ocrx_word' id='word_1_61' title='bbox 1380 734 1524 791; x_wconf 90' lang='lat' dir='ltr'><strong>ictus</strong></span> <span class='ocrx_word' id='word_1_62' title='bbox 1553 736 1804 791; x_wconf 87' lang='lat' dir='ltr'><strong>tentatio—</strong></span> 
     </span>
    </p>
   </div>
   <div class='ocr_carea' id='block_1_10' title="bbox 190 820 1805 894">
    <p class='ocr_par' dir='ltr' id='par_1_10' title="bbox 190 820 1805 894">
     <span class='ocr_line' id='line_1_10' title="bbox 190 820 1805 894; baseline 0.002 -20"><span class='ocrx_word' id='word_1_63' title='bbox 190 835 334 875; x_wconf 88' lang='lat' dir='ltr'><strong>num</strong></span> <span class='ocrx_word' id='word_1_64' title='bbox 376 820 693 877; x_wconf 66' lang='lat' dir='ltr'><strong>daemonum</strong></span> <span class='ocrx_word' id='word_1_65' title='bbox 724 822 1107 878; x_wconf 89' lang='lat' dir='ltr'><strong>fortissimum.</strong></span> <span class='ocrx_word' id='word_1_66' title='bbox 1140 824 1213 878; x_wconf 91' lang='lat' dir='ltr'><strong>Et</strong></span> <span class='ocrx_word' id='word_1_67' title='bbox 1246 823 1356 894; x_wconf 88' lang='lat' dir='ltr'><strong>ipse</strong></span> <span class='ocrx_word' id='word_1_68' title='bbox 1385 823 1609 878; x_wconf 87' lang='lat' dir='ltr'><strong>calcabit</strong></span> <span class='ocrx_word' id='word_1_69' title='bbox 1637 830 1805 878; x_wconf 84' lang='lat' dir='ltr'><strong>torcu-</strong></span> 
     </span>
    </p>
   </div>
   <div class='ocr_carea' id='block_1_11' title="bbox 192 911 1807 987">
    <p class='ocr_par' dir='ltr' id='par_1_11' title="bbox 192 911 1807 987">
     <span class='ocr_line' id='line_1_11' title="bbox 192 911 1807 987; baseline 0.002 -20"><span class='ocrx_word' id='word_1_70' title='bbox 192 911 291 968; x_wconf 84' lang='lat' dir='ltr'><strong>lar</strong></span> <span class='ocrx_word' id='word_1_71' title='bbox 308 912 422 967; x_wconf 84' lang='lat' dir='ltr'><strong>vini</strong></span> <span class='ocrx_word' id='word_1_72' title='bbox 448 912 661 983; x_wconf 82' lang='lat' dir='ltr'><strong>furoris</strong></span> <span class='ocrx_word' id='word_1_73' title='bbox 690 914 786 969; x_wconf 72' lang='lat' dir='ltr'><strong>ira</strong></span> <span class='ocrx_word' id='word_1_74' title='bbox 816 914 912 969; x_wconf 93' lang='lat' dir='ltr'><strong>Dei</strong></span> <span class='ocrx_word' id='word_1_75' title='bbox 941 914 1324 987; x_wconf 77' lang='lat' dir='ltr'><strong>omnipotentis.</strong></span> <span class='ocrx_word' id='word_1_76' title='bbox 1367 915 1537 971; x_wconf 88' lang='lat' dir='ltr'><strong>Isaias</strong></span> <span class='ocrx_word' id='word_1_77' title='bbox 1583 931 1707 971; x_wconf 91' lang='lat' dir='ltr'><strong>cum</strong></span> <span class='ocrx_word' id='word_1_78' title='bbox 1739 913 1807 970; x_wconf 90' lang='lat' dir='ltr'><strong>de</strong></span> 
     </span>
    </p>
   </div>
   <div class='ocr_carea' id='block_1_12' title="bbox 188 1002 1806 1077">
    <p class='ocr_par' dir='ltr' id='par_1_12' title="bbox 188 1002 1806 1077">
     <span class='ocr_line' id='line_1_12' title="bbox 188 1002 1806 1077; baseline 0.002 -21"><span class='ocrx_word' id='word_1_79' title='bbox 188 1002 454 1073; x_wconf 88' lang='lat' dir='ltr'><strong>passione</strong></span> <span class='ocrx_word' id='word_1_80' title='bbox 482 1003 708 1060; x_wconf 89' lang='lat' dir='ltr'><strong>Domini</strong></span> <span class='ocrx_word' id='word_1_81' title='bbox 764 1004 1082 1077; x_wconf 86' lang='lat' dir='ltr'><strong>loqueretur</strong></span> <span class='ocrx_word' id='word_1_82' title='bbox 1134 1004 1465 1076; x_wconf 88' lang='lat' dir='ltr'><strong>interposuit</strong></span> <span class='ocrx_word' id='word_1_83' title='bbox 1505 1004 1806 1062; x_wconf 90' lang='lat' dir='ltr'><strong>Dominum</strong></span> 
     </span>
    </p>
   </div>
   <div class='ocr_carea' id='block_1_13' title="bbox 188 1087 1801 1166">
    <p class='ocr_par' dir='ltr' id='par_1_13' title="bbox 188 1087 1801 1166">
     <span class='ocr_line' id='line_1_13' title="bbox 188 1087 1801 1166; baseline 0.002 -23"><span class='ocrx_word' id='word_1_84' title='bbox 188 1087 510 1147; x_wconf 88' lang='lat' dir='ltr'><strong>dicentem:</strong></span> <span class='ocrx_word' id='word_1_85' title='bbox 583 1115 601 1139; x_wconf 78' lang='grc' dir='ltr'><strong><em>ι</em></strong></span> <span class='ocrx_word' id='word_1_86' title='bbox 631 1092 898 1148; x_wconf 86' lang='lat' dir='ltr'><strong>Torcular</strong></span> <span class='ocrx_word' id='word_1_87' title='bbox 926 1092 1132 1149; x_wconf 85' lang='lat' dir='ltr'><strong>calcavi</strong></span> <span class='ocrx_word' id='word_1_88' title='bbox 1189 1094 1373 1162; x_wconf 91' lang='lat' dir='ltr'><strong>solus;</strong></span> <span class='ocrx_word' id='word_1_89' title='bbox 1429 1100 1483 1149; x_wconf 92' lang='lat' dir='ltr'><strong>et</strong></span> <span class='ocrx_word' id='word_1_90' title='bbox 1514 1093 1582 1150; x_wconf 93' lang='lat' dir='ltr'><strong>de</strong></span> <span class='ocrx_word' id='word_1_91' title='bbox 1625 1093 1801 1166; x_wconf 82' lang='lat' dir='ltr'><strong>genti.</strong></span> 
     </span>
    </p>
   </div>
   <div class='ocr_carea' id='block_1_14' title="bbox 188 1178 1804 1255">
    <p class='ocr_par' dir='ltr' id='par_1_14' title="bbox 188 1178 1804 1255">
     <span class='ocr_line' id='line_1_14' title="bbox 188 1178 1804 1255; baseline 0 -20"><span class='ocrx_word' id='word_1_92' title='bbox 188 1178 303 1236; x_wconf 84' lang='lat' dir='ltr'><strong>bus</strong></span> <span class='ocrx_word' id='word_1_93' title='bbox 331 1196 441 1235; x_wconf 90' lang='lat' dir='ltr'><strong>non</strong></span> <span class='ocrx_word' id='word_1_94' title='bbox 472 1190 553 1238; x_wconf 91' lang='lat' dir='ltr'><strong>est</strong></span> <span class='ocrx_word' id='word_1_95' title='bbox 595 1181 683 1237; x_wconf 88' lang='lat' dir='ltr'><strong>vir</strong></span> <span class='ocrx_word' id='word_1_96' title='bbox 728 1197 943 1238; x_wconf 90' lang='lat' dir='ltr'><strong>mecum</strong></span> <span class='ocrx_word' id='word_1_97' title='bbox 976 1183 1112 1254; x_wconf 92' lang='lat' dir='ltr'><strong>(Isa.</strong></span> <span class='ocrx_word' id='word_1_98' title='bbox 1149 1199 1310 1251; x_wconf 81' lang='lat' dir='ltr'><strong>LXIII,</strong></span> <span class='ocrx_word' id='word_1_99' title='bbox 1360 1181 1444 1255; x_wconf 91' lang='lat'><strong>3).</strong></span> <span class='ocrx_word' id='word_1_100' title='bbox 1498 1206 1516 1230; x_wconf 68' lang='grc' dir='ltr'>υ</span> <span class='ocrx_word' id='word_1_101' title='bbox 1580 1182 1684 1239; x_wconf 86' lang='lat' dir='ltr'><strong>Sed</strong></span> <span class='ocrx_word' id='word_1_102' title='bbox 1726 1179 1804 1238; x_wconf 89' lang='lat' dir='ltr'><strong>ibi</strong></span> 
     </span>
    </p>
   </div>
   <div class='ocr_carea' id='block_1_15' title="bbox 191 1268 1804 1344">
    <p class='ocr_par' dir='ltr' id='par_1_15' title="bbox 191 1268 1804 1344">
     <span class='ocr_line' id='line_1_15' title="bbox 191 1268 1804 1344; baseline 0.001 -20"><span class='ocrx_word' id='word_1_103' title='bbox 191 1285 297 1342; x_wconf 89' lang='lat' dir='ltr'><strong>per</strong></span> <span class='ocrx_word' id='word_1_104' title='bbox 322 1268 565 1327; x_wconf 84' lang='lat' dir='ltr'><strong>torcular</strong></span> <span class='ocrx_word' id='word_1_105' title='bbox 592 1287 733 1327; x_wconf 89' lang='lat' dir='ltr'><strong>crux</strong></span> <span class='ocrx_word' id='word_1_106' title='bbox 759 1269 983 1326; x_wconf 89' lang='lat' dir='ltr'><strong>Domini</strong></span> <span class='ocrx_word' id='word_1_107' title='bbox 1014 1271 1351 1344; x_wconf 85' lang='lat' dir='ltr'><strong>intelligitur</strong></span> <span class='ocrx_word' id='word_1_108' title='bbox 1376 1289 1389 1339; x_wconf 92' lang='lat'><strong>;</strong></span> <span class='ocrx_word' id='word_1_109' title='bbox 1422 1270 1515 1328; x_wconf 92' lang='lat' dir='ltr'><strong>hic</strong></span> <span class='ocrx_word' id='word_1_110' title='bbox 1535 1288 1668 1327; x_wconf 91' lang='lat' dir='ltr'><strong>vero</strong></span> <span class='ocrx_word' id='word_1_111' title='bbox 1693 1287 1804 1326; x_wconf 91' lang='lat' dir='ltr'><strong>non</strong></span> 
     </span>
    </p>
   </div>
   <div class='ocr_carea' id='block_1_16' title="bbox 187 1358 1795 1434">
    <p class='ocr_par' dir='ltr' id='par_1_16' title="bbox 187 1358 1795 1434">
     <span class='ocr_line' id='line_1_16' title="bbox 187 1358 1795 1434; baseline -0.001 -19"><span class='ocrx_word' id='word_1_112' title='bbox 187 1375 357 1428; x_wconf 85' lang='lat' dir='ltr'><strong>crux,</strong></span> <span class='ocrx_word' id='word_1_113' title='bbox 390 1358 484 1415; x_wconf 91' lang='lat' dir='ltr'><strong>sed</strong></span> <span class='ocrx_word' id='word_1_114' title='bbox 516 1360 669 1417; x_wconf 90' lang='lat' dir='ltr'><strong>locus</strong></span> <span class='ocrx_word' id='word_1_115' title='bbox 698 1376 1009 1433; x_wconf 66' lang='lat' dir='ltr'><strong>poenarum,</strong></span> <span class='ocrx_word' id='word_1_116' title='bbox 1032 1361 1089 1416; x_wconf 91' lang='lat' dir='ltr'><strong>in</strong></span> <span class='ocrx_word' id='word_1_117' title='bbox 1111 1376 1273 1434; x_wconf 88' lang='lat' dir='ltr'><strong>quem</strong></span> <span class='ocrx_word' id='word_1_118' title='bbox 1296 1359 1795 1434; x_wconf 89' lang='lat' dir='ltr'><strong>impiiretrudendi</strong></span> 
     </span>
    </p>
   </div>
   <div class='ocr_carea' id='block_1_17' title="bbox 188 1447 1801 1525">
    <p class='ocr_par' dir='ltr' id='par_1_17' title="bbox 188 1447 1801 1525">
     <span class='ocr_line' id='line_1_17' title="bbox 188 1447 1801 1525; baseline 0.001 -22"><span class='ocrx_word' id='word_1_119' title='bbox 188 1456 351 1517; x_wconf 90' lang='lat' dir='ltr'><strong>sunt,</strong></span> <span class='ocrx_word' id='word_1_120' title='bbox 412 1447 748 1522; x_wconf 83' lang='lat' dir='ltr'><strong>designatur.</strong></span> <span class='ocrx_word' id='word_1_121' title='bbox 804 1450 1071 1506; x_wconf 88' lang='lat' dir='ltr'><strong>Eamdem</strong></span> <span class='ocrx_word' id='word_1_122' title='bbox 1103 1450 1303 1525; x_wconf 90' lang='lat' dir='ltr'><strong>quippe</strong></span> <span class='ocrx_word' id='word_1_123' title='bbox 1342 1451 1801 1524; x_wconf 88' lang='lat' dir='ltr'><strong>signiﬁcationem</strong></span> 
     </span>
    </p>
   </div>
   <div class='ocr_carea' id='block_1_18' title="bbox 189 1534 1800 1613">
    <p class='ocr_par' dir='ltr' id='par_1_18' title="bbox 189 1534 1800 1613">
     <span class='ocr_line' id='line_1_18' title="bbox 189 1534 1800 1613; baseline 0.001 -22"><span class='ocrx_word' id='word_1_124' title='bbox 189 1534 364 1593; x_wconf 89' lang='lat' dir='ltr'><strong>habet</strong></span> <span class='ocrx_word' id='word_1_125' title='bbox 391 1538 636 1593; x_wconf 85' lang='lat' dir='ltr'><strong>torcular</strong></span> <span class='ocrx_word' id='word_1_126' title='bbox 663 1538 723 1593; x_wconf 91' lang='lat' dir='ltr'><strong>in</strong></span> <span class='ocrx_word' id='word_1_127' title='bbox 752 1537 858 1596; x_wconf 89' lang='lat' dir='ltr'><strong>hoc</strong></span> <span class='ocrx_word' id='word_1_128' title='bbox 886 1539 1028 1607; x_wconf 92' lang='lat' dir='ltr'><strong>loco,</strong></span> <span class='ocrx_word' id='word_1_129' title='bbox 1056 1555 1222 1613; x_wconf 88' lang='lat' dir='ltr'><strong>quam</strong></span> <span class='ocrx_word' id='word_1_130' title='bbox 1250 1547 1303 1597; x_wconf 92' lang='lat' dir='ltr'><strong>et</strong></span> <span class='ocrx_word' id='word_1_131' title='bbox 1334 1541 1514 1596; x_wconf 90' lang='lat' dir='ltr'><strong>lacum</strong></span> <span class='ocrx_word' id='word_1_132' title='bbox 1544 1538 1800 1612; x_wconf 89' lang='lat' dir='ltr'><strong>superius</strong></span> 
     </span>
    </p>
   </div>
   <div class='ocr_carea' id='block_1_19' title="bbox 1916 377 3507 450">
    <p class='ocr_par' dir='ltr' id='par_1_19' title="bbox 1916 377 3507 450">
     <span class='ocr_line' id='line_1_19' title="bbox 1916 377 3507 450; baseline 0.001 -16"><span class='ocrx_word' id='word_1_133' title='bbox 1916 395 2031 434; x_wconf 87' lang='lat' dir='ltr'><strong>cum</strong></span> <span class='ocrx_word' id='word_1_134' title='bbox 2068 378 2186 447; x_wconf 89' lang='lat' dir='ltr'><strong>illo,</strong></span> <span class='ocrx_word' id='word_1_135' title='bbox 2217 377 2311 449; x_wconf 89' lang='lat' dir='ltr'><strong>qui</strong></span> <span class='ocrx_word' id='word_1_136' title='bbox 2337 378 2540 434; x_wconf 82' lang='lat' dir='ltr'><strong>sedebat</strong></span> <span class='ocrx_word' id='word_1_137' title='bbox 2584 378 2642 434; x_wconf 86' lang='lat' dir='ltr'><strong>in</strong></span> <span class='ocrx_word' id='word_1_138' title='bbox 2681 394 2833 450; x_wconf 87' lang='lat' dir='ltr'><strong>equo,</strong></span> <span class='ocrx_word' id='word_1_139' title='bbox 2881 383 2930 433; x_wconf 86' lang='lat' dir='ltr'><strong>et</strong></span> <span class='ocrx_word' id='word_1_140' title='bbox 2969 394 3087 434; x_wconf 87' lang='lat' dir='ltr'><strong>cum</strong></span> <span class='ocrx_word' id='word_1_141' title='bbox 3113 378 3347 434; x_wconf 68' lang='lat' dir='ltr'><strong>exercitu</strong></span> <span class='ocrx_word' id='word_1_142' title='bbox 3374 378 3507 449; x_wconf 70' lang='lat' dir='ltr'><strong>eius.</strong></span> 
     </span>
    </p>
   </div>
   <div class='ocr_carea' id='block_1_20' title="bbox 1918 466 3510 525">
    <p class='ocr_par' dir='ltr' id='par_1_20' title="bbox 1918 466 3510 525">
     <span class='ocr_line' id='line_1_20' title="bbox 1918 466 3510 525; baseline 0.001 -1"><span class='ocrx_word' id='word_1_143' title='bbox 1918 467 2020 524; x_wconf 91' lang='lat' dir='ltr'><strong>Hic</strong></span> <span class='ocrx_word' id='word_1_144' title='bbox 2047 467 2386 524; x_wconf 88' lang='lat' dir='ltr'><strong>demonstrat</strong></span> <span class='ocrx_word' id='word_1_145' title='bbox 2411 482 2521 523; x_wconf 92' lang='lat' dir='ltr'><strong>non</strong></span> <span class='ocrx_word' id='word_1_146' title='bbox 2542 466 2611 523; x_wconf 89' lang='lat' dir='ltr'><strong>ad</strong></span> <span class='ocrx_word' id='word_1_147' title='bbox 2630 466 2927 524; x_wconf 85' lang='lat' dir='ltr'><strong>adventum</strong></span> <span class='ocrx_word' id='word_1_148' title='bbox 2949 466 3176 525; x_wconf 90' lang='lat' dir='ltr'><strong>Domini</strong></span> <span class='ocrx_word' id='word_1_149' title='bbox 3205 467 3510 525; x_wconf 90' lang='lat' dir='ltr'><strong>secundum</strong></span> 
     </span>
    </p>
   </div>
   <div class='ocr_carea' id='block_1_21' title="bbox 1918 555 3512 629">
    <p class='ocr_par' dir='ltr' id='par_1_21' title="bbox 1918 555 3512 629">
     <span class='ocr_line' id='line_1_21' title="bbox 1918 555 3512 629; baseline 0.001 -17"><span class='ocrx_word' id='word_1_150' title='bbox 1918 572 1999 625; x_wconf 90' lang='lat' dir='ltr'><strong>ea,</strong></span> <span class='ocrx_word' id='word_1_151' title='bbox 2030 571 2152 628; x_wconf 69' lang='lat' dir='ltr'><strong>quae</strong></span> <span class='ocrx_word' id='word_1_152' title='bbox 2183 555 2437 628; x_wconf 89' lang='lat' dir='ltr'><strong>superius</strong></span> <span class='ocrx_word' id='word_1_153' title='bbox 2473 555 2622 612; x_wconf 91' lang='lat' dir='ltr'><strong>dicta</strong></span> <span class='ocrx_word' id='word_1_154' title='bbox 2667 563 2797 612; x_wconf 92' lang='lat' dir='ltr'><strong>sunt</strong></span> <span class='ocrx_word' id='word_1_155' title='bbox 2838 556 3137 629; x_wconf 87' lang='lat' dir='ltr'><strong>pertinere,</strong></span> <span class='ocrx_word' id='word_1_156' title='bbox 3184 556 3280 613; x_wconf 88' lang='lat' dir='ltr'><strong>sed</strong></span> <span class='ocrx_word' id='word_1_157' title='bbox 3326 555 3512 629; x_wconf 86' lang='lat' dir='ltr'><strong>potius</strong></span> 
     </span>
    </p>
   </div>
   <div class='ocr_carea' id='block_1_22' title="bbox 1918 640 3514 718">
    <p class='ocr_par' dir='ltr' id='par_1_22' title="bbox 1918 640 3514 718">
     <span class='ocr_line' id='line_1_22' title="bbox 1918 640 3514 718; baseline -0.001 -17"><span class='ocrx_word' id='word_1_158' title='bbox 1918 645 1987 701; x_wconf 89' lang='lat' dir='ltr'><strong>ad</strong></span> <span class='ocrx_word' id='word_1_159' title='bbox 2019 646 2159 701; x_wconf 90' lang='lat' dir='ltr'><strong>illud</strong></span> <span class='ocrx_word' id='word_1_160' title='bbox 2206 654 2443 718; x_wconf 90' lang='lat' dir='ltr'><strong>tempus,</strong></span> <span class='ocrx_word' id='word_1_161' title='bbox 2499 645 2555 701; x_wconf 91' lang='lat' dir='ltr'><strong>in</strong></span> <span class='ocrx_word' id='word_1_162' title='bbox 2602 662 2710 718; x_wconf 90' lang='lat' dir='ltr'><strong>quo</strong></span> <span class='ocrx_word' id='word_1_163' title='bbox 2757 661 2853 717; x_wconf 91' lang='lat' dir='ltr'><strong>per</strong></span> <span class='ocrx_word' id='word_1_164' title='bbox 2897 652 3112 701; x_wconf 89' lang='lat' dir='ltr'><strong>sanctos</strong></span> <span class='ocrx_word' id='word_1_165' title='bbox 3155 660 3283 701; x_wconf 90' lang='lat' dir='ltr'><strong>suos</strong></span> <span class='ocrx_word' id='word_1_166' title='bbox 3319 640 3514 701; x_wconf 87' lang='lat' dir='ltr'><strong>contra</strong></span> 
     </span>
    </p>
   </div>
   <div class='ocr_carea' id='block_1_23' title="bbox 1918 732 3510 807">
    <p class='ocr_par' dir='ltr' id='par_1_23' title="bbox 1918 732 3510 807">
     <span class='ocr_line' id='line_1_23' title="bbox 1918 732 3510 807; baseline 0.002 -17"><span class='ocrx_word' id='word_1_167' title='bbox 1918 734 2324 791; x_wconf 85' lang='lat' dir='ltr'><strong>Antichristum</strong></span> <span class='ocrx_word' id='word_1_168' title='bbox 2375 735 2721 807; x_wconf 66' lang='lat' dir='ltr'><strong>praeliaturus</strong></span> <span class='ocrx_word' id='word_1_169' title='bbox 2758 742 2860 803; x_wconf 89' lang='lat' dir='ltr'><strong>est,</strong></span> <span class='ocrx_word' id='word_1_170' title='bbox 2900 733 3046 790; x_wconf 84' lang='lat' dir='ltr'><strong>sicut</strong></span> <span class='ocrx_word' id='word_1_171' title='bbox 3079 732 3193 806; x_wconf 90' lang='lat' dir='ltr'><strong>jam</strong></span> <span class='ocrx_word' id='word_1_172' title='bbox 3241 734 3510 794; x_wconf 81' lang='lat' dir='ltr'><strong>diximus.</strong></span> 
     </span>
    </p>
   </div>
   <div class='ocr_carea' id='block_1_24' title="bbox 1919 822 3511 897">
    <p class='ocr_par' dir='ltr' id='par_1_24' title="bbox 1919 822 3511 897">
     <span class='ocr_line' id='line_1_24' title="bbox 1919 822 3511 897; baseline -0.001 -15"><span class='ocrx_word' id='word_1_173' title='bbox 1919 822 2405 897; x_wconf 88' lang='lat' dir='ltr'><strong>Congregabuntur</strong></span> <span class='ocrx_word' id='word_1_174' title='bbox 2442 839 2678 897; x_wconf 85' lang='lat' dir='ltr'><strong>namque</strong></span> <span class='ocrx_word' id='word_1_175' title='bbox 2706 822 2915 891; x_wconf 74' lang='lat' dir='ltr'><strong>bestiae,</strong></span> <span class='ocrx_word' id='word_1_176' title='bbox 2960 829 3015 878; x_wconf 91' lang='lat' dir='ltr'><strong>et</strong></span> <span class='ocrx_word' id='word_1_177' title='bbox 3051 836 3203 894; x_wconf 90' lang='lat' dir='ltr'><strong>reges</strong></span> <span class='ocrx_word' id='word_1_178' title='bbox 3237 829 3414 893; x_wconf 61' lang='lat' dir='ltr'><strong>terra,</strong></span> <span class='ocrx_word' id='word_1_179' title='bbox 3454 831 3511 880; x_wconf 88' lang='lat' dir='ltr'><strong>et</strong></span> 
     </span>
    </p>
   </div>
   <div class='ocr_carea' id='block_1_25' title="bbox 1918 911 3510 987">
    <p class='ocr_par' dir='ltr' id='par_1_25' title="bbox 1918 911 3510 987">
     <span class='ocr_line' id='line_1_25' title="bbox 1918 911 3510 987; baseline 0 -17"><span class='ocrx_word' id='word_1_180' title='bbox 1918 914 2194 970; x_wconf 83' lang='lat' dir='ltr'><strong>exercitus</strong></span> <span class='ocrx_word' id='word_1_181' title='bbox 2240 930 2450 983; x_wconf 89' lang='lat' dir='ltr'><strong>eorum,</strong></span> <span class='ocrx_word' id='word_1_182' title='bbox 2499 922 2563 969; x_wconf 93' lang='lat' dir='ltr'><strong>ut</strong></span> <span class='ocrx_word' id='word_1_183' title='bbox 2601 920 2844 987; x_wconf 83' lang='lat' dir='ltr'><strong>pugnent</strong></span> <span class='ocrx_word' id='word_1_184' title='bbox 2885 918 3075 969; x_wconf 89' lang='lat' dir='ltr'><strong>contra</strong></span> <span class='ocrx_word' id='word_1_185' title='bbox 3121 911 3404 969; x_wconf 89' lang='lat' dir='ltr'><strong>Christum</strong></span> <span class='ocrx_word' id='word_1_186' title='bbox 3454 921 3510 970; x_wconf 93' lang='lat' dir='ltr'><strong>et</strong></span> 
     </span>
    </p>
   </div>
   <div class='ocr_carea' id='block_1_26' title="bbox 1919 1001 3512 1077">
    <p class='ocr_par' dir='ltr' id='par_1_26' title="bbox 1919 1001 3512 1077">
     <span class='ocr_line' id='line_1_26' title="bbox 1919 1001 3512 1077; baseline -0.002 -17"><span class='ocrx_word' id='word_1_187' title='bbox 1919 1012 2135 1061; x_wconf 90' lang='lat' dir='ltr'><strong>sanctos</strong></span> <span class='ocrx_word' id='word_1_188' title='bbox 2167 1003 2321 1075; x_wconf 90' lang='lat' dir='ltr'><strong>ejus;</strong></span> <span class='ocrx_word' id='word_1_189' title='bbox 2357 1004 2575 1077; x_wconf 89' lang='lat' dir='ltr'><strong>quando</strong></span> <span class='ocrx_word' id='word_1_190' title='bbox 2614 1001 2992 1060; x_wconf 86' lang='lat' dir='ltr'><strong>Antichristus</strong></span> <span class='ocrx_word' id='word_1_191' title='bbox 3033 1009 3087 1057; x_wconf 91' lang='lat' dir='ltr'><strong>et</strong></span> <span class='ocrx_word' id='word_1_192' title='bbox 3123 1001 3512 1059; x_wconf 85' lang='lat' dir='ltr'><strong>innumerabi—</strong></span> 
     </span>
    </p>
   </div>
   <div class='ocr_carea' id='block_1_27' title="bbox 1920 1091 3510 1167">
    <p class='ocr_par' dir='ltr' id='par_1_27' title="bbox 1920 1091 3510 1167">
     <span class='ocr_line' id='line_1_27' title="bbox 1920 1091 3510 1167; baseline -0.001 -18"><span class='ocrx_word' id='word_1_193' title='bbox 1920 1093 1989 1150; x_wconf 91' lang='lat' dir='ltr'><strong>lis</strong></span> <span class='ocrx_word' id='word_1_194' title='bbox 2037 1093 2339 1149; x_wconf 88' lang='lat' dir='ltr'><strong>multitudo</strong></span> <span class='ocrx_word' id='word_1_195' title='bbox 2372 1093 2618 1165; x_wconf 87' lang='lat' dir='ltr'><strong>gentium</strong></span> <span class='ocrx_word' id='word_1_196' title='bbox 2660 1109 2782 1167; x_wconf 69' lang='lat' dir='ltr'><strong>quae</strong></span> <span class='ocrx_word' id='word_1_197' title='bbox 2822 1093 2891 1149; x_wconf 87' lang='lat' dir='ltr'><strong>ab</strong></span> <span class='ocrx_word' id='word_1_198' title='bbox 2928 1107 2992 1148; x_wconf 91' lang='lat' dir='ltr'><strong>eo</strong></span> <span class='ocrx_word' id='word_1_199' title='bbox 3034 1091 3400 1165; x_wconf 90' lang='lat' dir='ltr'><strong>decipientur,</strong></span> <span class='ocrx_word' id='word_1_200' title='bbox 3440 1091 3510 1148; x_wconf 89' lang='lat' dir='ltr'><strong>ad</strong></span> 
     </span>
    </p>
   </div>
   <div class='ocr_carea' id='block_1_28' title="bbox 1918 1181 3508 1256">
    <p class='ocr_par' dir='ltr' id='par_1_28' title="bbox 1918 1181 3508 1256">
     <span class='ocr_line' id='line_1_28' title="bbox 1918 1181 3508 1256; baseline 0 -19"><span class='ocrx_word' id='word_1_201' title='bbox 1918 1198 2016 1255; x_wconf 90' lang='lat' dir='ltr'><strong>per</strong></span> <span class='ocrx_word' id='word_1_202' title='bbox 2035 1182 2365 1256; x_wconf 88' lang='lat' dir='ltr'><strong>sequendam</strong></span> <span class='ocrx_word' id='word_1_203' title='bbox 2392 1183 2695 1239; x_wconf 90' lang='lat' dir='ltr'><strong>Ecclesiam</strong></span> <span class='ocrx_word' id='word_1_204' title='bbox 2716 1181 2817 1239; x_wconf 92' lang='lat' dir='ltr'><strong>Dei</strong></span> <span class='ocrx_word' id='word_1_205' title='bbox 2847 1189 3181 1254; x_wconf 76' lang='lat' dir='ltr'><strong>eXsurgent;</strong></span> <span class='ocrx_word' id='word_1_206' title='bbox 3214 1189 3277 1239; x_wconf 90' lang='lat' dir='ltr'><strong>ut</strong></span> <span class='ocrx_word' id='word_1_207' title='bbox 3306 1197 3508 1239; x_wconf 89' lang='lat' dir='ltr'><strong>nomen</strong></span> 
     </span>
    </p>
   </div>
   <div class='ocr_carea' id='block_1_29' title="bbox 1918 1272 3138 1345">
    <p class='ocr_par' dir='ltr' id='par_1_29' title="bbox 1918 1272 3138 1345">
     <span class='ocr_line' id='line_1_29' title="bbox 1918 1272 3138 1345; baseline -0.001 -15"><span class='ocrx_word' id='word_1_208' title='bbox 1918 1272 2125 1330; x_wconf 86' lang='lat' dir='ltr'><strong>Christi</strong></span> <span class='ocrx_word' id='word_1_209' title='bbox 2155 1273 2222 1329; x_wconf 91' lang='lat' dir='ltr'><strong>de</strong></span> <span class='ocrx_word' id='word_1_210' title='bbox 2248 1273 2456 1329; x_wconf 90' lang='lat' dir='ltr'><strong>mundo</strong></span> <span class='ocrx_word' id='word_1_211' title='bbox 2485 1272 2738 1329; x_wconf 85' lang='lat' dir='ltr'><strong>funditus</strong></span> <span class='ocrx_word' id='word_1_212' title='bbox 2765 1273 3138 1345; x_wconf 86' lang='lat' dir='ltr'><strong>exstinguant.</strong></span> 
     </span>
    </p>
   </div>
   <div class='ocr_carea' id='block_1_30' title="bbox 1991 1361 3507 1435">
    <p class='ocr_par' dir='ltr' id='par_1_30' title="bbox 1991 1361 3507 1435">
     <span class='ocr_line' id='line_1_30' title="bbox 1991 1361 3507 1435; baseline -0.001 -16"><span class='ocrx_word' id='word_1_213' title='bbox 1991 1362 2172 1433; x_wconf 89' lang='lat' dir='ltr'><strong>(Vers.</strong></span> <span class='ocrx_word' id='word_1_214' title='bbox 2206 1362 2294 1432; x_wconf 79' lang='lat'><strong>20,</strong></span> <span class='ocrx_word' id='word_1_215' title='bbox 2326 1362 2442 1433; x_wconf 81' lang='lat' dir='ltr'><strong>2i.)</strong></span> <span class='ocrx_word' id='word_1_216' title='bbox 2483 1364 2558 1419; x_wconf 91' lang='lat' dir='ltr'><strong>Et</strong></span> <span class='ocrx_word' id='word_1_217' title='bbox 2599 1363 2924 1434; x_wconf 84' lang='lat' dir='ltr'><strong>apprehensa</strong></span> <span class='ocrx_word' id='word_1_218' title='bbox 2954 1368 3028 1417; x_wconf 90' lang='lat' dir='ltr'><strong>est</strong></span> <span class='ocrx_word' id='word_1_219' title='bbox 3056 1361 3239 1430; x_wconf 78' lang='lat' dir='ltr'><strong>bestia,</strong></span> <span class='ocrx_word' id='word_1_220' title='bbox 3268 1368 3317 1418; x_wconf 90' lang='lat' dir='ltr'><strong>et</strong></span> <span class='ocrx_word' id='word_1_221' title='bbox 3339 1379 3507 1435; x_wconf 85' lang='lat' dir='ltr'><strong>pseu-</strong></span> 
     </span>
    </p>
   </div>
   <div class='ocr_carea' id='block_1_31' title="bbox 1915 1448 3509 1524">
    <p class='ocr_par' dir='ltr' id='par_1_31' title="bbox 1915 1448 3509 1524">
     <span class='ocr_line' id='line_1_31' title="bbox 1915 1448 3509 1524; baseline 0.002 -20"><span class='ocrx_word' id='word_1_222' title='bbox 1915 1448 2255 1522; x_wconf 84' lang='lat' dir='ltr'><strong>dopropheta,</strong></span> <span class='ocrx_word' id='word_1_223' title='bbox 2284 1452 2378 1523; x_wconf 89' lang='lat' dir='ltr'><strong>qui</strong></span> <span class='ocrx_word' id='word_1_224' title='bbox 2406 1451 2528 1522; x_wconf 79' lang='lat' dir='ltr'><strong>fecit</strong></span> <span class='ocrx_word' id='word_1_225' title='bbox 2554 1451 2707 1524; x_wconf 89' lang='lat' dir='ltr'><strong>signa</strong></span> <span class='ocrx_word' id='word_1_226' title='bbox 2732 1469 2913 1508; x_wconf 88' lang='lat' dir='ltr'><strong>coram</strong></span> <span class='ocrx_word' id='word_1_227' title='bbox 2938 1452 3076 1523; x_wconf 89' lang='lat' dir='ltr'><strong>ipsa,</strong></span> <span class='ocrx_word' id='word_1_228' title='bbox 3109 1452 3298 1523; x_wconf 84' lang='lat' dir='ltr'><strong>quibus</strong></span> <span class='ocrx_word' id='word_1_229' title='bbox 3344 1452 3509 1508; x_wconf 87' lang='lat' dir='ltr'><strong>sedu—</strong></span> 
     </span>
    </p>
   </div>
   <div class='ocr_carea' id='block_1_32' title="bbox 1912 1539 3511 1613">
    <p class='ocr_par' dir='ltr' id='par_1_32' title="bbox 1912 1539 3511 1613">
     <span class='ocr_line' id='line_1_32' title="bbox 1912 1539 3511 1613; baseline 0.003 -20"><span class='ocrx_word' id='word_1_230' title='bbox 1912 1539 1996 1594; x_wconf 68' lang='lat' dir='ltr'><strong>xit</strong></span> <span class='ocrx_word' id='word_1_231' title='bbox 2024 1557 2126 1609; x_wconf 86' lang='lat' dir='ltr'><strong>eos,</strong></span> <span class='ocrx_word' id='word_1_232' title='bbox 2176 1542 2270 1613; x_wconf 85' lang='lat' dir='ltr'><strong>qui</strong></span> <span class='ocrx_word' id='word_1_233' title='bbox 2323 1549 2633 1613; x_wconf 84' lang='lat' dir='ltr'><strong>acceperunt</strong></span> <span class='ocrx_word' id='word_1_234' title='bbox 2683 1543 3037 1598; x_wconf 83' lang='lat' dir='ltr'><strong>characterem</strong></span> <span class='ocrx_word' id='word_1_235' title='bbox 3090 1542 3280 1611; x_wconf 76' lang='lat' dir='ltr'><strong>bestiw,</strong></span> <span class='ocrx_word' id='word_1_236' title='bbox 3319 1549 3369 1598; x_wconf 84' lang='lat' dir='ltr'><strong>et</strong></span> <span class='ocrx_word' id='word_1_237' title='bbox 3417 1544 3511 1613; x_wconf 90' lang='lat' dir='ltr'><strong>qui</strong></span> 
     </span>
    </p>
   </div>
   <div class='ocr_carea' id='block_1_33' title="bbox 190 1624 3509 1710">
    <p class='ocr_par' dir='ltr' id='par_1_33' title="bbox 190 1624 3509 1710">
     <span class='ocr_line' id='line_1_33' title="bbox 190 1624 3509 1710; baseline 0.002 -28"><span class='ocrx_word' id='word_1_238' title='bbox 190 1624 445 1682; x_wconf 81' lang='lat' dir='ltr'><strong>diximus</strong></span> <span class='ocrx_word' id='word_1_239' title='bbox 477 1625 755 1697; x_wconf 88' lang='lat' dir='ltr'><strong>habuisse,</strong></span> <span class='ocrx_word' id='word_1_240' title='bbox 793 1628 851 1683; x_wconf 91' lang='lat' dir='ltr'><strong>in</strong></span> <span class='ocrx_word' id='word_1_241' title='bbox 881 1645 1044 1702; x_wconf 91' lang='lat' dir='ltr'><strong>quem</strong></span> <span class='ocrx_word' id='word_1_242' title='bbox 1073 1629 1219 1685; x_wconf 92' lang='lat' dir='ltr'><strong>botri</strong></span> <span class='ocrx_word' id='word_1_243' title='bbox 1276 1629 1451 1684; x_wconf 72' lang='lat' dir='ltr'><strong>vineae</strong></span> <span class='ocrx_word' id='word_1_244' title='bbox 1482 1635 1661 1695; x_wconf 66' lang='lat' dir='ltr'><strong>terrae,</strong></span> <span class='ocrx_word' id='word_1_245' title='bbox 1702 1643 1799 1699; x_wconf 90' lang='lat' dir='ltr'><strong>per</strong></span> <span class='ocrx_word' id='word_1_246' title='bbox 1833 1651 1880 1710; x_wconf 79' lang='grc' dir='ltr'><strong><em>Β</em></strong></span> <span class='ocrx_word' id='word_1_247' title='bbox 1911 1628 2273 1686; x_wconf 86' lang='lat' dir='ltr'><strong>adoraverunt</strong></span> <span class='ocrx_word' id='word_1_248' title='bbox 2295 1631 2576 1702; x_wconf 84' lang='lat' dir='ltr'><strong>imaginem</strong></span> <span class='ocrx_word' id='word_1_249' title='bbox 2611 1630 2724 1701; x_wconf 89' lang='lat' dir='ltr'><strong>ejus</strong></span> <span class='ocrx_word' id='word_1_250' title='bbox 2764 1648 2782 1687; x_wconf 88' lang='lat'><strong><em>:</em></strong></span> <span class='ocrx_word' id='word_1_251' title='bbox 2820 1630 2930 1687; x_wconf 77' lang='lat' dir='ltr'><strong>vivi</strong></span> <span class='ocrx_word' id='word_1_252' title='bbox 2971 1630 3122 1686; x_wconf 82' lang='lat' dir='ltr'><strong>missi</strong></span> <span class='ocrx_word' id='word_1_253' title='bbox 3147 1636 3272 1686; x_wconf 81' lang='lat' dir='ltr'><strong>sunt</strong></span> <span class='ocrx_word' id='word_1_254' title='bbox 3319 1630 3362 1686; x_wconf 90' lang='lat' dir='ltr'><strong>ii</strong></span> <span class='ocrx_word' id='word_1_255' title='bbox 3404 1631 3509 1687; x_wconf 91' lang='lat' dir='ltr'><strong>duo</strong></span> 
     </span>
    </p>
   </div>
   <div class='ocr_carea' id='block_1_34' title="bbox 190 1714 1799 1789">
    <p class='ocr_par' dir='ltr' id='par_1_34' title="bbox 190 1714 1799 1789">
     <span class='ocr_line' id='line_1_34' title="bbox 190 1714 1799 1789; baseline 0.001 -20"><span class='ocrx_word' id='word_1_256' title='bbox 190 1730 336 1787; x_wconf 90' lang='lat' dir='ltr'><strong>quos</strong></span> <span class='ocrx_word' id='word_1_257' title='bbox 355 1714 510 1787; x_wconf 91' lang='lat' dir='ltr'><strong>impii</strong></span> <span class='ocrx_word' id='word_1_258' title='bbox 532 1715 912 1788; x_wconf 84' lang='lat' dir='ltr'><strong>designantur,</strong></span> <span class='ocrx_word' id='word_1_259' title='bbox 936 1717 1170 1773; x_wconf 87' lang='lat' dir='ltr'><strong>demersi</strong></span> <span class='ocrx_word' id='word_1_260' title='bbox 1197 1717 1366 1774; x_wconf 86' lang='lat' dir='ltr'><strong>fuisse</strong></span> <span class='ocrx_word' id='word_1_261' title='bbox 1388 1718 1664 1789; x_wconf 84' lang='lat' dir='ltr'><strong>leguntur.</strong></span> <span class='ocrx_word' id='word_1_262' title='bbox 1694 1715 1799 1771; x_wconf 90' lang='lat' dir='ltr'><strong>Sed</strong></span> 
     </span>
    </p>
   </div>
   <div class='ocr_carea' id='block_1_35' title="bbox 188 1802 1798 1878">
    <p class='ocr_par' dir='ltr' id='par_1_35' title="bbox 188 1802 1798 1878">
     <span class='ocr_line' id='line_1_35' title="bbox 188 1802 1798 1878; baseline 0.001 -20"><span class='ocrx_word' id='word_1_263' title='bbox 188 1808 249 1858; x_wconf 87' lang='lat' dir='ltr'><strong>et</strong></span> <span class='ocrx_word' id='word_1_264' title='bbox 282 1802 397 1875; x_wconf 89' lang='lat' dir='ltr'><strong>ipsa</strong></span> <span class='ocrx_word' id='word_1_265' title='bbox 429 1803 662 1860; x_wconf 88' lang='lat' dir='ltr'><strong>calcatio</strong></span> <span class='ocrx_word' id='word_1_266' title='bbox 708 1805 1001 1861; x_wconf 86' lang='lat' dir='ltr'><strong>torcularis</strong></span> <span class='ocrx_word' id='word_1_267' title='bbox 1047 1805 1293 1861; x_wconf 87' lang='lat' dir='ltr'><strong>eamdem</strong></span> <span class='ocrx_word' id='word_1_268' title='bbox 1338 1804 1798 1878; x_wconf 88' lang='lat' dir='ltr'><strong>signiﬁcationem</strong></span> 
     </span>
    </p>
   </div>
   <div class='ocr_carea' id='block_1_36' title="bbox 188 1896 1798 1972">
    <p class='ocr_par' dir='ltr' id='par_1_36' title="bbox 188 1896 1798 1972">
     <span class='ocr_line' id='line_1_36' title="bbox 188 1896 1798 1972; baseline 0.004 -20"><span class='ocrx_word' id='word_1_269' title='bbox 188 1896 380 1967; x_wconf 86' lang='lat' dir='ltr'><strong>habet,</strong></span> <span class='ocrx_word' id='word_1_270' title='bbox 403 1915 563 1972; x_wconf 86' lang='lat' dir='ltr'><strong>quam</strong></span> <span class='ocrx_word' id='word_1_271' title='bbox 588 1908 642 1956; x_wconf 92' lang='lat' dir='ltr'><strong>et</strong></span> <span class='ocrx_word' id='word_1_272' title='bbox 669 1900 787 1958; x_wconf 91' lang='lat' dir='ltr'><strong>illic</strong></span> <span class='ocrx_word' id='word_1_273' title='bbox 807 1902 1172 1958; x_wconf 89' lang='lat' dir='ltr'><strong>calcationem</strong></span> <span class='ocrx_word' id='word_1_274' title='bbox 1190 1902 1339 1958; x_wconf 90' lang='lat' dir='ltr'><strong>lacus</strong></span> <span class='ocrx_word' id='word_1_275' title='bbox 1360 1901 1621 1958; x_wconf 87' lang='lat' dir='ltr'><strong>habuisse</strong></span> <span class='ocrx_word' id='word_1_276' title='bbox 1649 1901 1798 1958; x_wconf 84' lang='lat' dir='ltr'><strong>dixi-</strong></span> 
     </span>
    </p>
   </div>
   <div class='ocr_carea' id='block_1_37' title="bbox 190 1988 1798 2064">
    <p class='ocr_par' dir='ltr' id='par_1_37' title="bbox 190 1988 1798 2064">
     <span class='ocr_line' id='line_1_37' title="bbox 190 1988 1798 2064; baseline 0.003 -22"><span class='ocrx_word' id='word_1_277' title='bbox 190 2004 355 2055; x_wconf 88' lang='lat' dir='ltr'><strong>mus;</strong></span> <span class='ocrx_word' id='word_1_278' title='bbox 385 1988 662 2061; x_wconf 89' lang='lat' dir='ltr'><strong>signiﬁcat</strong></span> <span class='ocrx_word' id='word_1_279' title='bbox 706 2006 945 2064; x_wconf 88' lang='lat' dir='ltr'><strong>namque</strong></span> <span class='ocrx_word' id='word_1_280' title='bbox 974 1992 1228 2048; x_wconf 87' lang='lat' dir='ltr'><strong>ultimam</strong></span> <span class='ocrx_word' id='word_1_281' title='bbox 1268 1990 1666 2049; x_wconf 89' lang='lat' dir='ltr'><strong>demersionem</strong></span> <span class='ocrx_word' id='word_1_282' title='bbox 1697 1992 1798 2047; x_wconf 91' lang='lat' dir='ltr'><strong>im-</strong></span> 
     </span>
    </p>
   </div>
   <div class='ocr_carea' id='block_1_38' title="bbox 188 2078 1798 2151">
    <p class='ocr_par' dir='ltr' id='par_1_38' title="bbox 188 2078 1798 2151">
     <span class='ocr_line' id='line_1_38' title="bbox 188 2078 1798 2151; baseline 0.003 -18"><span class='ocrx_word' id='word_1_283' title='bbox 188 2078 416 2151; x_wconf 91' lang='lat' dir='ltr'><strong>piorum</strong></span> <span class='ocrx_word' id='word_1_284' title='bbox 443 2079 501 2135; x_wconf 94' lang='lat' dir='ltr'><strong>in</strong></span> <span class='ocrx_word' id='word_1_285' title='bbox 528 2080 833 2137; x_wconf 89' lang='lat' dir='ltr'><strong>infernum.</strong></span> <span class='ocrx_word' id='word_1_286' title='bbox 858 2081 1004 2148; x_wconf 90' lang='lat' dir='ltr'><strong>Quid</strong></span> <span class='ocrx_word' id='word_1_287' title='bbox 1022 2098 1155 2137; x_wconf 88' lang='lat' dir='ltr'><strong>vero</strong></span> <span class='ocrx_word' id='word_1_288' title='bbox 1175 2082 1247 2137; x_wconf 94' lang='lat' dir='ltr'><strong>sit</strong></span> <span class='ocrx_word' id='word_1_289' title='bbox 1269 2081 1461 2137; x_wconf 91' lang='lat' dir='ltr'><strong>vinum</strong></span> <span class='ocrx_word' id='word_1_290' title='bbox 1481 2081 1687 2138; x_wconf 89' lang='lat' dir='ltr'><strong>furoris</strong></span> <span class='ocrx_word' id='word_1_291' title='bbox 1704 2082 1798 2138; x_wconf 72' lang='lat' dir='ltr'><strong>iraa</strong></span> 
     </span>
    </p>
   </div>
   <div class='ocr_carea' id='block_1_39' title="bbox 186 2167 1795 2243">
    <p class='ocr_par' dir='ltr' id='par_1_39' title="bbox 186 2167 1795 2243">
     <span class='ocr_line' id='line_1_39' title="bbox 186 2167 1795 2243; baseline 0.001 -18"><span class='ocrx_word' id='word_1_292' title='bbox 186 2168 293 2225; x_wconf 90' lang='lat' dir='ltr'><strong>Dei</strong></span> <span class='ocrx_word' id='word_1_293' title='bbox 308 2167 723 2239; x_wconf 88' lang='lat' dir='ltr'><strong>omnipotentis,</strong></span> <span class='ocrx_word' id='word_1_294' title='bbox 739 2169 992 2240; x_wconf 88' lang='lat' dir='ltr'><strong>superius</strong></span> <span class='ocrx_word' id='word_1_295' title='bbox 1004 2168 1664 2241; x_wconf 80' lang='lat' dir='ltr'><strong>diximus(cap.xrv,vers.</strong></span> <span class='ocrx_word' id='word_1_296' title='bbox 1681 2171 1795 2243; x_wconf 88' lang='grc'><strong>10).</strong></span> 
     </span>
    </p>
   </div>
   <div class='ocr_carea' id='block_1_40' title="bbox 268 2265 1797 2339">
    <p class='ocr_par' dir='ltr' id='par_1_40' title="bbox 268 2265 1797 2339">
     <span class='ocr_line' id='line_1_40' title="bbox 268 2265 1797 2339; baseline 0.001 -15"><span class='ocrx_word' id='word_1_297' title='bbox 268 2265 454 2338; x_wconf 87' lang='lat' dir='ltr'><strong>(Vers.</strong></span> <span class='ocrx_word' id='word_1_298' title='bbox 496 2265 610 2336; x_wconf 91' lang='grc'><strong>17.)</strong></span> <span class='ocrx_word' id='word_1_299' title='bbox 638 2268 714 2322; x_wconf 89' lang='lat' dir='ltr'><strong>Et</strong></span> <span class='ocrx_word' id='word_1_300' title='bbox 740 2267 851 2322; x_wconf 83' lang='lat' dir='ltr'><strong>vidi</strong></span> <span class='ocrx_word' id='word_1_301' title='bbox 906 2268 1072 2323; x_wconf 89' lang='lat' dir='ltr'><strong>alium</strong></span> <span class='ocrx_word' id='word_1_302' title='bbox 1101 2269 1345 2339; x_wconf 85' lang='lat' dir='ltr'><strong>angelum</strong></span> <span class='ocrx_word' id='word_1_303' title='bbox 1373 2274 1594 2323; x_wconf 88' lang='lat' dir='ltr'><strong>stantem</strong></span> <span class='ocrx_word' id='word_1_304' title='bbox 1635 2270 1689 2323; x_wconf 80' lang='lat' dir='ltr'><strong>in</strong></span> <span class='ocrx_word' id='word_1_305' title='bbox 1717 2286 1797 2325; x_wconf 89' lang='lat' dir='ltr'><strong>so-</strong></span> 
     </span>
    </p>
   </div>
   <div class='ocr_carea' id='block_1_41' title="bbox 191 2352 1801 2428">
    <p class='ocr_par' dir='ltr' id='par_1_41' title="bbox 191 2352 1801 2428">
     <span class='ocr_line' id='line_1_41' title="bbox 191 2352 1801 2428; baseline 0.001 -17"><span class='ocrx_word' id='word_1_306' title='bbox 191 2355 262 2422; x_wconf 78' lang='lat' dir='ltr'><strong>le,</strong></span> <span class='ocrx_word' id='word_1_307' title='bbox 319 2361 367 2409; x_wconf 90' lang='lat' dir='ltr'><strong>et</strong></span> <span class='ocrx_word' id='word_1_308' title='bbox 418 2352 671 2409; x_wconf 82' lang='lat' dir='ltr'><strong>clamavit</strong></span> <span class='ocrx_word' id='word_1_309' title='bbox 724 2372 843 2411; x_wconf 81' lang='lat' dir='ltr'><strong>voce</strong></span> <span class='ocrx_word' id='word_1_310' title='bbox 895 2373 1089 2427; x_wconf 88' lang='lat' dir='ltr'><strong>magna</strong></span> <span class='ocrx_word' id='word_1_311' title='bbox 1143 2357 1386 2411; x_wconf 88' lang='lat' dir='ltr'><strong>omnibus</strong></span> <span class='ocrx_word' id='word_1_312' title='bbox 1435 2357 1642 2427; x_wconf 85' lang='lat' dir='ltr'><strong>avibus,</strong></span> <span class='ocrx_word' id='word_1_313' title='bbox 1684 2374 1801 2428; x_wconf 61' lang='lat' dir='ltr'><strong>qua</strong></span> 
     </span>
    </p>
   </div>
   <div class='ocr_carea' id='block_1_42' title="bbox 188 2443 1797 2518">
    <p class='ocr_par' dir='ltr' id='par_1_42' title="bbox 188 2443 1797 2518">
     <span class='ocr_line' id='line_1_42' title="bbox 188 2443 1797 2518; baseline 0.002 -20"><span class='ocrx_word' id='word_1_314' title='bbox 188 2443 447 2499; x_wconf 76' lang='lat' dir='ltr'><strong>volabant</strong></span> <span class='ocrx_word' id='word_1_315' title='bbox 470 2460 570 2514; x_wconf 87' lang='lat' dir='ltr'><strong>per</strong></span> <span class='ocrx_word' id='word_1_316' title='bbox 596 2443 825 2499; x_wconf 88' lang='lat' dir='ltr'><strong>medium</strong></span> <span class='ocrx_word' id='word_1_317' title='bbox 853 2446 1056 2501; x_wconf 70' lang='lat' dir='ltr'><strong>calum.</strong></span> <span class='ocrx_word' id='word_1_318' title='bbox 1082 2447 1189 2501; x_wconf 89' lang='lat' dir='ltr'><strong>Iste</strong></span> <span class='ocrx_word' id='word_1_319' title='bbox 1219 2447 1452 2517; x_wconf 81' lang='lat' dir='ltr'><strong>angelus</strong></span> <span class='ocrx_word' id='word_1_320' title='bbox 1482 2445 1797 2518; x_wconf 74' lang='lat' dir='ltr'><strong>praedicato-</strong></span> 
     </span>
    </p>
   </div>
   <div class='ocr_carea' id='block_1_43' title="bbox 190 2530 1800 2607">
    <p class='ocr_par' dir='ltr' id='par_1_43' title="bbox 190 2530 1800 2607">
     <span class='ocr_line' id='line_1_43' title="bbox 190 2530 1800 2607; baseline 0.001 -21"><span class='ocrx_word' id='word_1_321' title='bbox 190 2548 285 2588; x_wconf 91' lang='lat' dir='ltr'><strong>res</strong></span> <span class='ocrx_word' id='word_1_322' title='bbox 312 2530 405 2604; x_wconf 90' lang='lat' dir='ltr'><strong>qui</strong></span> <span class='ocrx_word' id='word_1_323' title='bbox 452 2531 512 2586; x_wconf 91' lang='lat' dir='ltr'><strong>in</strong></span> <span class='ocrx_word' id='word_1_324' title='bbox 541 2530 650 2587; x_wconf 87' lang='lat' dir='ltr'><strong>ﬁne</strong></span> <span class='ocrx_word' id='word_1_325' title='bbox 702 2532 898 2589; x_wconf 90' lang='lat' dir='ltr'><strong>mundi</strong></span> <span class='ocrx_word' id='word_1_326' title='bbox 951 2533 1127 2589; x_wconf 88' lang='lat' dir='ltr'><strong>futuri</strong></span> <span class='ocrx_word' id='word_1_327' title='bbox 1164 2541 1312 2602; x_wconf 91' lang='lat' dir='ltr'><strong>sunt,</strong></span> <span class='ocrx_word' id='word_1_328' title='bbox 1345 2534 1618 2607; x_wconf 88' lang='lat' dir='ltr'><strong>signiﬁcat</strong></span> <span class='ocrx_word' id='word_1_329' title='bbox 1652 2553 1664 2590; x_wconf 91' lang='lat'>:</span> <span class='ocrx_word' id='word_1_330' title='bbox 1704 2534 1800 2607; x_wconf 91' lang='lat' dir='ltr'><strong>qui</strong></span> 
     </span>
    </p>
   </div>
   <div class='ocr_carea' id='block_1_44' title="bbox 192 2620 1793 2695">
    <p class='ocr_par' dir='ltr' id='par_1_44' title="bbox 192 2620 1793 2695">
     <span class='ocr_line' id='line_1_44' title="bbox 192 2620 1793 2695; baseline 0.001 -19"><span class='ocrx_word' id='word_1_331' title='bbox 192 2620 363 2676; x_wconf 88' lang='lat' dir='ltr'><strong>etiam</strong></span> <span class='ocrx_word' id='word_1_332' title='bbox 395 2627 447 2675; x_wconf 90' lang='lat' dir='ltr'><strong>et</strong></span> <span class='ocrx_word' id='word_1_333' title='bbox 479 2635 574 2692; x_wconf 90' lang='lat' dir='ltr'><strong>per</strong></span> <span class='ocrx_word' id='word_1_334' title='bbox 603 2620 813 2694; x_wconf 90' lang='lat' dir='ltr'><strong>equites</strong></span> <span class='ocrx_word' id='word_1_335' title='bbox 848 2622 1012 2693; x_wconf 88' lang='lat' dir='ltr'><strong>paulo</strong></span> <span class='ocrx_word' id='word_1_336' title='bbox 1042 2621 1294 2693; x_wconf 88' lang='lat' dir='ltr'><strong>superius</strong></span> <span class='ocrx_word' id='word_1_337' title='bbox 1318 2621 1586 2695; x_wconf 85' lang='lat' dir='ltr'><strong>designati</strong></span> <span class='ocrx_word' id='word_1_338' title='bbox 1619 2631 1748 2679; x_wconf 91' lang='lat' dir='ltr'><strong>sunt</strong></span> <span class='ocrx_word' id='word_1_339' title='bbox 1781 2639 1793 2677; x_wconf 93' lang='lat'><strong>:</strong></span> 
     </span>
    </p>
   </div>
   <div class='ocr_carea' id='block_1_45' title="bbox 191 2708 1797 2782">
    <p class='ocr_par' dir='ltr' id='par_1_45' title="bbox 191 2708 1797 2782">
     <span class='ocr_line' id='line_1_45' title="bbox 191 2708 1797 2782; baseline 0.002 -18"><span class='ocrx_word' id='word_1_340' title='bbox 191 2725 295 2782; x_wconf 89' lang='lat' dir='ltr'><strong>per</strong></span> <span class='ocrx_word' id='word_1_341' title='bbox 321 2709 490 2764; x_wconf 90' lang='lat' dir='ltr'><strong>solem</strong></span> <span class='ocrx_word' id='word_1_342' title='bbox 521 2725 652 2765; x_wconf 91' lang='lat' dir='ltr'><strong>vero</strong></span> <span class='ocrx_word' id='word_1_343' title='bbox 682 2708 962 2766; x_wconf 88' lang='lat' dir='ltr'><strong>Christum</strong></span> <span class='ocrx_word' id='word_1_344' title='bbox 1006 2710 1311 2782; x_wconf 89' lang='lat' dir='ltr'><strong>intelligere</strong></span> <span class='ocrx_word' id='word_1_345' title='bbox 1351 2708 1636 2770; x_wconf 88' lang='lat' dir='ltr'><strong>debemus.</strong></span> <span class='ocrx_word' id='word_1_346' title='bbox 1685 2713 1797 2768; x_wconf 79' lang='lat' dir='ltr'><strong>An-</strong></span> 
     </span>
    </p>
   </div>
   <div class='ocr_carea' id='block_1_46' title="bbox 191 2798 1799 2873">
    <p class='ocr_par' dir='ltr' id='par_1_46' title="bbox 191 2798 1799 2873">
     <span class='ocr_line' id='line_1_46' title="bbox 191 2798 1799 2873; baseline 0.001 -18"><span class='ocrx_word' id='word_1_347' title='bbox 191 2800 351 2872; x_wconf 88' lang='lat' dir='ltr'><strong>gelus</strong></span> <span class='ocrx_word' id='word_1_348' title='bbox 388 2799 557 2870; x_wconf 87' lang='lat' dir='ltr'><strong>igitur</strong></span> <span class='ocrx_word' id='word_1_349' title='bbox 586 2798 642 2854; x_wconf 93' lang='lat' dir='ltr'><strong>in</strong></span> <span class='ocrx_word' id='word_1_350' title='bbox 669 2800 784 2855; x_wconf 88' lang='lat' dir='ltr'><strong>sole</strong></span> <span class='ocrx_word' id='word_1_351' title='bbox 812 2799 965 2855; x_wconf 90' lang='lat' dir='ltr'><strong>stetit</strong></span> <span class='ocrx_word' id='word_1_352' title='bbox 1003 2818 1016 2866; x_wconf 93' lang='lat'><strong>;</strong></span> <span class='ocrx_word' id='word_1_353' title='bbox 1048 2800 1175 2873; x_wconf 87' lang='lat' dir='ltr'><strong>quia</strong></span> <span class='ocrx_word' id='word_1_354' title='bbox 1204 2799 1591 2871; x_wconf 74' lang='lat' dir='ltr'><strong>praedicatores</strong></span> <span class='ocrx_word' id='word_1_355' title='bbox 1619 2802 1799 2858; x_wconf 88' lang='lat' dir='ltr'><strong>sancti</strong></span> 
     </span>
    </p>
   </div>
   <div class='ocr_carea' id='block_1_47' title="bbox 189 2886 1797 2961">
    <p class='ocr_par' dir='ltr' id='par_1_47' title="bbox 189 2886 1797 2961">
     <span class='ocr_line' id='line_1_47' title="bbox 189 2886 1797 2961; baseline 0.001 -18"><span class='ocrx_word' id='word_1_356' title='bbox 189 2888 254 2943; x_wconf 90' lang='lat' dir='ltr'><strong>in</strong></span> <span class='ocrx_word' id='word_1_357' title='bbox 288 2886 506 2945; x_wconf 88' lang='lat' dir='ltr'><strong>Christo</strong></span> <span class='ocrx_word' id='word_1_358' title='bbox 536 2888 613 2943; x_wconf 90' lang='lat' dir='ltr'><strong>ita</strong></span> <span class='ocrx_word' id='word_1_359' title='bbox 658 2888 1063 2956; x_wconf 89' lang='lat' dir='ltr'><strong>solidabuntur,</strong></span> <span class='ocrx_word' id='word_1_360' title='bbox 1110 2896 1171 2943; x_wconf 91' lang='lat' dir='ltr'><strong>ut</strong></span> <span class='ocrx_word' id='word_1_361' title='bbox 1220 2887 1288 2943; x_wconf 89' lang='lat' dir='ltr'><strong>ab</strong></span> <span class='ocrx_word' id='word_1_362' title='bbox 1334 2887 1454 2961; x_wconf 91' lang='lat' dir='ltr'><strong>ejus</strong></span> <span class='ocrx_word' id='word_1_363' title='bbox 1503 2888 1613 2945; x_wconf 91' lang='lat' dir='ltr'><strong>ﬁde</strong></span> <span class='ocrx_word' id='word_1_364' title='bbox 1642 2890 1797 2946; x_wconf 85' lang='lat' dir='ltr'><strong>nulla</strong></span> 
     </span>
    </p>
   </div>
   <div class='ocr_carea' id='block_1_48' title="bbox 192 2975 1879 3063">
    <p class='ocr_par' dir='ltr' id='par_1_48' title="bbox 192 2975 1879 3063">
     <span class='ocr_line' id='line_1_48' title="bbox 192 2975 1879 3063; baseline 0.002 -32"><span class='ocrx_word' id='word_1_365' title='bbox 192 2975 253 3031; x_wconf 89' lang='lat' dir='ltr'><strong>vi</strong></span> <span class='ocrx_word' id='word_1_366' title='bbox 302 2977 747 3048; x_wconf 88' lang='lat' dir='ltr'><strong>persecutionum</strong></span> <span class='ocrx_word' id='word_1_367' title='bbox 782 2976 946 3033; x_wconf 86' lang='lat' dir='ltr'><strong>avelli</strong></span> <span class='ocrx_word' id='word_1_368' title='bbox 986 2977 1217 3048; x_wconf 89' lang='lat' dir='ltr'><strong>possint.</strong></span> <span class='ocrx_word' id='word_1_369' title='bbox 1273 2978 1375 3032; x_wconf 90' lang='lat' dir='ltr'><strong>Per</strong></span> <span class='ocrx_word' id='word_1_370' title='bbox 1429 2994 1557 3033; x_wconf 88' lang='lat' dir='ltr'><strong>aves</strong></span> <span class='ocrx_word' id='word_1_371' title='bbox 1611 2987 1795 3034; x_wconf 91' lang='lat' dir='ltr'><strong>autem</strong></span> <span class='ocrx_word' id='word_1_372' title='bbox 1835 3002 1879 3063; x_wconf 71' lang='grc' dir='ltr'>ο</span> 
     </span>
    </p>
   </div>
   <div class='ocr_carea' id='block_1_49' title="bbox 190 3063 1799 3137">
    <p class='ocr_par' dir='ltr' id='par_1_49' title="bbox 190 3063 1799 3137">
     <span class='ocr_line' id='line_1_49' title="bbox 190 3063 1799 3137; baseline 0.001 -18"><span class='ocrx_word' id='word_1_373' title='bbox 190 3063 387 3120; x_wconf 88' lang='lat' dir='ltr'><strong>ﬁdeles</strong></span> <span class='ocrx_word' id='word_1_374' title='bbox 414 3080 623 3132; x_wconf 91' lang='lat' dir='ltr'><strong>omnes,</strong></span> <span class='ocrx_word' id='word_1_375' title='bbox 682 3064 777 3137; x_wconf 90' lang='lat' dir='ltr'><strong>qui</strong></span> <span class='ocrx_word' id='word_1_376' title='bbox 818 3081 882 3121; x_wconf 92' lang='lat' dir='ltr'><strong>eo</strong></span> <span class='ocrx_word' id='word_1_377' title='bbox 930 3073 1174 3137; x_wconf 90' lang='lat' dir='ltr'><strong>tempore</strong></span> <span class='ocrx_word' id='word_1_378' title='bbox 1230 3064 1406 3121; x_wconf 89' lang='lat' dir='ltr'><strong>futuri</strong></span> <span class='ocrx_word' id='word_1_379' title='bbox 1454 3072 1603 3134; x_wconf 89' lang='lat' dir='ltr'><strong>sunt,</strong></span> <span class='ocrx_word' id='word_1_380' title='bbox 1654 3066 1799 3121; x_wconf 89' lang='lat' dir='ltr'><strong>desi-</strong></span> 
     </span>
    </p>
   </div>
   <div class='ocr_carea' id='block_1_50' title="bbox 188 3153 1795 3227">
    <p class='ocr_par' dir='ltr' id='par_1_50' title="bbox 188 3153 1795 3227">
     <span class='ocr_line' id='line_1_50' title="bbox 188 3153 1795 3227; baseline 0.002 -20"><span class='ocrx_word' id='word_1_381' title='bbox 188 3162 438 3224; x_wconf 86' lang='lat' dir='ltr'><strong>gnantur</strong></span> <span class='ocrx_word' id='word_1_382' title='bbox 468 3172 479 3210; x_wconf 91' lang='lat'><strong>:</strong></span> <span class='ocrx_word' id='word_1_383' title='bbox 508 3171 602 3226; x_wconf 83' lang='lat' dir='ltr'><strong>per</strong></span> <span class='ocrx_word' id='word_1_384' title='bbox 631 3154 827 3211; x_wconf 89' lang='lat' dir='ltr'><strong>coelum</strong></span> <span class='ocrx_word' id='word_1_385' title='bbox 861 3153 1150 3222; x_wconf 89' lang='lat' dir='ltr'><strong>volabunt,</strong></span> <span class='ocrx_word' id='word_1_386' title='bbox 1202 3154 1331 3226; x_wconf 89' lang='lat' dir='ltr'><strong>quia</strong></span> <span class='ocrx_word' id='word_1_387' title='bbox 1360 3154 1417 3208; x_wconf 92' lang='lat' dir='ltr'><strong>in</strong></span> <span class='ocrx_word' id='word_1_388' title='bbox 1447 3154 1612 3209; x_wconf 89' lang='lat' dir='ltr'><strong>terris</strong></span> <span class='ocrx_word' id='word_1_389' title='bbox 1651 3155 1795 3227; x_wconf 88' lang='lat' dir='ltr'><strong>posi-</strong></span> 
     </span>
    </p>
   </div>
   <div class='ocr_carea' id='block_1_51' title="bbox 188 3241 1800 3311">
    <p class='ocr_par' dir='ltr' id='par_1_51' title="bbox 188 3241 1800 3311">
     <span class='ocr_line' id='line_1_51' title="bbox 188 3241 1800 3311; baseline 0.001 -13"><span class='ocrx_word' id='word_1_390' title='bbox 188 3242 263 3311; x_wconf 89' lang='lat' dir='ltr'><strong>ti,</strong></span> <span class='ocrx_word' id='word_1_391' title='bbox 313 3243 515 3298; x_wconf 68' lang='lat' dir='ltr'><strong>lmente</strong></span> <span class='ocrx_word' id='word_1_392' title='bbox 575 3243 634 3298; x_wconf 90' lang='lat' dir='ltr'><strong>in</strong></span> <span class='ocrx_word' id='word_1_393' title='bbox 689 3242 1003 3299; x_wconf 73' lang='lat' dir='ltr'><strong>cmlestibus</strong></span> <span class='ocrx_word' id='word_1_394' title='bbox 1083 3241 1434 3299; x_wconf 86' lang='lat' dir='ltr'><strong>habitabunt.</strong></span> <span class='ocrx_word' id='word_1_395' title='bbox 1502 3243 1800 3300; x_wconf 90' lang='lat' dir='ltr'><strong>Possumus</strong></span> 
     </span>
    </p>
   </div>
   <div class='ocr_carea' id='block_1_52' title="bbox 191 3330 1801 3405">
    <p class='ocr_par' dir='ltr' id='par_1_52' title="bbox 191 3330 1801 3405">
     <span class='ocr_line' id='line_1_52' title="bbox 191 3330 1801 3405; baseline 0.001 -18"><span class='ocrx_word' id='word_1_396' title='bbox 191 3330 567 3388; x_wconf 89' lang='lat' dir='ltr'><strong>nihilominus</strong></span> <span class='ocrx_word' id='word_1_397' title='bbox 614 3348 711 3404; x_wconf 87' lang='lat' dir='ltr'><strong>per</strong></span> <span class='ocrx_word' id='word_1_398' title='bbox 738 3332 938 3389; x_wconf 87' lang='lat' dir='ltr'><strong>coelum</strong></span> <span class='ocrx_word' id='word_1_399' title='bbox 989 3332 1293 3388; x_wconf 88' lang='lat' dir='ltr'><strong>Ecclesiam</strong></span> <span class='ocrx_word' id='word_1_400' title='bbox 1337 3333 1667 3405; x_wconf 87' lang='lat' dir='ltr'><strong>intelligere.</strong></span> <span class='ocrx_word' id='word_1_401' title='bbox 1698 3334 1801 3389; x_wconf 91' lang='lat' dir='ltr'><strong>Per</strong></span> 
     </span>
    </p>
   </div>
   <div class='ocr_carea' id='block_1_53' title="bbox 189 3421 1799 3494">
    <p class='ocr_par' dir='ltr' id='par_1_53' title="bbox 189 3421 1799 3494">
     <span class='ocr_line' id='line_1_53' title="bbox 189 3421 1799 3494; baseline 0.001 -17"><span class='ocrx_word' id='word_1_402' title='bbox 189 3422 398 3477; x_wconf 64' lang='lat' dir='ltr'><strong>caelum</strong></span> <span class='ocrx_word' id='word_1_403' title='bbox 430 3422 604 3477; x_wconf 90' lang='lat' dir='ltr'><strong>sancti</strong></span> <span class='ocrx_word' id='word_1_404' title='bbox 634 3422 825 3478; x_wconf 88' lang='lat' dir='ltr'><strong>volant</strong></span> <span class='ocrx_word' id='word_1_405' title='bbox 854 3440 867 3489; x_wconf 91' lang='lat'><strong>;</strong></span> <span class='ocrx_word' id='word_1_406' title='bbox 922 3423 1058 3494; x_wconf 91' lang='lat' dir='ltr'><strong>quia</strong></span> <span class='ocrx_word' id='word_1_407' title='bbox 1085 3422 1221 3477; x_wconf 90' lang='lat' dir='ltr'><strong>duas</strong></span> <span class='ocrx_word' id='word_1_408' title='bbox 1264 3423 1376 3477; x_wconf 90' lang='lat' dir='ltr'><strong>alas</strong></span> <span class='ocrx_word' id='word_1_409' title='bbox 1427 3421 1709 3492; x_wconf 89' lang='lat' dir='ltr'><strong>habentes,</strong></span> <span class='ocrx_word' id='word_1_410' title='bbox 1741 3422 1799 3479; x_wconf 91' lang='lat' dir='ltr'><strong>id</strong></span> 
     </span>
    </p>
   </div>
   <div class='ocr_carea' id='block_1_54' title="bbox 190 3510 1798 3585">
    <p class='ocr_par' dir='ltr' id='par_1_54' title="bbox 190 3510 1798 3585">
     <span class='ocr_line' id='line_1_54' title="bbox 190 3510 1798 3585; baseline 0.002 -19"><span class='ocrx_word' id='word_1_411' title='bbox 190 3518 300 3578; x_wconf 89' lang='lat' dir='ltr'><strong>est,</strong></span> <span class='ocrx_word' id='word_1_412' title='bbox 330 3510 442 3566; x_wconf 93' lang='lat' dir='ltr'><strong>duo</strong></span> <span class='ocrx_word' id='word_1_413' title='bbox 469 3519 739 3584; x_wconf 71' lang='lat' dir='ltr'><strong>praecepta</strong></span> <span class='ocrx_word' id='word_1_414' title='bbox 783 3510 1089 3579; x_wconf 88' lang='lat' dir='ltr'><strong>charitatis,</strong></span> <span class='ocrx_word' id='word_1_415' title='bbox 1125 3511 1556 3585; x_wconf 87' lang='lat' dir='ltr'><strong>circumquaque</strong></span> <span class='ocrx_word' id='word_1_416' title='bbox 1584 3512 1798 3582; x_wconf 89' lang='lat' dir='ltr'><strong>volant,</strong></span> 
     </span>
    </p>
   </div>
   <div class='ocr_carea' id='block_1_55' title="bbox 191 3600 1798 3676">
    <p class='ocr_par' dir='ltr' id='par_1_55' title="bbox 191 3600 1798 3676">
     <span class='ocr_line' id='line_1_55' title="bbox 191 3600 1798 3676; baseline 0.002 -21"><span class='ocrx_word' id='word_1_417' title='bbox 191 3600 530 3673; x_wconf 88' lang='lat' dir='ltr'><strong>quibusdam</strong></span> <span class='ocrx_word' id='word_1_418' title='bbox 586 3600 1021 3659; x_wconf 90' lang='lat' dir='ltr'><strong>misericordiam</strong></span> <span class='ocrx_word' id='word_1_419' title='bbox 1076 3602 1469 3675; x_wconf 80' lang='lat' dir='ltr'><strong>impendenda,</strong></span> <span class='ocrx_word' id='word_1_420' title='bbox 1527 3603 1798 3676; x_wconf 88' lang='lat' dir='ltr'><strong>quosdam</strong></span> 
     </span>
    </p>
   </div>
   <div class='ocr_carea' id='block_1_56' title="bbox 194 3688 1049 3764">
    <p class='ocr_par' dir='ltr' id='par_1_56' title="bbox 194 3688 1049 3764">
     <span class='ocr_line' id='line_1_56' title="bbox 194 3688 1049 3764; baseline 0.004 -20"><span class='ocrx_word' id='word_1_421' title='bbox 194 3688 268 3745; x_wconf 85' lang='lat' dir='ltr'><strong>ab</strong></span> <span class='ocrx_word' id='word_1_422' title='bbox 299 3689 692 3764; x_wconf 89' lang='lat' dir='ltr'><strong>iniquitatibus</strong></span> <span class='ocrx_word' id='word_1_423' title='bbox 722 3691 1049 3748; x_wconf 88' lang='lat' dir='ltr'><strong>revocando.</strong></span> 
     </span>
    </p>
   </div>
   <div class='ocr_carea' id='block_1_57' title="bbox 271 3789 1797 3866">
    <p class='ocr_par' dir='ltr' id='par_1_57' title="bbox 271 3789 1797 3866">
     <span class='ocr_line' id='line_1_57' title="bbox 271 3789 1797 3866; baseline 0.005 -21"><span class='ocrx_word' id='word_1_424' title='bbox 271 3789 455 3861; x_wconf 83' lang='lat' dir='ltr'><strong>(Vers.</strong></span> <span class='ocrx_word' id='word_1_425' title='bbox 491 3790 605 3862; x_wconf 87' lang='grc'><strong>18.)</strong></span> <span class='ocrx_word' id='word_1_426' title='bbox 678 3792 869 3859; x_wconf 83' lang='lat' dir='ltr'><strong>Venite,</strong></span> <span class='ocrx_word' id='word_1_427' title='bbox 916 3793 1302 3866; x_wconf 86' lang='lat' dir='ltr'><strong>congregamini</strong></span> <span class='ocrx_word' id='word_1_428' title='bbox 1342 3794 1416 3850; x_wconf 88' lang='lat' dir='ltr'><strong>ad</strong></span> <span class='ocrx_word' id='word_1_429' title='bbox 1454 3811 1652 3851; x_wconf 60' lang='lat' dir='ltr'><strong>caenam</strong></span> <span class='ocrx_word' id='word_1_430' title='bbox 1687 3811 1797 3852; x_wconf 87' lang='lat' dir='ltr'><strong>ma-</strong></span> 
     </span>
    </p>
   </div>
   <div class='ocr_carea' id='block_1_58' title="bbox 192 3880 1797 3957">
    <p class='ocr_par' dir='ltr' id='par_1_58' title="bbox 192 3880 1797 3957">
     <span class='ocr_line' id='line_1_58' title="bbox 192 3880 1797 3957; baseline 0.003 -23"><span class='ocrx_word' id='word_1_431' title='bbox 192 3897 350 3953; x_wconf 86' lang='lat' dir='ltr'><strong>gnam</strong></span> <span class='ocrx_word' id='word_1_432' title='bbox 381 3880 479 3936; x_wconf 87' lang='lat' dir='ltr'><strong>Dei</strong></span> <span class='ocrx_word' id='word_1_433' title='bbox 506 3880 890 3953; x_wconf 84' lang='lat' dir='ltr'><strong>omnipotentis,</strong></span> <span class='ocrx_word' id='word_1_434' title='bbox 924 3889 983 3937; x_wconf 91' lang='lat' dir='ltr'><strong>ut</strong></span> <span class='ocrx_word' id='word_1_435' title='bbox 1018 3885 1342 3940; x_wconf 83' lang='lat' dir='ltr'><strong>manducetis</strong></span> <span class='ocrx_word' id='word_1_436' title='bbox 1368 3900 1553 3940; x_wconf 88' lang='lat' dir='ltr'><strong>carnes</strong></span> <span class='ocrx_word' id='word_1_437' title='bbox 1596 3900 1797 3957; x_wconf 87' lang='lat' dir='ltr'><strong>regum,</strong></span> 
     </span>
    </p>
   </div>
   <div class='ocr_carea' id='block_1_59' title="bbox 194 3969 1797 4045">
    <p class='ocr_par' dir='ltr' id='par_1_59' title="bbox 194 3969 1797 4045">
     <span class='ocr_line' id='line_1_59' title="bbox 194 3969 1797 4045; baseline 0.002 -19"><span class='ocrx_word' id='word_1_438' title='bbox 194 3976 246 4027; x_wconf 88' lang='lat' dir='ltr'><strong>et</strong></span> <span class='ocrx_word' id='word_1_439' title='bbox 272 3986 455 4025; x_wconf 88' lang='lat' dir='ltr'><strong>carnes</strong></span> <span class='ocrx_word' id='word_1_440' title='bbox 486 3969 848 4040; x_wconf 84' lang='lat' dir='ltr'><strong>tribunorum,</strong></span> <span class='ocrx_word' id='word_1_441' title='bbox 905 3979 954 4028; x_wconf 86' lang='lat' dir='ltr'><strong>et</strong></span> <span class='ocrx_word' id='word_1_442' title='bbox 1002 3989 1186 4029; x_wconf 83' lang='lat' dir='ltr'><strong>carnes</strong></span> <span class='ocrx_word' id='word_1_443' title='bbox 1231 3973 1477 4045; x_wconf 83' lang='lat' dir='ltr'><strong>fortium,</strong></span> <span class='ocrx_word' id='word_1_444' title='bbox 1528 3980 1575 4030; x_wconf 90' lang='lat' dir='ltr'><strong>et</strong></span> <span class='ocrx_word' id='word_1_445' title='bbox 1608 3990 1797 4030; x_wconf 85' lang='lat' dir='ltr'><strong>carnes</strong></span> 
     </span>
    </p>
   </div>
   <div class='ocr_carea' id='block_1_60' title="bbox 194 4058 1800 4131">
    <p class='ocr_par' dir='ltr' id='par_1_60' title="bbox 194 4058 1800 4131">
     <span class='ocr_line' id='line_1_60' title="bbox 194 4058 1800 4131; baseline 0.004 -18"><span class='ocrx_word' id='word_1_446' title='bbox 194 4074 472 4128; x_wconf 82' lang='lat' dir='ltr'><strong>equorum,</strong></span> <span class='ocrx_word' id='word_1_447' title='bbox 532 4063 579 4111; x_wconf 89' lang='lat' dir='ltr'><strong>et</strong></span> <span class='ocrx_word' id='word_1_448' title='bbox 634 4058 926 4112; x_wconf 84' lang='lat' dir='ltr'><strong>sedentium</strong></span> <span class='ocrx_word' id='word_1_449' title='bbox 979 4059 1038 4114; x_wconf 88' lang='lat' dir='ltr'><strong>in</strong></span> <span class='ocrx_word' id='word_1_450' title='bbox 1103 4061 1257 4131; x_wconf 85' lang='lat' dir='ltr'><strong>ipsis,</strong></span> <span class='ocrx_word' id='word_1_451' title='bbox 1310 4069 1359 4116; x_wconf 88' lang='lat' dir='ltr'><strong>et</strong></span> <span class='ocrx_word' id='word_1_452' title='bbox 1417 4079 1600 4118; x_wconf 83' lang='lat' dir='ltr'><strong>carnes</strong></span> <span class='ocrx_word' id='word_1_453' title='bbox 1665 4062 1800 4118; x_wconf 86' lang='lat' dir='ltr'><strong>libe-</strong></span> 
     </span>
    </p>
   </div>
   <div class='ocr_carea' id='block_1_61' title="bbox 194 4148 1797 4220">
    <p class='ocr_par' dir='ltr' id='par_1_61' title="bbox 194 4148 1797 4220">
     <span class='ocr_line' id='line_1_61' title="bbox 194 4148 1797 4220; baseline 0.003 -19"><span class='ocrx_word' id='word_1_454' title='bbox 194 4162 385 4201; x_wconf 84' lang='lat' dir='ltr'><strong>rorum</strong></span> <span class='ocrx_word' id='word_1_455' title='bbox 444 4152 493 4201; x_wconf 90' lang='lat' dir='ltr'><strong>et</strong></span> <span class='ocrx_word' id='word_1_456' title='bbox 553 4162 849 4214; x_wconf 82' lang='lat' dir='ltr'><strong>servorum,</strong></span> <span class='ocrx_word' id='word_1_457' title='bbox 907 4152 955 4200; x_wconf 87' lang='lat' dir='ltr'><strong>et</strong></span> <span class='ocrx_word' id='word_1_458' title='bbox 997 4148 1321 4218; x_wconf 79' lang='lat' dir='ltr'><strong>pusillorum</strong></span> <span class='ocrx_word' id='word_1_459' title='bbox 1377 4156 1426 4205; x_wconf 86' lang='lat' dir='ltr'><strong>et</strong></span> <span class='ocrx_word' id='word_1_460' title='bbox 1465 4167 1797 4220; x_wconf 85' lang='lat' dir='ltr'><strong>magnorum.</strong></span> 
     </span>
    </p>
   </div>
   <div class='ocr_carea' id='block_1_62' title="bbox 194 4234 1801 4308">
    <p class='ocr_par' dir='ltr' id='par_1_62' title="bbox 194 4234 1801 4308">
     <span class='ocr_line' id='line_1_62' title="bbox 194 4234 1801 4308; baseline 0.002 -19"><span class='ocrx_word' id='word_1_461' title='bbox 194 4234 304 4304; x_wconf 89' lang='lat' dir='ltr'><strong>Qui</strong></span> <span class='ocrx_word' id='word_1_462' title='bbox 353 4235 714 4307; x_wconf 89' lang='lat' dir='ltr'><strong>designantur</strong></span> <span class='ocrx_word' id='word_1_463' title='bbox 760 4249 857 4306; x_wconf 92' lang='lat' dir='ltr'><strong>per</strong></span> <span class='ocrx_word' id='word_1_464' title='bbox 904 4249 1056 4305; x_wconf 89' lang='lat' dir='ltr'><strong>reges</strong></span> <span class='ocrx_word' id='word_1_465' title='bbox 1086 4242 1140 4290; x_wconf 90' lang='lat' dir='ltr'><strong>et</strong></span> <span class='ocrx_word' id='word_1_466' title='bbox 1187 4235 1487 4308; x_wconf 88' lang='lat' dir='ltr'><strong>principes,</strong></span> <span class='ocrx_word' id='word_1_467' title='bbox 1504 4237 1720 4294; x_wconf 82' lang='lat' dir='ltr'><strong>liberos</strong></span> <span class='ocrx_word' id='word_1_468' title='bbox 1748 4245 1801 4295; x_wconf 91' lang='lat' dir='ltr'><strong>et</strong></span> 
     </span>
    </p>
   </div>
   <div class='ocr_carea' id='block_1_63' title="bbox 195 4321 1875 4412">
    <p class='ocr_par' dir='ltr' id='par_1_63' title="bbox 195 4321 1875 4412">
     <span class='ocr_line' id='line_1_63' title="bbox 195 4321 1875 4412; baseline 0.002 -32"><span class='ocrx_word' id='word_1_469' title='bbox 195 4340 406 4391; x_wconf 90' lang='lat' dir='ltr'><strong>servos,</strong></span> <span class='ocrx_word' id='word_1_470' title='bbox 479 4330 835 4396; x_wconf 58' lang='lat' dir='ltr'><strong>ceterosque,</strong></span> <span class='ocrx_word' id='word_1_471' title='bbox 909 4321 1014 4394; x_wconf 90' lang='lat' dir='ltr'><strong>ipsi</strong></span> <span class='ocrx_word' id='word_1_472' title='bbox 1089 4339 1184 4395; x_wconf 92' lang='lat' dir='ltr'><strong>per</strong></span> <span class='ocrx_word' id='word_1_473' title='bbox 1248 4339 1439 4396; x_wconf 90' lang='lat' dir='ltr'><strong>equos,</strong></span> <span class='ocrx_word' id='word_1_474' title='bbox 1496 4341 1798 4399; x_wconf 90' lang='lat' dir='ltr'><strong>eorumque</strong></span> <span class='ocrx_word' id='word_1_475' title='bbox 1828 4354 1875 4412; x_wconf 70' lang='grc' dir='ltr'><strong>Β</strong></span> 
     </span>
    </p>
   </div>
   <div class='ocr_carea' id='block_1_64' title="bbox 194 4412 1793 4489">
    <p class='ocr_par' dir='ltr' id='par_1_64' title="bbox 194 4412 1793 4489">
     <span class='ocr_line' id='line_1_64' title="bbox 194 4412 1793 4489; baseline 0.001 -18"><span class='ocrx_word' id='word_1_476' title='bbox 194 4430 531 4479; x_wconf 88' lang='lat' dir='ltr'><strong>ascensores,</strong></span> <span class='ocrx_word' id='word_1_477' title='bbox 578 4413 856 4486; x_wconf 89' lang='lat' dir='ltr'><strong>principes</strong></span> <span class='ocrx_word' id='word_1_478' title='bbox 898 4412 1112 4469; x_wconf 90' lang='lat' dir='ltr'><strong>scilicet</strong></span> <span class='ocrx_word' id='word_1_479' title='bbox 1162 4422 1343 4481; x_wconf 82' lang='lat' dir='ltr'><strong>terrae,</strong></span> <span class='ocrx_word' id='word_1_480' title='bbox 1380 4430 1442 4471; x_wconf 86' lang='lat' dir='ltr'><strong>ac</strong></span> <span class='ocrx_word' id='word_1_481' title='bbox 1470 4415 1666 4487; x_wconf 92' lang='lat' dir='ltr'><strong>populi</strong></span> <span class='ocrx_word' id='word_1_482' title='bbox 1697 4417 1793 4489; x_wconf 92' lang='lat' dir='ltr'><strong>qui</strong></span> 
     </span>
    </p>
   </div>
   <div class='ocr_carea' id='block_1_65' title="bbox 196 4502 1797 4576">
    <p class='ocr_par' dir='ltr' id='par_1_65' title="bbox 196 4502 1797 4576">
     <span class='ocr_line' id='line_1_65' title="bbox 196 4502 1797 4576; baseline 0.001 -17"><span class='ocrx_word' id='word_1_483' title='bbox 196 4505 275 4560; x_wconf 89' lang='lat' dir='ltr'><strong>eis</strong></span> <span class='ocrx_word' id='word_1_484' title='bbox 304 4503 691 4575; x_wconf 87' lang='lat' dir='ltr'><strong>subjicientur.</strong></span> <span class='ocrx_word' id='word_1_485' title='bbox 722 4503 889 4560; x_wconf 68' lang='lat' dir='ltr'><strong>Coena</strong></span> <span class='ocrx_word' id='word_1_486' title='bbox 914 4519 1043 4558; x_wconf 90' lang='lat' dir='ltr'><strong>vero</strong></span> <span class='ocrx_word' id='word_1_487' title='bbox 1074 4502 1172 4558; x_wconf 92' lang='lat' dir='ltr'><strong>Dei</strong></span> <span class='ocrx_word' id='word_1_488' title='bbox 1202 4502 1337 4576; x_wconf 90' lang='lat' dir='ltr'><strong>quid</strong></span> <span class='ocrx_word' id='word_1_489' title='bbox 1364 4503 1516 4560; x_wconf 88' lang='lat' dir='ltr'><strong>aliud</strong></span> <span class='ocrx_word' id='word_1_490' title='bbox 1543 4513 1643 4573; x_wconf 89' lang='lat' dir='ltr'><strong>est,</strong></span> <span class='ocrx_word' id='word_1_491' title='bbox 1686 4504 1797 4560; x_wconf 90' lang='lat' dir='ltr'><strong>nisi</strong></span> 
     </span>
    </p>
   </div>
   <div class='ocr_carea' id='block_1_66' title="bbox 195 4589 1795 4664">
    <p class='ocr_par' dir='ltr' id='par_1_66' title="bbox 195 4589 1795 4664">
     <span class='ocr_line' id='line_1_66' title="bbox 195 4589 1795 4664; baseline 0.001 -16"><span class='ocrx_word' id='word_1_492' title='bbox 195 4590 588 4648; x_wconf 88' lang='lat' dir='ltr'><strong>exterminatio</strong></span> <span class='ocrx_word' id='word_1_493' title='bbox 620 4589 916 4661; x_wconf 90' lang='lat' dir='ltr'><strong>impiorum</strong></span> <span class='ocrx_word' id='word_1_494' title='bbox 946 4590 975 4646; x_wconf 81' lang='lat'><strong>?</strong></span> <span class='ocrx_word' id='word_1_495' title='bbox 1023 4589 1223 4647; x_wconf 88' lang='lat' dir='ltr'><strong>Carnes</strong></span> <span class='ocrx_word' id='word_1_496' title='bbox 1269 4598 1451 4647; x_wconf 89' lang='lat' dir='ltr'><strong>autem</strong></span> <span class='ocrx_word' id='word_1_497' title='bbox 1496 4591 1795 4664; x_wconf 89' lang='lat' dir='ltr'><strong>impiorum</strong></span> 
     </span>
    </p>
   </div>
   <div class='ocr_carea' id='block_1_67' title="bbox 187 4678 1797 4754">
    <p class='ocr_par' dir='ltr' id='par_1_67' title="bbox 187 4678 1797 4754">
     <span class='ocr_line' id='line_1_67' title="bbox 187 4678 1797 4754; baseline 0.001 -17"><span class='ocrx_word' id='word_1_498' title='bbox 187 4680 329 4754; x_wconf 89' lang='lat' dir='ltr'><strong>justi</strong></span> <span class='ocrx_word' id='word_1_499' title='bbox 359 4678 794 4746; x_wconf 89' lang='lat' dir='ltr'><strong>manducabunt,</strong></span> <span class='ocrx_word' id='word_1_500' title='bbox 833 4695 960 4735; x_wconf 91' lang='lat' dir='ltr'><strong>cum</strong></span> <span class='ocrx_word' id='word_1_501' title='bbox 1010 4679 1313 4736; x_wconf 90' lang='lat' dir='ltr'><strong>vindictam</strong></span> <span class='ocrx_word' id='word_1_502' title='bbox 1365 4697 1435 4736; x_wconf 86' lang='lat' dir='ltr'><strong>ex</strong></span> <span class='ocrx_word' id='word_1_503' title='bbox 1484 4681 1645 4737; x_wconf 90' lang='lat' dir='ltr'><strong>malis</strong></span> <span class='ocrx_word' id='word_1_504' title='bbox 1677 4698 1797 4754; x_wconf 70' lang='lat' dir='ltr'><strong>quae</strong></span> 
     </span>
    </p>
   </div>
   <div class='ocr_carea' id='block_1_68' title="bbox 192 4766 1799 4842">
    <p class='ocr_par' dir='ltr' id='par_1_68' title="bbox 192 4766 1799 4842">
     <span class='ocr_line' id='line_1_68' title="bbox 192 4766 1799 4842; baseline 0.001 -15"><span class='ocrx_word' id='word_1_505' title='bbox 192 4772 277 4827; x_wconf 90' lang='lat' dir='ltr'><strong>eis</strong></span> <span class='ocrx_word' id='word_1_506' title='bbox 324 4769 654 4836; x_wconf 89' lang='lat' dir='ltr'><strong>intulerunt,</strong></span> <span class='ocrx_word' id='word_1_507' title='bbox 709 4766 1007 4839; x_wconf 83' lang='lat' dir='ltr'><strong>excipient.</strong></span> <span class='ocrx_word' id='word_1_508' title='bbox 1068 4769 1138 4824; x_wconf 89' lang='lat' dir='ltr'><strong>Et</strong></span> <span class='ocrx_word' id='word_1_509' title='bbox 1185 4769 1314 4842; x_wconf 90' lang='lat' dir='ltr'><strong>quia</strong></span> <span class='ocrx_word' id='word_1_510' title='bbox 1354 4767 1494 4840; x_wconf 88' lang='lat' dir='ltr'><strong>justi</strong></span> <span class='ocrx_word' id='word_1_511' title='bbox 1539 4769 1799 4828; x_wconf 90' lang='lat' dir='ltr'><strong>videntes</strong></span> 
     </span>
    </p>
   </div>
   <div class='ocr_carea' id='block_1_69' title="bbox 193 4858 1797 4935">
    <p class='ocr_par' dir='ltr' id='par_1_69' title="bbox 193 4858 1797 4935">
     <span class='ocr_line' id='line_1_69' title="bbox 193 4858 1797 4935; baseline 0.001 -19"><span class='ocrx_word' id='word_1_512' title='bbox 193 4876 416 4935; x_wconf 58' lang='lat' dir='ltr'><strong>pugnam</strong></span> <span class='ocrx_word' id='word_1_513' title='bbox 462 4858 784 4930; x_wconf 89' lang='lat' dir='ltr'><strong>impiorum,</strong></span> <span class='ocrx_word' id='word_1_514' title='bbox 838 4858 897 4913; x_wconf 88' lang='lat' dir='ltr'><strong>in</strong></span> <span class='ocrx_word' id='word_1_515' title='bbox 951 4858 1111 4915; x_wconf 88' lang='lat' dir='ltr'><strong>bonis</strong></span> <span class='ocrx_word' id='word_1_516' title='bbox 1167 4858 1428 4931; x_wconf 91' lang='lat' dir='ltr'><strong>operibus</strong></span> <span class='ocrx_word' id='word_1_517' title='bbox 1478 4861 1797 4933; x_wconf 90' lang='lat' dir='ltr'><strong>proﬁciunt,</strong></span> 
     </span>
    </p>
   </div>
   <div class='ocr_carea' id='block_1_70' title="bbox 192 4946 1798 5021">
    <p class='ocr_par' dir='ltr' id='par_1_70' title="bbox 192 4946 1798 5021">
     <span class='ocr_line' id='line_1_70' title="bbox 192 4946 1798 5021; baseline 0 -14"><span class='ocrx_word' id='word_1_518' title='bbox 192 4950 344 5007; x_wconf 89' lang='lat' dir='ltr'><strong>sicut</strong></span> <span class='ocrx_word' id='word_1_519' title='bbox 399 4947 537 5004; x_wconf 89' lang='lat' dir='ltr'><strong>dicit</strong></span> <span class='ocrx_word' id='word_1_520' title='bbox 578 4946 867 5007; x_wconf 84' lang='lat' dir='ltr'><strong>Psalmista</strong></span> <span class='ocrx_word' id='word_1_521' title='bbox 918 4965 930 5003; x_wconf 93' lang='lat'>:</span> <span class='ocrx_word' id='word_1_522' title='bbox 1005 4971 1023 4993; x_wconf 77' lang='grc' dir='ltr'>ι</span> <span class='ocrx_word' id='word_1_523' title='bbox 1074 4947 1378 5004; x_wconf 86' lang='lat' dir='ltr'><strong>Laetabitur</strong></span> <span class='ocrx_word' id='word_1_524' title='bbox 1417 4948 1622 5021; x_wconf 88' lang='lat' dir='ltr'><strong>justus,</strong></span> <span class='ocrx_word' id='word_1_525' title='bbox 1671 4966 1798 5006; x_wconf 88' lang='lat' dir='ltr'><strong>cum</strong></span> 
     </span>
    </p>
   </div>
   <div class='ocr_carea' id='block_1_71' title="bbox 197 5037 1799 5114">
    <p class='ocr_par' dir='ltr' id='par_1_71' title="bbox 197 5037 1799 5114">
     <span class='ocr_line' id='line_1_71' title="bbox 197 5037 1799 5114; baseline 0.001 -17"><span class='ocrx_word' id='word_1_526' title='bbox 197 5039 406 5097; x_wconf 89' lang='lat' dir='ltr'><strong>viderit</strong></span> <span class='ocrx_word' id='word_1_527' title='bbox 441 5037 769 5106; x_wconf 89' lang='lat' dir='ltr'><strong>vindictam,</strong></span> <span class='ocrx_word' id='word_1_528' title='bbox 801 5053 998 5094; x_wconf 89' lang='lat' dir='ltr'><strong>manus</strong></span> <span class='ocrx_word' id='word_1_529' title='bbox 1025 5054 1152 5095; x_wconf 90' lang='lat' dir='ltr'><strong>suas</strong></span> <span class='ocrx_word' id='word_1_530' title='bbox 1177 5038 1387 5097; x_wconf 89' lang='lat' dir='ltr'><strong>lavabit</strong></span> <span class='ocrx_word' id='word_1_531' title='bbox 1429 5042 1489 5098; x_wconf 91' lang='lat' dir='ltr'><strong>in</strong></span> <span class='ocrx_word' id='word_1_532' title='bbox 1534 5042 1799 5114; x_wconf 89' lang='lat' dir='ltr'><strong>sanguine</strong></span> 
     </span>
    </p>
   </div>
   <div class='ocr_carea' id='block_1_72' title="bbox 192 5126 1071 5204">
    <p class='ocr_par' dir='ltr' id='par_1_72' title="bbox 192 5126 1071 5204">
     <span class='ocr_line' id='line_1_72' title="bbox 192 5126 1071 5204; baseline -0.002 -18"><span class='ocrx_word' id='word_1_533' title='bbox 192 5127 507 5204; x_wconf 81' lang='lat' dir='ltr'><strong>peccatoris</strong></span> <span class='ocrx_word' id='word_1_534' title='bbox 537 5126 711 5199; x_wconf 84' lang='lat' dir='ltr'><strong>(Psal.</strong></span> <span class='ocrx_word' id='word_1_535' title='bbox 743 5144 878 5195; x_wconf 83' lang='lat' dir='ltr'><strong>Lvn,</strong></span> <span class='ocrx_word' id='word_1_536' title='bbox 909 5127 1022 5199; x_wconf 87' lang='grc'><strong>11).</strong></span> <span class='ocrx_word' id='word_1_537' title='bbox 1051 5152 1071 5175; x_wconf 75' lang='grc' dir='ltr'><strong><em>ι</em></strong></span> 
     </span>
    </p>
   </div>
   <div class='ocr_carea' id='block_1_73' title="bbox 273 5216 1801 5292">
    <p class='ocr_par' dir='ltr' id='par_1_73' title="bbox 273 5216 1801 5292">
     <span class='ocr_line' id='line_1_73' title="bbox 273 5216 1801 5292; baseline 0 -15"><span class='ocrx_word' id='word_1_538' title='bbox 273 5219 461 5292; x_wconf 87' lang='lat' dir='ltr'><strong>(Vers.</strong></span> <span class='ocrx_word' id='word_1_539' title='bbox 499 5216 611 5290; x_wconf 81' lang='lat' dir='ltr'><strong>i9.)</strong></span> <span class='ocrx_word' id='word_1_540' title='bbox 659 5218 739 5274; x_wconf 92' lang='lat' dir='ltr'><strong>Et</strong></span> <span class='ocrx_word' id='word_1_541' title='bbox 787 5216 918 5274; x_wconf 82' lang='lat' dir='ltr'><strong>vidit</strong></span> <span class='ocrx_word' id='word_1_542' title='bbox 968 5218 1205 5287; x_wconf 88' lang='lat' dir='ltr'><strong>bestiam,</strong></span> <span class='ocrx_word' id='word_1_543' title='bbox 1254 5222 1305 5273; x_wconf 85' lang='lat' dir='ltr'><strong>et</strong></span> <span class='ocrx_word' id='word_1_544' title='bbox 1329 5234 1474 5291; x_wconf 86' lang='lat' dir='ltr'><strong>reges</strong></span> <span class='ocrx_word' id='word_1_545' title='bbox 1529 5225 1704 5290; x_wconf 66' lang='lat' dir='ltr'><strong>terrae,</strong></span> <span class='ocrx_word' id='word_1_546' title='bbox 1754 5226 1801 5277; x_wconf 88' lang='lat' dir='ltr'><strong>et</strong></span> 
     </span>
    </p>
   </div>
   <div class='ocr_carea' id='block_1_74' title="bbox 1907 1717 3509 1790">
    <p class='ocr_par' dir='ltr' id='par_1_74' title="bbox 1907 1717 3509 1790">
     <span class='ocr_line' id='line_1_74' title="bbox 1907 1717 3509 1790; baseline 0.001 -17"><span class='ocrx_word' id='word_1_547' title='bbox 1907 1717 1967 1773; x_wconf 87' lang='lat' dir='ltr'><strong>in</strong></span> <span class='ocrx_word' id='word_1_548' title='bbox 1993 1723 2234 1789; x_wconf 78' lang='lat' dir='ltr'><strong>stagnum</strong></span> <span class='ocrx_word' id='word_1_549' title='bbox 2260 1719 2396 1790; x_wconf 85' lang='lat' dir='ltr'><strong>ignis</strong></span> <span class='ocrx_word' id='word_1_550' title='bbox 2422 1719 2659 1775; x_wconf 84' lang='lat' dir='ltr'><strong>ardentis</strong></span> <span class='ocrx_word' id='word_1_551' title='bbox 2694 1720 2971 1790; x_wconf 83' lang='lat' dir='ltr'><strong>sulphure,</strong></span> <span class='ocrx_word' id='word_1_552' title='bbox 3022 1725 3071 1773; x_wconf 89' lang='lat' dir='ltr'><strong>et</strong></span> <span class='ocrx_word' id='word_1_553' title='bbox 3124 1718 3298 1775; x_wconf 81' lang='lat' dir='ltr'><strong>eceteri</strong></span> <span class='ocrx_word' id='word_1_554' title='bbox 3353 1720 3509 1775; x_wconf 86' lang='lat' dir='ltr'><strong>occisi</strong></span> 
     </span>
    </p>
   </div>
   <div class='ocr_carea' id='block_1_75' title="bbox 1909 1806 3509 1879">
    <p class='ocr_par' dir='ltr' id='par_1_75' title="bbox 1909 1806 3509 1879">
     <span class='ocr_line' id='line_1_75' title="bbox 1909 1806 3509 1879; baseline 0.003 -20"><span class='ocrx_word' id='word_1_555' title='bbox 1909 1811 2032 1859; x_wconf 87' lang='lat' dir='ltr'><strong>sunt</strong></span> <span class='ocrx_word' id='word_1_556' title='bbox 2060 1806 2117 1860; x_wconf 88' lang='lat' dir='ltr'><strong>in</strong></span> <span class='ocrx_word' id='word_1_557' title='bbox 2141 1807 2321 1877; x_wconf 85' lang='lat' dir='ltr'><strong>gladio</strong></span> <span class='ocrx_word' id='word_1_558' title='bbox 2351 1807 2573 1864; x_wconf 84' lang='lat' dir='ltr'><strong>sedentis</strong></span> <span class='ocrx_word' id='word_1_559' title='bbox 2618 1823 2777 1879; x_wconf 88' lang='lat' dir='ltr'><strong>super</strong></span> <span class='ocrx_word' id='word_1_560' title='bbox 2822 1822 3033 1876; x_wconf 87' lang='lat' dir='ltr'><strong>equum,</strong></span> <span class='ocrx_word' id='word_1_561' title='bbox 3064 1806 3161 1876; x_wconf 87' lang='lat' dir='ltr'><strong>qui</strong></span> <span class='ocrx_word' id='word_1_562' title='bbox 3198 1806 3509 1878; x_wconf 86' lang='lat' dir='ltr'><strong>procedebat</strong></span> 
     </span>
    </p>
   </div>
   <div class='ocr_carea' id='block_1_76' title="bbox 1909 1896 3510 1969">
    <p class='ocr_par' dir='ltr' id='par_1_76' title="bbox 1909 1896 3510 1969">
     <span class='ocr_line' id='line_1_76' title="bbox 1909 1896 3510 1969; baseline 0 -18"><span class='ocrx_word' id='word_1_563' title='bbox 1909 1896 1971 1952; x_wconf 89' lang='lat' dir='ltr'><strong>de</strong></span> <span class='ocrx_word' id='word_1_564' title='bbox 1999 1914 2090 1952; x_wconf 87' lang='lat' dir='ltr'><strong>ore</strong></span> <span class='ocrx_word' id='word_1_565' title='bbox 2111 1897 2299 1969; x_wconf 84' lang='lat' dir='ltr'><strong>ipsius,</strong></span> <span class='ocrx_word' id='word_1_566' title='bbox 2338 1904 2387 1952; x_wconf 89' lang='lat' dir='ltr'><strong>et</strong></span> <span class='ocrx_word' id='word_1_567' title='bbox 2413 1914 2586 1953; x_wconf 87' lang='lat' dir='ltr'><strong>omnes</strong></span> <span class='ocrx_word' id='word_1_568' title='bbox 2614 1914 2732 1952; x_wconf 82' lang='lat' dir='ltr'><strong>oves</strong></span> <span class='ocrx_word' id='word_1_569' title='bbox 2759 1896 3018 1952; x_wconf 70' lang='lat' dir='ltr'><strong>saturata:</strong></span> <span class='ocrx_word' id='word_1_570' title='bbox 3058 1902 3184 1951; x_wconf 85' lang='lat' dir='ltr'><strong>sunt</strong></span> <span class='ocrx_word' id='word_1_571' title='bbox 3221 1896 3283 1951; x_wconf 85' lang='lat' dir='ltr'><strong>de</strong></span> <span class='ocrx_word' id='word_1_572' title='bbox 3318 1896 3510 1952; x_wconf 83' lang='lat' dir='ltr'><strong>carni-</strong></span> 
     </span>
    </p>
   </div>
   <div class='ocr_carea' id='block_1_77' title="bbox 1910 1983 3507 2060">
    <p class='ocr_par' dir='ltr' id='par_1_77' title="bbox 1910 1983 3507 2060">
     <span class='ocr_line' id='line_1_77' title="bbox 1910 1983 3507 2060; baseline -0.002 -16"><span class='ocrx_word' id='word_1_573' title='bbox 1910 1988 2004 2044; x_wconf 85' lang='lat' dir='ltr'><strong>bus</strong></span> <span class='ocrx_word' id='word_1_574' title='bbox 2033 1985 2739 2060; x_wconf 88' lang='lat' dir='ltr'><strong>eorum.Apprehendentur</strong></span> <span class='ocrx_word' id='word_1_575' title='bbox 2759 1984 2936 2042; x_wconf 90' lang='lat' dir='ltr'><strong>bestia</strong></span> <span class='ocrx_word' id='word_1_576' title='bbox 2955 1992 3010 2042; x_wconf 92' lang='lat' dir='ltr'><strong>et</strong></span> <span class='ocrx_word' id='word_1_577' title='bbox 3034 1983 3507 2059; x_wconf 87' lang='lat' dir='ltr'><strong>pseudopropheta</strong></span> 
     </span>
    </p>
   </div>
   <div class='ocr_carea' id='block_1_78' title="bbox 1909 2073 3510 2149">
    <p class='ocr_par' dir='ltr' id='par_1_78' title="bbox 1909 2073 3510 2149">
     <span class='ocr_line' id='line_1_78' title="bbox 1909 2073 3510 2149; baseline 0 -18"><span class='ocrx_word' id='word_1_578' title='bbox 1909 2074 2050 2147; x_wconf 90' lang='lat' dir='ltr'><strong>ejus,</strong></span> <span class='ocrx_word' id='word_1_579' title='bbox 2082 2075 2303 2149; x_wconf 88' lang='lat' dir='ltr'><strong>quando</strong></span> <span class='ocrx_word' id='word_1_580' title='bbox 2332 2076 2473 2133; x_wconf 92' lang='lat' dir='ltr'><strong>illud</strong></span> <span class='ocrx_word' id='word_1_581' title='bbox 2499 2073 2843 2147; x_wconf 90' lang='lat' dir='ltr'><strong>implebitur,</strong></span> <span class='ocrx_word' id='word_1_582' title='bbox 2872 2075 3021 2147; x_wconf 92' lang='lat' dir='ltr'><strong>quod</strong></span> <span class='ocrx_word' id='word_1_583' title='bbox 3050 2075 3329 2147; x_wconf 88' lang='lat' dir='ltr'><strong>apostolus</strong></span> <span class='ocrx_word' id='word_1_584' title='bbox 3357 2075 3510 2131; x_wconf 88' lang='lat' dir='ltr'><strong>Pau-</strong></span> 
     </span>
    </p>
   </div>
   <div class='ocr_carea' id='block_1_79' title="bbox 1910 2162 3509 2237">
    <p class='ocr_par' dir='ltr' id='par_1_79' title="bbox 1910 2162 3509 2237">
     <span class='ocr_line' id='line_1_79' title="bbox 1910 2162 3509 2237; baseline 0.001 -18"><span class='ocrx_word' id='word_1_585' title='bbox 1910 2164 1997 2219; x_wconf 88' lang='lat' dir='ltr'><strong>lus</strong></span> <span class='ocrx_word' id='word_1_586' title='bbox 2025 2162 2103 2219; x_wconf 89' lang='lat' dir='ltr'><strong>ait</strong></span> <span class='ocrx_word' id='word_1_587' title='bbox 2149 2181 2162 2220; x_wconf 93' lang='lat'><strong><em>:</em></strong></span> <span class='ocrx_word' id='word_1_588' title='bbox 2225 2186 2244 2210; x_wconf 85' lang='grc'>‹</span> <span class='ocrx_word' id='word_1_589' title='bbox 2275 2163 2449 2231; x_wconf 92' lang='lat' dir='ltr'><strong>Quem</strong></span> <span class='ocrx_word' id='word_1_590' title='bbox 2477 2163 2749 2220; x_wconf 89' lang='lat' dir='ltr'><strong>Dominus</strong></span> <span class='ocrx_word' id='word_1_591' title='bbox 2780 2163 2936 2219; x_wconf 88' lang='lat' dir='ltr'><strong>Jesus</strong></span> <span class='ocrx_word' id='word_1_592' title='bbox 2979 2162 3276 2221; x_wconf 88' lang='lat' dir='ltr'><strong>interﬁciet</strong></span> <span class='ocrx_word' id='word_1_593' title='bbox 3308 2162 3509 2237; x_wconf 89' lang='lat' dir='ltr'><strong>spiritu</strong></span> 
     </span>
    </p>
   </div>
   <div class='ocr_carea' id='block_1_80' title="bbox 1908 2251 3509 2321">
    <p class='ocr_par' dir='ltr' id='par_1_80' title="bbox 1908 2251 3509 2321">
     <span class='ocr_line' id='line_1_80' title="bbox 1908 2251 3509 2321; baseline 0.001 -12"><span class='ocrx_word' id='word_1_594' title='bbox 1908 2253 2022 2309; x_wconf 91' lang='lat' dir='ltr'><strong>oris</strong></span> <span class='ocrx_word' id='word_1_595' title='bbox 2077 2251 2185 2321; x_wconf 88' lang='lat' dir='ltr'><strong>sui,</strong></span> <span class='ocrx_word' id='word_1_596' title='bbox 2239 2260 2295 2308; x_wconf 90' lang='lat' dir='ltr'><strong>et</strong></span> <span class='ocrx_word' id='word_1_597' title='bbox 2351 2253 2597 2310; x_wconf 88' lang='lat' dir='ltr'><strong>destruet</strong></span> <span class='ocrx_word' id='word_1_598' title='bbox 2654 2252 3025 2311; x_wconf 78' lang='lat' dir='ltr'><strong>illustrations</strong></span> <span class='ocrx_word' id='word_1_599' title='bbox 3091 2254 3363 2310; x_wconf 89' lang='lat' dir='ltr'><strong>adventus</strong></span> <span class='ocrx_word' id='word_1_600' title='bbox 3422 2253 3509 2310; x_wconf 89' lang='lat' dir='ltr'><strong>sui</strong></span> 
     </span>
    </p>
   </div>
   <div class='ocr_carea' id='block_1_81' title="bbox 1912 2341 3509 2416">
    <p class='ocr_par' dir='ltr' id='par_1_81' title="bbox 1912 2341 3509 2416">
     <span class='ocr_line' id='line_1_81' title="bbox 1912 2341 3509 2416; baseline 0.003 -19"><span class='ocrx_word' id='word_1_601' title='bbox 1912 2341 2000 2413; x_wconf 88' lang='lat' dir='ltr'><strong>(II</strong></span> <span class='ocrx_word' id='word_1_602' title='bbox 2033 2343 2212 2397; x_wconf 80' lang='lat' dir='ltr'><strong>Thess.</strong></span> <span class='ocrx_word' id='word_1_603' title='bbox 2250 2359 2310 2410; x_wconf 80' lang='grc' dir='ltr'><strong>ιι,</strong></span> <span class='ocrx_word' id='word_1_604' title='bbox 2360 2341 2441 2413; x_wconf 93' lang='lat'><strong>8).</strong></span> <span class='ocrx_word' id='word_1_605' title='bbox 2475 2367 2494 2391; x_wconf 72' lang='grc' dir='ltr'><strong><em>ι</em></strong></span> <span class='ocrx_word' id='word_1_606' title='bbox 2536 2342 2593 2399; x_wconf 93' lang='lat' dir='ltr'><strong>Si</strong></span> <span class='ocrx_word' id='word_1_607' title='bbox 2622 2342 3000 2399; x_wconf 84' lang='lat' dir='ltr'><strong>Antichristus</strong></span> <span class='ocrx_word' id='word_1_608' title='bbox 3029 2344 3229 2416; x_wconf 90' lang='lat' dir='ltr'><strong>spiritu</strong></span> <span class='ocrx_word' id='word_1_609' title='bbox 3259 2344 3371 2401; x_wconf 89' lang='lat' dir='ltr'><strong>oris</strong></span> <span class='ocrx_word' id='word_1_610' title='bbox 3403 2347 3509 2402; x_wconf 93' lang='lat' dir='ltr'><strong>Do-</strong></span> 
     </span>
    </p>
   </div>
   <div class='ocr_carea' id='block_1_82' title="bbox 1908 2429 3505 2505">
    <p class='ocr_par' dir='ltr' id='par_1_82' title="bbox 1908 2429 3505 2505">
     <span class='ocr_line' id='line_1_82' title="bbox 1908 2429 3505 2505; baseline 0.003 -20"><span class='ocrx_word' id='word_1_611' title='bbox 1908 2430 2049 2486; x_wconf 90' lang='lat' dir='ltr'><strong>mini</strong></span> <span class='ocrx_word' id='word_1_612' title='bbox 2089 2429 2504 2487; x_wconf 86' lang='lat' dir='ltr'><strong>interﬁciendus</strong></span> <span class='ocrx_word' id='word_1_613' title='bbox 2548 2438 2650 2498; x_wconf 90' lang='lat' dir='ltr'><strong>est,</strong></span> <span class='ocrx_word' id='word_1_614' title='bbox 2692 2430 2971 2503; x_wconf 92' lang='lat' dir='ltr'><strong>quomodo</strong></span> <span class='ocrx_word' id='word_1_615' title='bbox 3030 2432 3147 2504; x_wconf 90' lang='lat' dir='ltr'><strong>ipse</strong></span> <span class='ocrx_word' id='word_1_616' title='bbox 3185 2440 3239 2488; x_wconf 90' lang='lat' dir='ltr'><strong>et</strong></span> <span class='ocrx_word' id='word_1_617' title='bbox 3276 2433 3505 2505; x_wconf 91' lang='lat' dir='ltr'><strong>pseudo-</strong></span> 
     </span>
    </p>
   </div>
   <div class='ocr_carea' id='block_1_83' title="bbox 1907 2518 3508 2592">
    <p class='ocr_par' dir='ltr' id='par_1_83' title="bbox 1907 2518 3508 2592">
     <span class='ocr_line' id='line_1_83' title="bbox 1907 2518 3508 2592; baseline 0.003 -18"><span class='ocrx_word' id='word_1_618' title='bbox 1907 2519 2174 2591; x_wconf 88' lang='lat' dir='ltr'><strong>propheta</strong></span> <span class='ocrx_word' id='word_1_619' title='bbox 2197 2518 2318 2591; x_wconf 89' lang='lat' dir='ltr'><strong>ejus</strong></span> <span class='ocrx_word' id='word_1_620' title='bbox 2346 2519 2403 2574; x_wconf 89' lang='lat' dir='ltr'><strong>in</strong></span> <span class='ocrx_word' id='word_1_621' title='bbox 2432 2526 2683 2592; x_wconf 88' lang='lat' dir='ltr'><strong>stagnum</strong></span> <span class='ocrx_word' id='word_1_622' title='bbox 2714 2518 2861 2591; x_wconf 88' lang='lat' dir='ltr'><strong>ignis</strong></span> <span class='ocrx_word' id='word_1_623' title='bbox 2891 2518 3003 2575; x_wconf 89' lang='lat' dir='ltr'><strong>vivi</strong></span> <span class='ocrx_word' id='word_1_624' title='bbox 3034 2520 3292 2577; x_wconf 89' lang='lat' dir='ltr'><strong>mittendi</strong></span> <span class='ocrx_word' id='word_1_625' title='bbox 3328 2522 3508 2579; x_wconf 80' lang='lat' dir='ltr'><strong>sunt?</strong></span> 
     </span>
    </p>
   </div>
   <div class='ocr_carea' id='block_1_84' title="bbox 1908 2607 3506 2685">
    <p class='ocr_par' dir='ltr' id='par_1_84' title="bbox 1908 2607 3506 2685">
     <span class='ocr_line' id='line_1_84' title="bbox 1908 2607 3506 2685; baseline 0.003 -21"><span class='ocrx_word' id='word_1_626' title='bbox 1908 2609 2007 2664; x_wconf 91' lang='lat' dir='ltr'><strong>Est</strong></span> <span class='ocrx_word' id='word_1_627' title='bbox 2033 2609 2150 2666; x_wconf 91' lang='lat' dir='ltr'><strong>vita</strong></span> <span class='ocrx_word' id='word_1_628' title='bbox 2171 2607 2473 2681; x_wconf 91' lang='lat' dir='ltr'><strong>justorum,</strong></span> <span class='ocrx_word' id='word_1_629' title='bbox 2520 2618 2601 2666; x_wconf 93' lang='lat' dir='ltr'><strong>est</strong></span> <span class='ocrx_word' id='word_1_630' title='bbox 2631 2616 2685 2666; x_wconf 92' lang='lat' dir='ltr'><strong>et</strong></span> <span class='ocrx_word' id='word_1_631' title='bbox 2722 2609 3040 2682; x_wconf 90' lang='lat' dir='ltr'><strong>impiorum.</strong></span> <span class='ocrx_word' id='word_1_632' title='bbox 3090 2612 3169 2667; x_wconf 91' lang='lat' dir='ltr'><strong>De</strong></span> <span class='ocrx_word' id='word_1_633' title='bbox 3196 2611 3314 2667; x_wconf 89' lang='lat' dir='ltr'><strong>vita</strong></span> <span class='ocrx_word' id='word_1_634' title='bbox 3331 2611 3506 2685; x_wconf 88' lang='lat' dir='ltr'><strong>justo-</strong></span> 
     </span>
    </p>
   </div>
   <div class='ocr_carea' id='block_1_85' title="bbox 1909 2697 3509 2771">
    <p class='ocr_par' dir='ltr' id='par_1_85' title="bbox 1909 2697 3509 2771">
     <span class='ocr_line' id='line_1_85' title="bbox 1909 2697 3509 2771; baseline 0.003 -18"><span class='ocrx_word' id='word_1_635' title='bbox 1909 2714 2032 2753; x_wconf 90' lang='lat' dir='ltr'><strong>rum</strong></span> <span class='ocrx_word' id='word_1_636' title='bbox 2068 2697 2203 2754; x_wconf 91' lang='lat' dir='ltr'><strong>dicit</strong></span> <span class='ocrx_word' id='word_1_637' title='bbox 2234 2697 2519 2771; x_wconf 87' lang='lat' dir='ltr'><strong>propheta,</strong></span> <span class='ocrx_word' id='word_1_638' title='bbox 2552 2698 2681 2771; x_wconf 88' lang='lat' dir='ltr'><strong>quia</strong></span> <span class='ocrx_word' id='word_1_639' title='bbox 2723 2722 2741 2746; x_wconf 83' lang='grc'><strong>‹</strong></span> <span class='ocrx_word' id='word_1_640' title='bbox 2765 2697 2953 2770; x_wconf 88' lang='lat' dir='ltr'><strong>justus</strong></span> <span class='ocrx_word' id='word_1_641' title='bbox 2978 2697 3037 2754; x_wconf 92' lang='lat' dir='ltr'><strong>in</strong></span> <span class='ocrx_word' id='word_1_642' title='bbox 3068 2698 3176 2755; x_wconf 87' lang='lat' dir='ltr'><strong>ﬁde</strong></span> <span class='ocrx_word' id='word_1_643' title='bbox 3217 2716 3316 2757; x_wconf 86' lang='lat' dir='ltr'><strong>sua</strong></span> <span class='ocrx_word' id='word_1_644' title='bbox 3356 2701 3509 2758; x_wconf 88' lang='lat' dir='ltr'><strong>vivet</strong></span> 
     </span>
    </p>
   </div>
   <div class='ocr_carea' id='block_1_86' title="bbox 1911 2786 3505 2861">
    <p class='ocr_par' dir='ltr' id='par_1_86' title="bbox 1911 2786 3505 2861">
     <span class='ocr_line' id='line_1_86' title="bbox 1911 2786 3505 2861; baseline 0.003 -19"><span class='ocrx_word' id='word_1_645' title='bbox 1911 2786 2136 2858; x_wconf 88' lang='lat' dir='ltr'><strong>(Habac.</strong></span> <span class='ocrx_word' id='word_1_646' title='bbox 2171 2804 2231 2855; x_wconf 81' lang='grc' dir='ltr'><strong>ιι,</strong></span> <span class='ocrx_word' id='word_1_647' title='bbox 2260 2786 2320 2859; x_wconf 80' lang='grc'><strong>4)</strong></span> <span class='ocrx_word' id='word_1_648' title='bbox 2354 2805 2368 2855; x_wconf 90' lang='grc'><strong>;</strong></span> <span class='ocrx_word' id='word_1_649' title='bbox 2410 2810 2430 2835; x_wconf 73' lang='grc' dir='ltr'><strong><em>ι</em></strong></span> <span class='ocrx_word' id='word_1_650' title='bbox 2471 2786 2539 2843; x_wconf 93' lang='lat' dir='ltr'><strong>de</strong></span> <span class='ocrx_word' id='word_1_651' title='bbox 2568 2786 2739 2843; x_wconf 87' lang='lat' dir='ltr'><strong>vidua</strong></span> <span class='ocrx_word' id='word_1_652' title='bbox 2772 2803 2902 2844; x_wconf 89' lang='lat' dir='ltr'><strong>vero</strong></span> <span class='ocrx_word' id='word_1_653' title='bbox 2944 2788 3089 2844; x_wconf 89' lang='lat' dir='ltr'><strong>mala</strong></span> <span class='ocrx_word' id='word_1_654' title='bbox 3114 2787 3254 2847; x_wconf 90' lang='lat' dir='ltr'><strong>dicit</strong></span> <span class='ocrx_word' id='word_1_655' title='bbox 3282 2789 3505 2861; x_wconf 88' lang='lat' dir='ltr'><strong>Paulus,</strong></span> 
     </span>
    </p>
   </div>
   <div class='ocr_carea' id='block_1_87' title="bbox 1909 2876 3505 2953">
    <p class='ocr_par' dir='ltr' id='par_1_87' title="bbox 1909 2876 3505 2953">
     <span class='ocr_line' id='line_1_87' title="bbox 1909 2876 3505 2953; baseline 0.004 -22"><span class='ocrx_word' id='word_1_656' title='bbox 1909 2876 2037 2949; x_wconf 89' lang='lat' dir='ltr'><strong>quia</strong></span> <span class='ocrx_word' id='word_1_657' title='bbox 2074 2899 2093 2923; x_wconf 84' lang='grc'><em>‹</em></span> <span class='ocrx_word' id='word_1_658' title='bbox 2124 2876 2319 2933; x_wconf 91' lang='lat' dir='ltr'><strong>vivens</strong></span> <span class='ocrx_word' id='word_1_659' title='bbox 2364 2884 2579 2934; x_wconf 85' lang='lat' dir='ltr'><strong>mortua</strong></span> <span class='ocrx_word' id='word_1_660' title='bbox 2612 2885 2696 2935; x_wconf 90' lang='lat' dir='ltr'><strong>est</strong></span> <span class='ocrx_word' id='word_1_661' title='bbox 2726 2878 2845 2951; x_wconf 89' lang='lat'><strong>(68)</strong></span> <span class='ocrx_word' id='word_1_662' title='bbox 2879 2878 2938 2949; x_wconf 89' lang='grc' dir='ltr'><strong>(Ι</strong></span> <span class='ocrx_word' id='word_1_663' title='bbox 2969 2878 3105 2935; x_wconf 86' lang='lat' dir='ltr'><strong>Tim.</strong></span> <span class='ocrx_word' id='word_1_664' title='bbox 3137 2897 3195 2949; x_wconf 76' lang='grc' dir='ltr'><strong>ν,</strong></span> <span class='ocrx_word' id='word_1_665' title='bbox 3236 2880 3315 2953; x_wconf 90' lang='grc'><strong>6).</strong></span> <span class='ocrx_word' id='word_1_666' title='bbox 3347 2904 3365 2929; x_wconf 78' lang='grc' dir='ltr'><strong><em>ι</em></strong></span> <span class='ocrx_word' id='word_1_667' title='bbox 3410 2881 3505 2939; x_wconf 86' lang='lat' dir='ltr'><strong>Vi-</strong></span> 
     </span>
    </p>
   </div>
   <div class='ocr_carea' id='block_1_88' title="bbox 1908 2967 3504 3042">
    <p class='ocr_par' dir='ltr' id='par_1_88' title="bbox 1908 2967 3504 3042">
     <span class='ocr_line' id='line_1_88' title="bbox 1908 2967 3504 3042; baseline 0.004 -21"><span class='ocrx_word' id='word_1_668' title='bbox 1908 2973 2021 3022; x_wconf 89' lang='lat' dir='ltr'><strong>tam</strong></span> <span class='ocrx_word' id='word_1_669' title='bbox 2048 2983 2283 3041; x_wconf 87' lang='lat' dir='ltr'><strong>namque</strong></span> <span class='ocrx_word' id='word_1_670' title='bbox 2309 2967 2607 3040; x_wconf 90' lang='lat' dir='ltr'><strong>impiorum</strong></span> <span class='ocrx_word' id='word_1_671' title='bbox 2631 2967 2769 3041; x_wconf 88' lang='lat' dir='ltr'><strong>justi</strong></span> <span class='ocrx_word' id='word_1_672' title='bbox 2796 2985 2911 3025; x_wconf 91' lang='lat' dir='ltr'><strong>non</strong></span> <span class='ocrx_word' id='word_1_673' title='bbox 2937 2969 3239 3042; x_wconf 87' lang='lat' dir='ltr'><strong>incongrue</strong></span> <span class='ocrx_word' id='word_1_674' title='bbox 3266 2979 3504 3030; x_wconf 90' lang='lat' dir='ltr'><strong>mortem</strong></span> 
     </span>
    </p>
   </div>
   <div class='ocr_carea' id='block_1_89' title="bbox 1910 3054 3504 3130">
    <p class='ocr_par' dir='ltr' id='par_1_89' title="bbox 1910 3054 3504 3130">
     <span class='ocr_line' id='line_1_89' title="bbox 1910 3054 3504 3130; baseline 0.004 -20"><span class='ocrx_word' id='word_1_675' title='bbox 1910 3063 2155 3111; x_wconf 75' lang='lat' dir='ltr'><strong>vocant:</strong></span> <span class='ocrx_word' id='word_1_676' title='bbox 2191 3054 2451 3112; x_wconf 91' lang='lat' dir='ltr'><strong>similiter</strong></span> <span class='ocrx_word' id='word_1_677' title='bbox 2475 3063 2529 3112; x_wconf 90' lang='lat' dir='ltr'><strong>et</strong></span> <span class='ocrx_word' id='word_1_678' title='bbox 2556 3056 2714 3130; x_wconf 92' lang='lat' dir='ltr'><strong>impii</strong></span> <span class='ocrx_word' id='word_1_679' title='bbox 2757 3055 2929 3113; x_wconf 90' lang='lat' dir='ltr'><strong>vitam</strong></span> <span class='ocrx_word' id='word_1_680' title='bbox 2962 3056 3238 3130; x_wconf 88' lang='lat' dir='ltr'><strong>justorum</strong></span> <span class='ocrx_word' id='word_1_681' title='bbox 3272 3068 3504 3117; x_wconf 91' lang='lat' dir='ltr'><strong>mortem</strong></span> 
     </span>
    </p>
   </div>
   <div class='ocr_carea' id='block_1_90' title="bbox 1909 3143 3507 3215">
    <p class='ocr_par' dir='ltr' id='par_1_90' title="bbox 1909 3143 3507 3215">
     <span class='ocr_line' id='line_1_90' title="bbox 1909 3143 3507 3215; baseline 0.004 -15"><span class='ocrx_word' id='word_1_682' title='bbox 1909 3144 2207 3212; x_wconf 58' lang='lat' dir='ltr'><strong>aestimant,</strong></span> <span class='ocrx_word' id='word_1_683' title='bbox 2238 3143 2381 3199; x_wconf 91' lang='lat' dir='ltr'><strong>sicut</strong></span> <span class='ocrx_word' id='word_1_684' title='bbox 2408 3144 2466 3199; x_wconf 90' lang='lat' dir='ltr'><strong>in</strong></span> <span class='ocrx_word' id='word_1_685' title='bbox 2498 3144 2713 3215; x_wconf 91' lang='lat' dir='ltr'><strong>judicio</strong></span> <span class='ocrx_word' id='word_1_686' title='bbox 2755 3143 2961 3202; x_wconf 89' lang='lat' dir='ltr'><strong>dicturi</strong></span> <span class='ocrx_word' id='word_1_687' title='bbox 2989 3154 3119 3202; x_wconf 89' lang='lat' dir='ltr'><strong>sunt</strong></span> <span class='ocrx_word' id='word_1_688' title='bbox 3151 3164 3163 3203; x_wconf 89' lang='lat'>:</span> <span class='ocrx_word' id='word_1_689' title='bbox 3209 3171 3229 3195; x_wconf 74' lang='grc' dir='ltr'>ι</span> <span class='ocrx_word' id='word_1_690' title='bbox 3262 3149 3331 3205; x_wconf 87' lang='lat' dir='ltr'><strong>Hi</strong></span> <span class='ocrx_word' id='word_1_691' title='bbox 3375 3158 3507 3206; x_wconf 92' lang='lat' dir='ltr'><strong>sunt</strong></span> 
     </span>
    </p>
   </div>
   <div class='ocr_carea' id='block_1_91' title="bbox 1909 3231 3502 3306">
    <p class='ocr_par' dir='ltr' id='par_1_91' title="bbox 1909 3231 3502 3306">
     <span class='ocr_line' id='line_1_91' title="bbox 1909 3231 3502 3306; baseline 0.004 -20"><span class='ocrx_word' id='word_1_692' title='bbox 1909 3247 2046 3306; x_wconf 91' lang='lat' dir='ltr'><strong>quos</strong></span> <span class='ocrx_word' id='word_1_693' title='bbox 2072 3231 2370 3304; x_wconf 88' lang='lat' dir='ltr'><strong>aliquando</strong></span> <span class='ocrx_word' id='word_1_694' title='bbox 2399 3231 2694 3289; x_wconf 89' lang='lat' dir='ltr'><strong>habuimus</strong></span> <span class='ocrx_word' id='word_1_695' title='bbox 2734 3232 2794 3288; x_wconf 87' lang='lat' dir='ltr'><strong>in</strong></span> <span class='ocrx_word' id='word_1_696' title='bbox 2837 3232 3103 3303; x_wconf 92' lang='lat' dir='ltr'><strong>derisum,</strong></span> <span class='ocrx_word' id='word_1_697' title='bbox 3136 3242 3191 3292; x_wconf 91' lang='lat' dir='ltr'><strong>et</strong></span> <span class='ocrx_word' id='word_1_698' title='bbox 3218 3235 3279 3291; x_wconf 92' lang='lat' dir='ltr'><strong>in</strong></span> <span class='ocrx_word' id='word_1_699' title='bbox 3308 3236 3502 3292; x_wconf 90' lang='lat' dir='ltr'><strong>simili-</strong></span> 
     </span>
    </p>
   </div>
   <div class='ocr_carea' id='block_1_92' title="bbox 1906 3323 3504 3397">
    <p class='ocr_par' dir='ltr' id='par_1_92' title="bbox 1906 3323 3504 3397">
     <span class='ocr_line' id='line_1_92' title="bbox 1906 3323 3504 3397; baseline 0.001 -15"><span class='ocrx_word' id='word_1_700' title='bbox 1906 3325 2153 3382; x_wconf 88' lang='lat' dir='ltr'><strong>tudinem</strong></span> <span class='ocrx_word' id='word_1_701' title='bbox 2187 3323 2505 3397; x_wconf 90' lang='lat' dir='ltr'><strong>improperii</strong></span> <span class='ocrx_word' id='word_1_702' title='bbox 2547 3342 2559 3381; x_wconf 88' lang='lat'><strong>:</strong></span> <span class='ocrx_word' id='word_1_703' title='bbox 2602 3341 2702 3381; x_wconf 89' lang='lat' dir='ltr'><strong>nos</strong></span> <span class='ocrx_word' id='word_1_704' title='bbox 2748 3323 3225 3383; x_wconf 89' lang='lat' dir='ltr'><strong>insensati.vitam</strong></span> <span class='ocrx_word' id='word_1_705' title='bbox 3279 3327 3504 3385; x_wconf 90' lang='lat' dir='ltr'><strong>illorum</strong></span> 
     </span>
    </p>
   </div>
   <div class='ocr_carea' id='block_1_93' title="bbox 1909 3414 3508 3481">
    <p class='ocr_par' dir='ltr' id='par_1_93' title="bbox 1909 3414 3508 3481">
     <span class='ocr_line' id='line_1_93' title="bbox 1909 3414 3508 3481; baseline 0.002 -8"><span class='ocrx_word' id='word_1_706' title='bbox 1909 3416 2315 3474; x_wconf 74' lang='lat' dir='ltr'><strong>zestimabamus</strong></span> <span class='ocrx_word' id='word_1_707' title='bbox 2355 3416 2650 3481; x_wconf 89' lang='lat' dir='ltr'><strong>insaniam,</strong></span> <span class='ocrx_word' id='word_1_708' title='bbox 2681 3424 2736 3472; x_wconf 90' lang='lat' dir='ltr'><strong>et</strong></span> <span class='ocrx_word' id='word_1_709' title='bbox 2768 3414 2934 3472; x_wconf 89' lang='lat' dir='ltr'><strong>ﬁnem</strong></span> <span class='ocrx_word' id='word_1_710' title='bbox 2983 3415 3207 3473; x_wconf 89' lang='lat' dir='ltr'><strong>illorum</strong></span> <span class='ocrx_word' id='word_1_711' title='bbox 3245 3418 3365 3475; x_wconf 92' lang='lat' dir='ltr'><strong>sine</strong></span> <span class='ocrx_word' id='word_1_712' title='bbox 3411 3419 3508 3476; x_wconf 85' lang='lat' dir='ltr'><strong>ho-</strong></span> 
     </span>
    </p>
   </div>
   <div class='ocr_carea' id='block_1_94' title="bbox 1907 3503 3504 3580">
    <p class='ocr_par' dir='ltr' id='par_1_94' title="bbox 1907 3503 3504 3580">
     <span class='ocr_line' id='line_1_94' title="bbox 1907 3503 3504 3580; baseline 0.001 -18"><span class='ocrx_word' id='word_1_713' title='bbox 1907 3521 2041 3562; x_wconf 91' lang='lat' dir='ltr'><strong>nore</strong></span> <span class='ocrx_word' id='word_1_714' title='bbox 2074 3506 2229 3578; x_wconf 89' lang='lat' dir='ltr'><strong>(Sap.</strong></span> <span class='ocrx_word' id='word_1_715' title='bbox 2263 3522 2320 3574; x_wconf 91' lang='lat' dir='ltr'><strong>v,</strong></span> <span class='ocrx_word' id='word_1_716' title='bbox 2351 3504 2404 3573; x_wconf 88' lang='lat'><strong>3,</strong></span> <span class='ocrx_word' id='word_1_717' title='bbox 2435 3503 2515 3577; x_wconf 72' lang='lat' dir='ltr'><strong>1i).</strong></span> <span class='ocrx_word' id='word_1_718' title='bbox 2546 3527 2567 3553; x_wconf 74' lang='grc' dir='ltr'><strong>ι</strong></span> <span class='ocrx_word' id='word_1_719' title='bbox 2622 3503 3002 3561; x_wconf 87' lang='lat' dir='ltr'><strong>Antichristus</strong></span> <span class='ocrx_word' id='word_1_720' title='bbox 3029 3521 3159 3579; x_wconf 87' lang='lat' dir='ltr'><strong>ergo</strong></span> <span class='ocrx_word' id='word_1_721' title='bbox 3188 3514 3248 3563; x_wconf 91' lang='lat' dir='ltr'><strong>et</strong></span> <span class='ocrx_word' id='word_1_722' title='bbox 3277 3507 3504 3580; x_wconf 89' lang='lat' dir='ltr'><strong>pseudo-</strong></span> 
     </span>
    </p>
   </div>
   <div class='ocr_carea' id='block_1_95' title="bbox 1908 3592 3506 3670">
    <p class='ocr_par' dir='ltr' id='par_1_95' title="bbox 1908 3592 3506 3670">
     <span class='ocr_line' id='line_1_95' title="bbox 1908 3592 3506 3670; baseline 0.002 -19"><span class='ocrx_word' id='word_1_723' title='bbox 1908 3595 2176 3669; x_wconf 90' lang='lat' dir='ltr'><strong>propheta</strong></span> <span class='ocrx_word' id='word_1_724' title='bbox 2198 3593 2317 3667; x_wconf 91' lang='lat' dir='ltr'><strong>ejus</strong></span> <span class='ocrx_word' id='word_1_725' title='bbox 2346 3594 2467 3650; x_wconf 91' lang='lat' dir='ltr'><strong>vivi</strong></span> <span class='ocrx_word' id='word_1_726' title='bbox 2512 3592 2667 3650; x_wconf 90' lang='lat' dir='ltr'><strong>missi</strong></span> <span class='ocrx_word' id='word_1_727' title='bbox 2697 3602 2828 3650; x_wconf 91' lang='lat' dir='ltr'><strong>sunt</strong></span> <span class='ocrx_word' id='word_1_728' title='bbox 2864 3594 2921 3650; x_wconf 92' lang='lat' dir='ltr'><strong>in</strong></span> <span class='ocrx_word' id='word_1_729' title='bbox 2957 3602 3212 3668; x_wconf 90' lang='lat' dir='ltr'><strong>stagnum</strong></span> <span class='ocrx_word' id='word_1_730' title='bbox 3246 3596 3411 3670; x_wconf 88' lang='lat' dir='ltr'><strong>ignis,</strong></span> <span class='ocrx_word' id='word_1_731' title='bbox 3446 3597 3506 3654; x_wconf 92' lang='lat' dir='ltr'><strong>id</strong></span> 
     </span>
    </p>
   </div>
   <div class='ocr_carea' id='block_1_96' title="bbox 1908 3681 3505 3758">
    <p class='ocr_par' dir='ltr' id='par_1_96' title="bbox 1908 3681 3505 3758">
     <span class='ocr_line' id='line_1_96' title="bbox 1908 3681 3505 3758; baseline 0.001 -17"><span class='ocrx_word' id='word_1_732' title='bbox 1908 3691 2011 3752; x_wconf 91' lang='lat' dir='ltr'><strong>est,</strong></span> <span class='ocrx_word' id='word_1_733' title='bbox 2041 3684 2100 3740; x_wconf 90' lang='lat' dir='ltr'><strong>in</strong></span> <span class='ocrx_word' id='word_1_734' title='bbox 2130 3684 2344 3741; x_wconf 86' lang='lat' dir='ltr'><strong>malitia</strong></span> <span class='ocrx_word' id='word_1_735' title='bbox 2382 3698 2480 3741; x_wconf 91' lang='lat' dir='ltr'><strong>sua</strong></span> <span class='ocrx_word' id='word_1_736' title='bbox 2523 3681 2663 3752; x_wconf 89' lang='lat' dir='ltr'><strong>vivi,</strong></span> <span class='ocrx_word' id='word_1_737' title='bbox 2713 3682 2773 3738; x_wconf 93' lang='lat' dir='ltr'><strong>in</strong></span> <span class='ocrx_word' id='word_1_738' title='bbox 2821 3699 2885 3739; x_wconf 89' lang='lat' dir='ltr'><strong>ea</strong></span> <span class='ocrx_word' id='word_1_739' title='bbox 2927 3683 3187 3742; x_wconf 91' lang='lat' dir='ltr'><strong>videlicet</strong></span> <span class='ocrx_word' id='word_1_740' title='bbox 3223 3701 3398 3758; x_wconf 90' lang='lat' dir='ltr'><strong>usque</strong></span> <span class='ocrx_word' id='word_1_741' title='bbox 3444 3687 3505 3742; x_wconf 91' lang='lat' dir='ltr'><strong>in</strong></span> 
     </span>
    </p>
   </div>
   <div class='ocr_carea' id='block_1_97' title="bbox 1908 3771 3507 3845">
    <p class='ocr_par' dir='ltr' id='par_1_97' title="bbox 1908 3771 3507 3845">
     <span class='ocr_line' id='line_1_97' title="bbox 1908 3771 3507 3845; baseline 0.003 -17"><span class='ocrx_word' id='word_1_742' title='bbox 1908 3772 2075 3829; x_wconf 89' lang='lat' dir='ltr'><strong>ﬁnem</strong></span> <span class='ocrx_word' id='word_1_743' title='bbox 2122 3773 2253 3829; x_wconf 66' lang='lat' dir='ltr'><strong>vita:</strong></span> <span class='ocrx_word' id='word_1_744' title='bbox 2295 3789 2406 3829; x_wconf 68' lang='lat' dir='ltr'><strong>suae</strong></span> <span class='ocrx_word' id='word_1_745' title='bbox 2455 3779 2883 3845; x_wconf 88' lang='lat' dir='ltr'><strong>perseverantes.</strong></span> <span class='ocrx_word' id='word_1_746' title='bbox 2933 3771 3091 3839; x_wconf 90' lang='lat' dir='ltr'><strong>Quod</strong></span> <span class='ocrx_word' id='word_1_747' title='bbox 3136 3782 3320 3829; x_wconf 90' lang='lat' dir='ltr'><strong>autem</strong></span> <span class='ocrx_word' id='word_1_748' title='bbox 3369 3775 3507 3834; x_wconf 90' lang='lat' dir='ltr'><strong>dicit</strong></span> 
     </span>
    </p>
   </div>
   <div class='ocr_carea' id='block_1_98' title="bbox 1909 3861 3506 3938">
    <p class='ocr_par' dir='ltr' id='par_1_98' title="bbox 1909 3861 3506 3938">
     <span class='ocr_line' id='line_1_98' title="bbox 1909 3861 3506 3938; baseline 0.002 -19"><span class='ocrx_word' id='word_1_749' title='bbox 1909 3863 2041 3937; x_wconf 90' lang='lat' dir='ltr'><strong>quia</strong></span> <span class='ocrx_word' id='word_1_750' title='bbox 2092 3865 2278 3920; x_wconf 57' lang='lat' dir='ltr'><strong>caeteri</strong></span> <span class='ocrx_word' id='word_1_751' title='bbox 2332 3863 2502 3921; x_wconf 90' lang='lat' dir='ltr'><strong>occisi</strong></span> <span class='ocrx_word' id='word_1_752' title='bbox 2548 3871 2676 3919; x_wconf 89' lang='lat' dir='ltr'><strong>sunt</strong></span> <span class='ocrx_word' id='word_1_753' title='bbox 2726 3862 2786 3917; x_wconf 92' lang='lat' dir='ltr'><strong>in</strong></span> <span class='ocrx_word' id='word_1_754' title='bbox 2829 3861 3010 3934; x_wconf 89' lang='lat' dir='ltr'><strong>gladio</strong></span> <span class='ocrx_word' id='word_1_755' title='bbox 3057 3862 3300 3919; x_wconf 91' lang='lat' dir='ltr'><strong>sedentis</strong></span> <span class='ocrx_word' id='word_1_756' title='bbox 3341 3881 3506 3938; x_wconf 90' lang='lat' dir='ltr'><strong>super</strong></span> 
     </span>
    </p>
   </div>
   <div class='ocr_carea' id='block_1_99' title="bbox 1908 3950 3501 4028">
    <p class='ocr_par' dir='ltr' id='par_1_99' title="bbox 1908 3950 3501 4028">
     <span class='ocr_line' id='line_1_99' title="bbox 1908 3950 3501 4028; baseline 0.001 -20"><span class='ocrx_word' id='word_1_757' title='bbox 1908 3969 2137 4027; x_wconf 90' lang='lat' dir='ltr'><strong>equum,</strong></span> <span class='ocrx_word' id='word_1_758' title='bbox 2170 3952 2607 4008; x_wconf 87' lang='lat' dir='ltr'><strong>interfectionem</strong></span> <span class='ocrx_word' id='word_1_759' title='bbox 2631 3952 2791 4007; x_wconf 90' lang='lat' dir='ltr'><strong>istam</strong></span> <span class='ocrx_word' id='word_1_760' title='bbox 2821 3967 2921 4023; x_wconf 89' lang='lat' dir='ltr'><strong>pro</strong></span> <span class='ocrx_word' id='word_1_761' title='bbox 2940 3950 3262 4007; x_wconf 81' lang='lat' dir='ltr'><strong>confusione</strong></span> <span class='ocrx_word' id='word_1_762' title='bbox 3282 3953 3501 4028; x_wconf 84' lang='lat' dir='ltr'><strong>posuit;</strong></span> 
     </span>
    </p>
   </div>
   <div class='ocr_carea' id='block_1_100' title="bbox 1909 4038 3503 4114">
    <p class='ocr_par' dir='ltr' id='par_1_100' title="bbox 1909 4038 3503 4114">
     <span class='ocr_line' id='line_1_100' title="bbox 1909 4038 3503 4114; baseline -0.001 -15"><span class='ocrx_word' id='word_1_763' title='bbox 1909 4058 2039 4099; x_wconf 89' lang='lat' dir='ltr'><strong>nam</strong></span> <span class='ocrx_word' id='word_1_764' title='bbox 2097 4045 2236 4104; x_wconf 82' lang='lat'><strong>571</strong></span> <span class='ocrx_word' id='word_1_765' title='bbox 2291 4040 2493 4109; x_wconf 89' lang='lat' dir='ltr'><strong>sancti,</strong></span> <span class='ocrx_word' id='word_1_766' title='bbox 2543 4056 2778 4114; x_wconf 87' lang='lat' dir='ltr'><strong>quorum</strong></span> <span class='ocrx_word' id='word_1_767' title='bbox 2826 4038 3079 4096; x_wconf 89' lang='lat' dir='ltr'><strong>doctrina</strong></span> <span class='ocrx_word' id='word_1_768' title='bbox 3119 4056 3217 4114; x_wconf 90' lang='lat' dir='ltr'><strong>per</strong></span> <span class='ocrx_word' id='word_1_769' title='bbox 3260 4041 3503 4114; x_wconf 82' lang='lat' dir='ltr'><strong>gladium</strong></span> 
     </span>
    </p>
   </div>
   <div class='ocr_carea' id='block_1_101' title="bbox 1908 4134 3501 4209">
    <p class='ocr_par' dir='ltr' id='par_1_101' title="bbox 1908 4134 3501 4209">
     <span class='ocr_line' id='line_1_101' title="bbox 1908 4134 3501 4209; baseline 0 -14"><span class='ocrx_word' id='word_1_770' title='bbox 1908 4138 2021 4195; x_wconf 90' lang='lat' dir='ltr'><strong>oris</strong></span> <span class='ocrx_word' id='word_1_771' title='bbox 2072 4136 2299 4193; x_wconf 89' lang='lat' dir='ltr'><strong>Domini</strong></span> <span class='ocrx_word' id='word_1_772' title='bbox 2355 4134 2689 4209; x_wconf 77' lang='lat' dir='ltr'><strong>designatur,</strong></span> <span class='ocrx_word' id='word_1_773' title='bbox 2768 4134 3059 4193; x_wconf 88' lang='lat' dir='ltr'><strong>interfecto</strong></span> <span class='ocrx_word' id='word_1_774' title='bbox 3132 4136 3501 4209; x_wconf 82' lang='lat' dir='ltr'><strong>Antichristo,</strong></span> 
     </span>
    </p>
   </div>
   <div class='ocr_carea' id='block_1_102' title="bbox 1909 4223 3504 4300">
    <p class='ocr_par' dir='ltr' id='par_1_102' title="bbox 1909 4223 3504 4300">
     <span class='ocr_line' id='line_1_102' title="bbox 1909 4223 3504 4300; baseline 0.001 -17"><span class='ocrx_word' id='word_1_775' title='bbox 1909 4225 2257 4283; x_wconf 88' lang='lat' dir='ltr'><strong>insultabunt</strong></span> <span class='ocrx_word' id='word_1_776' title='bbox 2286 4224 2625 4292; x_wconf 89' lang='lat' dir='ltr'><strong>inﬁdelibus,</strong></span> <span class='ocrx_word' id='word_1_777' title='bbox 2654 4240 2718 4280; x_wconf 94' lang='lat' dir='ltr'><strong>eo</strong></span> <span class='ocrx_word' id='word_1_778' title='bbox 2748 4225 2893 4298; x_wconf 92' lang='lat' dir='ltr'><strong>quod</strong></span> <span class='ocrx_word' id='word_1_779' title='bbox 2923 4223 3203 4282; x_wconf 91' lang='lat' dir='ltr'><strong>hominem</strong></span> <span class='ocrx_word' id='word_1_780' title='bbox 3245 4226 3504 4300; x_wconf 89' lang='lat' dir='ltr'><strong>impiissi-</strong></span> 
     </span>
    </p>
   </div>
   <div class='ocr_carea' id='block_1_103' title="bbox 1908 4313 3503 4388">
    <p class='ocr_par' dir='ltr' id='par_1_103' title="bbox 1908 4313 3503 4388">
     <span class='ocr_line' id='line_1_103' title="bbox 1908 4313 3503 4388; baseline 0.001 -17"><span class='ocrx_word' id='word_1_781' title='bbox 1908 4333 2084 4384; x_wconf 90' lang='lat' dir='ltr'><strong>mum,</strong></span> <span class='ocrx_word' id='word_1_782' title='bbox 2116 4324 2277 4388; x_wconf 90' lang='lat' dir='ltr'><strong>atqne</strong></span> <span class='ocrx_word' id='word_1_783' title='bbox 2305 4313 2565 4371; x_wconf 90' lang='lat' dir='ltr'><strong>omnibus</strong></span> <span class='ocrx_word' id='word_1_784' title='bbox 2611 4313 2938 4372; x_wconf 90' lang='lat' dir='ltr'><strong>hominibus</strong></span> <span class='ocrx_word' id='word_1_785' title='bbox 2985 4313 3316 4373; x_wconf 90' lang='lat' dir='ltr'><strong>deteriorem</strong></span> <span class='ocrx_word' id='word_1_786' title='bbox 3344 4316 3503 4373; x_wconf 83' lang='lat' dir='ltr'><strong>Anti-</strong></span> 
     </span>
    </p>
   </div>
   <div class='ocr_carea' id='block_1_104' title="bbox 1904 4403 3500 4485">
    <p class='ocr_par' dir='ltr' id='par_1_104' title="bbox 1904 4403 3500 4485">
     <span class='ocr_line' id='line_1_104' title="bbox 1904 4403 3500 4485; baseline 0 -24"><span class='ocrx_word' id='word_1_787' title='bbox 1904 4405 2199 4474; x_wconf 91' lang='lat' dir='ltr'><strong>christum,</strong></span> <span class='ocrx_word' id='word_1_788' title='bbox 2268 4403 2636 4461; x_wconf 90' lang='lat' dir='ltr'><strong>immortalem</strong></span> <span class='ocrx_word' id='word_1_789' title='bbox 2702 4404 2974 4478; x_wconf 91' lang='lat' dir='ltr'><strong>deumque</strong></span> <span class='ocrx_word' id='word_1_790' title='bbox 3038 4404 3500 4485; x_wconf 85' lang='lat' dir='ltr'><strong>existimaverint,</strong></span> 
     </span>
    </p>
   </div>
   <div class='ocr_carea' id='block_1_105' title="bbox 1906 4494 3502 4568">
    <p class='ocr_par' dir='ltr' id='par_1_105' title="bbox 1906 4494 3502 4568">
     <span class='ocr_line' id='line_1_105' title="bbox 1906 4494 3502 4568; baseline 0.001 -18"><span class='ocrx_word' id='word_1_791' title='bbox 1906 4510 2070 4568; x_wconf 89' lang='lat' dir='ltr'><strong>quem</strong></span> <span class='ocrx_word' id='word_1_792' title='bbox 2100 4494 2373 4552; x_wconf 89' lang='lat' dir='ltr'><strong>constabit</strong></span> <span class='ocrx_word' id='word_1_793' title='bbox 2403 4494 2842 4568; x_wconf 62' lang='lat' dir='ltr'><strong>pessimamorte</strong></span> <span class='ocrx_word' id='word_1_794' title='bbox 2889 4504 3233 4567; x_wconf 91' lang='lat' dir='ltr'><strong>peremptum</strong></span> <span class='ocrx_word' id='word_1_795' title='bbox 3266 4513 3278 4550; x_wconf 93' lang='lat'>:</span> <span class='ocrx_word' id='word_1_796' title='bbox 3324 4503 3379 4551; x_wconf 90' lang='lat' dir='ltr'><strong>at</strong></span> <span class='ocrx_word' id='word_1_797' title='bbox 3419 4497 3502 4552; x_wconf 90' lang='lat' dir='ltr'><strong>illi</strong></span> 
     </span>
    </p>
   </div>
   <div class='ocr_carea' id='block_1_106' title="bbox 1906 4582 3500 4655">
    <p class='ocr_par' dir='ltr' id='par_1_106' title="bbox 1906 4582 3500 4655">
     <span class='ocr_line' id='line_1_106' title="bbox 1906 4582 3500 4655; baseline -0.001 -13"><span class='ocrx_word' id='word_1_798' title='bbox 1906 4584 2319 4642; x_wconf 89' lang='lat' dir='ltr'><strong>confundentur</strong></span> <span class='ocrx_word' id='word_1_799' title='bbox 2372 4594 2425 4641; x_wconf 92' lang='lat' dir='ltr'><strong>et</strong></span> <span class='ocrx_word' id='word_1_800' title='bbox 2483 4585 2762 4642; x_wconf 87' lang='lat' dir='ltr'><strong>tabescent</strong></span> <span class='ocrx_word' id='word_1_801' title='bbox 2814 4584 2873 4639; x_wconf 92' lang='lat' dir='ltr'><strong>in</strong></span> <span class='ocrx_word' id='word_1_802' title='bbox 2923 4582 3312 4655; x_wconf 86' lang='lat' dir='ltr'><strong>iniquitatibus</strong></span> <span class='ocrx_word' id='word_1_803' title='bbox 3367 4584 3500 4641; x_wconf 89' lang='lat' dir='ltr'><strong>suis.</strong></span> 
     </span>
    </p>
   </div>
   <div class='ocr_carea' id='block_1_107' title="bbox 1907 4671 3499 4746">
    <p class='ocr_par' dir='ltr' id='par_1_107' title="bbox 1907 4671 3499 4746">
     <span class='ocr_line' id='line_1_107' title="bbox 1907 4671 3499 4746; baseline -0.003 -15"><span class='ocrx_word' id='word_1_804' title='bbox 1907 4673 2113 4731; x_wconf 91' lang='lat' dir='ltr'><strong>Omnes</strong></span> <span class='ocrx_word' id='word_1_805' title='bbox 2140 4690 2269 4746; x_wconf 90' lang='lat' dir='ltr'><strong>ergo</strong></span> <span class='ocrx_word' id='word_1_806' title='bbox 2297 4690 2426 4729; x_wconf 90' lang='lat' dir='ltr'><strong>aves</strong></span> <span class='ocrx_word' id='word_1_807' title='bbox 2452 4681 2709 4730; x_wconf 64' lang='lat' dir='ltr'><strong>saturata!</strong></span> <span class='ocrx_word' id='word_1_808' title='bbox 2736 4679 2866 4728; x_wconf 89' lang='lat' dir='ltr'><strong>sunt</strong></span> <span class='ocrx_word' id='word_1_809' title='bbox 2894 4671 2963 4726; x_wconf 93' lang='lat' dir='ltr'><strong>de</strong></span> <span class='ocrx_word' id='word_1_810' title='bbox 2989 4671 3250 4728; x_wconf 90' lang='lat' dir='ltr'><strong>carnibus</strong></span> <span class='ocrx_word' id='word_1_811' title='bbox 3275 4687 3499 4739; x_wconf 91' lang='lat' dir='ltr'><strong>eorum;</strong></span> 
     </span>
    </p>
   </div>
   <div class='ocr_carea' id='block_1_108' title="bbox 1907 4759 3555 4837">
    <p class='ocr_par' dir='ltr' id='par_1_108' title="bbox 1907 4759 3555 4837">
     <span class='ocr_line' id='line_1_108' title="bbox 1907 4759 3555 4837; baseline -0.002 -19"><span class='ocrx_word' id='word_1_812' title='bbox 1907 4762 2039 4837; x_wconf 89' lang='lat' dir='ltr'><strong>quia</strong></span> <span class='ocrx_word' id='word_1_813' title='bbox 2084 4763 2350 4818; x_wconf 88' lang='lat' dir='ltr'><strong>subverso</strong></span> <span class='ocrx_word' id='word_1_814' title='bbox 2385 4761 2751 4828; x_wconf 84' lang='lat' dir='ltr'><strong>Antichristo,</strong></span> <span class='ocrx_word' id='word_1_815' title='bbox 2785 4774 2977 4827; x_wconf 89' lang='lat' dir='ltr'><strong>omnes</strong></span> <span class='ocrx_word' id='word_1_816' title='bbox 3021 4759 3182 4816; x_wconf 88' lang='lat' dir='ltr'><strong>electi</strong></span> <span class='ocrx_word' id='word_1_817' title='bbox 3228 4759 3503 4816; x_wconf 89' lang='lat' dir='ltr'><strong>inenarra-</strong></span> <span class='ocrx_word' id='word_1_818' title='bbox 3548 4800 3555 4809; x_wconf 86' lang='lat'><strong>.</strong></span> 
     </span>
    </p>
   </div>
   <div class='ocr_carea' id='block_1_109' title="bbox 1907 4845 3503 4925">
    <p class='ocr_par' dir='ltr' id='par_1_109' title="bbox 1907 4845 3503 4925">
     <span class='ocr_line' id='line_1_109' title="bbox 1907 4845 3503 4925; baseline -0.001 -18"><span class='ocrx_word' id='word_1_819' title='bbox 1907 4851 2099 4907; x_wconf 90' lang='lat' dir='ltr'><strong>biliter</strong></span> <span class='ocrx_word' id='word_1_820' title='bbox 2142 4849 2464 4925; x_wconf 88' lang='lat' dir='ltr'><strong>gaudebunt</strong></span> <span class='ocrx_word' id='word_1_821' title='bbox 2504 4856 2560 4905; x_wconf 88' lang='lat' dir='ltr'><strong>et</strong></span> <span class='ocrx_word' id='word_1_822' title='bbox 2594 4845 2975 4916; x_wconf 87' lang='lat' dir='ltr'><strong>exsultabunt,</strong></span> <span class='ocrx_word' id='word_1_823' title='bbox 3022 4863 3087 4904; x_wconf 91' lang='lat' dir='ltr'><strong>eo</strong></span> <span class='ocrx_word' id='word_1_824' title='bbox 3132 4848 3281 4921; x_wconf 89' lang='lat' dir='ltr'><strong>quod</strong></span> <span class='ocrx_word' id='word_1_825' title='bbox 3323 4864 3355 4904; x_wconf 88' lang='lat' dir='ltr'><strong>a</strong></span> <span class='ocrx_word' id='word_1_826' title='bbox 3390 4855 3503 4905; x_wconf 92' lang='lat' dir='ltr'><strong>tam</strong></span> 
     </span>
    </p>
   </div>
   <div class='ocr_carea' id='block_1_110' title="bbox 1910 4934 3500 5012">
    <p class='ocr_par' dir='ltr' id='par_1_110' title="bbox 1910 4934 3500 5012">
     <span class='ocr_line' id='line_1_110' title="bbox 1910 4934 3500 5012; baseline -0.001 -18"><span class='ocrx_word' id='word_1_827' title='bbox 1910 4938 2150 5012; x_wconf 89' lang='lat' dir='ltr'><strong>pessimo</strong></span> <span class='ocrx_word' id='word_1_828' title='bbox 2183 4938 2339 4994; x_wconf 89' lang='lat' dir='ltr'><strong>hoste</strong></span> <span class='ocrx_word' id='word_1_829' title='bbox 2386 4934 2764 4993; x_wconf 86' lang='lat' dir='ltr'><strong>misericordia</strong></span> <span class='ocrx_word' id='word_1_830' title='bbox 2805 4934 2998 4992; x_wconf 91' lang='lat' dir='ltr'><strong>divina</strong></span> <span class='ocrx_word' id='word_1_831' title='bbox 3041 4951 3134 4992; x_wconf 91' lang='lat' dir='ltr'><strong>eos</strong></span> <span class='ocrx_word' id='word_1_832' title='bbox 3163 4936 3500 5006; x_wconf 86' lang='lat' dir='ltr'><strong>liberaverit,</strong></span> 
     </span>
    </p>
   </div>
   <div class='ocr_carea' id='block_1_111' title="bbox 1909 5023 3504 5100">
    <p class='ocr_par' dir='ltr' id='par_1_111' title="bbox 1909 5023 3504 5100">
     <span class='ocr_line' id='line_1_111' title="bbox 1909 5023 3504 5100; baseline -0.002 -14"><span class='ocrx_word' id='word_1_833' title='bbox 1909 5042 2208 5099; x_wconf 90' lang='lat' dir='ltr'><strong>omnesque</strong></span> <span class='ocrx_word' id='word_1_834' title='bbox 2263 5024 2360 5100; x_wconf 89' lang='lat' dir='ltr'><strong>qui</strong></span> <span class='ocrx_word' id='word_1_835' title='bbox 2413 5041 2506 5082; x_wconf 89' lang='lat' dir='ltr'><strong>eos</strong></span> <span class='ocrx_word' id='word_1_836' title='bbox 2553 5023 3049 5099; x_wconf 80' lang='lat' dir='ltr'><strong>persequebantur,</strong></span> <span class='ocrx_word' id='word_1_837' title='bbox 3105 5026 3261 5083; x_wconf 90' lang='lat' dir='ltr'><strong>velut</strong></span> <span class='ocrx_word' id='word_1_838' title='bbox 3315 5025 3504 5083; x_wconf 85' lang='lat' dir='ltr'><strong>fumus</strong></span> 
     </span>
    </p>
   </div>
   <div class='ocr_carea' id='block_1_112' title="bbox 1908 5115 3419 5175">
    <p class='ocr_par' dir='ltr' id='par_1_112' title="bbox 1908 5115 3419 5175">
     <span class='ocr_line' id='line_1_112' title="bbox 1908 5115 3419 5175; baseline 0 0"><span class='ocrx_word' id='word_1_839' title='bbox 1908 5115 2253 5175; x_wconf 90' lang='lat' dir='ltr'><strong>evanuerint.</strong></span> <span class='ocrx_word' id='word_1_840' title='bbox 3416 5142 3419 5147; x_wconf 94' lang='grc'>·</span> 
     </span>
    </p>
   </div>
   <div class='ocr_carea' id='block_1_113' title="bbox 1978 5213 3546 5290">
    <p class='ocr_par' dir='ltr' id='par_1_113' title="bbox 1978 5213 3546 5290">
     <span class='ocr_line' id='line_1_113' title="bbox 1978 5213 3546 5290; baseline -0.002 -15"><span class='ocrx_word' id='word_1_841' title='bbox 1978 5214 2208 5275; x_wconf 82' lang='lat' dir='ltr'><strong>CAPUT</strong></span> <span class='ocrx_word' id='word_1_842' title='bbox 2235 5216 2364 5276; x_wconf 86' lang='lat' dir='ltr'><strong>XX.</strong></span> <span class='ocrx_word' id='word_1_843' title='bbox 2384 5247 2456 5261; x_wconf 93' lang='lat'>—</span> <span class='ocrx_word' id='word_1_844' title='bbox 2475 5213 2659 5290; x_wconf 78' lang='lat' dir='ltr'><strong>(Vers.</strong></span> <span class='ocrx_word' id='word_1_845' title='bbox 2685 5213 2763 5288; x_wconf 87' lang='grc'><strong>1.)</strong></span> <span class='ocrx_word' id='word_1_846' title='bbox 2786 5215 2860 5273; x_wconf 88' lang='lat' dir='ltr'><strong>Et</strong></span> <span class='ocrx_word' id='word_1_847' title='bbox 2884 5214 2999 5272; x_wconf 81' lang='lat' dir='ltr'><strong>vidi</strong></span> <span class='ocrx_word' id='word_1_848' title='bbox 3016 5215 3261 5290; x_wconf 86' lang='lat' dir='ltr'><strong>angelum</strong></span> <span class='ocrx_word' id='word_1_849' title='bbox 3286 5214 3504 5272; x_wconf 84' lang='lat' dir='ltr'><strong>descen-</strong></span> <span class='ocrx_word' id='word_1_850' title='bbox 3535 5276 3546 5285; x_wconf 63' lang='grc'><em>,</em></span> 
     </span>
    </p>
   </div>
   <div class='ocr_carea' id='block_1_114' title="bbox 271 5427 3489 5507">
    <p class='ocr_par' dir='ltr' id='par_1_114' title="bbox 271 5427 3489 5507">
     <span class='ocr_line' id='line_1_114' title="bbox 271 5427 3489 5507; baseline -0.002 -17"><span class='ocrx_word' id='word_1_851' title='bbox 271 5434 392 5507; x_wconf 88' lang='grc'><strong>(68)</strong></span> <span class='ocrx_word' id='word_1_852' title='bbox 446 5432 538 5507; x_wconf 89' lang='lat' dir='ltr'><strong>Sic</strong></span> <span class='ocrx_word' id='word_1_853' title='bbox 577 5450 767 5507; x_wconf 86' lang='lat' dir='ltr'><strong>omnes</strong></span> <span class='ocrx_word' id='word_1_854' title='bbox 805 5449 934 5507; x_wconf 82' lang='lat' dir='ltr'><strong>mss.</strong></span> <span class='ocrx_word' id='word_1_855' title='bbox 968 5454 981 5503; x_wconf 89' lang='lat'>;</span> <span class='ocrx_word' id='word_1_856' title='bbox 1023 5442 1077 5490; x_wconf 88' lang='lat' dir='ltr'><strong>at</strong></span> <span class='ocrx_word' id='word_1_857' title='bbox 1110 5433 1243 5507; x_wconf 91' lang='lat' dir='ltr'><strong>edit.</strong></span> <span class='ocrx_word' id='word_1_858' title='bbox 1294 5450 1324 5491; x_wconf 90' lang='lat' dir='ltr'><strong>e</strong></span> <span class='ocrx_word' id='word_1_859' title='bbox 1375 5432 1675 5503; x_wconf 91' lang='lat' dir='ltr'><strong>contrario,</strong></span> <span class='ocrx_word' id='word_1_860' title='bbox 1708 5434 1836 5491; x_wconf 86' lang='lat' dir='ltr'><strong>dicit</strong></span> <span class='ocrx_word' id='word_1_861' title='bbox 1873 5433 2152 5507; x_wconf 86' lang='lat' dir='ltr'><strong>propheta,</strong></span> <span class='ocrx_word' id='word_1_862' title='bbox 2182 5433 2312 5504; x_wconf 89' lang='lat' dir='ltr'><strong>quia</strong></span> <span class='ocrx_word' id='word_1_863' title='bbox 2329 5430 2512 5503; x_wconf 84' lang='lat' dir='ltr'><strong>justus</strong></span> <span class='ocrx_word' id='word_1_864' title='bbox 2539 5429 2600 5486; x_wconf 88' lang='lat' dir='ltr'><strong>in</strong></span> <span class='ocrx_word' id='word_1_865' title='bbox 2625 5429 2728 5503; x_wconf 76' lang='lat' dir='ltr'><strong>ﬁde</strong></span> <span class='ocrx_word' id='word_1_866' title='bbox 2754 5428 2886 5486; x_wconf 76' lang='lat' dir='ltr'><strong>vivit</strong></span> <span class='ocrx_word' id='word_1_867' title='bbox 2905 5445 2927 5495; x_wconf 88' lang='lat'><strong><em>;</em></strong></span> <span class='ocrx_word' id='word_1_868' title='bbox 2960 5428 3025 5486; x_wconf 85' lang='lat' dir='ltr'><strong>de</strong></span> <span class='ocrx_word' id='word_1_869' title='bbox 3051 5427 3163 5485; x_wconf 80' lang='lat' dir='ltr'><strong>vita</strong></span> <span class='ocrx_word' id='word_1_870' title='bbox 3188 5444 3312 5485; x_wconf 80' lang='lat' dir='ltr'><strong>vero</strong></span> <span class='ocrx_word' id='word_1_871' title='bbox 3338 5427 3489 5484; x_wconf 85' lang='lat' dir='ltr'><strong>mala</strong></span> 
     </span>
    </p>
   </div>
   <div class='ocr_carea' id='block_1_115' title="bbox 195 5505 1654 5579">
    <p class='ocr_par' dir='ltr' id='par_1_115' title="bbox 195 5505 1654 5579">
     <span class='ocr_line' id='line_1_115' title="bbox 195 5505 1654 5579; baseline -0.001 -16"><span class='ocrx_word' id='word_1_872' title='bbox 195 5505 326 5563; x_wconf 83' lang='lat' dir='ltr'><strong>dicit</strong></span> <span class='ocrx_word' id='word_1_873' title='bbox 351 5506 587 5575; x_wconf 84' lang='lat' dir='ltr'><strong>Paulus,</strong></span> <span class='ocrx_word' id='word_1_874' title='bbox 617 5506 744 5579; x_wconf 88' lang='lat' dir='ltr'><strong>quia</strong></span> <span class='ocrx_word' id='word_1_875' title='bbox 763 5505 925 5564; x_wconf 84' lang='lat' dir='ltr'><strong>vidua</strong></span> <span class='ocrx_word' id='word_1_876' title='bbox 952 5507 1089 5564; x_wconf 81' lang='lat' dir='ltr'><strong>male</strong></span> <span class='ocrx_word' id='word_1_877' title='bbox 1116 5506 1291 5564; x_wconf 80' lang='lat' dir='ltr'><strong>vivens</strong></span> <span class='ocrx_word' id='word_1_878' title='bbox 1317 5513 1533 5564; x_wconf 86' lang='lat' dir='ltr'><strong>mortua</strong></span> <span class='ocrx_word' id='word_1_879' title='bbox 1562 5511 1654 5563; x_wconf 85' lang='lat' dir='ltr'><strong>est.</strong></span> 
     </span>
    </p>
   </div>
  </div>
