3902 6198
478 233 620 291 1015

1496 240 1593 296 ΑΒ
1632 239 1867 298 OPERA
1903 242 1958 299 S.
1999 242 2331 303 AMBROSII
2368 244 2746 306 APPENDIX.

3693 252 3810 306 10ιὲ

476 359 678 417 dentem
713 360 776 418 de
810 362 953 432 calo,
994 362 1260 421 habentem
1295 367 1491 423 clavem
1517 367 1714 440 abyssi,
1755 374 1803 424 et
1837 375 2079 426 catenam
2110 378 2161 438 Α
2185 383 2266 431 est
2291 383 2352 432 ut
2381 377 2553 450 gloria
2585 376 2654 433 ad
2685 393 2848 452 quam
2893 393 3084 436 eorum
3129 377 3336 434 animae
3384 376 3669 451 quotidie
3716 396 3815 452 per.

475 471 722 526 mag-nam
751 454 809 510 in
840 472 1005 513 manu
1025 474 1143 514 sua.
1177 458 1596 515 Damnationem
1621 457 1829 515 diaboli
1860 476 2082 518 narrare

475 545 688 613 volens,
720 543 788 600 ad
818 545 1117 602 adventum
1147 546 1354 603 Christi
1400 546 1720 603 revertitur.
1772 547 1902 604 Tres
1930 565 2080 606 nam-

476 649 581 706 que
610 644 738 691 sunt
768 635 1148 691 damnationes
1178 635 1385 691 diaboli
1417 653 1427 692 :
1459 635 1751 693 damnatus
1773 647 1852 694 est
1875 639 2076 711 primo,

475 724 694 798 quando
724 724 790 780 de
830 723 1038 780 ccelesti
1070 723 1412 781 beatitudine
1457 735 1678 799 propter
1727 728 2076 802 iniquitatem

473 833 627 872 suam
675 824 756 871 est
787 815 1029 886 dejectus
1063 833 1074 871 :
1108 815 1348 872 secunda
1393 815 1676 872 damnatio
1706 816 1825 888 ejus
1854 819 1980 886 fuit,
2010 817 2077 874 de

474 921 582 976 qua
609 913 799 960 auctor
830 903 958 959 libri
991 902 1160 974 hujus
1184 904 1336 977 loqui
1377 905 1541 960 modo
1574 905 1770 978 incipit
1799 923 1812 973 ;
1855 907 2074 980 quando

472 1009 570 1065 per
622 999 854 1048 mortem
905 992 1110 1050 Christi
1161 1011 1331 1066 genus
1369 994 1672 1050 humanum
1707 994 1775 1050 de
1808 1003 2072 1066 potestate

470 1080 590 1153 ejus
635 1089 883 1154 ereptum
914 1092 1015 1151 est,
1065 1091 1119 1139 et
1166 1083 1302 1156 ipse,
1353 1084 1494 1140 sicut
1525 1100 1762 1156 praesens
1800 1085 2073 1157 scriptura

470 1169 830 1239 demonstrat,
864 1170 921 1225 in
962 1169 1220 1243 abyssum
1268 1179 1350 1228 est
1401 1171 1659 1244 religatus
1691 1171 1807 1244 (69)
1853 1190 1864 1229 :
1908 1173 2071 1230 tertia

469 1257 752 1314 damnatio
763 1258 878 1331 ejus
895 1261 1020 1330 erit,
1039 1259 1257 1334 quando
1278 1260 1335 1315 in
1357 1260 1636 1317 infernum
1657 1278 1784 1317 cum
1810 1261 2067 1318 omnibus

468 1345 656 1419 impiis
681 1347 739 1403 in
766 1356 1031 1405 aeternum
1065 1350 1396 1408 cruciandus
1427 1351 1790 1423 demergatur.
1823 1352 2065 1424 Angelus

468 1436 652 1508 itaque
689 1435 793 1493 iste
839 1436 1121 1496 Christum
1165 1439 1440 1512 signiﬁcat
1483 1457 1494 1496 :
1541 1439 1822 1496 descensio
1852 1439 1968 1511 ejus
1995 1441 2063 1497 de

466 1527 604 1582 caelo
633 1536 713 1584 est
744 1527 1050 1585 incarnatio
1086 1526 1222 1601 ejus.
1257 1528 1478 1587 Clavem
1508 1529 1717 1602 abyssi,
1745 1530 1802 1586 id
1831 1537 1932 1600 est,
1963 1531 2063 1587 in-

467 1617 632 1688 ferni,
685 1620 800 1692 ipse
844 1621 1084 1694 possidet
1117 1637 1132 1688 ;
1184 1619 1312 1694 quia
1356 1619 1423 1676 ab
1469 1620 1717 1694 ingressu
1758 1620 1874 1693 ejus
1923 1638 2060 1695 quos

2191 466 2489 536 ducuntur,
2523 467 2894 536 describatur;
2949 485 3044 542 per
3073 468 3227 525 sedes
3263 485 3530 543 namque
3586 471 3813 526 coelesth

2191 555 2385 626 patria,
2421 573 2516 629 per
2545 557 2792 614 sedentes
2829 575 2960 615 vero
2999 576 3162 631 super
3191 576 3284 616 eas
3330 568 3687 616 sanctorum

2188 660 2290 700 mae
2315 645 2714 718 designantur:
2758 647 2905 721 quod
2952 657 3136 704 autem
3176 647 3478 721 judicium
3519 648 3726 706 datum
3756 655 3810 709 si:

2185 735 2409 804 sanctis,
2449 753 2682 810 quorum
2729 738 2924 793 animae
2956 738 3014 793 in
3042 738 3254 794 cmlesti
3309 737 3698 796 beatitudine
3749 760 3808 796 re

2185 824 2518 896 quiescunt;
2566 827 2624 881 in
2663 825 2768 884 hoc
2821 826 3104 884 advertere
3158 845 3498 900 possumus,
3572 845 3710 885 cum

2183 930 2374 969 eorum
2432 916 2680 986 sepulcra
2736 903 3007 972 daemonia
3061 915 3130 972 ab
3175 916 3424 972 obsessis
3474 919 3808 990 corporibus

2182 1001 2404 1072 expelli,
2437 1001 2676 1074 perjuria
2710 1020 2847 1076 saepe
2898 1003 3110 1077 detegi,
3130 1013 3297 1078 atque
3347 1007 3551 1062 multa
3585 1007 3808 1063 mirata-

2181 1088 2232 1143 la
2273 1089 2392 1145 ﬁeri
2450 1089 2717 1147 videmus.
2776 1094 2850 1147 Et
2902 1092 3110 1148 animas
3138 1093 3570 1165 interfectorum
3595 1105 3811 1168 propter

2176 1178 2388 1233 verbum
2423 1179 2542 1247 Dei,
2573 1186 2621 1234 et
2648 1179 2997 1235 testimonium
3026 1181 3150 1237 Jesu
3167 1201 3189 1247 ,'
3219 1188 3270 1238 et
3299 1184 3399 1254 qui
3448 1202 3572 1239 non
3625 1186 3810 1241 adora.

2175 1275 2368 1324 verunt
2416 1269 2629 1326 bestiam
2699 1276 2748 1325 et
2795 1271 3075 1343 imaginem
3135 1272 3272 1344 ejus,
3331 1292 3431 1329 nec
3487 1287 3814 1349 acceperat

2174 1358 2525 1414 characterem
2574 1360 2689 1430 ejus
2741 1360 2799 1414 in
2843 1360 3112 1432 frontibus
3141 1371 3237 1418 aut
3280 1365 3336 1418 in
3366 1366 3645 1421 manibus
3687 1371 3809 1453 suis,

2170 1447 2418 1503 vixerunt
2469 1455 2516 1504 et
2567 1458 2917 1522 regnaverunt
2963 1469 3080 1506 cum
3131 1453 3344 1510 Christo
3399 1456 3566 1511 mille
3625 1447 3808 1513 annis:

2171 1536 2273 1593 Per
2301 1537 2513 1595 animas
2541 1536 2960 1598 interfectorum
3011 1550 3238 1615 propter
3279 1543 3532 1600 verbum
3590 1547 3723 1614 Dei,
3763 1559 3806 1601 et

2171 1628 2552 1684 testimonium
2581 1630 2709 1686 Jesu
2762 1639 3029 1704 martyres
3087 1634 3184 1707 qui
3225 1633 3470 1691 diversis
3538 1639 3806 1709 tempori-

466 1709 610 1776 vult,
650 1709 920 1779 retrahit;
953 1717 1007 1766 et
1036 1725 1173 1783 quos
1214 1709 1359 1780 vult,
1398 1710 1456 1766 in
1487 1708 1605 1782 ejus
1649 1710 2055 1768 damnationem
2095 1739 2140 1800 B
2172 1717 2276 1774 bus
2331 1719 2607 1777 interfecti
2665 1729 2814 1790 sunt,
2861 1737 3153 1794 possumus
3207 1723 3463 1796 accipere
3499 1745 3513 1781 :
3555 1708 3680 1798 per,
3716 1744 3798 1782 eas

463 1797 656 1856 cadere
700 1799 848 1871 juste
896 1797 1189 1872 permittit.
1234 1798 1336 1856 Per
1377 1807 1624 1857 catenam
1653 1816 1783 1858 vero
1813 1817 2065 1874 magnam

465 1887 582 1961 ejus
609 1897 846 1960 potestas
875 1887 1212 1962 designatur.

538 1979 720 2050 (Vers.
769 1979 851 2051 2.)
905 1981 980 2036 Et
1033 1979 1378 2050 apprehendit
1417 1979 1718 2048 draconem,
1766 1986 2055 2054 serpentem

462 2069 762 2140 antiquum,
796 2068 889 2141 qui
934 2074 1154 2125 vocatur
1183 2068 1428 2124 diabolus
1475 2075 1522 2124 et
1566 2075 1805 2138 satanas,
1837 2076 1885 2124 et
1912 2071 2052 2126 reli-

460 2158 605 2231 gavit
650 2175 767 2214 eum
805 2175 905 2231 per
964 2175 1133 2215 annos
1179 2157 1345 2214 mille.
1389 2157 1771 2230 Apprehendit
1811 2157 2063 2217 Christus

462 2255 768 2321 serpentem
799 2247 1112 2320 antiquum,
1143 2246 1200 2304 id
1237 2255 1339 2316 est,
1371 2246 1679 2314 diabolum,
1711 2248 1930 2321 quando
1962 2265 2059 2321 per

461 2349 694 2399 mortem
723 2358 876 2399 suam
907 2341 1025 2414 ejus
1070 2339 1346 2398 destruxit
1392 2340 1690 2413 imperium
1719 2358 1731 2396 :
1765 2359 1861 2415 per
1889 2360 2061 2401 annos

459 2439 641 2488 autem
674 2431 826 2490 mille
856 2449 1018 2489 omne
1045 2439 1262 2504 tempus
1289 2429 1356 2486 ab
1384 2429 1626 2487 adventu
1655 2430 1862 2489 Christi
1891 2449 2062 2506 usque

459 2519 529 2576 ad
571 2520 738 2578 ﬁnem
787 2521 981 2578 mundi
1029 2520 1290 2577 debemus
1331 2520 1595 2593 accipere.
1629 2521 1902 2594 Religavit
1933 2539 2061 2595 ergo

459 2609 713 2670 Christus
743 2611 1026 2669 diabolum
1075 2627 1188 2668 non
1216 2610 1458 2669 vinculis
1488 2610 1786 2682 corporeis,
1818 2610 1912 2667 sed
1942 2612 2060 2669 vin-

461 2706 605 2763 culis
639 2706 922 2780 potestatis
962 2723 1074 2764 suaa
1119 2707 1399 2764 immensae
1433 2721 1446 2773 ;
1497 2705 1625 2779 quia
1653 2722 1778 2762 eum
1809 2723 1840 2762 a
1867 2705 2062 2764 cordi—

461 2797 565 2854 bus
602 2799 902 2856 electorum
947 2815 1172 2856 suorum
1221 2798 1520 2872 expellens,
1567 2797 1634 2853 ab
1677 2813 1868 2854 eorum
1907 2798 2060 2856 dece-

461 2886 648 2959 ptione
676 2887 868 2943 divina
895 2903 992 2942 sua
1021 2887 1226 2944 virtute
1257 2889 1544 2945 exclusum
1573 2893 1743 2943 tenet.

533 2977 717 3048 (Vers.
745 2975 827 3048 3.)
857 2978 931 3033 Et
957 2976 1102 3032 misit
1127 2995 1241 3033 eum
1271 2979 1330 3033 in
1356 2979 1620 3050 abyssum,
1662 2983 1710 3032 et
1753 2975 1963 3047 clausit,
2013 2981 2061 3032 et

457 3063 684 3135 signavit
711 3081 868 3137 super
895 3082 1010 3122 eum
1039 3083 1060 3132 ;
1097 3071 1155 3121 ut
1194 3083 1302 3122 non
1341 3067 1550 3122 seducat
1593 3065 1825 3137 amplius
1865 3071 2054 3136 gentes,
2087 3104 2130 3164 Ο

456 3155 614 3212 donec
663 3164 1086 3215 consummentur
1130 3157 1276 3214 mille
1317 3157 1447 3213 anni
1484 3174 1495 3212 :
1542 3163 1663 3228 post
1709 3156 1815 3210 haec
1858 3161 2060 3227 oportet

453 3252 610 3309 illum
662 3255 797 3312 solvi
856 3255 1058 3312 modico
1104 3261 1349 3327 tempore.
1408 3251 1798 3325 Alligationem
1849 3250 2056 3308 diaboli

453 3341 632 3397 tribus
663 3343 842 3399 modis
873 3361 1164 3416 possumus
1195 3342 1503 3416 intelligere
1531 3360 1544 3409 ;
1589 3357 1878 3413 possumus
1907 3357 2055 3396 nam-

451 3444 557 3500 que
587 3429 693 3486 hoc
721 3431 1048 3503 simpliciter
1091 3431 1423 3502 intelligere,
1460 3439 1521 3486 ut
1551 3431 1758 3486 virtute
1799 3429 1900 3486 Dei
1928 3446 2058 3485 om-

450 3517 754 3587 nipotentis
803 3520 860 3574 in
905 3521 1104 3590 abysso
1150 3521 1411 3591 religatus
1455 3528 1708 3576 teneatur
1757 3535 1930 3591 usque
1986 3518 2055 3576 ad

451 3612 668 3674 tempus
695 3605 1031 3675 praeﬁnitum
1066 3623 1078 3661 ;
1119 3622 1410 3677 possumus
1449 3607 1618 3661 etiam
1653 3623 1750 3678 per
1793 3607 2052 3678 abyssum

449 3690 617 3749 corda
637 3690 936 3764 impiorum
965 3691 1295 3764 intelligere,
1319 3700 1382 3748 ut
1410 3709 1440 3748 a
1470 3692 1730 3750 cordibus
1751 3695 2050 3754 electorum

453 3781 733 3851 exclusus,
769 3781 913 3839 intra
945 3782 1226 3856 angustias
1255 3782 1505 3840 cordium
1537 3782 1894 3854 reproborum
1924 3802 2052 3843 con-

448 3873 674 3932 strictus
701 3881 756 3930 et
785 3873 1041 3946 alligatus
1068 3880 1320 3930 teneatur
1352 3890 1364 3929 :
1405 3889 1693 3945 possumus
1730 3883 1784 3931 et
1812 3873 1918 3932 hoc
1945 3883 2050 3932 ter-

447 3968 528 4026 tio
557 3969 723 4026 modo
747 3969 1074 4043 intelligere,
1103 3967 1370 4025 Diabolus
1399 3967 1542 4024 nihil
1569 3968 1723 4026 aliud
1753 3968 2045 4042 desiderat,

445 4074 610 4130 quam
643 4059 1021 4132 deceptionem
1071 4057 1360 4116 hominum
1396 4075 1408 4113 :
1440 4065 1494 4113 et
1541 4057 1678 4114 dum
1720 4075 1816 4132 per
1855 4067 2049 4117 custo-

445 4144 595 4200 diam
624 4145 724 4200 Dei
745 4148 1161 4219 omnipotentis,
1187 4148 1281 4222 qui
1311 4148 1513 4205 electos
1542 4164 1669 4204 suos
1698 4149 1974 4206 custodire
1994 4159 2046 4208 et

446 4230 741 4287 defendere
787 4249 898 4288 non
933 4235 1169 4304 desistit,
1217 4236 1286 4292 ab
1332 4253 1521 4293 eorum
1555 4236 1874 4310 deceptione
1902 4255 2044 4297 arce-

446 4328 557 4389 tur,
591 4321 746 4394 quasi
775 4322 1102 4394 quibusdam
1147 4325 1388 4383 vinculis
1427 4326 1544 4399 ejus
1592 4328 1920 4400 impiissima
1955 4347 2046 4386 vo-

446 4413 630 4469 luntas
658 4409 884 4484 religata
916 4416 1154 4467 tenetur.
1195 4411 1298 4467 Per
1327 4421 1514 4486 gentes
1545 4431 1677 4471 vero
1709 4434 1844 4490 quas
1872 4419 2044 4476 sedu—

444 4519 567 4561 cere
595 4517 708 4559 non
740 4500 1099 4574 permittitur,
1130 4501 1276 4558 solos
1305 4502 1506 4560 electos
1535 4505 1796 4563 debemus
1823 4507 2044 4564 intelli-

445 4610 568 4668 gere
604 4611 615 4650 :
645 4600 862 4666 tempus
892 4591 1193 4662 modicum,
1247 4608 1356 4666 quo
1401 4601 1525 4666 post
1554 4594 1708 4649 mille
1737 4611 1910 4652 annos
1940 4599 2044 4654 sol-

444 4684 656 4742 vendus
685 4700 802 4742 esse
849 4683 1074 4754 dicitur,
1118 4691 1335 4757 tempus
1382 4681 1715 4740 Antichristi
1745 4693 1866 4753 est;
1911 4695 2044 4744 tunc

442 4775 592 4832 enim
621 4775 860 4848 peccatis
887 4774 1180 4845 hominum
1227 4774 1581 4843 facientibus,
1630 4772 1855 4830 dabitur
1893 4783 2041 4849 pote-

441 4872 552 4920 stas
583 4863 805 4922 diabolo
834 4871 948 4922 tota
971 4865 1181 4924 virtute
1210 4871 1402 4922 contra
1431 4879 1600 4938 genus
1623 4861 1927 4923 humanum
1959 4865 2041 4922 di-

440 4953 706 5012 micandi.
985 4995 996 5004 -

513 5043 696 5113 (Vera.
737 5043 820 5116 4.)
849 5045 925 5102 Et
950 5044 1062 5101 vidi
1089 5045 1230 5102 sedes
1257 5061 1271 5113 ;
1303 5049 1352 5100 et
1381 5045 1628 5100 sederunt
1655 5060 1814 5119 super
1843 5061 1950 5113 eas,
1993 5053 2040 5102 et

427 5130 697 5202 judicium
740 5133 922 5190 datum
965 5141 1038 5190 est
1093 5135 1224 5191 illis.
1274 5135 1415 5202 Quia
1460 5135 1712 5208 superius
1768 5135 2034 5206 narravit,

435 5236 546 5292 quo
576 5221 769 5280 ordine
796 5223 1174 5281 misericordia
1202 5223 1394 5281 divina
1414 5223 1662 5298 quotidie
1681 5227 1886 5283 electos
1908 5242 2033 5282 suos

432 5307 502 5364 ab
541 5309 944 5368 immanissimo
985 5310 1142 5369 hoste
1189 5311 1409 5370 diabolo
1445 5313 1661 5383 liberet,
1694 5330 2033 5388 consequens

507 5453 623 5534 (69)
656 5453 760 5534 Pr?
791 5453 1052 5534 religatus
1100 5453 1324 5534 quidam
1364 5455 1582 5534 codices
1622 5454 1870 5512 scribunt
1901 5456 2029 5510 rele-

429 5529 620 5648 ggtitis;
653 5523 748 5582 sed
790 5522 876 5581 hae
907 5522 1045 5582 ’duo
1092 5522 1253 5586 v'oces
1298 5526 1459 5586 facile
1493 5525 1554 5584 in
1598 5541 1728 5584 mss.
1761 5543 2024 5586 commu-

489 5607 525 5647 n
554 5609 638 5649 ur.

2174 1825 2303 1866 vero
2335 1827 2454 1883 quae
2507 1827 2619 1866 non
2663 1811 3049 1868 adoraverumt
3096 1812 3328 1869 bestiam
3383 1823 3442 1870 et
3492 1816 3803 1890 imaginem

2173 1897 2309 1971 ejus,
2340 1916 2433 1956 eos
2452 1901 2548 1972 qui
2568 1900 2636 1956 ab
2665 1900 3009 1957 Antichristo
3047 1901 3425 1959 interﬁciendi
3459 1915 3626 1974 sunt,
3669 1919 3796 1980 puta

2172 2007 2286 2047 esse
2313 1989 2724 2061 intelligendos.
2759 1990 2856 2046 Isti
2897 2007 3024 2064 ergo
3064 1994 3320 2049 vixerunt
3348 2002 3398 2050 et
3431 2009 3799 2067 regnaverunt

2171 2097 2287 2134 cum
2322 2079 2531 2136 Christo
2560 2079 2705 2136 mille
2732 2082 2890 2136 annis
2913 2100 2934 2147 ;
2959 2082 3088 2155 quia
3114 2085 3374 2156 quamvis
3409 2103 3660 2159 corpore
3690 2090 3798 2145 sint

2171 2168 2466 2238 interfecti,
2531 2170 2832 2226 secundum
2889 2172 3131 2228 animam
3163 2180 3350 2230 tamen
3395 2177 3620 2234 vivunt
3670 2195 3790 2235 cum

2172 2259 2394 2319 Christo
2422 2260 2480 2315 in
2506 2261 2714 2317 caelesti
2759 2260 3122 2320 beatitudine.
3154 2263 3260 2320 Sed
3291 2267 3674 2337 quaerendum
3706 2286 3792 2325 no-

2169 2350 2256 2406 bis
2285 2359 2365 2406 est
2394 2350 2670 2424 quomodo
2700 2351 2859 2408 electi
2892 2351 2986 2424 qui
3018 2353 3254 2408 instante
3286 2354 3399 2410 ﬁne
3461 2359 3674 2414 mundi
3704 2377 3792 2414 na-

2171 2439 2361 2496 scituri
2390 2447 2537 2509 sunt,
2570 2457 2695 2497 cum
2720 2439 2942 2499 Christo
2974 2442 3125 2497 mille
3157 2443 3319 2498 annis
3337 2461 3582 2516 regnare
3607 2447 3788 2504 dican~

2169 2539 2281 2602 tur,
2309 2549 2435 2589 cum
2483 2542 2698 2606 tempus
2749 2534 2910 2591 mille
2953 2551 3224 2592 annorum
3254 2553 3371 2593 non
3405 2539 3480 2595 ad
3532 2541 3782 2598 futurum

2169 2629 2404 2695 tempus,
2438 2624 2584 2697 quod
2616 2624 2734 2679 sine
2765 2623 2875 2680 ﬁne
2932 2633 3033 2694 est,
3083 2625 3177 2681 sed
3208 2627 3277 2683 ad
3307 2643 3561 2700 praesens
3606 2633 3783 2704 potius

2168 2713 2458 2784 pertineat,
2491 2712 2637 2786 quod
2669 2712 2726 2770 in
2758 2713 2864 2769 ﬁne
2886 2714 3080 2769 mundi
3101 2717 3623 2788 consummabitur,
3647 2729 3699 2776 et
3729 2721 3781 2777 in

2168 2817 2276 2874 quo
2303 2801 2438 2858 ﬁdes
2476 2802 2763 2876 Evangelii
2794 2819 2890 2876 per
2918 2805 3243 2860 universum
3293 2807 3492 2864 orbem
3551 2810 3776 2878 ﬂorens,

2168 2890 2370 2947 electos
2407 2891 2653 2964 quotidie
2706 2892 2775 2948 ad
2822 2893 2991 2949 vitam
3041 2901 3302 2950 aeternam
3357 2899 3780 2971 percipiendam

2168 2977 2377 3051 dirigit.
2432 2981 2590 3048 Quod
2647 2982 2724 3038 ita
2787 2981 3116 3038 solvendum
3182 2994 3338 3055 puto.
3401 2986 3658 3059 Tempus
3714 2990 3777 3045 ab

2167 3071 2486 3126 ascensione
2519 3070 2726 3128 Christi
2757 3089 2931 3146 usque
2953 3073 3019 3130 ad
3045 3074 3210 3129 ﬁnem
3240 3075 3462 3145 mundi,
3498 3079 3659 3151 quod
3689 3096 3780 3152 per

2169 3158 2321 3214 mille
2349 3175 2522 3215 annos
2542 3158 2876 3233 designatur,
2911 3161 3168 3218 omnibus
3207 3162 3399 3219 electis
3432 3165 3768 3237 deputatum

2167 3255 2268 3315 est,
2299 3255 2362 3303 ut
2391 3249 2448 3303 in
2476 3265 2540 3304 eo
2569 3249 2686 3305 sine
2711 3249 3034 3324 corporibus
3063 3252 3236 3323 gloria
3251 3254 3468 3310 ccelesti
3509 3272 3644 3311 cum
3673 3259 3775 3313 Do-

2167 3336 2319 3392 mino
2369 3338 2758 3409 perfruantur:
2811 3347 2866 3395 et
2926 3339 3129 3396 scimus
3185 3342 3317 3414 quia
3363 3360 3558 3400 omnes
3614 3346 3773 3402 electi

2165 3425 2410 3480 membra
2440 3425 2644 3484 Christi
2675 3435 2823 3496 sunt,
2855 3435 2909 3485 et
2939 3444 3009 3484 ex
3037 3430 3228 3488 multis
3277 3431 3546 3488 membris
3595 3450 3772 3491 unum

2163 3528 2360 3586 corpus
2389 3515 2625 3571 efﬁcitur
2654 3534 2668 3584 ;
2699 3525 2754 3573 et
2789 3517 2835 3572 si
2875 3518 3144 3591 gloriatur
3191 3536 3371 3577 unum
3427 3522 3768 3594 membrum,

2161 3601 2505 3674 congaudent
2534 3605 2722 3661 omnia
2753 3607 3017 3663 membra.
3042 3607 3320 3664 Gaudium
3355 3609 3530 3682 igitur
3559 3628 3764 3683 praece-

2160 3687 2410 3748 dentium
2441 3701 2780 3763 sanctorum,
2827 3694 3049 3752 illorum
3093 3697 3470 3756 nihilominus
3507 3701 3640 3768 erit,
3674 3704 3762 3773 qui

2159 3779 2217 3835 in
2247 3780 2356 3836 ﬁne
2405 3783 2600 3838 mundi
2651 3784 2915 3842 nascituri
2971 3795 3118 3855 sunt,
3155 3787 3284 3860 quia
3333 3804 3510 3844 unum
3562 3807 3761 3863 corpus

2158 3868 2464 3926 eﬁicicntur
2517 3889 2642 3930 cum
2694 3874 2792 3943 eis,
2842 3882 2896 3931 et
2941 3872 3000 3930 in
3046 3874 3170 3932 aliis
3212 3875 3583 3948 possidebunt
3613 3879 3755 3952 quod

2157 3957 2291 4032 ipsis
2315 3959 2512 4018 deerit.

2229 4048 2410 4121 (Vers.
2441 4049 2524 4124 5.)
2561 4050 2751 4108 Crateri
2795 4069 2919 4109 vero
2967 4070 3072 4108 non
3099 4053 3379 4124 vixerunt,
3434 4055 3598 4110 donec
3640 4073 3754 4112 con~

2154 4147 2478 4196 summentur
2527 4142 2673 4210 mille
2724 4143 2874 4198 anni.
2931 4141 3122 4200 Crateri
3175 4152 3384 4214 autem,
3435 4145 3495 4201 id
3537 4154 3623 4201 est
3674 4164 3750 4203 re-

2153 4228 2330 4300 probi,
2390 4247 2503 4286 non
2549 4232 2826 4302 vixerunt,
2879 4233 3007 4306 quia
3055 4241 3176 4306 post
3220 4243 3457 4291 mortem
3514 4253 3629 4291 non
3685 4237 3752 4294 ad

2154 4319 2324 4374 vitam
2349 4319 2648 4389 ducuntur,
2683 4338 2802 4395 quae
2843 4323 2902 4378 in
2930 4323 3243 4380 coelestibus
3288 4333 3614 4382 sanctorum
3638 4328 3749 4382 ani-

2151 4411 2344 4468 mabus
2389 4413 2568 4482 datur,
2601 4413 2694 4470 sed
2722 4414 2781 4469 in
2833 4415 3111 4472 infernum
3155 4415 3576 4490 demerguntur,
3633 4435 3750 4492 qua

2151 4498 2210 4554 in
2239 4500 2343 4558 hoc
2368 4501 2510 4558 libro
2543 4519 2690 4559 mors
2719 4504 2896 4576 prima
2925 4513 3153 4562 vocatur
3183 4506 3323 4579 (70).

2226 4591 2408 4662 (Vers.
2429 4592 2509 4664 6.)
2539 4594 2660 4648 Haec
2686 4600 2759 4648 est
2809 4597 3122 4650 resurrectio
3147 4595 3353 4668 prima.
3408 4599 3614 4654 Beatus
3649 4604 3742 4670 qui

2151 4681 2302 4736 habet
2319 4687 2526 4752 partem
2556 4683 2612 4737 in
2659 4685 3037 4740 resurrectione
3079 4686 3285 4758 prima,
3325 4687 3388 4742 in
3422 4688 3491 4744 iis
3520 4692 3750 4746 secunda

2148 4785 2292 4824 mors
2320 4786 2426 4825 non
2452 4770 2604 4826 habet
2645 4778 2968 4844 potestatem.
3025 4773 3397 4842 Quaerendum
3436 4777 3597 4834 nobis
3648 4788 3747 4852 est,

2149 4875 2269 4932 quae
2297 4858 2369 4916 sit
2395 4861 2721 4918 resurrectio
2770 4863 2984 4935 prima;
3041 4881 3166 4921 nam
3217 4867 3458 4939 primam
3511 4886 3750 4928 resurre-

2147 4947 2384 5007 ctionem
2416 4967 2526 5007 non
2559 4951 2784 5022 diceret,
2816 4953 2923 5010 nisi
2952 4964 3093 5012 esset
3126 4964 3178 5012 et
3209 4957 3455 5014 secunda
3491 4978 3503 5014 :
3542 4976 3644 5017 nec
3673 4979 3746 5018 se-

2146 5037 2382 5094 cundam
2435 5047 2688 5111 mortem,
2735 5041 2843 5097 nisi
2890 5051 3029 5100 esset
3055 5052 3109 5101 et
3137 5045 3340 5117 prima.
3387 5047 3745 5121 Resurgimus

2144 5128 2328 5202 itaque
2357 5130 2535 5202 primo
2579 5147 2674 5203 per
2713 5130 3049 5204 baptismum
3101 5151 3134 5190 a
3160 5143 3338 5192 morte
3370 5137 3616 5212 animas:
3656 5143 3744 5199 sed

2143 5218 2274 5292 quia
2314 5218 2450 5276 dicit
2490 5221 2677 5278 beatos
2721 5238 2836 5280 esse
2889 5239 2981 5282 eos
3027 5224 3122 5298 qui
3166 5223 3376 5292 habent
3403 5237 3634 5302 partem
3689 5233 3739 5287 in

2143 5313 2536 5370 resurrectione
2578 5314 2774 5386 prima,
2833 5332 2943 5373 non
2991 5317 3132 5373 mihi
3187 5318 3254 5375 de
3303 5319 3590 5393 baptismo
3644 5324 3738 5383 hoc

2213 5453 2328 5526 (70)
2351 5455 2508 5532 130m.
2541 5457 2673 5513 edit.
2707 5466 2759 5514 et
2787 5459 2915 5532 Reg.
2949 5475 3074 5532 ms.,
3123 5478 3266 5517 mors
3315 5468 3554 5524 secunda
3583 5484 3735 5524 voca-

2139 5531 2316 5585 tur....
2347 5528 2542 5585 Beatus
2581 5537 2629 5586 et
2654 5528 2888 5600 sanctus,
2913 5531 3006 5604 qui
3033 5532 3202 5603 habet,
3234 5541 3343 5595 etc.
