3902 6198
189 326 316 387 1017

1061 326 1519 386 BERENGAUDI
1555 324 1929 385 EXPOSITIO
1967 326 2037 383 IN
2075 326 2575 385 APOCALYPSIN.

3330 323 3467 383 1018

184 453 387 513 dictum
415 455 669 525 videtur;
702 471 766 513 eo
796 453 943 529 quod
971 470 1083 512 non
1109 471 1301 513 omnes
1349 455 1496 512 beati
1524 455 1636 513 sint
1664 455 1761 529 qui
1791 458 1844 518 Α
1866 456 2070 512 electos
2105 455 2559 527 comprehendit;
2590 471 2782 512 omnes
2811 470 3049 529 namque
3076 454 3261 525 electi,
3292 470 3466 513 sacer-

184 560 276 617 per
299 544 635 618 baptismum
667 551 886 601 amorte
916 545 1114 602 animae
1139 560 1422 619 resurgere
1452 544 1714 602 videntur
1744 561 1759 611 ;

180 649 248 690 eo
295 635 443 708 quod
489 635 746 692 nonnulli
777 639 923 698 572
970 643 1095 708 post
1130 635 1466 709 baptismum
1514 633 1619 707 ipsi
1661 633 1767 689 sibi

180 730 451 802 peccando
496 738 728 788 mortem
757 731 1064 800 attrahunt,
1123 730 1441 788 mentiendo
1468 746 1589 803 quae
1618 730 1677 785 in
1704 745 1768 785 eo

180 818 569 890 promiserunt,
626 828 789 894 atque
846 820 906 876 in
958 820 1072 877 suis
1125 822 1287 877 malis
1347 818 1765 893 perseverando.

180 907 317 963 Sunt
346 909 510 964 etiam
543 910 799 966 nonnulli
843 911 938 984 qui
986 918 1110 982 post
1156 910 1614 984 perpetrationem
1643 926 1769 967 sce-

179 995 377 1062 lerum,
399 996 600 1068 quibus
629 996 735 1053 sibi
764 1005 999 1054 mortem
1031 997 1361 1066 intulerunt,
1390 996 1460 1053 ad
1481 998 1651 1053 vitam
1674 1014 1771 1070 per

180 1085 578 1158 pmnitentiam,
618 1093 672 1141 et
722 1087 1015 1158 lacrymas,
1068 1094 1369 1161 ceteraque
1416 1086 1563 1143 bona
1606 1103 1770 1160 opera

182 1175 430 1242 redeunt,
488 1173 557 1230 de
610 1174 811 1248 quibus
866 1175 1163 1247 Apostolus
1212 1175 1476 1246 loquitur,
1531 1177 1763 1253 dicens:

195 1286 216 1309 ι
258 1262 443 1334 Surge,
474 1262 569 1335 qui
600 1261 828 1331 dormis,
856 1270 911 1319 et
940 1279 1171 1335 exsurge
1199 1280 1230 1319 a
1277 1264 1532 1333 mortuis,
1563 1273 1617 1320 et
1644 1264 1769 1320 illu-

180 1348 412 1406 minabit
442 1357 495 1407 te
539 1350 795 1408 Christus
822 1352 1122 1424 (Ephes.v,
1148 1351 1303 1424 14).»
1344 1352 1449 1409 Sed
1478 1368 1579 1410 nec
1606 1352 1767 1409 istam

180 1438 411 1511 primam
449 1441 909 1498 resurrectionem
956 1441 1138 1498 dicere
1172 1458 1495 1515 possumus;
1529 1458 1593 1498 eo
1622 1442 1770 1514 quod

181 1532 360 1603 primo
407 1547 503 1603 per
552 1530 909 1603 baptismum,
950 1531 1193 1589 secundo
1242 1548 1337 1605 per
1388 1531 1770 1604 paenitentiam

179 1629 237 1677 et
274 1621 545 1693 lacrymas
594 1621 794 1678 animm
843 1628 1044 1678 nostrae
1099 1622 1168 1678 ad
1195 1621 1367 1677 vitam
1419 1627 1767 1677 revocentur.

176 1708 401 1765 Necesse
429 1717 510 1765 est
530 1725 659 1783 ergo
691 1718 754 1767 ut
784 1709 1202 1782 investigemus,
1236 1726 1399 1783 quam
1424 1716 1582 1767 vocet
1596 1724 1770 1765 resur-

177 1798 474 1857 rectionem
505 1801 762 1873 primam.

251 1888 492 1956 Quatuor
520 1896 648 1945 sunt
664 1889 796 1945 vitae
824 1888 1074 1946 ﬁdelium
1098 1907 1109 1945 :
1135 1888 1312 1962 prima
1340 1887 1504 1956 mala,
1531 1885 1772 1943 secunda

175 1976 319 2033 bona
345 1984 398 2033 et
429 1977 593 2047 mala,
624 1978 800 2035 tertiae
829 1994 961 2035 vero
988 1986 1043 2035 et
1070 1984 1276 2051 quartae
1310 1976 1527 2032 nullum
1561 1977 1768 2033 malum

176 2064 453 2122 adhaerere
496 2073 692 2139 potest.
727 2066 911 2122 Prima
958 2076 1039 2124 est
1081 2074 1206 2123 ante
1243 2064 1601 2139 baptismum,
1649 2081 1770 2139 quae

176 2161 291 2210 tota
320 2155 464 2211 mala
507 2164 589 2212 est
633 2173 646 2210 :
694 2155 936 2211 secunda
980 2163 1106 2227 post
1140 2155 1497 2228 baptismum,
1549 2171 1670 2227 qua:
1717 2163 1772 2210 et

172 2245 320 2302 bona
344 2253 400 2301 et
419 2245 564 2299 mala
591 2243 703 2300 dici
730 2252 911 2318 potest
935 2262 948 2312 ;
974 2245 1162 2300 nullus
1191 2244 1338 2300 enim
1364 2243 1613 2300 ﬁdelium
1637 2253 1769 2300 tem-

172 2352 279 2410 pus
307 2334 439 2391 vitae
467 2333 755 2407 preesentis
799 2334 918 2390 sine
964 2334 1243 2407 aliquibus
1267 2334 1507 2407 peccatis
1536 2334 1772 2392 transire

172 2431 373 2498 potest,
406 2423 551 2480 sicut
579 2424 682 2480 iste
711 2423 945 2479 Joannes
989 2422 1235 2496 loquitur
1262 2422 1451 2479 dicens
1482 2441 1495 2479 :
1545 2448 1565 2471 ι
1601 2423 1658 2479 Si
1690 2422 1771 2479 di-

172 2511 424 2568 xerimus
453 2509 584 2584 quia
629 2520 913 2583 peccatum
942 2527 1054 2567 non
1084 2511 1370 2580 habemus,
1405 2511 1773 2585 nosmetipsos

172 2600 511 2668 seducimus,
559 2606 614 2656 et
662 2600 865 2657 veritas
893 2600 954 2656 in
992 2600 1153 2657 nobis
1182 2618 1293 2658 non
1324 2610 1406 2658 est
1447 2602 1501 2676 (1
1537 2602 1695 2658 Joan.
1728 2619 1767 2671 1,

171 2689 259 2761 8).
289 2712 307 2736 ›
352 2688 535 2746 Tertia
561 2695 663 2758 est,
695 2704 816 2761 quae
846 2695 961 2745 tota
986 2689 1132 2746 bona
1159 2697 1260 2760 est,
1296 2697 1349 2746 et
1390 2689 1459 2746 ad
1498 2706 1660 2762 quam
1691 2705 1772 2745 se-

175 2777 287 2834 ries
332 2776 500 2851 hujus
543 2775 797 2834 lectionis
826 2777 1095 2850 pertinet,
1126 2794 1247 2851 quae
1277 2795 1308 2834 a
1332 2777 1585 2851 passione
1615 2776 1771 2835 Chri-

171 2867 250 2924 sti
277 2885 446 2941 usque
478 2866 547 2924 ad
575 2867 745 2924 ﬁnem
770 2868 967 2925 mundi
997 2869 1335 2939 extenditur,
1367 2869 1426 2924 in
1455 2885 1562 2943 qua
1597 2868 1773 2926 sancti

172 2956 300 3013 sine
334 2955 657 3029 corporibus
686 2973 813 3013 cum
842 2957 1080 3015 Domino
1108 2958 1225 3014 vita
1253 2967 1455 3016 aeterna
1482 2959 1772 3032 perfruun-

172 3054 315 3102 tur:
368 3062 529 3121 quam
585 3048 751 3104 etiam
795 3046 1029 3119 primam
1083 3048 1543 3107 resurrectionem
1590 3057 1772 3116 vocat,

169 3153 302 3196 cum
336 3135 474 3194 dicit
502 3154 513 3192 :
545 3137 669 3193 Haec
715 3143 791 3194 est
814 3138 1129 3194 resurrectio
1167 3139 1370 3211 prima.
1403 3139 1640 3211 Tempus
1668 3139 1773 3196 ita-

170 3241 284 3299 que
304 3241 335 3281 a
362 3225 615 3299 passione
635 3226 844 3285 Christi
875 3243 1048 3301 usque
1067 3228 1136 3285 ad
1166 3227 1333 3283 ﬁnem
1355 3229 1549 3285 mundi
1581 3246 1774 3286 resur-

166 3313 348 3372 rectio
376 3315 555 3386 prima
583 3322 832 3372 vocatur.
886 3315 1092 3383 Quarta
1140 3315 1259 3372 vita
1304 3324 1622 3373 sanctorum
1668 3317 1775 3374 erit

170 3411 303 3478 post
331 3402 696 3477 receptionem
742 3421 1058 3480 corporum,
1088 3422 1210 3479 qua)
1240 3406 1397 3462 nullo
1443 3405 1553 3463 ﬁne
1586 3406 1773 3462 termi-

167 3492 423 3551 nabitur.
473 3493 648 3566 Igitur
693 3494 824 3569 quia
851 3495 971 3552 vita
1008 3512 1248 3569 praesens
1277 3494 1337 3552 in
1363 3495 1775 3568 comparatione

170 3583 309 3641 vita:
338 3584 576 3642 caalestis
604 3602 752 3643 mors
782 3594 927 3645 recte
961 3587 1073 3645 dici
1125 3596 1325 3662 potest,
1369 3587 1545 3645 sancti
1595 3589 1774 3661 prima

167 3673 577 3731 resurrectione
605 3682 739 3734 tunc
768 3683 1082 3750 resurgunt,
1133 3693 1259 3735 cum
1306 3676 1374 3734 ab
1421 3676 1525 3734 hac
1570 3676 1772 3734 misera

168 3762 296 3820 vita
320 3761 609 3834 subtracti,
641 3763 701 3821 in
725 3765 935 3823 caelesti
983 3764 1330 3825 beatitudine
1376 3783 1503 3825 cum
1532 3767 1771 3825 Domino

165 3854 536 3914 collocantur.

242 3953 319 4009 Et
349 3953 494 4011 sicut
518 3959 600 4009 est
627 3951 746 4011 haec
774 3953 952 4027 prima
978 3957 1305 4015 resurrectio
1340 3964 1681 4028 sanctorum,
1698 3958 1776 4016 ita

165 4048 256 4098 est
307 4048 360 4098 et
405 4041 582 4114 prima
623 4057 774 4099 mors
802 4042 1136 4117 impiorum;
1196 4046 1416 4119 quando
1447 4055 1772 4120 praesentem

163 4129 347 4188 vitam
375 4129 653 4199 deserunt,
704 4138 757 4186 et
795 4131 856 4186 in
903 4132 1079 4204 poenis
1110 4133 1505 4208 demerguntur
1537 4152 1550 4191 :
1584 4152 1772 4192 secun-

165 4218 243 4276 da
296 4235 429 4276 vero
471 4235 621 4275 mors
668 4218 867 4274 ultima
894 4220 1177 4278 damnatio
1224 4223 1359 4292 erit,
1416 4224 1559 4279 sicut
1596 4224 1655 4279 in
1696 4241 1775 4281 se-

170 4309 476 4382 quentibus
538 4308 787 4381 exponit.
844 4309 999 4366 Beati
1050 4326 1176 4382 ergo
1227 4318 1391 4368 erunt
1431 4314 1527 4386 qui
1569 4314 1777 4370 habent

163 4406 385 4472 partem
432 4399 494 4455 in
526 4398 928 4455 resurrectione
958 4398 1158 4471 prima,
1202 4408 1256 4456 et
1303 4401 1361 4456 in
1407 4400 1478 4458 iis
1532 4403 1776 4460 secunda

160 4504 324 4545 mors
362 4504 475 4544 non
525 4486 690 4544 habet
721 4494 1080 4560 potestatem;
1121 4488 1249 4561 quia
1276 4488 1363 4544 illi
1392 4491 1775 4548 tantummodo

160 4576 323 4633 beati
370 4584 499 4633 sunt
529 4584 583 4632 et
613 4583 797 4643 erunt,
829 4576 924 4650 qui
953 4584 1078 4633 ante
1120 4576 1286 4634 ﬁnem
1326 4578 1521 4635 mundi
1561 4580 1620 4636 in
1649 4598 1775 4639 con-

164 4664 352 4722 sortio
381 4674 694 4723 sanctorum
727 4666 927 4724 ascribi
953 4666 1335 4724 merebuntur.
1366 4668 1571 4726 Multos
1603 4670 1775 4741 enim,

158 4753 285 4811 ﬁne
333 4754 529 4811 mundi
586 4755 844 4825 instante,
900 4755 1045 4829 ignis
1101 4758 1453 4830 purgatorius
1492 4758 1778 4832 purgando

156 4844 467 4915 cremabit,
510 4845 606 4903 sed
635 4854 762 4904 ante
788 4845 1063 4920 judicium
1099 4846 1337 4903 absoluti
1366 4849 1424 4905 in
1454 4858 1771 4906 sanctorum

154 4934 412 5007 collegio
446 4936 785 5009 recipientur
819 4954 831 4993 :
862 4944 1024 5011 atque
1052 4937 1113 4993 in
1143 4937 1212 4993 iis
1240 4939 1479 4996 secunda
1511 4957 1679 5010 mors,
1721 4941 1778 4998 id

153 5032 277 5094 est,
315 5023 597 5083 damnatio
627 5026 829 5083 ultima
856 5043 969 5083 non
999 5025 1224 5084 habebit
1247 5035 1573 5101 potestatem
1605 5047 1620 5096 ;
1649 5029 1780 5102 quia

146 5111 291 5187 jam
333 5128 448 5170 non
475 5130 601 5171 cum
644 5114 819 5173 hedis
846 5115 907 5172 in
934 5114 1194 5185 sinistris,
1226 5115 1320 5173 sed
1348 5133 1474 5173 cum
1505 5116 1778 5174 ovibusin

1810 4534 1859 4593 D

157 5202 429 5260 dexteris
491 5211 766 5276 ponentur
833 5204 1047 5279 (Matth.
1113 5222 1234 5261 xxv
1257 5248 1273 5275 ,
1333 5205 1450 5277 33).
1518 5206 1783 5263 Sederunt
1810 5224 1829 5239 ’ν

150 5292 471 5349 sacerdotes
521 5294 741 5350 Domini
784 5300 833 5350 et
891 5294 1111 5366 Christi,
1168 5301 1217 5351 et
1268 5302 1623 5367 regnaverunt
1663 5312 1781 5352 cum

156 5383 400 5441 Christo
453 5383 600 5439 mille
655 5385 832 5440 annis.
889 5383 1125 5442 Nomine
1186 5384 1532 5443 sacerdotum
1586 5402 1779 5443 omnes

410 5605 598 5677 Magog
626 5606 688 5662 de
714 5612 861 5675 tecto,
895 5607 953 5662 in
984 5607 1403 5665 edit.omissum
1422 5616 1555 5665 erat.

412 5676 497 5734 Ita
521 5693 659 5739 mss.
684 5693 749 5740 ac
771 5678 906 5738 Gill.
928 5678 989 5738 in
1008 5696 1234 5757 corpore
1267 5697 1280 5739 :
1314 5680 1461 5741 idem
1490 5697 1622 5741 vero
1642 5681 1776 5741 Gill.

242 5605 378 5751 fit}

1875 546 2030 604 dotes
2058 551 2345 613 vocantur,
2376 545 2494 601 sive
2540 544 2687 618 quod
2725 544 2836 602 sint
2865 545 3110 602 membra
3138 544 3342 601 summi
3370 562 3468 602 sa-

1875 635 2132 704 cerdotis,
2162 634 2279 691 sive
2329 634 2476 707 quod
2517 634 2623 707 ipsi
2668 634 2987 708 semetipsos
3014 635 3209 692 oﬁ‘erre
3233 636 3348 693 Deo
3372 650 3470 708 per

1875 727 2021 784 bona
2049 742 2211 799 opera
2239 743 2352 783 non
2390 725 2674 782 desistant.

1951 815 2132 887 (Vers.
2168 815 2245 887 7.)
2276 816 2351 872 Et
2394 832 2511 871 cum
2547 815 2891 871 consummati
2919 813 3122 885 fuerint
3145 814 3291 871 mille
3314 812 3465 882 anni,

1876 906 2106 961 solvetur
2151 910 2369 960 satanas
2405 904 2467 960 de
2515 920 2722 959 carcere
2765 921 2883 972 suo,
2919 910 2967 959 et
3007 902 3188 970 exibit,
3215 909 3263 958 et
3307 903 3470 958 sedu-

1876 1002 1952 1051 cet
1999 1001 2188 1067 gentes,
2219 1012 2337 1065 quae
2373 1000 2498 1050 sunt
2549 1010 2706 1065 super
2750 1000 2979 1065 quatuor
3024 993 3244 1063 angulos
3291 997 3467 1059 terrm,

1882 1085 1991 1156 Gog
2037 1090 2087 1139 et
2129 1085 2336 1155 Magog.
2369 1082 2527 1151 Quod
2564 1082 2657 1142 hic
2702 1098 2906 1149 carcer,
2941 1080 3193 1154 superius
3241 1078 3471 1152 abyssus

1876 1185 2125 1234 vocatur.
2187 1174 2291 1231 Sed
2347 1172 2568 1231 interim
2625 1172 2858 1246 quaastio
2915 1171 3094 1227 oritur
3152 1188 3164 1227 :
3221 1168 3472 1243 superius

1877 1267 2078 1340 quippe
2094 1264 2457 1338 quorumdam
2474 1263 2791 1337 opinionem
2808 1278 3060 1337 sequens,
3072 1259 3193 1317 dixi
3205 1276 3300 1332 per
3314 1258 3473 1330 abys-

1878 1372 1999 1411 sum
2031 1354 2197 1413 corda
2225 1354 2523 1427 impiorum
2554 1369 2711 1425 posse
2738 1350 3034 1425 designari,
3060 1351 3118 1405 in
3143 1348 3343 1422 quibus
3359 1346 3472 1403 dia-

1877 1442 2039 1499 bolus
2067 1459 2099 1498 a
2125 1441 2386 1498 cordibus
2412 1440 2660 1497 ﬁdelium
2689 1441 2972 1513 expulsus,
3005 1439 3265 1511 religatus
3291 1445 3471 1494 tenea-

1877 1540 1969 1589 tur
2002 1551 2013 1589 :
2047 1532 2093 1588 si
2136 1548 2263 1604 ergo
2299 1546 2397 1605 per
2443 1532 2702 1604 abyssum
2750 1530 2917 1588 corda
2961 1528 3319 1602 reproborum
3367 1525 3474 1582 de-

1879 1622 2184 1695 signantur,
2214 1620 2491 1695 quomodo
2528 1621 2596 1677 de
2639 1621 2856 1695 abysso,
2888 1620 2948 1676 id
2975 1627 3078 1687 est,
3112 1618 3178 1676 de
3209 1614 3474 1674 cordibus

1880 1710 2238 1783 reproborum
2283 1711 2436 1767 exire
2473 1710 2699 1780 dicitur,
2731 1728 2867 1784 quos
2898 1725 3181 1782 nunquam
3223 1707 3474 1764 derelin-

1800 1815 1848 1876 B
1880 1807 2010 1873 quet
2028 1800 2056 1857 ‘I
2085 1801 2359 1874 numquid
2387 1799 2646 1872 reprobos
2688 1799 3050 1857 derelicturus
3078 1806 3182 1867 est,
3212 1805 3267 1853 et
3304 1797 3474 1853 inva-

1879 1903 2041 1943 surus
2066 1887 2308 1945 electos?
2334 1888 2502 1945 Nullo
2530 1886 2714 1943 modo.
2745 1885 3139 1959 Alligationem
3178 1899 3308 1957 ergo
3346 1882 3477 1939 dia-

1878 1974 1991 2031 boli
2038 1976 2339 2032 secundum
2382 1976 2621 2033 litteram
2664 1972 3079 2047 intelligendam
3124 1980 3277 2045 puto,
3313 1979 3377 2028 ut
3412 1971 3472 2028 in
3536 2036 3542 2041 ν

1879 2065 2064 2138 aliquo
2092 2064 2278 2138 abyssi
2307 2065 2429 2121 loco
2459 2064 2667 2121 virtute
2697 2064 2890 2120 divina
2916 2062 3174 2136 religatus
3204 2070 3473 2131 teneatur,

1879 2153 1969 2208 vel
1996 2161 2142 2210 certe
2164 2153 2223 2209 in
2251 2153 2471 2210 inferno
2496 2169 2669 2226 usque
2698 2151 2766 2209 ad
2791 2151 2938 2209 diem
2963 2149 3327 2209 absolutionis
3341 2166 3475 2206 suae.

1882 2244 2097 2300 Seducet
2122 2253 2304 2301 autem
2342 2250 2511 2316 gentes
2547 2261 2665 2315 quia
2690 2250 2813 2300 sunt
2854 2261 3012 2317 super
3039 2248 3271 2313 quatuor
3296 2256 3479 2313 angu-

1884 2334 1959 2390 los
1990 2339 2180 2401 terrae;
2211 2332 2340 2405 quia
2372 2332 2658 2389 universas
2687 2340 2874 2405 gentes
2911 2349 3032 2406 qua:
3072 2331 3216 2387 intra
3245 2338 3479 2405 quatuor

1880 2423 2063 2495 plagas
2104 2421 2299 2477 mundi
2343 2422 2720 2490 continentur,
2768 2421 3101 2479 Antichristi
3145 2418 3478 2493 impiissima

1883 2510 2135 2568 doctrina
2163 2510 2516 2583 perlustrabit
2546 2528 2558 2566 :
2592 2513 2879 2584 nullasque
2904 2511 3039 2567 alias
3080 2518 3266 2583 gentes
3296 2507 3470 2567 sedu-

1880 2610 1988 2669 cet,
2014 2600 2125 2657 nisi
2167 2617 2287 2673 quat
2334 2600 2658 2672 spiritaliter
2684 2600 2802 2674 Gog
2853 2608 2907 2656 et
2941 2601 3136 2673 Magog
3163 2605 3434 2656 vocantur
3461 2616 3475 2665 ;

1881 2691 1998 2764 Gog
2042 2708 2282 2765 namque
2330 2690 2724 2764 interpretatur
2766 2698 2991 2760 tectum,
3031 2692 3222 2763 Magog
3267 2689 3334 2745 de
3385 2695 3479 2744 te-

1882 2791 1970 2839 cto
2001 2781 2141 2854 (71).
2177 2783 2279 2838 Per
2316 2782 2433 2855 Gog
2461 2781 2651 2853 igitur,
2680 2781 2776 2856 qui
2814 2781 3206 2854 interpretatur
3246 2785 3476 2846 tectum,

1883 2873 1924 2930 ii
1953 2874 2311 2947 designantur
2358 2874 2452 2947 qui
2486 2873 2753 2929 malitiam
2793 2889 2948 2930 suam
2995 2873 3051 2929 in
3086 2871 3250 2931 corde
3277 2879 3478 2945 tegen-

1882 2972 1984 3034 tes,
2009 2962 2149 3036 justi
2177 2963 2246 3020 ab
2274 2962 2597 3020 hominibus
2624 2962 2982 3032 videbuntur,
3005 2979 3131 3020 cum
3166 2961 3339 3019 futuri
3366 2961 3480 3018 sint

1884 3061 2066 3110 mente
2114 3054 2332 3127 reprobi
2370 3055 2603 3129 :Magog
2642 3070 2796 3124 vero,
2840 3053 2935 3128 qui
2976 3053 3368 3126 interpretatur
3412 3051 3480 3108 de

1802 3168 1853 3233 ρ
1881 3150 2050 3212 tecto,
2069 3159 2162 3200 eos
2187 3143 2435 3217 designat
2463 3144 2557 3217 qui
2584 3143 2652 3201 de
2680 3152 2826 3201 tecto
2852 3142 3036 3200 cordis
3066 3142 3154 3199 sui
3182 3142 3241 3198 in
3265 3149 3479 3233 apertas

1884 3231 2133 3288 miserias
2160 3232 2276 3305 (72)
2300 3241 2742 3306 prorumpentes,
2773 3231 3030 3288 omnibus
3059 3247 3115 3288 se
3145 3229 3345 3302 impios
3365 3246 3480 3285 esse

1882 3319 2359 3377 demonstrabunt.
2387 3322 2544 3377 Tales
2576 3322 2762 3396 itaque
2794 3321 3048 3379 diabolus
3081 3336 3179 3394 per
3196 3318 3478 3377 Antichri-

1885 3425 2031 3473 stum
2061 3417 2223 3475 facile
2255 3417 2515 3491 decipiet.
2714 3474 2717 3477 λ

1955 3507 2138 3579 (Vers.
2166 3507 2248 3580 8.)
2279 3509 2355 3565 Et
2391 3509 2720 3581 congregabit
2744 3526 2830 3567 eos
2870 3508 2929 3564 in
2949 3508 3220 3582 praelium,
3252 3523 3482 3580 quorum

1876 3612 2130 3652 numerus
2185 3604 2260 3653 est
2306 3598 2442 3654 sicut
2496 3616 2664 3654 arena
2716 3598 2906 3655 maris.
2964 3600 3027 3655 In
3080 3597 3334 3671 praelium
3390 3613 3482 3654 eos

1881 3685 2276 3759 congregabit;
2317 3687 2445 3761 quia
2483 3687 2551 3745 ad
2590 3689 2896 3747 Ecclesiam
2924 3688 3024 3746 Dei
3053 3685 3481 3763 persequendam

1881 3789 1975 3830 eos
2001 3773 2260 3831 armabit.
2291 3776 2366 3832 Et
2411 3777 2759 3834 ascenderunt
2801 3794 2961 3850 super
3010 3777 3340 3833 latitudinem
3367 3782 3484 3830 ter-

1880 3878 1978 3932 rw,
2017 3869 2067 3918 et
2114 3864 2570 3921 circumdederunt
2612 3873 2788 3923 castra
2828 3872 3150 3933 sanctorum,
3195 3870 3243 3919 et
3283 3863 3483 3920 civita-

1884 3957 1982 4007 tem
2011 3952 2273 4011 dilectam.
2304 3955 2563 4012 Diximus
2591 3957 2842 4029 superius
2871 3955 3172 4028 discipulos
3200 3953 3481 4011 Antichri-

1884 4040 1956 4095 sti
1989 4040 2299 4097 laudatores
2330 4042 2449 4099 fore
2476 4044 2765 4114 vitiorum,
2798 4052 2853 4100 et
2881 4043 3067 4099 omnia
3094 4060 3216 4117 quae
3245 4042 3315 4099 ad
3338 4041 3482 4099 dele-

1884 4128 2154 4187 ctationes
2201 4130 2447 4187 carnales
2491 4131 2790 4204 pertinent,
2820 4132 3035 4189 docere.
3065 4131 3241 4204 Super
3282 4132 3484 4190 latitu-

1885 4218 2070 4275 dinem
2119 4233 2249 4291 ergo
2284 4226 2443 4275 terra:
2484 4220 2879 4290 ascenderunt;
2913 4220 3042 4296 quia
3085 4228 3266 4278 vastas
3316 4220 3484 4294 hujus

1885 4305 2073 4363 seaculi
2122 4307 2241 4363 vias
2287 4307 2687 4381 ingredientur,
2716 4328 2836 4386 qua:
2867 4311 3079 4369 ducunt
3107 4310 3177 4368 ad
3224 4318 3479 4369 mortem.

1887 4396 2078 4454 Castra
2144 4413 2275 4454 vero
2330 4407 2644 4459 sanctorum
2699 4411 2753 4460 et
2806 4400 3006 4459 civitas
3052 4400 3273 4471 dilecta,
3314 4417 3482 4457 unam

1887 4486 2346 4559 signiﬁcationem
2402 4490 2607 4549 habent
2640 4511 2651 4550 :
2684 4492 2998 4567 signiﬁcant
3038 4492 3239 4566 quippe
3279 4490 3484 4547 Eccle—

1886 4577 2046 4633 siam.
2080 4577 2270 4636 Castra
2318 4580 2489 4654 igitur
2516 4591 2831 4640 sanctorum
2864 4579 3326 4647 circumdabunt;
3356 4578 3485 4652 quia

1885 4667 2189 4724 Ecclesiam
2227 4670 2327 4726 Dei
2362 4677 2476 4727 tota
2510 4670 2717 4727 virtute
2747 4678 3161 4744 persequentur,
3192 4675 3255 4725 ut
3281 4683 3481 4724 nomen

1887 4756 2097 4815 Christi
2126 4758 2192 4816 de
2221 4759 2431 4816 mundo
2462 4759 2713 4816 funditus
2740 4760 3110 4831 exstinguant.

1961 4846 2141 4918 (Vers.
2173 4848 2254 4922 9.)
2282 4851 2358 4904 Et
2392 4849 2556 4904 exivit
2590 4848 2728 4920 ignis
2771 4848 2834 4904 de
2860 4849 2987 4904 σαξιο
3026 4865 3060 4902 a
3089 4848 3220 4912 Deo,
3249 4852 3296 4902 et
3318 4846 3483 4903 devo—

1886 4937 2031 4993 ravit
2054 4954 2156 4993 eos.
2190 4938 2338 5009 Ignis
2374 4937 2440 4994 de
2465 4938 2605 4995 coelo
2633 4938 2817 5005 exiet;
2852 4936 2982 5011 quia
3011 4937 3266 4994 veniente
3294 4936 3481 4994 Domi-

1887 5042 1961 5082 no
1989 5025 2059 5082 ad
2081 5024 2379 5098 judicium,
2403 5026 2547 5099 ignis
2566 5036 2691 5083 ante
2720 5027 2901 5100 ipsum
2927 5026 3216 5099 praecedet,
3244 5025 3341 5100 qui
3370 5042 3482 5084 non

1888 5116 2069 5172 solum
2117 5132 2337 5172 omnem
2381 5124 2656 5175 catervam
2704 5117 3023 5190 impiorum,
3064 5116 3159 5173 sed
3205 5123 3259 5172 et
3300 5116 3482 5191 ipsum

1889 5205 2160 5263 mundum
2218 5216 2543 5279 consumet,
2614 5208 2758 5266 sicut
2815 5209 2873 5264 in
2924 5207 3279 5282 nonagesimo
3327 5215 3484 5264 sexto

1889 5296 2099 5369 psalmo
2145 5296 2325 5353 David
2354 5298 2601 5371 loquitur
2628 5297 2817 5367 dicens
2850 5317 2862 5355 :
2909 5322 2927 5345 ι
2954 5297 3105 5370 Ignis
3128 5307 3254 5355 ante
3302 5297 3482 5369 ipsum

1888 5387 2175 5458 praecedet,
2205 5394 2259 5442 et
2310 5386 2678 5443 inﬂammabit
2706 5386 2765 5443 in
2804 5386 3045 5444 circuitu
3075 5386 3333 5443 inimicos
3364 5384 3483 5458 ejus

1889 5611 1946 5667 in
1981 5612 2263 5741 lipargine,
2309 5621 2363 5671 et
2409 5614 2567 5672 Rom.
2606 5609 2740 5671 edit.
2773 5610 2832 5667 in
2878 5626 3124 5686 corpore,
3166 5610 3224 5671 in
3268 5614 3483 5682 apertas

1889 5700 1977 5741 ma
2000 5700 2020 5738 ι
2045 5701 2144 5741 tas.

1888 5700 2144 5743 malum.
