3902 6198
459 286 596 345 1019

1465 289 1559 345 AD
1598 290 1830 346 OPERA
1867 289 1921 346 S.
1969 289 2296 347 AMBROSII
2336 290 2712 350 APPENDIX.

3428 256 3459 279 υ

3643 292 3767 350 102⁸]

457 415 631 484 (Psal.
672 430 825 480 xcvr,
861 414 939 486 3).
978 440 996 463 ι
1048 413 1287 487 Reprobi
1338 430 1575 487 namque
1618 416 1873 487 quamvis
1925 431 2052 471 cum
2082 416 2133 478 Α
2161 417 2444 475 advenerit
2487 435 2501 485 ;
2559 433 2686 476 cum
2752 416 2975 474 irruerit
3019 416 3316 491 repentina
3353 415 3680 486 calamitas,
3722 426 3769 474 et

453 504 640 561 electis
684 513 1100 572 conversentnr,
1144 504 1203 559 in
1243 504 1484 561 circuitu
1533 512 1698 571 sunt;
1731 506 1861 578 quia
1908 505 2051 562 sicut

453 593 636 652 hostes
684 596 969 652 civitatem
1018 595 1258 667 aliquam
1313 595 1662 666 impugnant,
1710 604 1771 651 ut
1831 596 2051 668 capiant

451 698 570 739 eam
604 701 616 739 :
652 684 730 740 ita
758 692 813 740 et
840 684 1087 740 Ecclesia
1115 700 1145 737 a
1176 682 1422 756 reprobis
1454 683 1829 756 impugnatur.
1862 683 1968 740 Sed
1998 692 2051 740 et

452 772 510 829 in
545 774 756 845 psalmo
788 772 1203 844 quadragesimo
1236 787 1382 827 nono
1408 770 1555 827 idem
1586 772 1763 829 David
1802 773 2051 847 loquitur

450 861 640 919 dicens
674 879 685 917 :
732 884 749 907 ι
780 860 928 931 Ignis
960 860 1016 914 in
1050 868 1347 931 conspectu
1381 859 1500 931 ejus
1538 861 1875 931 exardescet,
1909 870 1962 918 et
1992 862 2050 917 in

449 950 689 1006 circuitu
737 948 856 1020 ejus
908 957 1201 1020 tempestas
1246 949 1432 1005 valida
1480 950 1653 1021 (Psal.
1702 967 1856 1018 xux,
1905 951 1983 1021 3).
2018 976 2037 1001 ι

449 1037 685 1106 Quidam
712 1035 862 1093 hunc
890 1054 1110 1093 versum
1141 1038 1218 1093 ita
1251 1048 1558 1111 exponunt,
1592 1040 1739 1113 quod
1779 1049 1901 1112 post
1930 1058 2049 1099 suc-

449 1127 752 1183 cessionem
811 1126 1210 1183 elementorum
1285 1127 1475 1199 pluvia
1530 1128 1868 1197 descendet,
1926 1146 2049 1202 quae

448 1214 850 1273 combustionis
895 1216 1106 1273 cineres
1160 1217 1348 1272 abluat
1392 1236 1404 1274 :
1452 1217 1546 1273 sed
1592 1218 1719 1273 talis
1773 1219 2049 1290 expositio

449 1303 845 1361 absurdissima
888 1304 1023 1360 mihi
1072 1306 1330 1373 videtur;
1367 1307 1571 1362 scimus
1599 1307 1748 1362 enim
1801 1308 2047 1379 pluviam

450 1408 483 1449 a
527 1393 666 1448 mari
716 1400 880 1465 atque
919 1410 951 1448 a
994 1403 1136 1449 terra
1181 1394 1299 1450 sive
1346 1411 1441 1466 per
1492 1396 1774 1464 nebulam,
1808 1396 1924 1451 sive
1954 1413 2049 1468 per

450 1482 876 1539 exsiccationem
918 1484 1051 1538 solis
1095 1499 1411 1555 exsurgere.
1440 1485 1512 1539 Et
1542 1484 1685 1541 sicut
1734 1500 1875 1558 aqua
1906 1486 2050 1542 levia

450 1590 681 1647 quisque
729 1590 761 1629 a
803 1573 976 1629 fundo
1022 1573 1089 1629 ad
1141 1574 1425 1646 superiora
1471 1576 1683 1643 elevat;
1730 1576 1806 1632 ita
1860 1585 1913 1633 et
1958 1593 2050 1633 aer

450 1678 647 1735 aquam
676 1669 771 1718 aut
799 1661 856 1716 in
886 1660 1147 1717 nebulam
1175 1678 1521 1731 conversam,
1551 1670 1646 1718 aut
1673 1680 1769 1736 per
1796 1664 2047 1721 ardorem

450 1752 582 1807 solis
630 1752 687 1806 in
732 1750 1119 1807 tenuissimum
1170 1750 1410 1821 fumum,
1440 1760 1495 1808 et
1522 1768 1661 1824 pene
1708 1753 2046 1809 invisibilem
2078 1783 2123 1844 B

450 1838 746 1908 redactam,
778 1856 950 1913 usque
996 1842 1065 1897 ad
1111 1856 1174 1895 ea
1220 1843 1340 1898 loca
1370 1840 1465 1897 ubi
1497 1842 1902 1898 consummatio
1932 1841 2050 1913 ejus

450 1936 552 1995 est,
600 1929 825 1985 elevat:
860 1929 1048 2001 ibique
1095 1930 1439 2003 conglobata,
1487 1930 1667 2001 primo
1715 1930 1772 1985 in
1820 1930 2046 1986 densam

450 2017 904 2090 nebulam,quam
925 2019 1097 2075 nubes
1117 2036 1398 2086 vocamus,
1414 2022 1761 2074 convertitur
1786 2037 1797 2074 :
1826 2018 2044 2088 deinde,

450 2114 617 2163 vento
657 2107 918 2180 agitante,
970 2109 1355 2164 minutissima
1412 2116 1579 2180 guttae
1630 2109 1795 2164 simul
1846 2108 2043 2178 mistaa,

450 2203 612 2271 atque
665 2215 764 2254 sua
813 2198 1170 2270 permistione
1232 2214 1421 2269 graves
1467 2198 1693 2266 eﬂ'ectze,
1746 2198 1815 2252 ad
1872 2206 2046 2255 terras

449 2295 754 2365 decidunt,
813 2296 1167 2369 pluviamque
1223 2296 1451 2353 faciunt.
1498 2294 1643 2351 573
1687 2298 1829 2353 Ecce
1878 2304 2044 2367 terra,

449 2401 574 2443 ecce
630 2402 757 2456 aer,
816 2403 938 2445 ecce
995 2404 1176 2455 mare,
1232 2396 1537 2459 caeteraque
1591 2388 1863 2444 elementa
1924 2388 2047 2460 igne

450 2486 884 2534 consumentur:
919 2477 1066 2533 unde
1114 2494 1239 2549 ergo
1270 2477 1460 2549 pluvia
1496 2486 1773 2548 exsurget,
1806 2479 2047 2535 maxime

450 2582 575 2622 cum
615 2567 915 2623 secundum
947 2569 1274 2640 Apostolum
1315 2576 1452 2624 tunc
1490 2577 1740 2625 creatura
1785 2568 2047 2624 liberetur

450 2671 483 2710 a
516 2656 781 2713 servitute
811 2658 1186 2730 corruptionis
1214 2657 1272 2712 in
1318 2657 1625 2714 libertatem
1668 2656 1855 2729 gloriae
1890 2656 2049 2711 ﬁlio-
2071 2693 2085 2708 .

453 2760 578 2799 rum
603 2744 702 2800 Dei
735 2746 911 2815 (Rom.
943 2764 1069 2815 vm,
1101 2746 1191 2817 2i)
1218 2746 1246 2802 ?
1275 2745 1556 2818 Numquid
1582 2748 1728 2802 Deus
1747 2745 1843 2818 qui
1862 2744 2049 2799 omnia

449 2852 519 2890 ex
568 2837 746 2891 nihilo
776 2837 1004 2902 creavit,
1036 2854 1147 2893 non
1189 2837 1389 2909 poterit
1428 2837 1694 2892 mundare
1741 2843 2044 2892 creaturam

450 2939 604 2979 suam
656 2926 773 2979 sine
812 2926 1087 2996 adjutorio
1134 2926 1386 2997 pluviae?
1416 2927 1715 2998 praesertim
1757 2943 1880 2982 cum
1932 2925 2046 2996 ipse

451 3013 692 3068 mundus
720 3014 777 3068 in
813 3014 1095 3070 meliorem
1129 3022 1353 3083 statum,
1377 3024 1541 3088 atque
1562 3018 1737 3073 multo
1767 3014 2044 3088 pulchrio-

450 3117 563 3156 rem
609 3109 891 3175 reparetur
938 3110 1060 3175 post
1116 3103 1320 3175 ignem.
1370 3104 1484 3159 Aut
1530 3106 1664 3178 quid
1712 3111 1842 3160 sunt
1892 3102 2044 3159 aliud
2077 3138 2122 3199 Ο

445 3189 678 3258 cineres,
706 3190 814 3247 nisi
845 3200 989 3248 terra
1020 3192 1265 3249 munda?
1292 3193 1428 3248 Nam
1468 3208 1822 3265 quascunque
1852 3191 2039 3247 sordes

446 3270 588 3351 ignis
643 3280 1030 3355 absumpserit,
1080 3282 1139 3337 in
1194 3282 1405 3339 cineres
1462 3282 1698 3339 mundos
1743 3278 2036 3335 convertit.

443 3370 725 3444 Numquid
756 3389 865 3429 non
910 3375 1112 3447 poterit
1138 3376 1283 3430 Deus
1327 3372 1564 3429 mundos
1595 3373 1806 3430 cineres
1833 3370 1891 3425 in
1922 3385 2040 3424 me-

442 3458 636 3515 liorem
687 3468 890 3516 statum
938 3480 1063 3518 cum
1116 3463 1286 3517 altera
1331 3470 1477 3517 terra
1524 3477 1797 3533 reparare,
1828 3468 1890 3516 ut
1933 3478 2041 3515 ne-

441 3548 675 3603 cessaria
713 3566 823 3604 non
854 3551 926 3605 sit
954 3551 1003 3605 ei
1037 3550 1338 3606 ablutionis
1378 3549 1567 3621 pluvia
1588 3551 1617 3606 ?

512 3634 771 3690 Dicamus
800 3636 961 3691 aliter
993 3656 1004 3692 :
1039 3636 1303 3693 Omnium
1334 3637 1581 3692 sordium
1611 3637 1920 3692 ablutiones
1945 3646 2039 3694 aut

441 3730 587 3778 terra
629 3721 822 3793 ebibit,
855 3732 951 3780 aut
978 3724 1035 3780 in
1063 3724 1295 3780 ﬂumina
1323 3723 1646 3792 decurrunt,
1677 3734 1731 3781 et
1753 3741 1877 3781 cum
1919 3727 2034 3785 ﬂu-

441 3812 686 3869 minibus
728 3813 786 3868 in
834 3829 1003 3870 mare.
1036 3816 1107 3870 Et
1136 3812 1412 3887 quomodo
1442 3821 1611 3882 terra,
1643 3822 1931 3888 postquam
1969 3817 2036 3874 ab

440 3902 565 3975 igne
594 3902 907 3960 examinata
940 3902 1127 3971 fuerit,
1148 3903 1334 3959 sordes
1366 3918 1491 3959 suas
1509 3903 1714 3971 ebibet,
1749 3910 1809 3959 ut
1835 3904 2035 3961 iterum

439 3992 765 4049 sordescat?
814 4001 907 4048 aut
961 3990 1238 4066 quomodo
1288 3992 1345 4047 in
1403 3991 1634 4047 ﬂumina
1678 3991 1931 4048 decurret
1983 4002 2038 4049 et

437 4096 563 4135 cum
609 4080 933 4137 ﬂuminibus
978 4082 1035 4137 in
1084 4096 1251 4146 mare,
1280 4097 1409 4136 cum
1445 4096 1592 4136 mare
1627 4079 1739 4152 jam
1783 4097 1893 4136 non
1941 4080 2035 4147 sit,

438 4167 583 4222 sicut
622 4170 907 4239 sequentia
952 4168 1120 4241 hujus
1167 4169 1295 4224 libri
1346 4169 1608 4225 videntur
1636 4168 1844 4225 fateri?
1877 4169 2036 4236 Quod

437 4254 485 4310 si
529 4271 678 4309 mare
720 4256 778 4310 in
829 4258 1112 4313 meliorem
1141 4267 1344 4315 statum
1372 4260 1716 4331 reparabitur
1744 4261 1887 4317 sicut
1917 4278 2037 4317 coa-

437 4342 551 4399 lum
582 4350 856 4416 terraque,
884 4361 916 4399 a
962 4352 1120 4401 terrae
1169 4348 1425 4404 sordibus
1464 4349 1741 4420 quomodo
1782 4350 2036 4422 inquina-

437 4432 588 4489 bitur
606 4432 634 4488 ?
658 4432 817 4499 Quod
845 4432 891 4488 si
921 4433 1044 4505 quis
1071 4433 1279 4489 dixerit
1306 4432 1439 4491 ante
1453 4437 1864 4494 innovationem
1893 4438 2036 4495 hanc

440 4522 557 4595 (73)
606 4538 893 4594 passurum
944 4538 1059 4578 esse
1098 4522 1562 4594 inquinationem,
1601 4534 1764 4598 atque
1810 4527 1869 4582 in
1918 4544 2033 4598 per-

436 4611 742 4669 mutatione
788 4609 907 4682 ejus
947 4611 1015 4667 ad
1065 4609 1473 4669 nihilumesse
1517 4613 1883 4685 redigendas:
1927 4632 2039 4672 non

435 4702 638 4773 poterit
665 4703 811 4757 Deus
838 4702 983 4758 sicut
1011 4701 1070 4757 in
1114 4717 1274 4773 aqua,
1307 4701 1385 4756 ita
1430 4709 1484 4757 et
1536 4702 1594 4757 in
1637 4711 1784 4758 terra
1821 4704 2037 4762 easdem

434 4790 621 4845 sordes
667 4789 736 4846 ad
788 4789 1029 4846 nihilum
1082 4789 1349 4861 redigere,
1391 4797 1452 4845 ut
1508 4807 1622 4846 non
1682 4789 1757 4847 sit
1816 4808 2037 4849 necesse

433 4886 498 4936 ut
556 4879 614 4935 in
672 4896 821 4935 mare
885 4880 1182 4937 deﬂuant?
1247 4882 1348 4935 Per
1418 4887 1794 4952 tempestatem
1868 4881 2038 4953 igitur

434 4968 673 5024 validam
715 4969 977 5026 ultimum
1027 4969 1320 5027 interitum
1376 4969 1681 5041 impiorum
1739 4987 2033 5043 possumus

434 5056 774 5129 intelligere,
831 5075 994 5131 quem
1073 5059 1356 5132 Sapientia
1420 5076 1517 5132 per
1570 5060 1919 5117 Salomonem
1978 5062 2035 5116 in

433 5144 634 5202 ultimo
707 5146 963 5203 examine
1036 5148 1224 5220 impiis
1299 5165 1356 5205 se
1430 5149 1709 5205 illaturam
1786 5166 1903 5206 esse
1958 5158 2034 5206 te-

432 5242 631 5304 statur,
688 5234 879 5291 dicens
922 5253 933 5291 :
998 5258 1017 5283 ι
1046 5236 1163 5308 Ego
1209 5254 1426 5309 quoque
1473 5239 1529 5293 in
1576 5238 1805 5295 interitu
1850 5246 2034 5295 vestro

434 5324 646 5393 ridebo,
678 5332 734 5380 et
780 5326 1148 5396 subsannabo,
1179 5345 1306 5385 cum
1356 5328 1518 5385 vobis
1556 5330 1705 5409 quod
1751 5331 2034 5387 timebatis

505 5546 632 5615 (73)
653 5547 917 5670 ἔοι]ηυίιὶ
939 5563 1095 5618 mss.,
1116 5556 1236 5606 ante
1264 5549 1648 5607 invocationem
1665 5552 1819 5617 hanc,
1842 5551 2029 5607 minus

505 5633 658 5670 mmo
700 5632 752 5670 e.

433 5631 728 5671 001111110αο
742 5659 752 5671 .

2065 4491 2111 4549 D

2159 506 2418 562 interitus
2470 506 2627 580 quasi
2691 514 2984 580 tempestas
3030 505 3307 578 ingruerit
3369 505 3573 577 (Prov.
3606 522 3648 575 ι,
3688 507 3767 573 26,

2161 594 2319 667 27).-

2230 687 2305 741 Et
2330 684 2576 742 diabolus
2621 684 2714 757 qui
2758 685 3027 741 sedueebat
3078 702 3184 754 eos,
3215 684 3422 740 missus
3454 689 3538 741 est
3584 684 3643 739 in
3672 690 3767 739 sta-

2158 791 2317 847 gnum
2348 774 2482 846 ignis
2510 782 2557 830 et
2584 775 2875 847 sulphuris,
2910 775 2998 830 ubi
3043 781 3118 829 est
3169 774 3339 830 bestia
3367 780 3419 829 et
3442 774 3766 847 pseudopro-

2153 866 2331 936 pheta.
2357 865 2471 921 Hoc
2496 873 2629 921 tunc
2658 865 2999 937 implebitur,
3026 863 3247 938 quando
3267 864 3562 921 Dominus
3593 863 3765 920 dicet:

2173 978 2190 1000 ι
2218 955 2317 1023 Ite,
2352 954 2652 1022 maledicti,
2685 955 2743 1010 in
2773 955 2955 1028 ignem
2985 962 3251 1010 aeternum
3287 953 3387 1027 qui
3428 960 3770 1027 praeparatus

2158 1052 2239 1099 est
2286 1044 2506 1101 diabolo
2543 1054 2597 1101 et
2635 1045 2841 1117 angelis
2869 1044 2987 1117 ejus
3016 1045 3131 1118 (74)
3162 1046 3381 1117 (Matth.
3418 1062 3572 1114 xxv,
3599 1045 3714 1117 41).
3741 1067 3757 1090 ι

2231 1134 2413 1205 (Vers.
2449 1134 2561 1205 10.)
2610 1136 2685 1189 Et
2719 1133 3103 1189 cruciabuntur
3148 1134 3235 1188 die
3293 1152 3357 1189 ac
3402 1142 3564 1189 nocte
3595 1135 3768 1189 insa-

2157 1227 2278 1282 cuhz
2330 1228 2662 1283 saeculorum.
2711 1228 2760 1282 A
2796 1243 2907 1300 quo
2940 1228 3190 1284 cruciatu
3244 1228 3649 1285 misericordia
3680 1230 3769 1285 Be-

2158 1316 2460 1387 demptoris
2517 1315 2691 1371 nostri
2730 1332 2830 1372 nos
2885 1317 3115 1374 liberare
3163 1316 3456 1390 dignetur,
3501 1318 3611 1391 qui
3653 1334 3770 1373 cum

2158 1406 2314 1461 Patre
2365 1414 2418 1463 et
2458 1406 2669 1479 Spiritu
2717 1415 2906 1464 sancto
2935 1406 3077 1463 vivit
3113 1414 3169 1463 et
3217 1415 3414 1481 regnat
3463 1407 3527 1463 in
3577 1406 3770 1464 saecula

2159 1497 2507 1567 saeculorum,
2541 1513 2724 1552 amen.

2591 1626 2686 1683 DE
2725 1626 3007 1684 VISIONE
3045 1626 3307 1684 SEXTA.

2227 1731 2452 1787 Domini
2481 1732 2657 1789 nostri
2684 1733 2814 1789 Jesu
2855 1732 3062 1791 Christi
3106 1732 3506 1790 misericordia
3536 1733 3767 1805 largien.

2157 1826 2231 1887 te,
2261 1819 2330 1875 ad
2358 1830 2570 1877 sextam
2603 1820 2877 1877 visionem
2920 1822 3310 1893 pervenimus,
3360 1838 3489 1894 quae
3540 1821 3764 1878 brevior

2156 1915 2238 1963 est
2264 1910 2509 1977 czeteris;
2560 1926 2625 1965 eo
2655 1910 2802 1983 quod
2852 1910 2911 1966 in
2949 1926 3013 1965 eo
3070 1910 3346 1982 generalis
3395 1910 3764 1978 resurrectio,

2155 1995 2435 2053 damnatio
2472 1998 2795 2070 impiorum,
2834 1998 3159 2070 gloriﬁcatio
3203 1997 3493 2070 justornm
3527 2008 3765 2055 tantum-

2156 2095 2319 2151 modo
2348 2096 2590 2152 breviter
2635 2096 2996 2153 describatur.
3038 2098 3110 2152 Et
3154 2105 3303 2153 recte
3352 2097 3414 2152 in
3456 2104 3625 2153 sexto
3656 2098 3765 2154 loco

2156 2186 2484 2243 resurrectio
2512 2186 2709 2242 ultima
2740 2186 3003 2259 ponitur;
3035 2186 3170 2260 quia
3204 2187 3466 2242 senarius
3494 2203 3764 2244 numerus

2156 2274 2431 2348 perfectus
2477 2285 2581 2345 est,
2632 2283 2685 2331 et
2740 2275 3015 2349 quidquid
3043 2275 3249 2332 sanctis
3280 2275 3636 2348 promissum
3665 2282 3759 2343 est,

2157 2367 2215 2422 in
2247 2367 2646 2423 resurrectione
2667 2366 3000 2440 perﬁcietur.

2229 2455 2411 2523 (Vers.
2448 2456 2561 2528 11.)
2580 2458 2653 2511 Ει
2681 2456 2791 2511 vidi
2819 2456 3065 2510 thronum
3091 2471 3343 2526 magnum
3374 2460 3429 2509 et
3458 2454 3758 2524 candidum,

2154 2552 2203 2599 et
2229 2544 2483 2599 sedentem
2506 2561 2665 2616 super
2692 2562 2828 2599 eum.
2859 2544 3117 2601 Thronus
3145 2542 3247 2598 iste
3276 2543 3380 2599 Dei
3414 2560 3535 2599 non
3564 2560 3699 2600 auro
3716 2552 3763 2599 et

2156 2634 2389 2707 gemmis
2444 2634 2754 2701 ornabitur,
2808 2632 2905 2689 sed
2947 2632 3269 2688 hominibus
3289 2632 3469 2704 justis
3502 2652 3517 2700 ;
3554 2634 3658 2689 iste
3691 2641 3763 2689 est

2156 2747 2390 2803 namque
2410 2729 2663 2797 thronus,
2695 2729 2762 2785 de
2791 2746 2900 2801 quo
2919 2728 3208 2784 Psalmista
3244 2727 3386 2784 dicit
3411 2744 3425 2782 :
3466 2753 3486 2775 ι
3507 2729 3759 2784 Thronus

2153 2829 2302 2888 tuus,
2332 2823 2497 2888 Deus,
2520 2820 2577 2875 in
2597 2820 2859 2875 saeculum
2879 2818 3065 2875 saeculi
3091 2837 3106 2886 ;
3133 2818 3289 2890 virga
3300 2819 3596 2891 aequitatis
3615 2821 3758 2890 virga

2153 2908 2307 2978 regni
2336 2908 2421 2964 tui
2454 2909 2628 2981 (Psal.
2662 2924 2814 2974 XLIV,
2849 2908 2928 2976 7).
2968 2931 2987 2954 ι
3031 2906 3286 2962 Thronus
3324 2907 3506 2978 igitur
3557 2907 3659 2962 Dei
3689 2916 3761 2961 est

2153 2997 2335 3053 omnis
2390 2996 2690 3053 multitudo
2745 2996 3064 3068 angelorum
3105 3002 3270 3068 atque
3316 3004 3670 3051 sanctorum.
3717 2997 3757 3051 Α

2152 3087 2303 3157 cujus
2359 3095 2632 3160 conspectu
2678 3087 2818 3159 fugit
2862 3094 3005 3142 terra
3052 3094 3099 3142 et
3141 3088 3349 3156 cwlum,
3404 3093 3455 3142 et
3488 3089 3636 3143 locus
3662 3104 3759 3143 nos

2151 3185 2225 3233 est
2275 3178 2514 3233 inventus
2559 3179 2653 3234 eis.
2705 3176 3176 3246 Quemadmodum
3220 3193 3255 3233 a
3296 3186 3614 3250 conspectu
3670 3195 3758 3234 se—

2151 3273 2334 3329 dentis
2372 3290 2537 3346 super
2567 3273 2827 3330 thronum
2870 3273 3071 3330 ccelum
3101 3282 3156 3329 et
3183 3282 3333 3330 terra
3360 3273 3572 3346 fugiat,
3600 3275 3756 3331 Psal-

2156 3362 2321 3418 mista
2360 3363 2625 3432 ostendit,
2673 3362 2819 3420 sicut
2855 3364 3108 3436 superius
3150 3361 3268 3435 jam
3330 3363 3613 3434 diximus,
3669 3365 3757 3438 qui

2151 3451 2327 3508 dicit:
2372 3478 2389 3501 ι
2419 3452 2564 3525 Ignis
2607 3452 2664 3507 in
2702 3461 2999 3525 conspectu
3039 3452 3159 3524 ejus
3208 3452 3545 3511 exardescet
3589 3455 3754 3525 (Psat.

2149 3556 2305 3607 xux,
2337 3541 2394 3611 3)
2427 3558 2439 3595 :
2474 3565 2493 3589 ι
2553 3548 2606 3596 et
2638 3540 2836 3596 iterum
2876 3556 2888 3595 :
2937 3564 2956 3588 ι
2991 3539 3137 3614 Ignis
3173 3548 3301 3596 ante
3333 3541 3529 3613 ipsum
3559 3558 3756 3614 praece-

2149 3630 2243 3686 det
2273 3631 2448 3697 (Psal.
2474 3645 2627 3697 xcvr,
2663 3629 2742 3701 3).
2767 3655 2786 3678 ι
2828 3629 3024 3703 Fugiet
3050 3636 3234 3685 autem
3262 3637 3412 3686 terra
3450 3642 3512 3689 et
3540 3633 3753 3699 malum,

2149 3719 2207 3775 id
2236 3728 2338 3785 est,
2366 3719 2575 3791 species
2603 3726 2762 3774 terrae
2813 3726 2867 3775 et
2911 3718 3037 3775 ωδὶὶ
3062 3737 3076 3786 ;
3115 3719 3210 3791 qui
3255 3736 3354 3791 per
3382 3721 3579 3793 ignem
3610 3739 3642 3778 a
3667 3736 3754 3778 sua

2149 3810 2328 3882 specie
2359 3810 2880 3877 commutabuntur,
2929 3816 2993 3864 ut
3037 3809 3252 3881 possint
3299 3810 3360 3865 in
3390 3811 3567 3869 aliam
3598 3812 3752 3868 refor-

2149 3899 2288 3954 mari
2332 3901 2509 3955 multo
2554 3900 2838 3957 meliorem
2891 3907 2946 3956 et
2983 3899 3384 3971 pulchriorem.
3431 3901 3604 3969 Quod
3636 3918 3751 3959 vero

2146 3988 2310 4044 dicit:
2346 3989 2513 4044 Locus
2552 4006 2657 4043 non
2710 3995 2784 4044 est
2831 3988 3070 4043 inventus
3107 3988 3209 4053 eis;
3247 4005 3362 4044 non
3416 3988 3553 4047 ideo
3605 3990 3750 4049 dicit.

2146 4084 2209 4133 ut
2241 4078 2425 4133 locum
2449 4077 2745 4149 pristinum
2782 4078 3060 4147 amittant,
3093 4079 3191 4136 sed
3219 4080 3491 4152 speciem.

2220 4166 2406 4233 (Vers.
2448 4166 2561 4238 13.)
2615 4169 2689 4223 Et
2719 4167 2832 4222 vidi
2876 4174 3112 4222 mortuos
3159 4185 3378 4239 magnos
3425 4176 3480 4224 et
3506 4171 3747 4241 pusillos,

2146 4261 2341 4309 stantes
2388 4256 2447 4310 in
2486 4261 2759 4326 conspectu
2819 4255 3015 4311 throni.
3063 4256 3165 4311 Per
3222 4265 3481 4314 mortuos
3532 4275 3747 4330 magnos

2146 4352 2200 4400 et
2228 4344 2459 4415 pusillos
2509 4344 2613 4399 soli
2660 4344 2879 4416 reprobi
2930 4344 3310 4416 designantur,
3342 4347 3441 4419 qui
3472 4347 3530 4402 in
3564 4347 3655 4403 die
3682 4363 3750 4401 re-

2147 4433 2508 4490 surrectionis
2553 4434 2760 4489 mortui
2804 4433 3063 4489 astabunt
3101 4434 3159 4490 in
3211 4443 3521 4506 conspectu
3548 4436 3668 4501 Dei,
3698 4452 3752 4489 ea

2148 4527 2411 4583 videlicet
2439 4534 2614 4583 morte
2668 4543 2831 4599 quam
2861 4528 3099 4598 primam
3152 4543 3269 4584 esse
3309 4528 3589 4596 diximus,
3638 4535 3751 4602 post

2148 4616 2432 4688 paululum
2478 4616 2534 4671 in
2589 4623 2824 4671 mortem
2881 4615 3176 4671 secundam
3232 4615 3543 4688 dejiciendi
3587 4635 3599 4673 :
3658 4634 3745 4689 per

2147 4714 2394 4759 mortuos
2437 4720 2566 4758 vero
2600 4719 2825 4776 magnos
2883 4720 2976 4759 eos
3021 4704 3299 4776 designari
3330 4715 3489 4777 puto,
3541 4706 3638 4779 qui
3663 4712 3751 4761 aut

2146 4793 2379 4865 majores
2427 4794 2657 4849 fuerunt
2704 4792 2762 4847 in
2818 4792 3136 4860 sceleribus,
3168 4803 3265 4851 aut
3294 4795 3528 4851 altiores
3577 4796 3638 4850 in
3663 4811 3751 4849 sae-

2143 4882 2258 4939 culi
2287 4882 2690 4955 dignitatibus:
2741 4898 2838 4953 per
2870 4882 3100 4955 pusillos
3139 4891 3327 4939 autem
3365 4884 3405 4938 ii
3450 4884 3744 4957 designan-

2142 4981 2254 5039 tur,
2312 4972 2408 5044 qui
2466 4971 2545 5027 eis
2599 4968 2834 5042 subjecti
2880 4972 3125 5039 fuerunt,
3192 4972 3282 5026 vel
3341 4980 3494 5028 certe
3549 4972 3592 5026 ii
3659 4971 3747 5043 qui

2144 5062 2327 5119 minus
2378 5069 2762 5135 peccaverunt.
2804 5064 2879 5118 Et
2928 5062 3051 5118 libri
3088 5062 3265 5133 aperti
3315 5070 3444 5118 sunt
3473 5082 3491 5118 :
3523 5069 3573 5118 et
3617 5064 3750 5118 alius

2144 5152 2277 5207 liber
2325 5158 2540 5224 apertus
2593 5158 2687 5217 est,
2740 5152 2833 5222 qui
2885 5158 2962 5207 est
3022 5151 3161 5207 vitm.
3228 5151 3389 5208 Libri
3457 5152 3627 5208 multi
3676 5150 3739 5206 ad

2140 5242 2405 5314 reprobos
2459 5260 2470 5297 :
2527 5258 2673 5298 unus
2729 5240 2824 5315 qui
2881 5250 2964 5299 est
3016 5242 3167 5309 vitaa,
3226 5241 3298 5297 ad
3356 5243 3569 5299 electos
3634 5258 3737 5315 pe!"

2139 5330 2322 5387 tinet.
2394 5330 2630 5404 Reprobi
2695 5331 2897 5387 multos
2957 5329 3130 5387 libros
3195 5330 3430 5399 habent,
3495 5333 3627 5406 quia
3684 5331 3733 5385 in

2209 5554 2325 5626 (74)
2358 5554 2507 5611 Edit.
2530 5553 3007 5626 prietermiserant,
3039 5552 3133 5624 qui
3152 5562 3516 5626 prwparatus
3535 5560 3612 5611 est
3637 5552 3740 5610 dia-

2135 5625 2252 5681 bolo
2279 5624 2328 5681 et
2354 5624 2552 5698 angelis
2581 5624 2713 5695 ejus.
