3902 6198
136 302 287 361 1021

136 428 347 484 multis
436 427 717 486 erroribus
787 436 917 485 sunt
980 426 1269 495 devoluti;

133 517 355 573 multos
386 516 517 573 deos
545 518 858 586 coluerunt,
897 524 954 572 et
1000 516 1060 572 in
1095 515 1289 572 multis
1344 515 1624 572 erroribus
1651 532 1747 572 se—

133 605 413 678 metipsos
443 605 799 678 dejecerunt:
856 605 1115 662 similiter
1170 613 1225 661 et
1273 604 1519 661 haeretici
1574 606 1750 661 multa

133 693 410 766 dogmata
455 713 622 768 prava
679 704 732 752 et
787 698 903 753 Deo
944 695 1177 752 odibilia
1206 695 1560 761 invenerunt;
1620 693 1749 750 falsi

132 784 314 839 etiam
345 785 648 842 Christiani
682 785 739 840 in
784 785 976 842 multis
1022 784 1323 841 sceleribus
1361 784 1608 857 quotidie
1649 784 1749 839 in-

131 873 473 929 volvuntur.
529 875 733 930 Multos
790 890 919 946 ergo
980 873 1151 929 libros
1198 873 1415 945 reprobi
1446 872 1746 945 possident,

132 963 277 1035 quia
336 963 527 1018 multis
576 963 757 1018 modis
811 964 984 1018 Deum
1043 963 1359 1029 offendunt;
1417 963 1577 1019 electi
1618 978 1748 1018 vero

132 1070 317 1109 unum
378 1052 581 1109 librum
642 1052 867 1119 habent,
922 1053 1052 1126 quia
1107 1070 1280 1108 unum
1329 1055 1505 1109 Deum
1534 1053 1746 1120 colunt,

132 1160 315 1198 unam
363 1142 530 1198 fidem
573 1142 902 1199 catholicam
950 1142 1305 1211 conﬁtentur,
1355 1160 1468 1198 uno
1522 1145 1748 1200 vinculo

133 1234 434 1291 charitatis
512 1241 938 1290 connectuntur.
1018 1234 1125 1289 Sed
1177 1234 1531 1307 quaerendum
1588 1236 1749 1293 nobis

133 1333 247 1391 est,
280 1324 375 1397 qui
434 1324 550 1379 sint
600 1322 727 1379 libri
770 1322 897 1377 isti:
944 1322 1218 1395 numquid
1271 1339 1337 1378 ex
1388 1324 1575 1397 aliqua
1621 1341 1747 1380 ma-

134 1413 283 1470 teria
308 1411 545 1480 visibili,
608 1419 704 1467 aut
758 1411 1055 1478 invisibili,
1114 1412 1251 1467 ﬁent
1308 1411 1460 1481 libri,
1523 1414 1582 1469 in
1611 1414 1747 1485 qui-

132 1504 248 1559 bus
292 1503 638 1574 singulorum
687 1501 832 1558 facta
884 1500 1316 1559 describantur?
1374 1502 1527 1559 Libri
1580 1502 1748 1575 igitur

134 1592 305 1649 multi
339 1598 468 1648 sunt
495 1591 641 1648 facta
669 1591 1062 1664 reproborum:
1121 1592 1250 1648 libri
1295 1594 1455 1648 multi
1485 1593 1746 1665 aperien-

132 1690 253 1748 tur,
298 1696 423 1736 cum
479 1682 685 1737 scelera
740 1679 1096 1751 reproborum
1128 1679 1387 1736 omnibus
1434 1679 1745 1735 manifesta-

1028 299 1485 359 BERENGAUDI
1522 299 1895 357 EXPOSITIO
1934 301 2005 358 IN
2042 300 2544 361 APOCALYPSIN.

1359 443 1486 483 nam
1551 427 1745 500 pagani
1772 426 1824 487 A
1851 426 1981 499 quia
2019 426 2089 483 ad
2118 426 2223 482 hoc
2252 437 2552 500 resurgent,
2596 438 2659 487 ut
2687 429 2743 485 in
2772 430 3094 503 corporibus
3138 432 3194 487 in
3254 431 3463 505 quibus

3327 306 3463 366 1022

1856 516 2055 571 animai
2088 526 2470 588 peccaverunt,
2502 517 2560 574 in
2592 517 2725 591 ipsis
2751 527 2804 575 et
2827 518 3152 590 judicentur
3181 538 3196 587 ;
3227 529 3290 577 ut
3320 537 3458 593 quos

1857 604 2173 661 habuerunt
2213 605 2392 661 socios
2439 606 2497 661 in
2552 606 2960 679 iniquitatibus,
3009 607 3247 666 habeant
3293 610 3458 681 parti-

1858 693 2010 765 cipes
2059 694 2118 749 in
2165 694 2479 751 tormentis.
2527 695 2773 752 Praesens
2821 713 3037 769 quoque
3087 698 3252 755 lectio
3313 698 3456 771 quod

1856 788 1984 839 ante
2026 779 2304 853 judicium
2371 783 2560 839 futura
2615 783 2686 839 sit
2738 786 3066 843 resurrectio
3104 828 3123 852 ,
3190 787 3456 853 ostendit,

1858 886 1984 926 cum
2040 879 2164 943 post
2230 870 2596 927 redditionem
2657 880 3023 942 mortuorum,
3087 890 3224 947 quos
3280 892 3454 945 mare,

1858 966 2093 1015 mortem
2122 966 2178 1014 et
2230 959 2508 1015 infernum
2564 959 2867 1017 reddidisse
2896 960 3053 1029 dicit,
3114 962 3313 1035 impios
3341 980 3457 1020 esse

1851 1047 2183 1119 judicandos
2236 1058 2440 1105 narrat.
2499 1049 2604 1105 Sed
2658 1057 2713 1106 et
2766 1050 2902 1107 ﬁdes
2955 1050 3228 1109 catholica
3283 1068 3449 1124 quam

1858 1136 2173 1209 frequenter
2249 1137 2625 1205 decantamus,
2687 1137 2792 1195 hoc
2868 1138 3209 1195 demonstrat
3257 1158 3270 1207 ;
3328 1157 3453 1195 cum

1857 1225 1995 1282 dicit
2023 1226 2090 1282 de
2117 1226 2356 1282 Domino
2380 1244 2392 1281 :
2426 1226 2512 1281 Ad
2540 1226 2696 1298 cujus
2724 1226 3022 1282 adventum
3053 1243 3245 1283 omnes
3276 1227 3454 1284 homi-

1856 1330 1953 1370 nes
1982 1330 2260 1387 resurgere
2308 1315 2512 1371 habent
2539 1332 2665 1371 cum
2711 1314 3034 1387 corporibus
3086 1315 3222 1384 suis,
3254 1323 3309 1371 et
3338 1316 3455 1372 red-

1856 1401 2029 1457 dituri
2081 1411 2211 1459 sunt
2272 1402 2341 1459 de
2393 1402 2553 1460 factis
2607 1404 2844 1476 propriis
2902 1403 3170 1460 rationem
3228 1405 3452 1478 (Athan.

1859 1490 2086 1563 Symb.).

1929 1589 2134 1645 Verum
2189 1590 2546 1663 quaerendum
2599 1590 2759 1648 nobis
2814 1600 2915 1662 est,
2976 1591 3111 1666 quid
3139 1592 3457 1665 significent

1856 1696 2024 1749 mors,
2068 1699 2236 1753 mare,
2269 1692 2323 1741 et
2372 1687 2640 1743 infernus.
2691 1688 2907 1744 Scimus
2942 1688 3145 1761 quippe
3188 1704 3357 1761 aquas
3386 1689 3455 1745 ad

132 1769 374 1825 buntur.
412 1768 514 1823 Per
561 1768 765 1823 librum
811 1774 995 1823 autem
1045 1768 1173 1823 vita:
1205 1767 1742 1839 praedestinationem
1778 1779 1824 1839 Β
1854 1768 2196 1827 ablutionem
2240 1782 2586 1844 peccatorum
2636 1783 2952 1832 nostrorum
3003 1792 3119 1831 esse
3171 1792 3455 1832 consecra-

132 1859 241 1915 Dei
275 1858 673 1931 omnipotentis
700 1872 992 1929 possumus
1021 1856 1350 1927 intelligere.
1379 1858 1441 1912 In
1474 1856 1578 1914 hoc
1599 1857 1744 1913 libro

134 1948 369 2004 nomina
396 1947 798 2020 discipulorum
854 1962 970 2002 esse
1025 1945 1339 2017 conscripta
1377 1945 1648 2002 Dominus
1686 1946 1744 2001 in

132 2036 447 2111 Evangelio
493 2036 834 2101 manifestat,
886 2050 1014 2091 cum
1056 2034 1227 2090 dicit:
1275 2058 1293 2080 ι
1326 2034 1591 2102 Gaudete,
1614 2034 1746 2106 quia

132 2132 368 2186 nomina
387 2136 570 2185 vestra
583 2130 786 2199 scripta
807 2133 938 2182 sunt
957 2125 1016 2180 in
1031 2126 1187 2183 cmlis
1209 2127 1361 2195 (Luc.
1377 2142 1436 2193 x,
1450 2125 1567 2197 20).
1601 2149 1620 2173 ι
1666 2127 1745 2181 De

132 2219 246 2275 hoc
276 2219 421 2275 libro
450 2219 730 2290 apostolus
756 2218 959 2272 Paulus
1002 2217 1250 2288 loquitur
1278 2217 1465 2274 dicens
1492 2236 1503 2272 :
1548 2241 1567 2264 ι
1596 2217 1745 2284 Quos

133 2316 322 2365 autem
373 2308 672 2381 praescivit,
732 2308 834 2367 hos
878 2314 932 2363 et
988 2305 1436 2378 praedestinavit:
1498 2312 1554 2361 et
1607 2322 1745 2378 quos

134 2386 577 2474 praedestinavft,
611 2400 711 2456 hos
730 2399 1060 2455 etvocavit:
1092 2405 1147 2454 et
1171 2414 1309 2471 quos
1337 2399 1587 2469 vocavit,
1616 2400 1742 2458 illos

137 2497 197 2545 et
228 2488 556 2561 glorificavit
577 2490 754 2561 (Rom.
786 2507 911 2557 vm,
939 2489 1058 2560 30).
1092 2513 1110 2535 ι

221 2593 400 2665 (Vera.
438 2592 550 2664 13.)
573 2594 647 2648 Et
666 2590 901 2660 judicati
959 2598 1083 2646 sunt
1136 2590 1336 2645 mortui
1371 2592 1655 2646 secundum
1682 2607 1744 2647 ea

140 2698 262 2752 qua?
289 2680 487 2752 scripta
540 2686 693 2735 erant
721 2679 778 2734 in
841 2679 1012 2745 libris,
1052 2680 1334 2734 secundum
1389 2696 1550 2751 opera
1604 2679 1742 2750 ipso-

141 2788 286 2828 rum.
316 2771 551 2827 Iudicati
606 2777 729 2825 sunt
755 2771 955 2825 mortui
980 2771 1262 2825 secundum
1290 2787 1351 2825 ea
1398 2787 1516 2840 qua:
1542 2770 1743 2841 scripta

138 2867 296 2916 erant
323 2861 379 2915 in
410 2861 560 2916 libris
593 2860 711 2931 (75)
737 2878 750 2928 ;
776 2860 903 2933 quia
923 2859 1229 2915 secundum
1251 2875 1464 2915 errores
1492 2860 1742 2932 proprios

140 2958 200 3006 et
222 2948 381 3021 juxta
415 2950 730 3023 qualitatem
763 2952 1032 3006 scelerum
1080 2966 1309 3005 suorum
1355 2949 1561 3022 singuli
1591 2948 1739 3020 judi-

138 3037 415 3095 cabuntur
439 3057 452 3106 ;
476 3038 637 3095 aliter
669 3038 816 3094 enim
841 3037 1244 3110 judicabuntur
1279 3038 1550 3108 haeretici,
1579 3040 1741 3095 aliter

137 3127 357 3201 pagani,
407 3129 568 3185 aliter
630 3128 756 3186 falsi
818 3127 1143 3187 christiani:
1204 3128 1301 3185 sed
1354 3128 1734 3203 unusquisque
1766 3131 1811 3194 Ο

138 3216 384 3289 ipsorum
438 3225 643 3291 quanto
695 3217 936 3275 deterior
996 3216 1165 3273 fuerit
1244 3217 1303 3273 in
1358 3218 1583 3290 proprio
1637 3233 1735 3273 er-

137 3321 281 3367 rore.
307 3313 460 3361 tanto
489 3315 545 3363 et
571 3307 754 3364 acrius
780 3305 1147 3379 judicabitur.

209 3396 283 3451 Et
333 3396 476 3450 dedit
530 3413 678 3452 mare
703 3402 942 3452 mortuos
996 3411 1139 3463 suos,
1169 3399 1217 3449 et
1242 3410 1386 3449 mors
1415 3399 1463 3448 et
1490 3393 1733 3463 infernus

136 3484 394 3540 dederunt
416 3492 651 3542 mortuos
678 3486 772 3558 qui
819 3485 878 3539 in
930 3485 1084 3557 ipsis,
1140 3490 1293 3540 erant
1323 3500 1335 3539 :
1365 3489 1413 3538 et
1431 3482 1734 3552 judicatum

137 3575 302 3630 estde
331 3576 556 3647 singulis
601 3578 886 3633 secundum
933 3593 1093 3648 opera
1126 3592 1326 3647 eorum.
1380 3574 1540 3630 Nunc
1569 3573 1636 3630 ad
1670 3590 1733 3630 ea

136 3678 258 3736 quae
286 3666 727 3735 praetermiserat,
760 3664 1089 3732 revertitur;
1122 3664 1275 3738 prius
1304 3663 1506 3737 quippe
1540 3680 1731 3720 resur-

137 3756 308 3812 rectio
330 3758 599 3829 generalis
629 3759 745 3828 ﬁet,
794 3768 849 3816 et
898 3767 1087 3833 postea
1133 3758 1409 3831 judicium
1440 3759 1731 3816 exercebi-

138 3854 243 3903 tur.
278 3847 435 3916 Quod
466 3850 544 3907 ita
569 3867 684 3907 esse
740 3852 1011 3909 Dominus
1040 3853 1097 3909 in
1155 3850 1458 3924 Evangelio
1487 3851 1731 3907 manife-

133 3943 261 4007 stat,
291 3937 481 3994 dicens
507 3938 798 4012 discipulis
823 3959 835 3997 :
883 3966 903 3991 ι
930 3942 993 3998 In
1039 3942 1451 4014 regeneratione
1478 3955 1606 3997 cum
1636 3957 1731 3996 se-

133 4024 277 4081 derit
304 4027 480 4084 Filius
515 4028 761 4085 hominis
788 4030 847 4085 in
893 4031 1021 4088 sede
1063 4031 1370 4104 majestatis
1412 4047 1544 4098 sum,
1582 4030 1731 4086 sede-

131 4114 264 4171 bitis
290 4124 345 4172 et
375 4134 474 4175 vos
503 4135 666 4191 super
693 4119 847 4175 sedes
880 4119 1195 4190 duodecim,
1237 4128 1387 4184 5'74
1420 4119 1732 4192 judicantes

131 4214 421 4275 duodecim
443 4218 626 4274 tribus
670 4219 834 4273 Israel
872 4219 1085 4291 (Matth.
1127 4236 1248 4287 χιχ,
1299 4219 1417 4289 28).
1468 4244 1486 4266 ι
1546 4222 1731 4277 Primo

130 4307 597 4379 regenerationem
629 4307 835 4380 posuit,
859 4307 915 4363 id
949 4314 1051 4376 est,
1099 4307 1554 4364 resurrectionem
1587 4309 1728 4382 (76);

128 4402 318 4469 postea
363 4396 432 4452 ad
480 4394 814 4469 judicandos
855 4396 1086 4469 populos
1136 4412 1229 4452 eos
1301 4412 1545 4452 sessuros
1617 4413 1733 4453 esse

1856 1864 1959 1925 tas,
2009 1858 2154 1915 sicut
2181 1860 2320 1918 dicit
2347 1863 2615 1919 Dominus
2644 1864 2702 1919 in
2732 1863 3039 1935 Evangelio
3075 1879 3086 1917 :
3134 1887 3153 1909 ι
3184 1863 3302 1919 Nisi
3331 1862 3456 1936 quis

1854 1956 2076 2005 renatus
2106 1950 2272 2007 fuerit
2300 1968 2368 2007 ex
2393 1968 2534 2025 aqua
2570 1962 2623 2009 et
2651 1953 2860 2025 Spiritu
2888 1960 3098 2021 sancto,
3132 1970 3244 2010 non
3277 1961 3454 2025 potest

1853 2035 2084 2094 introire
2138 2039 2196 2094 in
2252 2057 2480 2111 regnum
2539 2042 2638 2097 Dei
2702 2042 2884 2114 (Joan.
2944 2060 3030 2109 III,
3088 2042 3169 2114 5).
3232 2068 3252 2091 ι
3308 2043 3455 2099 Mare

1852 2124 2036 2198 itaque
2086 2128 2157 2183 ad
2204 2131 2662 2186 resurrectionem
2711 2131 3013 2187 electorum
3051 2150 3064 2198 ;
3120 2148 3271 2188 mors
3321 2148 3454 2189 vero

1853 2220 2015 2286 atque
2045 2215 2316 2284 infernus,
2337 2217 2407 2273 ad
2436 2218 2794 2289 reproborum
2826 2218 2943 2289 (77)
2973 2218 3273 2290 pertinent.
3306 2219 3454 2275 Mare

1854 2316 1983 2373 ergo
2046 2303 2106 2358 in
2174 2303 2280 2360 hoc
2359 2306 2478 2362 loco
2541 2305 2877 2378 baptismum
2944 2307 3213 2380 designat.
3283 2307 3450 2376 Quasi

1854 2387 2024 2459 igitur
2077 2408 2226 2448 mare
2312 2402 2560 2450 mortuos
2622 2412 2751 2451 suos
2820 2395 3029 2464 reddet,
3100 2412 3227 2453 cum
3291 2396 3451 2453 electi

1852 2477 1949 2548 qui
2006 2478 2156 2535 inea
2207 2482 2481 2537 munditia
2506 2499 2668 2555 quam
2723 2482 2783 2537 in
2840 2483 3166 2555 baptismate
3199 2501 3448 2557 percepe-

1852 2574 2002 2634 runt,
2053 2568 2109 2623 in
2160 2585 2223 2625 ea
2268 2570 2431 2624 etiam
2477 2577 2531 2625 et
2574 2578 2875 2642 resurgent,
2915 2572 3125 2627 nullam
3174 2574 3446 2629 maculam

1813 2673 1828 2689 -
1852 2655 2059 2726 peccati
2106 2656 2386 2714 habentes.
2435 2660 2581 2714 Mare
2617 2668 2862 2715 mortuos
2908 2676 3035 2715 suos
3085 2660 3294 2729 reddet,
3322 2662 3450 2733 quia

1852 2745 1993 2800 sacri
2032 2745 2378 2819 baptismatis
2409 2748 2638 2817 ablutio,
2679 2758 2733 2805 et
2760 2750 2935 2805 sancti
2967 2750 3207 2821 Spiritus
3245 2752 3442 2823 gratia,

1851 2835 2054 2892 electos
2107 2854 2297 2895 omnes
2352 2847 2597 2911 tempore
2643 2841 3062 2897 resurrectionis
3109 2840 3168 2898 in
3211 2859 3449 2913 conspe-

1850 2931 1943 2979 ctu
1988 2924 2261 2983 Creatoris
2305 2928 2390 2983 sui
2423 2928 2656 2984 mundos
2709 2936 2762 2983 et
2799 2928 3185 2985 immaculatos
3209 2930 3448 2987 exhibe-

1849 3012 1952 3070 bit.
2002 3016 2105 3071 Per
2151 3026 2382 3074 mortem
2437 3027 2619 3073 autem
2665 3033 2897 3089 corpora
2943 3018 3266 3091 impiorum,
3326 3035 3447 3092 qua)

1849 3100 1905 3157 in
1938 3110 2096 3160 terrae
2122 3103 2337 3162 sinibus
2381 3114 2598 3162 mortua
2639 3105 2959 3162 detinentur
2991 3123 3004 3162 :
3036 3123 3133 3178 per
3160 3106 3443 3163 infernum

1842 3206 1975 3245 vero
2021 3208 2210 3248 eorum
2233 3194 2462 3261 animas,
2513 3210 2577 3249 eo
2622 3194 2769 3267 quod
2816 3195 2874 3249 in
2915 3194 3118 3249 inferni
3186 3195 3445 3250 claustris

1843 3283 2213 3354 detineantur,
2259 3286 2565 3358 intelligere
2606 3302 2916 3358 possumus.
2964 3285 3218 3340 Infernus
3259 3285 3443 3357 itaque

1847 3381 2098 3431 mortuos
2143 3391 2271 3433 suos
2318 3376 2508 3444 dabit;
2537 3376 2667 3450 quia
2687 3375 2899 3431 animas
2929 3374 3109 3447 prima
3152 3381 3327 3430 morte
3353 3373 3443 3429 de-

1846 3472 2084 3533 voratas,
2141 3481 2275 3538 quas
2312 3464 2540 3534 detinet,
2584 3466 2652 3521 ad
2692 3463 3034 3535 recipiendia
3077 3462 3298 3535 propria
3326 3478 3443 3518 cor-

1841 3569 1973 3625 pora
2012 3555 2274 3611 remittet.
2329 3557 2475 3613 Mors
2526 3553 2692 3611 etiam
2750 3562 2997 3609 mortuos
3053 3569 3182 3609 suos
3252 3551 3433 3618 dabit;

1840 3642 1971 3714 quia
2015 3660 2244 3718 corpora
2288 3662 2408 3721 qua:
2447 3645 2504 3701 in
2554 3647 2838 3718 pulverem
2885 3643 3186 3716 redegerat,
3239 3650 3301 3697 ut
3329 3639 3440 3694 vir-

1838 3736 1955 3787 tute
1988 3731 2179 3788 divina
2216 3750 2312 3806 per
2359 3733 2669 3790 animarum
2702 3731 3102 3804 susceptionem
3153 3729 3442 3787 viviﬁcen-

1839 3826 1950 3889 tur,
1983 3821 2289 3879 exhibebit.

1913 3928 2097 4000 (Vers.
2142 3929 2227 3998 14,
2279 3930 2392 4000 15.)
2434 3932 2508 3986 Ει
2548 3946 2691 3984 mors
2742 3934 2789 3983 et
2832 3926 3076 3995 infernus
3119 3924 3271 3979 missi
3318 3932 3443 3979 sunt

1838 4014 1898 4070 in
1952 4022 2196 4088 stagnum
2251 4016 2456 4087 ignis...
2494 4023 2543 4071 et
2593 4016 2766 4071 omnis
2801 4014 2894 4084 qui
2945 4030 3053 4068 non
3091 4019 3167 4067 est
3213 4012 3271 4067 in
3303 4014 3437 4069 libro

1839 4104 1961 4160 vitm
2003 4104 2252 4175 scriptus,
2308 4104 2499 4159 missus
2546 4110 2624 4159 est
2674 4102 2731 4157 in
2778 4101 3043 4156 caminum
3092 4101 3244 4171 ignis.
3285 4102 3431 4159 Mors

1841 4199 1895 4247 et
1942 4190 2189 4247 infernus
2236 4191 2390 4247 missi
2436 4199 2566 4247 sunt
2606 4190 2665 4245 in
2713 4196 2965 4263 stagnum
3015 4188 3182 4261 ignis,
3224 4188 3279 4246 id
3332 4196 3434 4258 est,

1840 4280 2040 4336 animat
2085 4297 2212 4337 cum
2261 4280 2603 4353 corporibus.
2653 4279 2952 4335 Possumus
2997 4286 3051 4335 et
3079 4294 3175 4351 per
3203 4286 3435 4335 mortem

1840 4378 2138 4446 demones,
2187 4394 2251 4433 eo
2315 4376 2461 4451 quod
2502 4376 2607 4450 ipsi
2651 4384 2903 4433 auctores
2953 4375 3164 4433 fuerint
3217 4375 3433 4443 mortis,

90 4464 296 4541 ’dixit.
328 4487 399 4543 Et
454 4464 512 4541 in
558 4464 1057 4559 Evangeliohujus
1091 4485 1318 4542 Joannis
1346 4486 1619 4542 Dominus
1653 4489 1728 4543 lo-
1758 4494 1807 4553 D
1844 4466 2169 4559 intelligere-
2216 4468 2363 4524 Μοτδ
2391 4474 2444 4523 εἲ
2473 4466 2724 4559 inferna?
2750 4466 3089 4559 mensem?
3120 4464 3429 4559 "fitfemm‘,

126 4575 342 4647 quitur,
370 4575 595 4632 dicens:
664 4597 683 4622 κ
740 4575 908 4632 Venit
962 4574 1098 4631 hora
1144 4574 1363 4649 quando
1392 4591 1603 4645 omnes,
1634 4577 1729 4650 qui

125 4663 187 4719 in
235 4665 614 4722 monumentis
653 4674 803 4734 sunt,
834 4665 1061 4722 audient
1092 4682 1285 4722 vocem
1324 4665 1454 4721 Filii
1486 4666 1625 4735 Dei;
1676 4677 1731 4724 et

126 4755 427 4828 procedent
478 4756 573 4829 qui
627 4756 774 4813 bona
815 4757 1086 4826 fecerunt,
1147 4757 1205 4813 in
1270 4758 1728 4815 resurrectionem

124 4843 293 4899 vitaz:
359 4844 454 4917 qui
511 4860 642 4900 vero
678 4846 821 4901 mala
851 4854 1099 4918 egerunt,
1159 4845 1216 4919 in
1271 4847 1726 4903 resurrectionem

114 4932 322 5006 judicii
344 4935 525 5006 (Joan.
547 4952 600 5004 v,
616 4934 705 5004 28,
726 4935 841 5008 29).
861 4962 879 4984 ι
910 4936 995 4992 Ad
1016 4936 1306 5009 imperium
1322 4934 1490 5008 igitur
1506 4936 1726 4992 Domini

121 5022 194 5079 de
226 5024 603 5081 monumentis
658 5023 772 5081 suis
817 5024 1114 5097 procedant
1159 5024 1399 5091 mortui;
1457 5024 1586 5097 quia
1611 5041 1727 5081 cor-

121 5128 259 5186 pora
286 5113 534 5169 omnium
584 5121 929 5171 mortuorum
981 5130 1077 5186 per
1121 5113 1491 5185 receptionem
1520 5115 1725 5170 anima-

122 5220 248 5259 rum
274 5203 571 5272 viviﬁcata,
620 5204 687 5260 de
742 5203 1007 5278 sepulcris
1056 5203 1171 5259 suis
1216 5202 1422 5259 exient.
1456 5203 1561 5272 Qui
1595 5221 1727 5260 vero

119 5292 269 5347 mala
292 5293 562 5362 fecerunt,
592 5293 650 5349 in
680 5293 1136 5352 resurrectionem
1165 5292 1366 5366 judicii
1398 5293 1715 5367 procedent,

198 5438 741 5511 (775),.Iudicatirsunt
789 5441 1069 5511 secundum
1099 5457 1160 5495 ea
1190 5456 1309 5511 qua;
1342 5440 1544 5511 scripta
1572 5446 1746 5495 erant-

122 5510 381 5593 inlibris,
416 5510 474 5565 in
520 5509 653 5566 edit.
692 5528 801 5566 non
843 5510 1165 5579 iterabatur,
1199 5509 1305 5566 sed
1356 5509 1463 5568 sic_
1488 5511 1722 5567 iteratur

120 5597 660 5724 mggioomserant
687 5651 847 5723 edit.,
876 5654 933 5710 id
959 5660 1054 5724 est,
1084 5655 1537 5713 resurrectionem.

1838 4555 1969 4628 quia
2028 4556 2305 4613 daemones
2370 4573 2496 4614 cum
2545 4555 2757 4613 caeteris
2814 4555 3001 4627 impiis
3049 4553 3106 4609 in
3154 4552 3431 4608 infemnm

1837 4644 2244 4717 demergentur.

1908 4750 2136 4808 CAPUT
2174 4751 2326 4805 XXI.
2366 4779 2436 4790 —-
2492 4749 2674 4819 (Vers.
2711 4747 2789 4818 1.)
2843 4748 2917 4802 Et
2951 4747 3062 4801 vidi
3102 4747 3284 4803 caelum
3324 4764 3431 4803 no-

1836 4861 1959 4899 vum
2004 4850 2051 4898 et
2113 4850 2308 4897 terram
2355 4856 2590 4904 novam;
2635 4839 2873 4911 primum
2931 4838 3070 4893 enim
3127 4838 3330 4906 caelum,
3385 4844 3433 4893 et

1830 4934 2015 5006 prima
2072 4939 2216 4988 terra
2293 4931 2445 4999 abiit,
2501 4936 2550 4984 et
2603 4946 2751 4984 mare
2819 4928 2940 4999 jam
2995 4945 3101 4983 non
3157 4933 3248 4983 est.
3314 4926 3431 4985 C03-

1836 5024 1949 5079 lum
2019 5031 2074 5079 et
2126 5030 2292 5089 terra,
2364 5029 2416 5076 et
2466 5028 2662 5077 caetera
2718 5020 3007 5088 elementa,
3079 5035 3199 5092 quae
3265 5018 3430 5075 modo

1837 5111 2115 5180 videmus,
2185 5110 2253 5166 ab
2312 5110 2435 5183 igne
2502 5117 2917 5178 consumentur,
2997 5125 3109 5165 non
3164 5115 3225 5164 ut
3278 5108 3430 5181 peni-

1835 5211 1924 5259 tus
1967 5201 2273 5270 deleantur,
2328 5199 2421 5257 sed
2469 5207 2529 5256 ut
2578 5200 2635 5255 in
2693 5199 2974 5256 meliorem
3021 5206 3249 5267 statum,
3284 5198 3430 5255 sicut

1832 5292 2082 5365 superius
2123 5290 2235 5364 jam
2287 5290 2553 5360 diximus,
2595 5306 2689 5363 per
2746 5290 2925 5362 ignem
2966 5296 3310 5362 reparentur,
3356 5288 3426 5344 si-

1905 5440 2022 5511 (77)
2072 5438 2295 5511 Eadem,
2324 5437 2481 5506 edit.,
2529 5436 2993 5511 adreproborum
3039 5434 3378 5504 dejectionem
3406 5476 3421 5497 ,

1831 5506 1960 5580 mss.
2002 5506 2152 5578 vero,
2194 5509 2239 5565 si
2272 5510 2403 5580 Reg.
2455 5506 2719 5580 excipias,
2748 5506 3233 5580 dejectionemunon
3260 5520 3421 5580 agno-

1829 5576 2023 5638 scunt:
2074 5575 2168 5636 sed
2217 5575 2406 5638 vocem
2454 5575 3035 5635 mortuorumreferre
3087 5575 3216 5633 licet
3242 5575 3311 5631 ad
3339 5592 3418 5630 re-

1828 5653 2219 5710 surrectionem.
