3902 6198
461 318 598 377 1023

456 452 550 502 cut
595 439 885 499 Psalmista
931 437 1137 495 indicat
1174 436 1362 494 dicens
1407 449 1418 488 :

456 543 640 592 autem
683 529 1026 606 permanebis
1061 547 1072 586 :
1133 535 1188 583 et
1217 539 1407 582 omnes
1449 530 1511 578 ut
1539 518 1931 576 vestimentum
1966 530 2056 570 ve-

454 630 762 690 terascent;
799 629 851 677 et
880 621 1031 676 velut
1081 615 1345 672 amictum
1378 609 1617 667 mutabis
1651 625 1764 678 eos,
1800 615 1853 664 et
1883 611 2058 664 muta-

454 715 665 771 buntur
696 713 870 784 (Psal.
894 727 967 776 cr,
999 708 1114 778 27).
1147 729 1166 753 ι
1201 702 1361 770 Quod
1391 701 1562 757 dicit:
1591 701 1840 756 Primum
1867 700 2056 755 emtum

455 813 504 863 et
534 805 718 878 prima
751 808 895 856 terra
922 798 1073 864 abiit,
1104 795 1340 868 speciem
1371 791 1613 865 ejusdem
1643 791 1769 847 coeli
1797 807 1861 847 ac
1893 799 2054 847 terrae

453 893 811 951 transituram
866 903 980 944 esse
1009 885 1386 951 demonstrat;
1423 882 1630 956 species
1658 881 1809 936 enim
1842 895 2054 947 eorum,

455 1000 568 1040 non
627 978 861 1036 essentia
905 975 1184 1043 transibit,
1232 990 1359 1032 cum
1412 972 1470 1028 in
1518 971 1802 1027 meliorem
1848 976 2057 1025 statum

453 1069 960 1130 commutabantur.
1016 1063 1174 1133 Quod
1220 1079 1352 1119 vero
1382 1062 1593 1118 infert:
1641 1063 1714 1117 Et
1758 1077 1911 1114 mare
1931 1058 2054 1128 jam

458 1179 564 1218 non
593 1166 686 1228 est,
717 1173 1008 1232 possumus
1035 1155 1338 1212 secundum
1363 1153 1602 1210 litteram
1635 1150 1966 1222 intelligere,
1997 1156 2061 1205 ut

462 1270 611 1311 mare
641 1251 860 1325 penitus
886 1249 1153 1306 deleatur.
1189 1247 1367 1303 Aliter
1400 1262 1411 1300 :
1443 1261 1591 1300 mare
1615 1243 1732 1316 jam
1761 1259 1872 1298 non
1905 1242 2012 1299 erit
2039 1261 2052 1311 ;

463 1344 593 1418 quia
639 1342 915 1416 propriam
972 1339 1202 1411 ﬁguram
1256 1337 1492 1404 amittet,
1559 1336 1702 1392 sicut
1751 1333 1952 1389 coelum
2011 1339 2064 1388 et

463 1443 628 1502 terra,
647 1442 709 1490 ut
731 1432 787 1487 in
807 1430 1179 1506 pulchriorem
1206 1427 1439 1484 formam
1460 1432 1760 1497 reparetur.
1777 1421 1880 1479 Sed
1906 1421 2065 1494 spiri-

464 1525 650 1583 taliter
669 1524 775 1580 hoc
796 1519 1214 1594 intelligendum
1234 1525 1367 1592 puto
1392 1536 1405 1585 ;
1429 1514 1699 1590 quidquid
1721 1513 1865 1569 enim
1893 1513 1960 1568 de
1983 1513 2066 1568 in-

466 1615 763 1673 novatione
797 1611 920 1670 coeli
952 1620 1005 1668 et
1051 1620 1208 1666 terrae
1238 1609 1450 1665 dictum
1483 1614 1583 1674 est,
1617 1615 1670 1662 et
1699 1605 2064 1662 bistorialiter
2105 1616 2114 1625 '

467 1703 887 1777 intelligendum
909 1710 1011 1771 est,
1042 1700 1184 1758 sicut
1205 1698 1456 1772 superius
1476 1697 1743 1765 diximus,
1766 1705 1819 1752 et
1846 1696 2066 1769 spirita-

1489 307 1586 362 AD
1625 302 1861 360 OPERA
1899 300 1956 357 S.
1996 295 2328 356 AMBROSII
2366 290 2746 351 APPENDIX.

1468 455 1486 481 ι
1531 430 1640 503 Ipsi
1670 427 1952 502 peribunt,
1988 432 2051 481 tu
2079 427 2131 487 Α
2163 422 2329 479 oculis
2357 435 2558 476 eorum.
2587 415 2803 474 Anima)
2822 415 3071 473 omnium
3102 413 3412 472 hominum
3451 411 3809 467 immortales

2165 521 2359 571 creatae.
2399 517 2546 577 sunt,
2605 508 2752 566 sicut
2801 507 3070 564 Dominus
3122 506 3265 564 dicit
3325 505 3388 559 in
3445 500 3806 573 Evangelia:

3679 283 3810 341 1024

2179 626 2198 650 ε
2233 601 2415 658 Nolite
2438 599 2632 655 timere
2681 613 2772 654 eos
2815 597 2909 670 qui
2957 595 3220 653 occidunt
3267 608 3505 665 corpus,
3553 589 3804 645 animam

2167 703 2348 752 autem
2378 710 2487 750 non
2511 698 2739 764 possunt
2767 689 3016 748 occidere
3052 687 3268 761 (Matth.
3293 702 3355 753 x,
3385 683 3515 754 28).
3543 705 3568 729 ι
3609 681 3806 749 Quam-

2169 786 2254 843 vis
2279 784 2426 842 enim
2457 782 2766 838 moriantur
2819 786 3064 852 peccato,
3122 783 3219 832 aut
3283 789 3350 830 ea
3400 779 3606 826 morte
3641 787 3803 843 quam

2169 875 2400 950 primam
2433 881 2486 930 et
2515 869 2812 929 secundam
2847 869 3133 933 diximus;
3168 871 3363 920 tamen
3404 877 3532 917 non
3577 861 3666 915 ita
3696 877 3803 915 mo-

2171 966 2413 1030 riuntur,
2449 971 2510 1018 ut
2542 961 2760 1034 penitus
2789 975 2903 1014 non
2931 959 3080 1014 sint:
3119 954 3210 1011 sed
3248 968 3446 1009 earum
3480 951 3648 1006 male

2171 1072 2318 1111 mors
2354 1059 2602 1110 vocatur.
2655 1052 2775 1107 Duo
2805 1062 3021 1122 quoque
3059 1053 3312 1118 tempora
3367 1041 3447 1097 iis
3493 1041 3806 1096 constituit

2170 1150 2349 1205 Deus:
2387 1141 2670 1217 praesentis
2701 1142 2852 1209 vitae,
2886 1137 3033 1212 quod
3069 1136 3178 1193 cito
3216 1133 3440 1202 ﬁnitur,
3476 1139 3536 1187 et
3574 1131 3804 1198 futura,

2173 1236 2318 1311 quod
2349 1235 2502 1292 ﬁniri
2531 1249 2643 1289 non
2674 1237 2886 1304 potest;
2917 1240 3199 1299 unumque
3247 1221 3408 1278 ﬂetui
3451 1228 3508 1276 et
3547 1219 3804 1286 maerori,

2173 1309 2404 1383 alterum
2437 1322 2635 1397 gaudio
2665 1329 2828 1393 atque
2856 1317 3061 1374 laetitiae
3092 1312 3402 1387 deputavit.
3441 1316 3611 1374 575
3632 1309 3804 1366 Verbi

2176 1422 2369 1496 gratia,
2400 1420 2445 1476 si
2475 1419 2598 1492 quis
2619 1417 2787 1472 vellet
2815 1416 2874 1471 in
2903 1414 3010 1470 hoc
3045 1421 3312 1483 tempore,
3341 1407 3502 1482 quod
3535 1404 3803 1462 brevissi-

2177 1493 2327 1570 mum
2359 1519 2461 1578 est,
2493 1524 2592 1582 pro
2626 1505 2862 1579 peccatis
2900 1503 3017 1560 suis
3055 1501 3183 1557 ﬂere
3220 1507 3274 1556 et
3312 1499 3536 1570 lugere,
3582 1503 3643 1551 et
3672 1493 3802 1549 aﬁli-

2177 1601 2354 1676 gendo
2406 1597 2756 1670 semetipsum
2812 1592 3056 1652 carnalia
3083 1587 3354 1648 desideria
3403 1585 3799 1656 exstinguere,

2178 1700 2236 1755 in
2268 1697 2378 1755 alio
2409 1705 2650 1768 tempore
2685 1690 2834 1765 quod
2871 1689 3020 1745 istud
3051 1685 3322 1760 sequitur,
3363 1681 3652 1756 quodque
3685 1679 3800 1736 inﬁ-

468 1792 1123 1864 liter.Possumusitaque
1153 1807 1248 1863 per
1267 1791 1470 1848 cmlum
1491 1788 1702 1844 animas
1717 1795 2060 1858 sanctorum,
2097 1794 2142 1856 B
2173 1790 2353 1846 nitum
2397 1795 2499 1854 est,
2549 1782 2807 1856 gauderet
2843 1787 2897 1836 et
2939 1778 3239 1834 exsultaret
3276 1773 3337 1830 in
3383 1781 3718 1836 aeternum;
3759 1769 3802 1824 si

468 1901 564 1958 per
589 1891 790 1940 terram
835 1898 1064 1954 corpora
1089 1880 1416 1952 intelligere.
1447 1878 1656 1936 Caelum
1704 1893 1911 1932 novum
1943 1877 2056 1945 ﬁet,

466 1990 592 2031 cum
631 1972 828 2028 anima)
865 1979 1178 2028 sanctorum
1222 1985 1316 2041 per
1359 1967 1726 2039 receptionem
1766 1982 2061 2038 corporum

466 2063 524 2120 in
573 2062 815 2118 hominis
861 2070 1111 2117 naturam
1141 2058 1517 2115 restituentur.
1567 2056 1733 2112 Terra
1761 2072 1906 2112 nova
1935 2056 2062 2112 elli-

465 2154 660 2222 cietur,
717 2169 843 2210 cum
896 2167 1125 2223 corpora
1178 2155 1493 2204 sanctorum
1550 2163 1669 2220 qua:
1701 2154 1866 2202 antea
1904 2155 2063 2204 erant

466 2241 722 2300 mortalia
750 2249 912 2315 atque
961 2237 1366 2312 corruptibilia,
1418 2236 1757 2292 immortalia
1798 2242 1851 2291 et
1883 2235 2061 2292 incor-

467 2335 754 2408 ruptibilia
805 2334 1121 2390 reddentur.
1175 2331 1327 2404 Saipe
1370 2346 1502 2386 vero
1554 2345 1650 2403 per
1706 2345 1854 2385 mare
1902 2328 2062 2402 impii

469 2424 847 2498 designantur,
904 2422 1119 2480 dicente
1149 2422 1287 2479 Isaia
1319 2420 1612 2494 propheta:
1687 2443 1705 2466 ι
1737 2420 1899 2492 Impii
1930 2435 2061 2493 qua-

471 2517 518 2576 si
548 2533 696 2573 mare
732 2516 970 2584 fervens,
1001 2515 1148 2588 quod
1202 2513 1480 2587 quiescere
1527 2527 1639 2568 non
1669 2517 1870 2582 potest,
1899 2519 1952 2566 et
1984 2528 2062 2567 re-

472 2606 722 2665 dundant
772 2605 970 2662 ﬂuctus
1014 2602 1131 2676 ejus
1180 2602 1237 2658 in
1283 2601 1754 2659 conculcationem
1805 2609 1858 2657 et
1884 2600 2061 2656 lutum

475 2698 609 2770 (Isa.
660 2713 794 2764 Lvu,
843 2695 960 2768 20).
1008 2718 1024 2741 ι
1084 2693 1230 2749 Mare
1259 2691 1430 2764 igitur
1467 2690 1584 2763 jam
1613 2707 1724 2746 non
1750 2690 1900 2758 erit;
1937 2689 2064 2762 quia

473 2787 654 2843 omnis
699 2785 996 2842 multitudo
1043 2784 1341 2856 impiorum
1371 2798 1495 2840 cum
1543 2779 1923 2853 deceptoribus
1949 2779 2064 2836 suis

469 2875 814 2931 daemonibus
845 2874 904 2928 in
933 2873 1210 2928 infernum
1241 2871 1479 2938 detrusa,
1512 2877 1835 2942 praesentem
1867 2869 2062 2926 mundi

470 2963 667 3020 faciem
714 2979 746 3018 a
786 2979 886 3018 sua
926 2962 1212 3034 inquinata
1263 2959 1604 3017 habitatione
1635 2959 1897 3017 mundam
1929 2976 2061 3032 pra:-

471 3051 715 3108 stabunt.

2172 1877 2298 1952 quis
2328 1883 2512 1932 autem
2543 1873 2646 1928 hoc
2697 1868 2941 1941 elegerit,
2992 1874 3055 1922 ut
3106 1865 3164 1920 in
3215 1862 3487 1936 praesenti
3547 1869 3800 1932 tempore

2172 1950 2420 2040 gaudeat,
2445 1970 2500 2019 et
2528 1958 2802 2017 desideria
2828 1956 3011 2015 carnis
3039 1971 3148 2011 suae
3177 1952 3458 2025 perﬁciat,
3502 1951 3569 2006 in
3604 1950 3795 2005 futuro

2172 2057 2399 2130 lugebit,
2431 2061 2486 2110 et
2513 2049 2828 2108 tristabitur
2855 2048 2912 2104 in
2942 2044 3362 2118 sempiternum.
3403 2044 3492 2098 De
3537 2042 3618 2098 iis
3643 2041 3793 2097 duo-

2170 2147 2274 2204 bus
2304 2141 2643 2217 temporibus
2674 2138 2892 2195 videtur
2945 2135 3086 2192 mihi
3138 2133 3504 2190 Salomonem
3537 2130 3788 2186 dixisse:

2187 2261 2205 2284 ι
2244 2236 2481 2306 Tempus
2511 2229 2703 2299 ﬂendi,
2735 2235 2792 2285 et
2812 2235 3028 2298 tempus
3056 2221 3274 2279 ridendi
3304 2222 3513 2294 (Eccle.
3545 2237 3642 2288 ιιι,
3667 2219 3746 2288 4).
3766 2243 3781 2265 ι

2172 2324 2409 2396 Tempus
2429 2320 2603 2377 ﬂendi
2624 2319 2924 2375 electorum
2955 2330 3103 2370 nunc
3154 2320 3271 2368 est:
3305 2319 3540 2382 tempus
3575 2306 3790 2364 ridendi

2170 2421 2307 2470 tunc
2328 2411 2454 2480 erit,
2497 2407 2718 2483 quando
2748 2404 2888 2462 illud
2933 2401 3276 2476 implebitur,
3329 2399 3488 2472 quod
3518 2397 3789 2455 Dominus

2172 2502 2310 2560 dicit
2347 2500 2407 2556 in
2437 2497 2736 2570 Evangelio
2763 2515 2774 2553 :
2834 2521 2852 2543 ι
2879 2493 3034 2551 Beati
3065 2493 3161 2565 qui
3191 2493 3385 2564 lugent
3419 2506 3607 2557 nunc,
3651 2505 3789 2560 quo-

2175 2594 2325 2649 niam
2352 2588 2457 2662 ipsi
2486 2587 2922 2645 consolabuntur
2945 2585 3160 2656 (Matth.
3200 2599 3257 2648 v,
3288 2580 3374 2652 5).
3417 2604 3437 2626 ι
3482 2579 3786 2636 Peccatori-

2173 2681 2274 2738 bus
2303 2696 2434 2736 vero
2466 2677 2643 2734 dicit:
2687 2700 2704 2723 ι
2736 2676 2833 2732 νε
2864 2672 3022 2730 vobis
3052 2672 3146 2745 qui
3199 2669 3398 2726 ridetis
3442 2684 3628 2736 nunc,
3668 2667 3782 2740 quia

2173 2768 2464 2844 plorabitis
2494 2775 2546 2823 et
2576 2764 2781 2822 ﬂebitis
2811 2764 2964 2836 (Luc.
2999 2779 3079 2831 v1,
3099 2760 3192 2831 25)
3217 2760 3229 2814 l
3265 2783 3281 2805 ι
3326 2757 3638 2831 Absterget
3667 2772 3782 2828 ergo

2172 2869 2318 2925 Deus
2347 2879 2570 2921 omnem
2614 2861 2916 2932 lacrymam
2955 2856 3022 2913 ab
3049 2853 3228 2912 oculis
3257 2859 3632 2917 sanctorum;
3667 2847 3784 2920 quia

2174 2968 2298 3035 post
2350 2955 2808 3016 resurrectionem
2867 2951 3011 3010 nihil
3065 2949 3224 3005 triste
3263 2947 3481 3004 sanctis
3545 2943 3784 3002 accidere

2175 3049 2396 3124 poterit,
2429 3046 2576 3103 unde
2606 3047 2865 3117 lacrymaa
2892 3039 3028 3098 oriri
3059 3038 3292 3113 possint.

546 3141 726 3213 (Vers.
776 3139 857 3212 2.)
910 3141 985 3198 Et
1028 3138 1284 3195 civitatem
1335 3142 1569 3194 sanctam
1614 3137 1908 3193 Jerusalem
1953 3135 2065 3191 vidi
2099 3157 2143 3217 ρ
2177 3121 2195 3124 _
2248 3143 2322 3198 Et
2342 3155 2485 3195 mors
2514 3138 2661 3192 ultra
2689 3150 2797 3188 non
2839 3131 2959 3187 erit.
2992 3128 3210 3184 Primus
3250 3125 3423 3181 homo
3455 3121 3783 3179 immortalis

471 3232 852 3289 descendentem
886 3230 948 3286 de
984 3229 1112 3285 caelo
1141 3248 1175 3285 a
1222 3229 1350 3298 Deo,
1377 3233 1630 3300 paratam
1659 3227 1791 3282 sicut
1820 3242 2066 3297 sponsam

471 3329 717 3379 ornatam
747 3322 864 3377 viro
894 3338 1008 3378 suo.
1049 3320 1260 3379 Civitas
1287 3321 1585 3376 Jerusalem
1615 3316 1861 3374 Ecclesia
1887 3323 1970 3372 est
1997 3331 2066 3371 ex

471 3411 728 3468 omnibus
783 3410 949 3482 justis
995 3417 1356 3467 constructa:
1410 3409 1476 3465 de
1523 3408 1661 3464 coelo
1709 3404 2000 3463 descendet
2048 3419 2063 3470 ;

471 3501 601 3572 quia
622 3499 860 3555 Domino
887 3499 956 3554 ad
977 3499 1252 3569 judicium
1282 3498 1557 3565 veniente,
1587 3513 1713 3554 cum
1757 3497 1856 3551 illo
1885 3492 2067 3549 omnis

473 3587 772 3642 multitudo
819 3594 1132 3640 sanctorum
1171 3586 1375 3651 veniet,
1413 3584 1554 3640 sicut
1583 3583 1721 3640 dicit
1751 3583 1916 3639 Isaias
1945 3597 2066 3652 pro-

471 3674 635 3746 pheta
666 3688 678 3727 :
721 3698 739 3721 ι
759 3672 1030 3729 Dominus
1052 3673 1119 3728 ad
1144 3672 1418 3744 judicium
1451 3671 1634 3726 veniet
1663 3688 1789 3727 cum
1819 3670 2068 3727 sensibus

471 3762 662 3838 populi
715 3762 822 3832 sui,
862 3770 916 3820 et
951 3762 1292 3836 principibus
1337 3761 1452 3834 ejus
1487 3761 1619 3833 (Isa.
1673 3779 1758 3829 ιιι,
1793 3760 1906 3831 14).
1933 3785 1950 3808 ι
1998 3761 2069 3816 Et

473 3853 908 3928 sapientissimus
932 3854 1188 3911 Salomon
1219 3853 1276 3909 in
1307 3850 1620 3909 Proverbiis
1652 3867 1663 3906 :
1711 3874 1728 3898 ι
1758 3850 1978 3908 Nobilis
2009 3851 2064 3906 in

472 3945 646 4019 portis
692 3945 780 4001 vir
825 3944 962 4018 ejus,
1017 3943 1237 4018 quando
1283 3942 1485 4000 sederit
1533 3958 1660 3999 cum
1717 3942 2067 3999 senatoribus

473 4044 631 4093 terrae
677 4036 864 4108 (Prov.
903 4051 1064 4104 xxxx,
1097 4035 1219 4109 23).
1245 4059 1262 4083 ι
1304 4034 1434 4103 Quae
1467 4033 1609 4090 sicut
1655 4049 1853 4106 sponsa
1882 4039 2068 4104 parata

475 4132 528 4180 et
567 4134 759 4181 ornata
800 4141 915 4183 esse
960 4126 1204 4193 dicitur;
1239 4125 1370 4198 quia
1415 4123 1560 4180 sicut
1601 4139 1799 4194 sponsa
1829 4121 2067 4177 diversis

474 4213 776 4268 monilibus
829 4223 882 4270 et
932 4215 1270 4270 ornamentis
1319 4214 1666 4285 semetipsam
1725 4219 1972 4277 exornat,
2005 4217 2067 4266 ut

475 4317 675 4373 sponso
723 4316 823 4355 suo
853 4303 1064 4372 placeat
1096 4321 1107 4358 :
1153 4304 1231 4358 ita
1261 4311 1315 4358 et
1342 4303 1588 4360 Ecclesia
1631 4299 1864 4357 diversis
1893 4299 2066 4356 virtu-

474 4389 624 4446 tibus
666 4389 976 4458 decoratur,
1031 4399 1093 4446 ut
1145 4389 1390 4446 Creatori
1437 4407 1557 4459 suo,
1590 4389 1796 4463 quiest
1836 4405 2067 4462 sponsus

476 4478 615 4554 ejus,
647 4481 860 4553 placere
892 4481 1091 4537 valeat.

549 4581 730 4653 (Vers.
762 4580 843 4652 3.)
881 4583 949 4636 Et
989 4579 1173 4635 audivi
1198 4595 1364 4634 vocem
1397 4595 1642 4650 magnam
1669 4578 1731 4633 de
1759 4580 1944 4633 throno
1974 4578 2068 4634 di-

474 4678 666 4728 centem
698 4688 710 4727 :
763 4672 897 4728 Ecce
937 4670 1329 4727 tabernaculum
1378 4667 1478 4725 Dei
1506 4683 1623 4722 cum
1668 4663 1983 4733 hominibus,
2021 4670 2068 4719 et

475 4761 731 4819 habitabit
775 4778 891 4818 cum
919 4761 992 4818 eis
1020 4778 1033 4828 ;
1064 4767 1112 4816 et
1138 4760 1240 4832 ipsi
1265 4760 1496 4832 populus
1540 4756 1653 4828 ejus
1681 4761 1856 4823 erunt,
1886 4759 1933 4809 et
1959 4753 2068 4825 ipse

476 4852 734 4910 Dominus
780 4869 898 4908 cum
924 4851 997 4908 eis
1042 4852 1143 4907 erit
1186 4867 1369 4906 eorum
1414 4849 1576 4906 Deus.
1609 4846 1824 4904 Scimus
1869 4861 1965 4918 per
1991 4844 2066 4902 ci-

476 4945 704 5002 vitatem
747 4945 1047 5002 Jerusalem
1077 4951 1132 5000 et
1159 4942 1574 5000 tabernaculum
1612 4937 1835 4997 Domini
1866 4937 2068 4994 Eccle-

477 5033 615 5090 siam
663 5050 804 5106 saepe
849 5050 964 5092 esse
1009 5033 1365 5106 designatam.
1417 5031 1626 5090 Civitas
1667 5044 1795 5102 ergo
1846 5027 1906 5084 in
1963 5025 2069 5082 hoc

478 5122 600 5181 loco
629 5131 682 5180 et
710 5124 1126 5182 tabernaculum
1157 5121 1404 5180 Ecclesia
1431 5128 1661 5178 vocatur
1692 5136 1706 5187 ;
1743 5134 1808 5174 eo
1837 5115 1985 5191 quod
2008 5115 2067 5171 in

477 5211 576 5270 illa
620 5213 833 5271 habitet
859 5215 1025 5282 Deus,
1079 5212 1224 5269 sicut
1251 5212 1368 5284 ipse
1408 5210 1545 5269 dicit
1573 5225 1669 5282 per
1710 5206 2063 5282 prophetam:

495 5328 513 5351 σ
543 5302 869 5362 Inhabitabo
898 5303 956 5358 in
989 5302 1124 5370 illis,
1155 5309 1209 5358 et
1235 5300 1613 5367 inambulabo,
1644 5307 1698 5355 et
1726 5313 1818 5352 ero
1843 5295 2068 5351 illorum

479 5395 646 5462 Deus,
675 5401 730 5449 et
759 5392 864 5464 ipsi
891 5401 1053 5449 erunt
1082 5391 1219 5447 mihi
1243 5391 1480 5463 populus
1512 5387 1701 5460 (Leuit.
1732 5401 1890 5451 xxvr,
1919 5382 2054 5450 12).»

553 5483 738 5553 (Vera.
779 5481 860 5552 4.)
891 5483 966 5539 Et
1010 5481 1262 5553 absterget
1289 5481 1431 5536 Deus
1458 5493 1660 5533 omnem
1691 5475 1977 5546 lacrymam
2005 5470 2070 5526 ab

557 5678 674 5749 (78)
718 5681 797 5738 Ita
826 5695 956 5736 mss.
989 5695 1004 5747 ;

2093 4522 2146 4581 D

2178 3231 2356 3288 factus
2414 3235 2534 3284 est:
2602 3221 2877 3298 peccando
2950 3228 3132 3276 autem
3191 3223 3245 3272 et
3299 3212 3782 3271 immortalitatem

2177 3319 2385 3388 amisit,
2421 3325 2475 3373 et
2533 3321 2769 3371 mortem
2827 3309 3037 3368 mundo
3083 3306 3298 3364 intulit.
3363 3304 3505 3360 Post
3553 3317 3782 3358 resurre-

2176 3411 2418 3468 ctionem
2449 3412 2632 3462 autem
2663 3418 2812 3458 mors
2849 3416 2963 3456 non
2992 3397 3123 3465 erit;
3154 3395 3286 3469 quia
3304 3401 3359 3450 et
3391 3393 3519 3466 ipse
3533 3392 3781 3467 princeps

2176 3497 2374 3555 mortis
2411 3493 2667 3551 diabolus
2707 3507 2834 3548 cum
2879 3487 3137 3545 omnibus
3183 3482 3531 3541 satellitibus
3585 3481 3696 3537 suis
3728 3480 3779 3534 in

2176 3587 2457 3643 infernum
2489 3589 2753 3656 perpetuo
2798 3579 3048 3636 reclusus
3079 3573 3382 3640 tenebitur,
3419 3578 3479 3626 et
3513 3569 3778 3626 immorta-

2176 3676 2301 3733 litas
2330 3689 2492 3747 quam
2538 3671 2751 3745 primus
2807 3667 2972 3724 homo
3019 3661 3296 3739 peccando
3349 3658 3569 3727 amisit,
3625 3657 3777 3730 justis

2180 3765 2470 3822 reddetur:
2522 3770 2576 3818 et
2632 3758 2970 3833 possibilitas
3026 3753 3312 3829 peccandi,
3368 3767 3496 3823 quas
3553 3756 3774 3805 mortem

2177 3853 2386 3910 mundo
2438 3849 2652 3918 intulit,
2708 3848 2776 3904 ab
2852 3846 2930 3903 eis
2982 3845 3284 3901 auferetur.
3353 3841 3541 3910 Neque
3600 3840 3770 3895 luctus.

2177 3943 2314 4002 Cum
2345 3940 2595 4014 superius
2649 3938 2798 3995 dicat
2842 3934 2989 4010 quod
3047 3933 3319 4003 absterget
3371 3930 3528 3986 Deus
3569 3942 3770 3984 omnem

2176 4034 2478 4105 lacrymam
2527 4029 2596 4085 ab
2637 4027 2813 4086 oculis
2853 4033 3192 4090 sanctorum,
3243 4018 3379 4093 quid
3427 4034 3654 4074 necesse
3680 4015 3773 4071 fuit

2177 4126 2236 4182 in
2267 4125 2374 4180 hoc
2413 4122 2535 4179 loco
2565 4122 2778 4179 luctum
2818 4115 3062 4191 ponere?
3105 4111 3213 4170 Sed
3259 4111 3408 4166 inter
3456 4108 3769 4164 eﬁ‘usionem

2177 4217 2546 4287 lacrymarum
2603 4219 2658 4266 et
2693 4211 2906 4266 luctum
2955 4205 3140 4277 aliqua
3193 4199 3467 4257 distantia
3500 4206 3624 4265 est;
3659 4211 3768 4251 nam

2175 4286 2404 4360 tristitia
2429 4316 2570 4372 saepe
2601 4300 2876 4371 lacrymas
2905 4293 3113 4361 educit,
3160 4305 3302 4363 saepe
3331 4286 3624 4360 gaudium,
3646 4299 3769 4355 saepe

2175 4391 2537 4458 desiderium,
2569 4404 2711 4460 saepe
2750 4384 2945 4442 laetitia
2989 4382 3106 4455 (78)
3135 4397 3150 4448 ;
3181 4379 3366 4436 luctus
3409 4391 3548 4431 vero
3577 4389 3768 4447 semper

2177 4498 2245 4538 ex
2302 4496 2500 4552 magno
2547 4491 2781 4533 mcerore
2834 4471 3110 4536 nascitur;
3171 4467 3354 4522 luctus
3411 4479 3654 4535 namque
3698 4469 3770 4516 est

2177 4572 2339 4628 ﬂetus
2367 4569 2584 4627 dierum
2609 4559 3187 4633 multorum.Lugebat
3219 4554 3426 4612 Paulus
3446 4554 3646 4626 eosqui
3662 4566 3767 4623 pec-

2176 4668 2462 4728 caverunt,
2492 4666 2546 4714 et
2575 4672 2688 4713 non
2708 4660 2936 4728 egerunt
2965 4645 3368 4724 pmnitentiam.
3403 4644 3476 4698 Et
3516 4643 3763 4697 Salomon

2178 4750 2423 4824 loquitur
2451 4747 2670 4805 dicens:
2721 4770 2738 4793 ι
2779 4745 2985 4800 Luctus
3033 4735 3237 4795 mortui
3295 4742 3506 4806 septem
3565 4731 3762 4795 diebus,

2179 4818 2360 4898 luctus
2378 4847 2560 4894 autem
2591 4835 2729 4892 fatui
2757 4831 3017 4889 omnibus
3046 4825 3243 4883 diebus
3272 4823 3402 4879 vitae
3432 4821 3556 4893 ejus
3589 4818 3762 4892 (Eccli.

2175 4947 2321 4999 xxu,
2355 4928 2467 5001 13).
2501 4952 2520 4976 ι
2579 4923 2827 4982 Ecclesia
2880 4935 3029 4976 nunc
3086 4917 3146 4973 in
3181 4916 3336 4971 luctu
3383 4918 3486 5001 est,
3542 4926 3608 4965 eo
3635 4905 3762 4982 quod

2177 5017 2310 5093 perd
2339 4999 2649 5089 cceptiones
2678 5012 2992 5069 daemonum
3023 5003 3271 5079 quotidie
3312 4999 3618 5056 maximam
3660 5011 3761 5070 par-

2176 5089 2288 5165 tem
2318 5123 2388 5163 ex
2416 5105 2530 5162 suis
2557 5102 2800 5160 amittit:
2837 5099 2895 5154 in
2942 5098 3041 5153 illa
3074 5101 3259 5150 autem
3289 5090 3407 5145 vita
3457 5089 3642 5144 luctus
3667 5100 3759 5140 non

2179 5197 2305 5265 erit,
2345 5195 2441 5269 qui
2505 5208 2598 5265 per
2654 5187 3006 5261 deceptiones
3057 5184 3374 5241 damonum
3434 5176 3654 5233 nullum
3703 5187 3758 5227 ex

2179 5287 2294 5343 suis
2329 5259 2578 5340 amittere
2642 5259 2861 5352 poterit.
2925 5275 3106 5344 Neque
3177 5271 3401 5325 clamor.
3466 5267 3533 5321 In
3587 5259 3756 5320 Genesi

2179 5376 2443 5447 scriptum
2475 5381 2556 5429 est
2576 5369 2723 5444 quod
2750 5365 2960 5423 dixerit
2988 5365 3134 5419 Deus
3155 5360 3221 5415 ad
3253 5357 3541 5447 Abraham
3565 5373 3575 5409 :
3618 5379 3633 5400 ε
3660 5352 3756 5409 Cla-

2180 5443 2308 5522 mor
2329 5443 2690 5521 Sodomorum
2721 5465 2774 5514 et
2803 5451 3127 5511 Gomorrhae
3181 5448 3338 5505 venit
3373 5445 3445 5502 ad
3504 5459 3591 5500 me
3622 5443 3753 5513 (Gen.

1047 5677 1181 5736 edit.
1227 5685 1429 5748 autem,
1455 5693 1589 5752 stupe
1625 5673 1900 5748 gaudium,
1929 5687 2064 5746 saepe
2099 5668 2358 5728 laetitiam.
2388 5666 2510 5725 Non
2538 5665 2698 5724 bene.
