3902 6198
111 313 138 366 1
152 313 263 370 025

999 309 1455 368 BERENGAUDI
1497 310 1868 366 EXPOSITIU
1909 310 1978 366 ΙΝ
2017 307 2527 365 APOCALYPSIS.

3291 310 3431 368 1026

115 455 282 507 xvm,
332 437 446 507 20).
481 463 498 486 ι
544 439 708 493 Isaias
755 453 884 491 vero
929 435 1191 508 propheta
1240 417 1370 506 quid
1403 435 1474 491 sit
1516 436 1724 490 clamor
1753 439 1801 494 Α
1835 435 1953 501 tris,
1993 440 2041 488 et
2075 434 2313 487 omnibus
2361 435 2737 489 mendacibus:
2786 452 2919 507 pars
2965 437 3184 493 illorum
3229 440 3328 494 erit
3372 439 3429 492 in

112 526 505 596 Sodomorum,
562 526 810 598 exponit,
869 543 994 583 cum
1064 525 1308 599 loquitur
1359 525 1427 581 de
1483 525 1646 580 Israel
1703 541 1716 580 :

133 641 152 662 ε
209 617 498 674 Peccatum
547 634 705 672 suum
757 615 911 689 quasi
969 616 1205 673 Sodoma
1258 613 1722 687 praedicaverunt,

114 721 223 761 nec
271 706 679 762 absconderant
723 707 862 777 (Isa.
895 723 977 770 ιιι,
1007 706 1088 776 9).
1123 731 1142 754 ι
1190 703 1512 760 Praedicatio
1557 704 1725 776 igitur

111 795 328 867 peccati
377 797 587 851 clamor
627 803 875 852 vocatur.
907 795 1202 851 Possumus
1233 793 1396 850 etiam
1429 795 1723 850 clamorem

115 885 282 940 aliter
331 884 678 957 intelligere;
733 884 1021 942 Psalmista
1066 901 1302 957 namque
1349 883 1531 940 dicit:
1590 908 1606 930 ε
1639 883 1724 938 Ad

113 975 442 1043 Dominum,
465 994 590 1032 cum
613 976 930 1044 tribularer,
951 977 1211 1042 clamavi,
1241 985 1294 1032 et
1322 976 1611 1032 exaudivit
1641 990 1725 1030 me

121 1066 298 1136 (Psal.
349 1081 504 1132 cxlx,
540 1065 616 1137 1).
649 1089 666 1110 ι
723 1066 794 1120 Et
841 1051 1056 1138 Moyses
1106 1066 1165 1121 in
1217 1065 1468 1138 angustia
1514 1064 1726 1137 positus

116 1154 390 1212 clamabat
434 1153 499 1208 ad
548 1153 869 1209 Dominum.
902 1154 1006 1211 Ubi
1055 1171 1183 1226 ergo
1213 1171 1388 1227 neque
1417 1162 1720 1227 peccatum,

121 1245 271 1319 quod
299 1243 646 1316 praedicetur,
679 1259 853 1316 neque
883 1244 1170 1301 tribulatio
1207 1243 1315 1300 erit
1348 1245 1482 1312 ulla,
1515 1245 1724 1302 clamor

119 1335 272 1390 ullus
321 1331 657 1388 necessarius
704 1349 814 1389 non
864 1334 987 1390 erit.
1030 1335 1206 1404 Neque
1253 1334 1408 1389 dolor
1454 1335 1574 1388 erit.
1628 1334 1727 1391 Est

121 1424 281 1480 dolor
318 1423 582 1496 corporis,
636 1432 718 1481 est
764 1431 817 1480 et
866 1425 1084 1480 mentis.
1138 1424 1342 1496 Istiquc
1391 1422 1607 1478 dolores
1651 1423 1727 1479 ita

120 1521 253 1570 sunt
280 1513 536 1582 connexi,
567 1521 628 1569 ut
666 1528 808 1568 unus
837 1513 954 1570 sine
989 1514 1163 1570 altero
1211 1529 1326 1569 esse
1356 1528 1468 1568 non
1514 1511 1723 1584 possit;

121 1602 281 1658 dolor
309 1601 510 1675 quippe
541 1602 786 1674 corporis
817 1602 1011 1676 aﬂligit
1060 1612 1342 1670 mentem;
1377 1600 1634 1658 similiter
1674 1605 1729 1654 et

123 1693 283 1750 dolor
325 1693 525 1750 mentis
568 1711 769 1766 corpus
810 1695 1109 1752 excruciat.
1152 1696 1216 1751 In
1265 1695 1364 1750 illa
1401 1693 1569 1766 igitur
1613 1691 1730 1745 vita

122 1783 284 1838 dolor
321 1798 432 1837 non
482 1781 607 1851 erit,
646 1782 742 1839 ubi
792 1800 968 1856 neque
1023 1782 1260 1856 corpori,
1309 1797 1486 1854 neque
1531 1778 1728 1836 anima;

123 1871 242 1926 ulla
285 1869 586 1926 adversitas
627 1871 874 1928 accidere
916 1872 1136 1944 poterit.
1197 1872 1324 1938 Qum
1365 1870 1547 1942 prima
1587 1868 1726 1923 abie-

123 1966 272 2015 runt.
304 1959 486 2015 Prima
513 1960 618 2017 ista
645 1960 919 2028 abierunt,
950 1960 1080 2034 quia
1125 1977 1250 2017 cum
1299 1959 1499 2016 saeculo
1538 1965 1729 2013 trans-

127 2050 345 2117 ierunt;
405 2049 563 2106 electi
616 2050 762 2105 enim
816 2049 910 2122 qui
967 2057 1291 2122 praesentem
1337 2048 1532 2116 vitam,
1585 2047 1729 2103 sicut

126 2137 377 2209 superius
400 2136 514 2208 jam
549 2136 819 2204 diximus,
851 2136 905 2191 in
938 2136 1224 2193 doloribus
1252 2145 1307 2193 et
1335 2134 1729 2192 aﬂlictionibus

125 2227 550 2298 deputaverunt,
583 2232 704 2296 post
752 2224 918 2280 ﬁnem
968 2226 1251 2298 praesentis
1296 2225 1425 2281 vitae
1469 2223 1728 2297 gaudium

125 2313 524 2386 sempiternum
557 2311 909 2369 invenerunt.

202 2411 385 2484 (Vers.
418 2411 470 2479 5,
513 2409 593 2481 6.)
626 2412 701 2466 Et
728 2411 869 2466 dixit
893 2411 985 2481 qui
1013 2411 1217 2467 sedebat
1245 2411 1300 2466 in
1331 2411 1518 2467 throno
1553 2428 1566 2468 :
1598 2413 1731 2469 Ecce

125 2519 266 2556 nova
294 2500 436 2569 facio
465 2501 664 2556 omnia.
697 2502 772 2556 De
801 2499 1157 2557 innovatione
1203 2509 1576 2559 creaturarum
1625 2519 1724 2559 su-

127 2591 311 2664 perius
341 2589 524 2662 aliqua
552 2588 818 2646 diximus.
867 2591 942 2646 Et
988 2590 1128 2645 dixit
1170 2591 1304 2646 mihi
1335 2608 1346 2646 :
1383 2591 1560 2647 Scribe
1602 2591 1730 2662 quia

129 2685 237 2740 hcec
266 2683 420 2739 verba
449 2683 757 2755 ﬁdelissima
794 2691 938 2750 sunt,
984 2691 1033 2740 et
1067 2702 1212 2742 vera.
1263 2685 1368 2742 Sed
1413 2693 1468 2742 et
1510 2685 1616 2742 hoc
1642 2701 1732 2741 su-

130 2773 316 2848 perius
357 2772 568 2829 dictum
614 2781 715 2829 est.
757 2775 832 2830 Et
871 2774 1011 2829 dixit
1039 2775 1170 2830 mihi
1207 2793 1218 2830 ε
1253 2776 1367 2846 Ego
1405 2791 1519 2829 sum
1553 2775 1731 2846 Alpha

129 2870 179 2920 et
213 2864 419 2934 Omega.
453 2861 598 2929 Quid
643 2863 716 2918 sit
759 2864 936 2935 Alpha
967 2871 1014 2919 et
1045 2865 1236 2936 Omega
1281 2863 1565 2920 subdendo
1605 2881 1732 2920 ma-

131 2955 376 3023 nifestat,
428 2970 553 3011 cum
597 2953 777 3011 dicit:
812 2957 1034 3013 Initium
1088 2963 1138 3011 et
1189 2956 1330 3028 ﬁnis.
1373 2958 1488 3028 Ego
1537 2955 1732 3012 sitienti

130 3044 266 3100 dabo
309 3043 370 3098 de
414 3041 558 3114 fonte
599 3061 750 3115 aqua:
796 3046 925 3101 viva:
969 3045 1158 3118 gratis.
1195 3045 1297 3102 Per
1338 3044 1547 3103 fontem
1578 3061 1731 3119 aquae

129 3134 277 3189 vivae
324 3150 462 3206 smpe
508 3133 790 3207 Scriptura
832 3143 1019 3192 sancta
1059 3135 1393 3207 designatur,
1428 3136 1572 3192 sicut
1609 3136 1732 3192 Do-

130 3225 318 3280 minus
364 3223 500 3281 dicit
549 3224 607 3281 in
658 3226 961 3297 Evangelio
1000 3245 1012 3283 :
1069 3252 1088 3276 c
1137 3227 1243 3295 Qui
1291 3226 1466 3283 credit
1514 3226 1572 3283 in
1622 3243 1728 3295 me,

131 3313 277 3370 sicut
307 3314 588 3386 Scriptura
630 3314 787 3383 dicit,
819 3315 1049 3372 ﬂumina
1089 3315 1156 3372 de
1185 3325 1376 3373 ventre
1407 3315 1524 3388 ejus
1564 3315 1736 3374 ﬂuent

130 3420 288 3476 aquae
318 3402 460 3459 viva:
498 3404 678 3475 (Joan.
709 3422 812 3473 vn,
845 3404 960 3476 38).
993 3429 1010 3453 ι
1058 3404 1165 3462 Sed
1209 3415 1271 3462 ut
1315 3405 1565 3461 ordinem
1612 3421 1736 3460 ser-

129 3511 346 3564 vemus,
401 3511 496 3567 per
550 3495 758 3552 fontem
808 3513 962 3570 aquae
1015 3497 1160 3552 vivae
1215 3496 1443 3569 gloriam
1499 3496 1736 3552 caelestis

129 3585 324 3657 patria
353 3583 615 3641 debemus
645 3585 952 3658 intelligere
987 3603 998 3640 :
1034 3586 1128 3658 qui
1155 3585 1280 3641 fons
1308 3584 1375 3640 ab
1404 3586 1521 3658 ipso
1549 3584 1735 3640 Domi-

131 3691 207 3729 no
234 3673 555 3746 procedens,
588 3684 800 3732 montes
848 3674 1097 3731 omnium
1141 3673 1419 3746 justorum
1468 3690 1565 3730 sua
1608 3674 1736 3730 ine-

128 3763 399 3821 narrabili
454 3763 746 3821 dulcedine
801 3765 999 3821 satiare
1065 3781 1175 3820 non
1235 3764 1468 3821 desistit.
1529 3763 1734 3821 Verum

131 3851 411 3926 quomodo
443 3852 615 3925 gloria
657 3852 760 3910 ista
809 3855 978 3927 gratis
1018 3853 1184 3927 justis
1226 3855 1406 3923 datur,
1442 3869 1540 3926 pro
1580 3851 1736 3924 cujus

131 3941 452 4014 acceptione
498 3944 672 3999 multa
717 3943 946 4001 adversa
993 3946 1293 4018 perferunt,
1332 3945 1533 4001 multas
1563 3944 1736 4015 lacry-

132 4049 253 4089 mas
304 4031 565 4101 fundunt,
626 4032 942 4090 innumeras
994 4051 1178 4106 preces
1232 4034 1488 4104 offerunt,
1535 4033 1737 4089 multas

132 4124 514 4196 eleemosynas
571 4125 927 4198 largiuntur:
967 4135 1020 4181 et
1069 4126 1280 4182 caeteris
1328 4125 1488 4182 bonis
1545 4124 1739 4197 operi-

130 4216 236 4272 bus
260 4215 582 4286 semetipsos
611 4215 919 4270 exercent?
949 4214 1052 4269 Sed
1083 4216 1249 4286 gratis
1276 4215 1446 4270 vitam
1476 4223 1734 4270 aeternam

130 4304 452 4380 percipiunt
487 4321 498 4359 :
533 4302 662 4376 quia
695 4302 930 4374 pretium
960 4303 1089 4359 vitae
1123 4310 1359 4372 aeterna,
1407 4301 1555 4375 quod
1605 4308 1735 4357 sunt

131 4395 280 4450 bona
327 4409 512 4465 opera,
558 4390 625 4446 ab
676 4389 796 4462 ipso
841 4390 1138 4464 accipiunt,
1171 4390 1266 4463 qui
1313 4390 1504 4446 dixit:
1558 4413 1576 4437 ι
1608 4389 1736 4446 Sine

132 4501 221 4540 me
275 4483 420 4540 nihil
475 4480 708 4553 potestis
763 4479 938 4536 facere
997 4481 1178 4552 (Joan.
1237 4496 1334 4548 xv,
1391 4478 1472 4550 5).
1530 4503 1548 4528 ι
1616 4479 1735 4550 Ipse

130 4573 340 4648 quippe
371 4571 464 4627 dat
493 4570 753 4642 pretium,
784 4571 898 4643 ipse
945 4579 998 4626 et
1031 4585 1129 4642 pro
1173 4567 1346 4641 pretio
1398 4569 1515 4642 (79)
1566 4568 1737 4624 vitam

136 4670 406 4720 aeternam
437 4661 686 4732 largitur.

207 4758 396 4830 (Vere.
430 4756 480 4826 7,
522 4756 604 4829 8.)
654 4756 757 4824 Qui
808 4755 1008 4826 vicerit,
1059 4756 1346 4829 possidebit
1389 4756 1513 4825 hcec,
1560 4761 1606 4812 et
1651 4772 1738 4811 ero

125 4851 218 4906 illi
267 4850 431 4918 Deus,
464 4855 511 4904 et
553 4849 664 4921 ipse
705 4849 808 4904 erit
853 4849 983 4904 mihi
1027 4850 1191 4922 ﬁlius.
1245 4850 1350 4918 Qui
1390 4850 1586 4908 vicerit
1627 4849 1739 4907 dia-

124 4939 352 5008 bolum,
383 4940 676 5012 omniaque
722 4940 860 4996 vitia
901 4957 1182 5013 superans,
1240 4941 1297 4996 in
1345 4940 1505 4998 bonis
1550 4940 1740 5014 operi-

125 5027 242 5084 bus
314 5029 763 5100 perseveraverit,
841 5029 1143 5102 possidebit
1211 5029 1348 5098 haec,
1406 5029 1463 5085 id
1521 5037 1621 5099 est,
1679 5047 1742 5086 ea

125 5133 258 5191 quae
308 5118 558 5189 superius
605 5117 752 5175 dicta
807 5127 971 5187 sunt;
1020 5118 1281 5176 videlicet
1327 5125 1389 5174 ut
1428 5117 1580 5174 bibat
1625 5119 1740 5192 ipse

125 5207 201 5264 de
234 5207 391 5262 fonte
419 5209 546 5264 vitae
573 5216 809 5278 aeternae,
844 5209 990 5282 quod
1017 5217 1098 5265 est
1121 5209 1295 5282 gloria
1319 5217 1599 5282 perpetua.

214 5296 442 5354 Timidis
493 5305 687 5366 autem,
748 5304 796 5354 et
867 5298 1172 5368 incredulis,
1229 5307 1275 5355 et
1328 5299 1628 5369 exsecratis,
1695 5303 1744 5354 et

125 5385 439 5456 homicidis,
487 5393 534 5442 et
575 5387 1011 5459 fornicatoribus,
1060 5395 1108 5445 et
1145 5389 1406 5463 veneﬁcis,
1436 5396 1483 5446 et
1517 5389 1740 5446 idolola-

207 5548 334 5630 ('_7.9)
370 5546 522 5629 Edit.
556 5547 689 5606 Gill.
724 5549 782 5606 in
821 5558 1106 5630 contextu,
1138 5552 1249 5630 dat_
1271 5553 1523 5625 pretium,
1559 5559 1606 5608 et
1632 5552 1743 5630 sine

123 5623 310 5701 pretio
334 5635 357 5685 ;
393 5623 453 5701 in
483 5636 653 5694 marg.
696 5629 901 5701 autem,
935 5632 992 5681 et
1032 5623 1190 5681 Rom.
1235 5623 1295 5701 i_1i_
1334 5633 1618 5701 contextu,
1650 5626 1744 5681 dat

123 5694 370 5765 pretium
399 5697 447 5748 et
469 5707 566 5750 suo
589 5694 762 5766 pretio
775 5711 796 5760 ,°
821 5711 952 5752 mss.
999 5711 1130 5755 vero
1167 5695 1326 5756 nobis
1353 5697 1738 5772 suffragantur.

1760 1806 1807 1867 B

1764 3171 1808 3232 Ο

1765 4536 1815 4595 D

1839 529 2082 593 stagnum
2106 524 2246 594 ignis
2278 523 2514 578 ardentis
2552 525 2823 596 sulphure,
2861 527 3002 596 quod
3039 533 3112 582 est
3152 545 3296 582 mors
3340 546 3430 584 se-

1831 613 2003 668 cunda
2033 612 2171 684 (80).
2215 611 2353 672 Cum
2392 613 2561 670 timor
2588 614 2746 672 valde
2775 617 3110 674 necessarius
3140 617 3210 674 sit
3236 617 3431 675 homi-

1833 701 2019 771 nibus,
2051 719 2150 758 cur
2175 704 2430 759 timorem
2462 704 2606 760 inter
2635 713 2757 762 octo
2796 704 2935 762 vitia
2983 707 3142 764 valde
3195 709 3431 781 pessima

1833 791 2072 862 primum
2125 793 2354 864 posuit?
2405 793 2509 849 Sed
2551 802 2678 850 sunt
2724 794 2949 852 timores
2995 796 3150 866 boni,
3199 809 3328 856 sunt
3378 807 3430 855 et

1833 881 1985 936 mali.
2021 881 2118 938 Est
2147 882 2314 938 timor
2353 882 2513 938 valde
2542 885 2808 955 optimus,
2837 884 2905 940 de
2935 901 3044 958 quo
3090 885 3226 943 dicit
3271 888 3431 943 Psal-

1834 973 1996 1029 mista
2025 992 2035 1029 :
2081 1000 2098 1022 ς
2129 975 2316 1031 Timor
2344 976 2567 1032 Domini
2598 988 2839 1048 sanctus,
2882 995 3208 1051 permanens
3243 982 3302 1038 in
3335 999 3429 1040 sa:-

1833 1063 2018 1119 culum
2046 1064 2233 1120 saeculi
2265 1066 2438 1137 (Psal.
2474 1083 2637 1135 xvm,
2673 1067 2802 1138 i0);
2837 1093 2854 1115 ι
2893 1076 2978 1124 est
3003 1077 3056 1125 et
3084 1069 3249 1126 timor
3287 1088 3429 1128 mor-

1834 1151 1905 1207 tis
1956 1153 2115 1208 valde
2168 1155 2526 1225 necessarius,
2575 1156 2852 1230 timorque
2890 1157 3034 1230 ignis
3087 1159 3314 1216 aterni:
3349 1159 3432 1214 ti-

1835 1257 1955 1296 mor
2009 1243 2174 1298 etiam
2233 1244 2504 1301 bonorum
2554 1245 2864 1316 hominum,
2913 1247 3133 1320 quando
3180 1257 3432 1306 amantur

1834 1330 1901 1385 ab
1948 1331 2017 1387 iis
2063 1348 2094 1388 a
2141 1333 2341 1406 quibus
2387 1335 2698 1392 timentur:
2751 1344 2880 1393 sunt
2934 1344 2989 1393 et
3031 1337 3128 1393 alii
3185 1337 3427 1406 timores,

1835 1419 1931 1491 qui
1959 1421 2254 1494 aliquando
2277 1424 2495 1496 juvant,
2537 1425 2834 1498 aliquando
2883 1435 3114 1494 nocent;
3161 1427 3304 1486 sicut
3349 1435 3433 1483 est

1837 1508 2004 1563 timor
2045 1511 2315 1568 malorum
2367 1512 2678 1585 hominum,
2731 1516 2898 1572 timor
2937 1515 3214 1588 judicum,
3263 1519 3432 1576 timor

1837 1598 2191 1657 dominorum
2228 1621 2239 1658 :
2299 1613 2429 1661 sunt
2472 1606 2568 1661 alii
2615 1606 2842 1664 timores
2885 1608 3042 1665 valde
3088 1611 3332 1682 pessimi,
3363 1611 3432 1668 de

1837 1689 2038 1761 quibus
2065 1690 2158 1748 hic
2200 1691 2411 1748 dictum
2461 1710 2576 1752 esse
2623 1712 2781 1764 reor;
2827 1707 2956 1754 sunt
3001 1715 3236 1771 namque
3281 1717 3432 1756 non-

1838 1777 2002 1845 nulli,
2043 1780 2137 1850 qui
2175 1780 2372 1837 timore
2401 1799 2684 1855 pamarum
2713 1801 2854 1857 saepe
2891 1786 2949 1842 in
2997 1785 3218 1843 ﬂetibus
3270 1805 3432 1844 com-

1838 1876 2157 1940 punguntur
2189 1887 2201 1926 :
2235 1869 2328 1926 sed
2357 1872 2486 1944 quia
2512 1873 2709 1929 timent
2732 1875 3078 1946 asperitatem
3118 1876 3223 1931 via).
3257 1875 3429 1946 illius,

1837 1974 1958 2030 qua:
2014 1958 2171 2014 ducit
2219 1958 2288 2015 ad
2333 1961 2527 2030 vitam,
2577 1963 2714 2019 vitia
2761 1963 3028 2033 deserere,
3087 1963 3432 2039 rigoremque

1838 2047 1966 2103 vitae
2017 2047 2176 2104 bonae
2229 2051 2637 2123 apprehendere
2693 2053 2969 2126 trepidant
3011 2072 3023 2110 :
3083 2062 3212 2111 sunt
3262 2055 3429 2112 etiam

1839 2137 2022 2206 multi,
2051 2137 2253 2209 quibus
2289 2140 2442 2197 dedit
2487 2143 2632 2198 Deus
2677 2142 2964 2200 scientiam
3010 2143 3190 2216 legum
3224 2152 3431 2217 tempo-

1837 2230 2058 2298 ralium,
2093 2231 2189 2304 qui
2221 2231 2277 2287 in
2303 2231 2532 2304 judiciis
2561 2235 2746 2306 positi,
2780 2236 2914 2293 dum
2944 2236 3139 2294 vident
3167 2237 3430 2310 quosdam

1839 2335 1870 2374 a
1903 2320 2304 2390 potentioribus
2333 2321 2536 2395 injuste
2576 2325 2834 2397 opprimi,
2869 2328 2992 2399 plus
3021 2327 3280 2383 timentes
3326 2326 3434 2384 iras

1838 2409 2128 2467 hominum
2160 2428 2323 2483 quam
2355 2413 2492 2470 iram
2526 2416 2648 2484 Dei,
2679 2433 2772 2472 eos
2800 2432 2936 2489 quos
2979 2434 3076 2490 per
3121 2417 3431 2474 doctrinam

1839 2514 2003 2570 quam
2041 2511 2386 2571 acceperunt,
2426 2502 2621 2574 juvare
2673 2513 2943 2576 poterant,
3001 2514 3056 2562 et
3103 2523 3135 2562 a
3189 2507 3433 2578 periculo

1838 2587 2091 2657 liberare,
2132 2589 2362 2647 tacendo
2392 2592 2450 2647 in
2475 2593 2738 2650 damnum
2784 2610 3042 2667 magnum
3091 2595 3282 2652 sinunt
3327 2596 3434 2652 de-

1840 2678 2028 2734 venire
2053 2696 2066 2734 :
2099 2689 2229 2736 sunt
2257 2681 2352 2736 alii
2382 2681 2476 2754 qui
2502 2699 2612 2738 non
2641 2685 2820 2739 solum
2852 2701 2962 2740 non
2985 2701 3078 2742 eos
3091 2683 3312 2756 juvant,
3339 2681 3434 2741 sed

1840 2775 2064 2840 propter
2094 2769 2349 2826 timorem
2381 2770 2671 2830 hominum
2700 2776 3028 2831 sententiam
3063 2773 3435 2832 damnationis

1840 2858 1898 2914 in
1929 2875 2021 2916 eos
2049 2861 2335 2934 proferunt
2369 2883 2380 2921 :
2427 2873 2508 2921 est
2533 2873 2585 2922 et
2615 2866 2784 2924 timor
2818 2884 2978 2940 quem
3010 2866 3240 2924 avaritia
3270 2867 3432 2939 parit,

1839 2950 2042 3023 aliique
2072 2953 2298 3010 timores
2326 2953 2485 3012 valde
2514 2956 2762 3023 inutiles,
2779 2956 2848 3014 de
2869 2955 3070 3031 quibus
3100 2957 3322 3030 longum
3352 2959 3433 3013 est

1840 3039 2040 3096 dicere.

1911 3129 2229 3188 lncredulos
2265 3140 2447 3190 autem
2474 3150 2586 3191 non
2609 3151 2703 3192 eos
2736 3133 3116 3194 tantummodo
3145 3142 3309 3194 vocat
3338 3131 3434 3209 qui

1842 3231 1954 3272 non
1998 3219 2248 3289 credunt,
2300 3221 2442 3278 sicut
2484 3231 2613 3279 sunt
2649 3223 2826 3280 Judaei
2873 3233 3034 3297 atque
3066 3225 3289 3296 pagani;
3337 3223 3433 3281 sed

1843 3313 1896 3361 et
1923 3323 2015 3363 eos
2044 3307 2140 3381 qui
2168 3325 2279 3366 non
2310 3311 2542 3368 credunt
2570 3313 3043 3370 resurrectionem.
3091 3313 3230 3369 Sunt
3267 3311 3432 3370 etiam

1843 3396 1939 3451 alii
1971 3397 2131 3452 multi
2162 3398 2257 3472 qui
2286 3397 2587 3457 Christiani
2615 3411 2903 3468 vocantur,
2943 3401 3039 3476 qui
3067 3418 3180 3458 non
3203 3401 3435 3460 credunt
3512 3406 3522 3415 ‘

1844 3492 1988 3550 576
2018 3495 2116 3552 Dei
2139 3494 2368 3566 justitize
2397 3515 2410 3565 ;
2445 3514 2543 3570 pro
2572 3514 2636 3554 eo
2660 3499 2808 3555 enim
2834 3501 2980 3572 quod
3010 3501 3148 3556 vitia
3170 3499 3432 3574 diligunt,

1844 3591 1897 3639 et
1925 3583 2198 3640 desideria
2224 3587 2405 3643 carnis
2433 3604 2545 3644 suae
2582 3589 2840 3661 perﬁcere
2892 3590 3109 3659 volunt,
3157 3606 3270 3646 non
3323 3607 3435 3648 cre-

1844 3672 1985 3730 dunt
2028 3675 2486 3734 comminationes
2527 3676 2844 3734 divinarum
2891 3679 3322 3752 Scripturarum,
3375 3687 3437 3736 ut

1845 3771 2040 3834 putent
2067 3781 2123 3821 se
2151 3782 2252 3838 pro
2288 3767 2358 3822 iis
2390 3782 2506 3823 esse
2547 3767 2920 3837 damnandos;
2971 3785 3097 3824 nam
3153 3768 3437 3827 libidinosi

1845 3851 2038 3908 dicunt
2065 3855 2222 3910 nullo
2249 3855 2413 3912 modo
2441 3872 2538 3928 pro
2557 3873 2662 3913 usu
2686 3857 3088 3916 concumbendi
3105 3873 3437 3929 quemquam

1846 3959 1960 4001 esse
1989 3946 2293 4017 periturum
2328 3965 2339 4001 :
2377 3946 2472 4003 sed
2501 3955 2554 4003 et
2582 3948 2785 4006 ebriosi
2832 3949 3027 4006 dicunt
3070 3949 3226 4004 nullo
3274 3948 3438 4004 modo

1845 4047 1902 4086 se
1929 4049 2028 4104 pro
2057 4035 2231 4091 nimia
2258 4034 2376 4092 vini
2408 4036 2685 4107 potatione
2713 4054 2830 4093 esse
2867 4037 3178 4109 puniendos
3209 4053 3222 4092 :
3271 4035 3439 4093 simi-

1847 4122 1972 4178 liter
2001 4129 2056 4178 et
2091 4123 2264 4192 avari,
2312 4124 2607 4195 luxuriosi,
2653 4135 2816 4200 atque
2862 4125 3084 4199 superbi
3135 4124 3439 4183 defendunt

1845 4212 1992 4274 vitia,
2009 4228 2126 4268 sua.

1914 4303 2240 4359 Exsecratos
2267 4310 2451 4360 autem
2481 4321 2574 4361 eos
2611 4321 2727 4362 esse
2761 4313 2917 4379 puto,
2957 4307 3054 4380 qui
3085 4315 3440 4366 exsecrantur

1844 4392 2101 4448 mandata
2128 4392 2444 4450 divinarum
2501 4395 2932 4470 Scripturarum,
2964 4399 3438 4470 correctionesque

1845 4481 2134 4538 hominum
2162 4482 2454 4541 bonorum.
2487 4485 2782 4544 Possumus
2805 4495 2858 4544 et
2887 4504 2983 4559 per
3009 4495 3318 4544 exsecratos
3346 4501 3438 4543 eos

1847 4571 2152 4644 intelligere
2183 4574 2278 4648 qui
2306 4575 2365 4630 in
2398 4583 2612 4633 tantum
2645 4585 2774 4634 sunt
2803 4576 3186 4643 inverecundi,
3226 4583 3289 4631 ut
3326 4590 3439 4631 non

1847 4663 2047 4736 pudeat
2074 4679 2167 4722 eos
2195 4663 2442 4738 quaedam
2482 4664 2839 4721 exsecrabilia
2881 4663 2940 4720 in
2983 4671 3280 4736 conspectu
3325 4679 3438 4718 om-

1847 4752 2003 4809 nium
2042 4763 2350 4827 perpetrare
2383 4772 2394 4810 :
2438 4754 2534 4826 qui
2570 4770 2682 4809 non
2718 4755 2897 4809 solum
2941 4769 2973 4808 a
3006 4752 3194 4824 justis,
3245 4767 3438 4808 verum

1847 4843 2012 4899 etiam
2041 4859 2073 4899 a
2102 4842 2429 4916 quibusdam
2460 4841 2682 4913 injustis
2711 4858 2851 4914 saepe
2883 4847 3259 4898 exsecrantur.

1921 4931 2239 4988 Homicidas
2267 4938 2448 4988 autem
2479 4938 2640 4987 vocat
2671 4948 2784 4988 non
2841 4931 3020 4988 solum
3065 4929 3443 4987 interfectores

1847 5022 2210 5097 quorumdam
2255 5023 2568 5094 hominum,
2597 5024 2692 5082 sed
2719 5033 2774 5083 et
2800 5040 2894 5082 eos
2928 5025 3025 5099 qui
3071 5023 3260 5080 odium
3316 5039 3442 5096 por-

1848 5121 1966 5170 tant
1996 5114 2054 5170 in
2083 5113 2343 5172 cordibus
2385 5115 2522 5185 suis,
2579 5115 2722 5174 sicut
2765 5115 2868 5173 iste
2915 5116 3151 5173 Joannes
3197 5113 3445 5188 loquitur

1847 5204 2073 5263 dicens:
2123 5230 2140 5254 ι
2170 5205 2364 5264 Omnis
2391 5206 2487 5279 qui
2517 5205 2634 5264 odit
2662 5206 2888 5264 fratrem
2935 5222 3116 5276 suum,
3163 5204 3446 5266 homicida

1848 5302 1931 5352 est
1963 5295 2020 5367 (Ι
2043 5296 2200 5353 Ιοαη.
2242 5314 2326 5365 m,
2369 5297 2482 5368 15).
2521 5319 2540 5346 ι

1919 5384 2178 5460 Sequitur
2205 5385 2515 5445 fornicatio.
2549 5386 2998 5445 Fornicationum
3037 5400 3234 5459 genera
3271 5383 3445 5441 multa

1925 5548 2043 5623 (80)
2072 5550 2230 5623 Rom.
2261 5548 2394 5606 edit.
2426 5549 2545 5606 loco
2575 5556 2841 5623 moverat,
2860 5547 3162 5606 etomnibus
3186 5545 3444 5603 mendaci-

1851 5621 1963 5680 bus.
1975 5663 1986 5678 .
1998 5621 2027 5680 ,⁷
2043 5622 2183 5694 quod
2212 5626 2287 5677 est
2307 5637 2450 5679 mors
2477 5622 2721 5680 secunda.
