3902 6198
444 314 582 371 1027

1474 298 1568 353 ΑΙ)
1607 292 1841 350 ΟΡΕΙὶΑ
1880 290 1935 348 S.
1980 282 2311 343 AMBROSII
2346 270 2724 336 APPENDIX.

3637 258 3780 315 10%

443 448 601 498 sunt;
635 436 1056 513 quibuscumque
1084 428 1232 485 enim
1275 424 1474 491 modis,
1522 428 1749 491 excepta
1796 414 2040 486 legitima
2067 415 2118 473 Α
2144 408 2344 481 quibus
2381 405 2597 460 nullum
2646 408 2779 473 puto
2805 394 3083 452 hominem
3114 407 3187 447 ex
3215 396 3343 445 toto
3384 400 3557 458 posse
3597 380 3783 438 absti-

1763 508 1780 513 -
1886 506 1896 513 ·
1997 504 2006 513 ·
2542 500 2587 513 Αι
2641 487 2815 513 -—---=-
2890 501 3007 513 mm
3053 484 3309 513 mmmam
3364 473 3674 513 hnminnm
3736 473 3782 513 in

443 545 638 599 uxore,
708 504 1042 584 desiderium
1115 518 1367 575 libidinis
1422 515 1696 586 expletur,
1755 504 2047 562 fornicalio

442 629 695 679 vocatur.
752 622 830 675 De
885 608 1273 671 fornicationis
1331 606 1476 661 malo
1522 600 1723 657 Paulus
1768 594 2048 668 apostolus

445 711 712 785 loquitur,
744 707 966 763 dicens:
1002 728 1019 749 ι
1051 701 1156 768 Qui
1187 704 1370 752 autem
1400 692 1729 753 fornicatur,
1759 687 1817 742 in
1849 698 2047 754 corpus

443 781 607 855 suum
656 801 843 867 peccat
886 790 942 861 (Ι
982 791 1106 845 Cor.
1160 803 1240 853 vr,
1285 784 1398 853 l8).
1453 808 1471 829 ι
1530 781 1592 835 Ιιι
1638 791 1837 847 corpus
1887 785 2047 827 suum

447 893 655 959 peccat,
687 882 817 954 quia
847 878 1217 949 integritatem
1254 872 1372 944 ejus
1406 870 1578 925 violat
1611 874 1774 938 atque
1807 875 2048 919 corrum-

446 975 529 1047 pit
557 992 570 1041 ;
604 987 730 1028 cum
763 970 1023 1023 humores
1052 964 1171 1036 ejus
1197 960 1457 1018 innoxios
1499 958 1556 1012 vi
1606 951 1848 1011 extrahit
1890 956 2051 1019 atque

447 1039 707 1119 effundit:
748 1058 849 1114 Est
877 1064 932 1112 et
976 1052 1272 1110 fornicatio
1301 1044 1671 1120 cogitationis,
1703 1043 1770 1099 de
1797 1055 1904 1111 qua
1930 1039 2052 1092 Do-

452 1153 639 1209 minus
665 1148 911 1221 loquitur
939 1144 1130 1201 dicens
1159 1160 1169 1197 :
1208 1165 1226 1187 ι
1260 1140 1365 1208 Qui
1398 1134 1603 1192 viderit
1643 1130 1937 1187 mulierem
1985 1124 2052 1180 ad

448 1238 945 1314 concupiscendum
998 1253 1139 1304 eam,
1186 1233 1302 1305 jam
1355 1228 1661 1287 moechatus
1704 1229 1786 1278 est
1832 1234 1949 1274 eam
1995 1215 2054 1270 in

450 1333 613 1393 corde
628 1308 738 1387 suo
775 1328 987 1400 (Matth.
1022 1342 1082 1393 v,
1115 1323 1231 1394 28).
1264 1347 1283 1370 ι
1323 1316 1598 1389 PrOpheta
1634 1325 1851 1385 quoque
1891 1308 2057 1363 Jeru—

450 1424 617 1481 salem
648 1415 1055 1476 fornicatricem
1086 1409 1327 1477 vocavit,
1380 1424 1445 1463 eo
1493 1402 1643 1478 quod
1687 1404 1862 1457 Deum
1907 1397 2059 1452 dere-

451 1512 709 1584 linquens
737 1506 885 1563 idola
912 1503 1150 1561 coluerit
1183 1499 1403 1573 (Ezech.
1435 1511 1555 1561 xvr,
1592 1490 1800 1561 15-22).
1854 1484 2061 1543 Simili-

452 1613 536 1662 ter
552 1576 618 1658 ἐι
646 1617 747 1656 nos
771 1593 1215 1669 suggestionibus
1250 1590 1568 1647 daemonum
1609 1576 2057 1653 obtefhperando,

453 1709 580 1752 cum
612 1687 977 1760 nosmetipsos
1021 1684 1102 1740 eis
1150 1678 1503 1753 subjicimus,
1548 1672 1910 1730 fornicatores
1950 1681 2061 1723 non

454 1778 909 1840 inconvenienter
933 1788 1219 1830 vocamur.

525 1818 901 1839 w................
946 1818 1219 1830 .νν.......-.

525 1868 772 1931 Venetici
802 1873 986 1923 autem
1015 1869 1163 1930 sunt,
1190 1859 1285 1934 qui
1312 1870 1544 1929 corpora
1568 1850 1860 1909 hominum
1896 1858 2055 1902 vene-
2085 1818 2133 1878 Β

456 1978 529 2018 no
559 1957 836 2024 inficiunt,
866 1961 928 2009 ut
956 1970 1048 2009 eos
1072 1933 1445 2020 exstinguant.
1487 1943 1627 1999 Sunt
1666 1946 1720 1995 et
1756 1936 1852 1992 alii
1880 1933 2058 1989 multo

458 2049 756 2107 deteriores
783 2043 1041 2111 venefici,
1071 2040 1112 2096 ii
1141 2037 1423 2103 videlicet,
1462 2031 1556 2105 qui
1593 2028 1869 2086 seminant
1915 2023 2059 2078 inter

459 2141 655 2197 fratres
693 2133 1030 2192 discordias:
1088 2128 1174 2185 illi
1220 2125 1368 2183 enim
1416 2134 1646 2193 corpora
1690 2112 2057 2179 interficiunt,

462 2232 551 2291 isti
579 2229 789 2286 animas
813 2244 824 2283 :
858 2232 912 2281 et
932 2221 1107 2279 multo
1136 2216 1375 2276 deterior
1402 2220 1483 2270 est
1513 2226 1659 2267 mors
1678 2206 1876 2263 anima:
1896 2216 2060 2275 quam

462 2319 730 2392 corporis.

534 2389 841 2472 Idololatrae
869 2425 999 2464 vero
1028 2414 1158 2463 sunt
1195 2418 1307 2459 non
1346 2400 1525 2457 solum
1558 2396 1597 2451 ii
1627 2392 1724 2468 qui
1770 2389 1922 2447 idola
1975 2402 2059 2442 co-

483 2515 607 2574 unt,
635 2502 729 2560 sed
775 2507 831 2558 et
877 2514 1070 2555 omnes
1116 2492 1290 2561 avari,
1330 2490 1436 2547 hoc
1482 2486 1893 2544 demonstrante
1939 2492 2063 2549 apo-

357 2646 368 2653 .
474 2569 617 2651 stolo
672 2590 864 2657 Paulo,
922 2587 1018 2659 qui
1079 2581 1367 2640 avaritiam
1423 2578 1700 2635 idolorum
1744 2569 2063 2627 servitutem

471 2691 633 2742 vocat
663 2681 893 2755 (Coloss.
930 2694 1014 2745 ιιι,
1043 2675 1126 2745 5).

540 2783 645 2839 Sed
676 2754 835 2835 valde
864 2774 1113 2832 terribile
1140 2778 1222 2827 est
1252 2767 1400 2843 quod
1428 2764 1677 2837 sequitur
1702 2778 1712 2815 :
1739 2761 1813 2815 Et
1827 2754 2066 2812 munibus

468 2871 839 2933 mendacibus;
868 2864 1067 2922 deinde
1094 2859 1380 2933 subjungit
1411 2875 1422 2913 :
1464 2857 1604 2911 Pars
1630 2852 1849 2907 illorum
1880 2846 1982 2901 erit
2009 2844 2066 2899 in

471 2969 654 3033 stagno
680 2958 818 3030 ignis
847 2953 1084 3011 ardentis
1115 2951 1384 3020 sulphure,
1415 2944 1555 3016 quod
1574 2948 1649 2997 est
1668 2934 2063 2999 morssecunda;

471 3059 526 3110 et
553 3023 841 3107 l3salmista
866 3045 1003 3102 dicit
1032 3041 1101 3098 ad
1130 3038 1431 3096 Dominum
1456 3052 1467 3090 :
1506 3058 1523 3080 ε
1546 3028 1743 3088 Perdes
1761 3042 1952 3084 omnes
1972 3023 2067 3096 qui

473 3142 776 3215 loquuntur
804 3133 1151 3193 mendacium
1176 3129 1349 3203 (Ρεαι.
1372 3143 1433 3192 v,
1459 3125 1516 3198 7)
1543 3142 1556 3192 ;
1590 3147 1609 3173 ι
1642 3122 1769 3178 etin
1788 3116 2062 3214 alioloco:

488 3256 507 3280 ι
534 3204 730 3288 anis
756 3228 923 3284 homo
952 3220 1191 3279 mendax
1223 3217 1399 3292 (Psal.
1434 3230 1565 3284 cxv,
1596 3210 1707 3283 11).
1742 3234 1761 3257 ι
1794 3204 1853 3263 Si
1899 3204 2068 3292 igitur

473 3320 654 3379 omnis
684 3318 851 3374 homo
873 3313 1131 3381 mendax,
1154 3318 1210 3366 et
1236 3290 1283 3364 Si
1312 3304 1502 3379 perdet
1541 3304 1686 3358 Deus
1731 3310 1920 3354 omnes
1974 3290 2070 3365 qui

472 3413 775 3483 loquuntur
805 3404 1174 3469 mendacium,
1214 3405 1269 3455 et
1296 3397 1343 3453 si
1380 3409 1571 3451 omnes
1617 3388 1907 3446 mendaces
1952 3397 2070 3456 par-

474 3471 585 3554 tem
634 3496 916 3551 habebunt
964 3493 1023 3546 in
1066 3487 1377 3559 perditione
1425 3497 1554 3539 cum
1601 3477 1812 3537 caeteris
1861 3471 2068 3545 impiis,

474 3585 544 3641 de
579 3582 781 3654 quibus
811 3581 1075 3634 hactenus
1104 3573 1277 3630 locuti
1300 3586 1519 3636 sumus;
1561 3568 1685 3641 quis
1728 3565 1914 3620 salvus
1957 3575 2072 3615 esse

476 3651 726 3747 poterit?
763 3667 980 3725 Scimus
1025 3677 1261 3735 namque
1321 3659 1539 3714 nullum
1594 3654 1877 3712 hominem
1929 3651 2073 3706 hanc

479 3762 648 3819 vitam
682 3774 839 3834 posse
871 3754 1123 3823 transire,
1152 3760 1216 3808 ut
1243 3746 1542 3822 aliquando
1587 3760 1699 3802 non
1739 3740 2068 3808 mentiatur;

478 3852 586 3911 nisi
608 3831 775 3908 fuerit
794 3847 997 3915 infans,
1021 3843 1116 3918 qui
1127 3840 1237 3898 fari
1256 3854 1369 3896 non
1391 3843 1588 3910 potest.
1608 3833 1714 3892 Sed
1734 3849 1846 3889 non
1872 3831 1940 3888 de
1957 3845 2071 3887 om-

478 3946 644 4003 nibus
660 3938 961 4000 mendaciis
978 3937 1085 3995 hoc
1107 3934 1317 3993 dictum
1330 3945 1446 3988 esse
1465 3927 1774 4000 intelligere
1789 3924 2070 3990 debemus,

479 4037 623 4095 sicut
649 4051 750 4091 nec
780 4030 923 4089 illud
961 4028 1029 4086 de
1070 4024 1330 4084 omnibus
1374 4018 1771 4095 peccatoribus,
1814 4012 1961 4089 quod
2014 4012 2074 4068 in

480 4126 690 4198 psalmo
710 4122 989 4179 tricesimo
1010 4127 1165 4175 sexto
1182 4113 1428 4175 canitur:
1461 4134 1481 4159 ι
1503 4110 1645 4179 Quia
1663 4115 1972 4181 peccatores
1987 4118 2074 4175 pe-

480 4192 673 4268 ribunt
698 4210 878 4277 (Psal.
911 4223 1113 4274 mw,
1142 4206 1271 4276 20);
1303 4227 1322 4251 ι
1367 4210 1422 4258 et
1451 4200 1510 4256 in
1538 4198 1750 4273 psalmo
1779 4192 2075 4252 centesimo

480 4298 898 4376 quadragesimo
919 4304 1114 4368 quarto
1141 4316 1152 4352 :
1186 4321 1204 4343 ι
1225 4292 1480 4351 Custodit
1502 4289 1772 4347 Dominus
1788 4302 1976 4344 omnes
1997 4281 2076 4339 di-

482 4373 712 4464 ligentes
755 4402 835 4455 se,
882 4392 936 4440 et
982 4400 1173 4439 omnes
1219 4388 1533 4454 peccatores
1578 4377 1855 4450 disperdet
1899 4373 2073 4447 (Psal.

482 4502 668 4554 cxuv,
699 4483 815 4555 20).
845 4505 864 4529 ι
907 4479 965 4536 Si
994 4484 1303 4551 peccatores
1326 4474 1607 4547 peribunt,
1637 4479 1692 4527 et
1721 4486 1911 4527 omnes
1942 4483 2078 4539 pec—

482 4586 692 4637 catores
720 4570 1019 4646 disperdet,
1050 4578 1105 4626 et
1133 4583 1322 4625 omnes
1341 4581 1532 4621 sumus
1555 4568 1865 4635 peccatores
1884 4575 2072 4615 secun-

483 4669 616 4726 dum
647 4667 858 4724 dictum
888 4661 1051 4720 istius
1068 4659 1295 4717 Joannis
1315 4676 1327 4715 :
1364 4682 1383 4705 ι
1406 4656 1463 4712 Si
1483 4652 1790 4711 dixerimus
1809 4651 1938 4725 quia
1956 4664 2077 4721 pec-

483 4771 666 4821 catum
700 4775 813 4816 non
845 4757 1132 4824 habemus,
1181 4769 1283 4809 nos
1332 4751 1479 4825 ipsos
1512 4747 1843 4816 seducimus,
1876 4752 1930 4801 et
1971 4758 2079 4799 ve-

483 4852 618 4908 ritas
646 4850 705 4906 in
734 4848 894 4905 nobis
923 4863 1033 4903 non
1065 4852 1147 4902 est
1186 4844 1244 4915 (Ι
1267 4844 1423 4899 Joan.
1459 4859 1499 4906 1,
1525 4841 1582 4913 8)
1610 4858 1625 4908 ;
1675 4862 1694 4887 ι
1734 4853 1861 4909 ergo
1889 4848 2080 4891 omnes

483 4940 809 5013 peribimus.
862 4938 967 4994 Sed
1007 4951 1119 4992 non
1154 4934 1259 4990 hoc
1295 4933 1363 4989 de
1401 4930 1658 4988 omnibus
1705 4924 2080 5001 peccatoribus

485 5033 698 5091 dictum
728 5047 845 5089 esse
875 5030 1186 5103 intelligere
1213 5027 1495 5095 debemus,
1541 5024 1635 5082 sed
1681 5024 1748 5081 de
1787 5023 1902 5080 illis
1946 5030 2080 5078 tau-

486 5122 774 5179 tummodo
802 5119 899 5192 qui
930 5118 986 5173 in
1017 5116 1275 5189 gravibus
1303 5115 1536 5187 peccatis
1576 5112 1895 5184 semetipsos
1932 5127 2082 5183 prae-

485 5210 797 5284 cipitantes,
834 5207 1034 5264 nolunt
1063 5221 1219 5278 agere
1263 5201 1641 5277 paenitentiam
1694 5201 1761 5257 de
1806 5198 2084 5272 iniquita-

483 5299 635 5355 tibus
663 5297 798 5354 suis.
827 5296 1093 5352 Similiter
1122 5301 1177 5350 et
1202 5293 1296 5350 hic
1322 5309 1435 5349 non
1460 5291 1528 5348 de
1548 5289 1807 5346 omnibus
1839 5287 2082 5344 menda-

484 5388 643 5446 cibus
667 5387 879 5445 dictum
907 5400 1021 5441 esse
1063 5382 1372 5455 intelligere
1414 5381 1707 5447 debemus;
1760 5385 1888 5435 sunt
1934 5377 2084 5433 enim

487 5475 773 5533 mendacia
807 5491 929 5548 quae
976 5473 1120 5529 inter
1171 5471 1317 5528 levia
1371 5476 1590 5544 peccata
1639 5467 1996 5540 deputantur,
2053 5480 2086 5520 a

2154 514 2283 554 nere
2315 513 2327 550 :
2361 501 2490 550 sunt
2536 500 2591 547 et
2635 487 2840 562 gravia,
2888 501 3007 559 quae
3053 484 3313 552 mergunt
3364 473 3677 531 hominem
3734 473 3786 527 in

2154 590 2561 649 damnationem
2593 584 2809 641 mortis.

2227 681 2332 737 Sed
2361 679 2488 752 quia
2515 676 2604 731 his
2632 670 2972 745 temporibus
3000 664 3162 723 multi
3192 668 3331 719 sunt
3369 658 3476 735 qui
3513 657 3647 713 sine
3676 657 3787 712 ali-

2158 787 2264 844 qua
2291 766 2597 826 reverentia
2624 762 2723 820 Dei
2751 755 3146 830 omnipotentis
3178 767 3320 824 pene
3350 747 3594 806 assidue
3628 764 3784 802 men-

2158 836 2393 925 tiuntur,
2427 855 2632 931 placuit
2663 851 2821 909 nobis
2864 858 2925 905 ut
2953 847 3021 903 de
3059 847 3164 901 hoc
3202 839 3347 896 vitio
3388 838 3601 910 aliqua
3648 836 3788 892 dica.

2159 966 2301 1004 mus.
2336 947 2541 1003 Verum
2574 943 2727 1015 prius
2766 939 2833 995 de
2873 935 3092 993 levibus
3140 927 3457 987 mendaciis
3505 926 3791 991 dicamus,

2159 1046 2346 1110 postea
2373 1036 2440 1092 de
2466 1031 2828 1107 gravioribus.
2861 1027 3013 1097 Saepe
3040 1019 3411 1078 :estimatione
3445 1015 3793 1082 mentimur,

2162 1131 2494 1187 aestimantes
2548 1143 2647 1182 nos
2702 1122 2891 1178 videre
2945 1116 3094 1191 quod
3157 1130 3271 1170 non
3333 1110 3641 1176 videmus,
3703 1116 3795 1163 aut

2163 1221 2353 1276 audire
2409 1215 2556 1290 quod
2604 1229 2716 1269 non
2768 1207 3047 1274 audimus,
3104 1210 3199 1259 aut
3262 1201 3405 1257 scire
3463 1196 3633 1271 quod
3686 1210 3797 1250 non

2165 1311 2386 1368 scimus.
2426 1288 2586 1377 Saepe
2632 1316 2868 1374 namque
2912 1312 3040 1354 cum
3071 1293 3290 1363 alonge
3337 1288 3632 1363 quosdam
3679 1302 3796 1359 pro-

2166 1399 2448 1473 spicimus,
2480 1393 2623 1449 fallit
2650 1407 2750 1447 nos
2771 1393 3021 1460 aspectus
3049 1388 3257 1447 noster,
3283 1387 3341 1435 et
3362 1377 3632 1434 dicimus
3659 1390 3795 1442 esse,

2169 1463 2264 1561 q‘ui
2294 1501 2405 1542 non
2431 1463 2579 1540 sunt.
2607 1480 2759 1551 Saepe
2799 1476 2964 1532 etiam
3012 1480 3068 1530 et
3112 1465 3365 1527 obscuris
3403 1463 3793 1537 temporibus,

2168 1594 2294 1635 cum
2338 1573 2525 1647 procul
2576 1568 2782 1642 lapides
2823 1574 2919 1622 aut
2960 1562 3183 1619 arbusta
3227 1555 3652 1629 conspicimus,
3684 1553 3797 1626 ipsa

2170 1646 2503 1724 obscuritate
2531 1660 2801 1726 fallimur,
2829 1662 2884 1712 et
2933 1651 3171 1709 dicimus
3213 1646 3481 1704 homines
3530 1658 3665 1699 esse
3708 1650 3798 1697 aut

2171 1752 2391 1811 bestias.
2423 1751 2574 1822 Saepe
2602 1746 2885 1804 oblivione
2913 1741 3183 1809 fallimur,
3213 1752 3345 1793 cum
3383 1730 3797 1789 obliviscimur

2168 1860 2288 1917 quas
2314 1819 2549 1898 fecimus
2583 1846 2637 1894 et
2666 1835 2935 1902 vidimus,
2964 1838 3059 1886 aut
3108 1825 3281 1884 locuti
3328 1824 3580 1890 fuimus,
3615 1829 3674 1877 et
3719 1819 3795 1875 di-

2170 2020 2317 2095 quod
2361 2018 2625 2083 fecimus;
2667 2021 2763 2070 aut
2807 2010 3023 2069 audisse
3068 2003 3217 2080 quod
3269 2018 3385 2059 non
3435 2000 3793 2066 audivimus,

2170 2088 2266 2167 aut
2294 2125 2405 2165 non
2433 2107 2649 2164 audisse
2678 2103 2827 2179 quod
2856 2098 3210 2163 audivimus;
3257 2100 3355 2149 aut
3392 2090 3617 2147 vidisse
3649 2088 3791 2162 quod

2171 2216 2284 2258 non
2310 2198 2577 2264 vidimus,
2607 2203 2701 2251 aut
2746 2208 2857 2249 non
2906 2188 3109 2245 vidisse
3156 2183 3306 2257 quod
3354 2181 3657 2245 vidimus;
3698 2186 3788 2233 aut

2172 2289 2399 2357 dixisse,
2432 2287 2580 2360 quod
2610 2299 2722 2340 non
2749 2280 3016 2345 diximus,
3050 2282 3147 2331 aut
3187 2289 3302 2329 non
3348 2269 3596 2336 dixisse,
3643 2264 3787 2340 quod

2173 2358 2622 2447 diximusISaepe
2651 2379 2705 2429 et
2731 2387 2856 2428 cum
2886 2366 3166 2429 audimus,
3198 2360 3351 2435 quod
3379 2358 3786 2421 desideramus,

2175 2469 2411 2526 dicimus
2458 2480 2650 2519 verum
2695 2477 2829 2527 esse,
2875 2455 3023 2532 quod
3067 2452 3366 2517 audimus;
3398 2458 3458 2505 et
3489 2463 3640 2520 saepe
3670 2460 3786 2502 con-

2175 2557 2341 2630 tingit
2379 2552 2523 2628 quod
2564 2552 2763 2607 falsum
2799 2549 2871 2604 sit
2920 2563 2931 2601 :
2973 2552 3027 2600 et
3069 2558 3196 2600 cum
3244 2536 3603 2604 audivimus,
3652 2531 3785 2607 quod

2176 2648 2455 2711 nolumus,
2488 2640 2726 2698 dicimus
2757 2637 2957 2693 falsum
2988 2648 3123 2701 esse,
3165 2627 3427 2704 quamvis
3468 2641 3672 2680 verum
3700 2624 3785 2678 sit.

2179 3283 2410 3347 quenter
2437 3290 2565 3332 cum
2585 3270 2902 3344 juramento
2932 3263 3289 3320 aﬂirmamus.

2250 3374 2389 3430 Sunt
2416 3378 2472 3428 et
2498 3369 2682 3438 multi,
2716 3365 2811 3440 qui
2840 3369 2989 3438 gesta
3027 3361 3252 3416 Patrum
3300 3371 3424 3429 quae
3477 3351 3541 3410 in
3584 3348 3785 3409 divinis

2179 3461 2478 3536 Scripturis
2527 3467 2622 3516 aut
2665 3457 2937 3529 legerunt,
2986 3457 3080 3507 aut
3132 3445 3454 3513 audierunt,
3516 3458 3591 3499 ex
3646 3446 3785 3514 parte

2180 3553 2606 3618 obliviscentes;
2650 3562 2778 3605 cum
2822 3560 2886 3600 ea
2930 3540 3056 3598 aliis
3102 3551 3325 3594 narrare
3375 3529 3672 3606 coeperint,
3702 3536 3785 3585 aut

2181 3645 2432 3720 quaedam
2463 3636 2750 3697 mendacia
2778 3632 3179 3699 intermisceat,
3211 3633 3308 3682 aut
3345 3640 3419 3680 ex
3451 3621 3652 3678 multis
3675 3634 3785 3676 nar-

2180 3714 2489 3794 rationibus
2519 3746 2686 3787 unam
2716 3727 2895 3784 facere
2924 3729 3230 3782 conantur:
3259 3724 3315 3773 et
3343 3715 3498 3772 sicut
3526 3714 3626 3787 qui
3654 3721 3785 3769 stan-

2182 3840 2315 3882 num
2344 3837 2479 3878 auro
2508 3818 2596 3875 vel
2626 3824 2851 3890 argento
2874 3810 3161 3878 admiscet,
3192 3806 3457 3863 inutilem
3510 3803 3780 3859 materiam

2181 3918 2346 3986 facit;
2386 3916 2464 3973 ita
2488 3921 2543 3971 et
2573 3911 2665 3969 isti
2694 3926 2821 3968 cum
2850 3923 2921 3964 ex
2952 3903 3144 3961 multis
3170 3896 3603 3958 narrationibus
3631 3907 3783 3951 unam

2182 4010 2358 4067 facere
2386 4010 2659 4077 satagunt,
2688 3995 3006 4057 mentiendo
3050 3993 3310 4051 inutilem
3351 3986 3640 4053 reddunt;
3685 3996 3781 4040 me-

2183 4101 2294 4157 lius
2320 4105 2401 4155 est
2427 4096 2573 4154 enim
2615 4093 2795 4159 silere,
2826 4105 2991 4164 quam
3023 4093 3171 4159 gesta
3214 4088 3543 4138 sanctorum
3577 4072 3783 4131 menda-

2184 4190 2321 4249 citer
2372 4186 2638 4260 proferre.
2697 4161 2860 4238 Sunt-
2888 4176 3055 4234 etiam
3111 4171 3278 4229 multi
3327 4166 3548 4225 divinis
3600 4161 3782 4218 litteris

2184 4252 2408 4345 eruditi,
2442 4274 2540 4349 qui
2579 4271 2783 4330 Iudaeis
2823 4269 2970 4325 ultra
3011 4280 3176 4339 quam
3222 4264 3445 4332 oportet
3488 4252 3779 4315 credentes,

2185 4367 2449 4444 quasdam
2497 4380 2689 4422 eorum
2734 4360 2946 4417 fabulas
2997 4350 3325 4410 vanissimas
3366 4343 3701 4416 suscipiunt,
3735 4344 3782 4393 et

2185 4459 2301 4514 suis
2324 4452 2720 4513 traditionibus
2738 4450 3096 4505 interserunt.
3118 4440 3338 4498 Scimus
3359 4435 3515 4492 enim
3535 4430 3779 4505 quoniam

2185 4734 2249 4783 ut
2321 4723 2550 4797 gloriam
2626 4716 2869 4776 nominis
2943 4710 3153 4773 Christi
3205 4705 3360 4780 apud
3434 4711 3779 4777 quoscunque

2186 4791 2435 4893 possunt,
2509 4815 2862 4886 exstinguant
2922 4826 2934 4864 :
3002 4815 3056 4863 et
3130 4819 3242 4860 non
3300 4800 3489 4857 solum
3566 4791 3781 4868 prophe-

2191 4880 2292 4967 tias
2340 4880 2431 4964 de-
2464 4880 2999 4966 Christo'evertunt,
3041 4893 3137 4952 sed
3181 4900 3235 4949 et
3283 4891 3343 4946 in
3386 4887 3607 4945 caeteris
3662 4880 3781 4938 locis

2189 4998 2391 5053 multas
2446 4994 2772 5052 vanissimas
2824 4998 2877 5048 et
2932 4981 3359 5045 absurdissimas
3418 4976 3638 5033 fabulas
3675 4970 3776 5043 (81)

2190 5092 2568 5163 interponunt.
2608 5084 2778 5142 Miror
2822 5098 2950 5154 ergo
2997 5093 3097 5135 cur
3142 5071 3391 5131 inimicis
3420 5066 3655 5134 Christi,
3681 5078 3780 5119 om-

2189 5183 2384 5256 nisque
2412 5178 2697 5252 religionis
2727 5181 2927 5232 nostrae
2957 5169 3240 5234 creditur;
3276 5172 3375 5221 aut
3404 5162 3476 5218 ab
3507 5162 3591 5217 eis
3619 5158 3777 5229 aliqua

2191 5246 2587 5344 suscipiuntur,
2603 5269 2711 5327 nisi
2729 5260 3114 5323 tantummodo
3128 5274 3192 5314 ea
3211 5272 3334 5330 quae
3349 5254 3423 5310 ah
3443 5249 3686 5324 antiquis
3696 5246 3775 5300 Ρι-

2192 5339 2373 5422 tribus
2399 5362 2625 5435 probata
2653 5374 2768 5416 esse
2797 5359 2943 5419 577
2973 5351 3400 5423 dignoscuntur.
3452 5341 3571 5415 Ipsi
3603 5339 3775 5413 quippe

2190 5432 2419 5536 patrem.
2437 5459 2641 5516 habent
2667 5454 2973 5523 diabolum,
3004 5448 3101 5524 qui
3128 5448 3187 5505 in
3216 5439 3458 5502 veritate
3482 5455 3601 5496 non
3629 5432 3774 5502 stetit,

564 5668 682 5743 (81)
714 5666 891 5737 Edit.,
913 5675 967 5724 et
985 5663 1380 5725 obscurissimas
1398 5663 1613 5739 fabulas
1633 5682 1655 5731 ;
1685 5680 1841 5731 mss.,
1857 5668 1905 5722 et
1920 5659 2328 5720 absurdissimas
2356 5658 2590 5735 fabulas.
