3902 6198
166 323 308 383 1029

1051 326 1509 386 BERENGAUDI
1550 326 1922 387 EXPOSITIO
1965 330 2033 388 IN
2075 330 2577 392 APOCALYPSIN.

3331 341 3466 399 1030

161 450 296 522 quia
326 449 562 505 mendax
592 457 674 506 est
704 451 837 523 ipse,
874 457 927 506 et
960 460 1114 524 pater
1137 453 1254 524 ejus
1286 453 1467 525 (Joan.
1501 472 1620 522 vm,
1645 454 1759 523 Ut);
1792 459 1841 517 A
1876 455 2089 510 Talium
2138 455 2320 528 itaque
2381 458 2787 515 mendaciorum
2848 462 3073 518 macula
3124 479 3155 518 a
3200 461 3467 520 charitate

161 548 219 595 et
249 554 606 613 quoscunque
632 538 889 595 diabolus
918 541 1182 613 possidet,
1216 542 1506 599 mendaces
1539 543 1691 601 facit.

235 650 389 723 Sape
436 659 489 708 et
530 652 729 708 timore
778 652 1117 722 mentimur;
1171 671 1296 710 nam
1327 671 1453 711 cum
1483 654 1766 721 timemus,

158 755 235 795 ne
256 757 289 796 a
317 728 933 815 potentioribus'aliqua
956 743 1221 800 molestia
1244 744 1404 800 nobis
1425 744 1767 816 ingerantur,

160 828 472 900 aliquando
510 830 796 887 mendacia
842 834 1235 904 excogitamus,
1288 850 1383 904 per
1412 849 1531 905 qua
1561 833 1771 888 libere-

156 934 313 974 mur.
346 918 450 974 Sed
499 927 552 974 et
599 910 837 976 viatores
888 923 1136 993 quadam
1190 921 1472 977 mendacia
1520 921 1770 977 invenire

161 1007 375 1074 solent,
408 1014 468 1062 ut
496 1024 526 1062 a
556 1009 866 1066 latronibus
894 1010 1219 1068 liberentur.
1253 1010 1522 1068 Similiter
1542 1019 1595 1066 et
1626 1010 1768 1066 servi

155 1101 222 1149 et
253 1094 407 1167 pueri
439 1095 624 1169 aliqua
654 1099 938 1154 mendacia
978 1100 1308 1172 interpolare
1337 1100 1536 1166 solent,
1569 1115 1637 1155 ne
1664 1116 1769 1155 va-

154 1184 380 1254 pulent.
416 1184 555 1240 Sunt
588 1186 751 1241 etiam
786 1187 945 1243 multi
987 1188 1084 1260 qui
1113 1188 1171 1244 in
1204 1188 1481 1244 extraneis
1512 1188 1648 1243 locis
1679 1205 1770 1259 po-

156 1271 286 1339 siti,
319 1271 573 1343 egestatis
619 1280 714 1328 aut
758 1273 995 1346 alicujus
1045 1273 1389 1331 necessitatis
1417 1291 1579 1331 causa
1608 1292 1771 1330 men-

155 1359 424 1428 tiuntur;
458 1370 521 1417 ut
558 1362 788 1432 victum,
834 1373 927 1421 aut
956 1365 1140 1439 aliqua
1178 1348 1429 1438 corporis
1466 1364 1772 1422 necessaria

157 1448 280 1505 sibi
309 1455 616 1522 acquirant.
666 1452 817 1526 Sape
864 1461 918 1509 et
948 1471 1049 1510 nos
1076 1470 1260 1511 amore
1298 1462 1463 1527 atque
1491 1454 1573 1509 ira
1606 1470 1771 1509 men—

156 1537 360 1607 timur,
393 1538 679 1598 laudantes
725 1558 818 1598 eos
848 1560 984 1617 quos
1027 1543 1311 1616 diligimus
1330 1544 1485 1599 ultra
1523 1542 1768 1611 modum,

162 1634 228 1683 et
255 1625 633 1699 vituperantes
661 1645 753 1687 eos
790 1631 992 1704 quibus
1026 1632 1155 1688 irati
1193 1649 1403 1701 sumus,
1454 1632 1578 1705 plus
1606 1646 1769 1704 quam

160 1722 426 1787 oportet:
479 1716 574 1773 sed
631 1717 738 1775 ista
793 1720 1045 1792 graviora
1104 1719 1246 1776 mihi
1298 1721 1559 1777 videntur
1605 1734 1768 1792 quam

1874 562 1943 602 ex
1973 562 2081 618 qua
2109 547 2432 619 procedunt,
2469 549 2757 618 delentur;
2791 552 2920 625 quia
2964 578 2982 602 ι
3011 554 3252 612 cbaritas
3291 557 3468 629 operit

1876 636 2295 694 multitudinem
2318 647 2666 711 peccatorum
2697 640 2754 712 (Ι
2780 644 2924 700 Petr.
2956 662 3033 712 ιν,
3065 646 3145 717 8).
3187 671 3206 694 ι

1947 728 2105 783 Nunc
2151 727 2218 785 de
2265 731 2608 801 gravioribus
2665 733 2963 792 mendaciis
3007 736 3289 807 dicamus;
3340 747 3471 796 sunt

1878 833 2115 891 namque
2142 818 2487 875 inﬁdelitatis
2518 821 2821 890 mendacia,
2855 832 2984 879 sunt
3003 833 3058 880 et
3091 826 3468 899 blasphemia,

1877 916 2006 963 sunt
2034 915 2087 963 et
2108 908 2215 962 alia
2241 924 2360 981 quae
2382 926 2450 964 ex
2473 910 2602 965 odio
2631 912 2952 983 procedunt,
2975 914 3084 969 alia
3109 931 3229 987 qua
3258 916 3473 973 invidia

1879 1007 2118 1071 generat,
2151 1001 2259 1055 alia
2296 1018 2416 1073 qua
2445 1003 2696 1072 avaritia,
2738 1005 2847 1060 alia
2893 1022 3014 1078 qua
3073 1024 3213 1063 vana
3255 1009 3467 1081 gloria;

1878 1087 2085 1144 habent
2116 1089 2483 1147 nihilominus
2510 1100 2703 1149 catera
2733 1094 2872 1149 vitia
2902 1096 3186 1153 mendacia
3210 1097 3315 1153 sibi
3346 1114 3473 1154 con-

1879 1176 2179 1233 venientia.
2234 1178 2488 1236 Inﬁdeles
2550 1181 2755 1255 quippe
2810 1183 2983 1240 Judai
3044 1194 3209 1258 atque
3262 1186 3473 1243 ethnici

1879 1265 2083 1322 habent
2102 1268 2343 1339 plurima
2375 1269 2662 1328 mendacia
2691 1290 2706 1341 ;
2741 1289 2866 1329 nam
2897 1283 3126 1346 excepto
3139 1274 3287 1347 quod
3316 1275 3471 1332 Chri-

1880 1362 2025 1410 stum
2055 1366 2256 1429 negant
2278 1358 2490 1415 venisse
2519 1360 2576 1414 in
2607 1378 2787 1430 carne,
2836 1362 3042 1420 habent
3080 1366 3284 1421 multos
3313 1381 3474 1421 erro-

1881 1462 1986 1513 res,
2027 1448 2229 1520 quibus
2258 1448 2473 1521 decepti
2506 1459 2753 1522 pereunt.
2786 1452 2925 1509 Sunt
2944 1460 2998 1508 et
3019 1453 3304 1510 mendacia
3331 1453 3473 1509 blas-

1880 1535 2249 1606 phemiarum,
2280 1538 2479 1612 quibus
2526 1540 2693 1597 iidem
2724 1541 2899 1598 Judaei
2928 1550 3091 1616 atque
3121 1544 3339 1617 pagani,
3373 1560 3475 1601 nec

1880 1639 1991 1679 non
2018 1633 2070 1680 et
2101 1624 2346 1683 haretici
2376 1629 2549 1684 Deum
2579 1638 2632 1686 et
2658 1630 2959 1687 Ecclesiam
3007 1630 3147 1702 ejus,
3178 1631 3473 1704 omniaque

1878 1711 2070 1770 divina
2127 1716 2389 1787 mysteria
2441 1718 2632 1775 multis
2678 1719 2857 1775 modis
2886 1719 3290 1792 blasphemant.
3336 1720 3476 1776 Sunt

162 1804 477 1876 superiora.
512 1806 652 1863 Sunt
680 1807 787 1863 alia
825 1808 1111 1866 mendacia
1140 1809 1516 1881 superioribus
1544 1808 1768 1877 similia,
1800 1810 1845 1871 B
1877 1802 2041 1859 etiam
2091 1805 2377 1863 mendacia
2446 1824 2567 1880 qua
2633 1825 2702 1865 ex
2765 1809 2893 1866 odio
2956 1809 3290 1882 procedunt;
3347 1825 3473 1865 nam

156 1908 291 1965 qua
313 1893 534 1967 longum
562 1904 644 1952 est
663 1896 918 1969 prosequi
946 1916 959 1966 ;
994 1898 1052 1953 in
1074 1897 1209 1953 talia
1228 1913 1466 1971 namque
1488 1896 1774 1953 mendacia

161 1996 285 2037 non
334 1984 512 2038 solum
561 1984 777 2056 injusti,
830 1986 924 2042 sed
971 1994 1025 2043 et
1050 1984 1190 2057 justi
1240 2003 1383 2059 sape
1422 1986 1769 2043 dilabuntur.

82 2128 93 2137 ,
158 2075 245 2131 Et
273 2084 495 2147 propter
540 2074 645 2132 hoc
690 2075 914 2132 videtur
960 2075 1100 2131 mihi
1128 2076 1475 2133 Psalmistam
1522 2076 1768 2133 dixisse:

175 2190 200 2213 ε
236 2166 433 2222 Omnis
460 2164 628 2221 homo
658 2164 895 2220 mendax
928 2165 1101 2237 (Psal.
1135 2181 1265 2235 cxv,
1301 2165 1414 2237 11).
1455 2189 1474 2212 ι

242 2275 344 2329 Est
383 2281 438 2328 et
465 2271 617 2327 aliud
657 2289 827 2344 genus
857 2271 1152 2341 mendacii,
1183 2271 1331 2345 quod
1375 2272 1580 2344 absque
1614 2271 1777 2343 culpa

158 2362 478 2430 videretur,
528 2360 637 2417 nisi
682 2361 965 2433 Scriptura
991 2361 1219 2429 diceret,
1250 2360 1379 2434 quia
1406 2376 1570 2415 omne
1611 2376 1777 2415 men-

160 2452 397 2510 dacium
446 2468 479 2507 a
517 2452 663 2507 malo
692 2458 776 2506 est
820 2451 1003 2523 (Joan.
1054 2468 1114 2518 ιι,
1163 2451 1281 2522 21),
1324 2466 1394 2506 ex
1440 2465 1550 2522 quo
1594 2448 1778 2522 aliqua

166 2542 237 2597 in
266 2540 477 2597 divinis
516 2540 816 2612 Scripturis
862 2539 1239 2596 invenientur.
1284 2540 1348 2595 In
1392 2536 1617 2594 Genessi
1658 2537 1774 2607 (82)

169 2645 418 2702 namque
447 2628 716 2701 scriptum
764 2635 845 2684 est
888 2628 1036 2702 quod
1081 2627 1400 2701 praceperit
1442 2625 1654 2683 Pharao
1684 2625 1776 2682 ob-

168 2717 500 2774 stetricibus
538 2717 917 2787 Hebraeorum,
969 2726 1030 2774 ut
1071 2718 1344 2774 masculos
1382 2715 1775 2785 interﬁcerent,

174 2817 236 2865 et
266 2810 499 2865 feminas
527 2818 870 2866 reservarent
917 2808 1123 2881 (Exod.
1167 2826 1206 2877 1,
1240 2808 1348 2880 16)
1382 2826 1392 2863 :
1427 2805 1522 2863 sed
1559 2807 1667 2862 illa
1700 2806 1779 2865 ti-

174 2906 394 2955 mentes
444 2901 643 2968 Deum,
692 2898 1093 2956 conservabant
1143 2914 1337 2954 mares.
1389 2897 1495 2953 Pro
1544 2914 1651 2971 qua
1698 2912 1777 2963 re,

167 3012 308 3053 cum
368 3012 399 3052 a
450 2995 733 3052 Pharaone
808 2994 1247 3065 increparentur,
1313 2991 1576 3048 dixerunt
1632 2990 1780 3064 quod

168 3103 367 3144 omnes
428 3086 670 3143 Hebraea
743 3084 1001 3140 mulieres
1066 3083 1459 3140 obstetricandi
1515 3081 1780 3138 haberent

1882 1896 2138 1950 nonnulli
2197 1912 2297 1969 pro
2348 1914 2412 1953 eo
2445 1899 2591 1971 quod
2645 1899 2835 1955 odium
2890 1900 2950 1955 in
3003 1899 3262 1958 cordibus
3287 1909 3477 1957 contra

1882 1983 2168 2054 proximos
2197 1994 2430 2058 gestant,
2471 1986 2608 2043 falsa
2652 1987 2887 2044 crimina
2925 1989 3004 2045 eis
3046 1988 3372 2046 innectunt:
3422 2000 3477 2047 et

1882 2089 2020 2146 quos
2043 2092 2156 2132 non
2186 2087 2417 2150 possunt
2457 2078 2638 2152 gladio
2668 2079 2998 2151 interﬁcere,
3029 2082 3183 2139 falsis
3218 2083 3477 2141 crimina-

1883 2164 2133 2221 tionibus
2165 2166 2223 2221 in
2252 2166 2517 2235 damnum
2574 2186 2855 2242 magnum,
2913 2188 3055 2244 sape
3103 2172 3269 2227 etiam
3317 2181 3373 2230 et
3418 2172 3476 2229 in

1884 2262 2117 2309 mortem
2173 2256 2535 2328 pracipitant.
2585 2258 2725 2315 Sunt
2766 2269 2820 2317 et
2866 2260 2974 2316 alia
3038 2260 3324 2318 mendacia
3354 2278 3477 2334 qua

1883 2342 2029 2413 parit
2050 2342 2263 2400 invidia
2292 2364 2309 2412 ;
2338 2345 2605 2402 invidiosi
2632 2347 2834 2420 quippe
2872 2365 2998 2405 cum
3033 2349 3226 2406 vident
3261 2351 3479 2424 aliquos

1884 2438 1978 2485 aut
2006 2424 2369 2502 dignitatibus
2398 2436 2606 2504 saculi,
2636 2445 2730 2493 aut
2758 2437 3047 2509 sapientia,
3080 2448 3175 2496 aut
3197 2440 3479 2513 aliquibus

1885 2518 2095 2576 artibus
2148 2523 2489 2593 praeponere,
2557 2540 2650 2579 eos
2704 2524 2980 2596 despicere
3036 2534 3091 2582 et
3144 2528 3480 2587 subsannare

1886 2625 1999 2664 non
2050 2619 2283 2679 cessant,
2343 2628 2509 2685 seque
2562 2613 2709 2686 ipsos
2759 2614 2874 2670 illis
2922 2615 3221 2686 praferre;
3277 2626 3340 2673 ut
3372 2619 3478 2691 ipsi

1886 2698 2148 2755 clariores
2184 2701 2329 2771 apud
2377 2718 2470 2758 eos
2526 2703 2621 2775 qui
2651 2718 2841 2758 eorum
2876 2704 3202 2761 mendaciis°
3224 2706 3476 2777 credunt,

1887 2786 2201 2857 videantur,
2228 2805 2392 2862 quam
2425 2790 2506 2846 illi
2554 2808 2691 2864 quos
2740 2791 3069 2863 despiciunt.
3103 2792 3242 2849 Sunt
3292 2803 3347 2851 et
3373 2796 3479 2852 de-

1888 2877 2112 2935 risionis
2132 2880 2434 2950 mendacia,
2457 2899 2577 2955 qua
2595 2883 2811 2955 proprie
2840 2882 2909 2939 ad
2924 2882 3146 2939 invidos
3166 2884 3472 2956 pertinent;

1887 2967 2141 3025 derident
2175 2986 2410 3043 namque
2439 2988 2653 3045 semper
2683 2972 2861 3029 invidi
2912 2973 3056 3031 facta
3086 2975 3397 3044 meliorum,
3427 2986 3481 3035 et

1888 3059 2088 3131 quibus
2146 3061 2419 3133 coaquari
2475 3079 2587 3118 non
2642 3070 2891 3135 possunt,
2950 3079 3140 3120 eorum
3188 3074 3343 3122 actus
3366 3066 3481 3122 suis

182 3176 497 3243 scientiam,
566 3175 790 3247 illisque
832 3172 1224 3241 nescientibus,
1269 3178 1539 3245 parerent.
1588 3172 1781 3227 Nonne

1892 3148 2195 3206 mendaciis
2233 3150 2557 3207 obnubilare
2605 3159 2879 3224 quarunt.
2937 3152 3079 3210 Sunt
3104 3156 3251 3210 enim
3292 3156 3477 3227 multi,

167 3265 379 3321 melius
406 3264 515 3320 fuit
542 3263 865 3319 mentiendo
906 3280 1105 3335 pueros
1134 3278 1433 3331 reservare,
1457 3277 1619 3334 quam
1651 3276 1779 3317 vera

169 3354 413 3413 dicendo
443 3362 524 3411 tot
552 3353 857 3410 homicidia
891 3360 1201 3425 perpetrare
1226 3353 1254 3409 ?
1283 3354 1345 3408 In
1376 3353 1540 3407 Josue
1562 3366 1778 3424 quoque

173 3444 447 3516 scriptum
479 3451 560 3499 est
587 3441 735 3515 quod
765 3441 979 3497 miserit
1006 3441 1146 3497 duos
1173 3440 1547 3513 exploratores
1575 3438 1643 3495 ad
1671 3456 1780 3495 ex-

173 3534 503 3608 plorandam
543 3534 761 3591 Jericho
792 3534 974 3606 (Iosue
999 3550 1063 3602 ιι,
1094 3532 1293 3603 seqq.);
1354 3539 1409 3588 at
1436 3532 1521 3587 illi
1551 3529 1779 3603 ingressi

176 3636 314 3686 sunt
355 3628 582 3685 domum
623 3627 909 3700 cujusdam
956 3626 1280 3695 meretricis,
1338 3625 1562 3682 nomine
1591 3622 1780 3681 Bahab

175 3734 305 3792 qua
333 3716 622 3774 abscondit
650 3734 743 3773 eos
785 3717 843 3772 in
872 3714 1233 3773 interioribus
1278 3714 1476 3773 domus
1511 3730 1643 3781 sua,
1676 3728 1781 3768 ve-

176 3806 578 3879 nientibusque
607 3803 1052 3879 persecutoribus
1086 3820 1276 3862 eorum
1306 3802 1454 3861 dixit
1480 3801 1628 3875 quod
1653 3817 1779 3858 cum

178 3904 347 3971 porta
375 3896 740 3965 clauderetur,
783 3897 841 3952 in
872 3895 1112 3952 tenebris
1138 3894 1481 3967 aufugissent
1507 3893 1688 3963 (Iosue
1717 3908 1777 3959 ιι,

184 3986 343 4057 1-5).
376 3986 558 4058 Atque
584 4002 685 4058 pro
712 3984 819 4041 hoc
848 3984 1137 4041 mendacio
1165 4000 1197 4039 a
1229 3981 1671 4056 persecutoribus
1690 3995 1782 4035 eos

175 4074 445 4141 liberans,
477 4073 595 4145 ipsa
642 4089 768 4129 cum
816 4080 931 4128 tota
977 4072 1302 4144 cognatione
1361 4086 1461 4128 sua
1504 4086 1537 4126 a
1587 4066 1782 4124 mortis

177 4166 430 4240 periculo
459 4164 689 4220 liberata
713 4171 813 4219 est.
843 4164 916 4220 Et
944 4179 1041 4234 pro
1072 4163 1178 4219 hoc
1205 4162 1349 4217 facto
1379 4176 1412 4216 a
1436 4159 1596 4217 beato
1616 4158 1784 4216 Paulo

177 4255 435 4329 apostolo
491 4252 550 4307 in
606 4251 856 4323 Epistola
907 4250 975 4306 ad
1031 4249 1288 4305 Hebraos
1345 4247 1650 4314 laudatur;
1707 4246 1786 4301 ait

180 4345 375 4402 enim:
452 4367 471 4391 ι
530 4339 664 4397 Fide
716 4338 905 4396 Rabab
962 4337 1226 4394 meretrix
1274 4352 1387 4391 non
1447 4335 1611 4407 periit
1660 4352 1786 4391 cum

177 4432 406 4493 cateris
432 4429 756 4497 incredulis,
782 4427 1065 4500 excipiens
1090 4425 1466 4497 exploratores
1502 4440 1628 4479 cum
1661 4438 1787 4494 pace

1892 3237 1986 3309 qui
2017 3254 2109 3295 eos
2151 3255 2287 3311 quos
2345 3239 2472 3296 odio
2520 3240 2745 3309 habent,
2802 3248 2898 3297 aut
2950 3241 3151 3314 quibus
3201 3242 3476 3312 invident,

1890 3333 2159 3407 fingentes
2189 3353 2245 3392 se
2294 3353 2410 3393 esse
2456 3338 2681 3406 amicos,
2730 3337 2846 3393 suis
2872 3338 3088 3395 callidis
3135 3339 3485 3398 suasionibus

1890 3424 1959 3478 ad
1983 3424 2231 3497 quadam
2257 3425 2487 3500 [ﬂagitia
2537 3426 2899 3501 perpetranda
2940 3427 3266 3499 pertrahunt
3299 3446 3312 3484 :
3350 3445 3490 3502 quos

1891 3529 2018 3569 cum
2049 3514 2108 3570 in
2143 3514 2366 3587 aliquod
2388 3517 2566 3574 scelus
2585 3517 2760 3571 veluti
2778 3515 2840 3571 in
2869 3516 3086 3572 foveam
3109 3517 3487 3590 praecipitave-

1892 3597 2026 3667 rint,
2057 3607 2250 3656 contra
2276 3617 2368 3657 eos
2398 3601 2542 3658 versi
2589 3601 2832 3659 atrocius
2866 3618 3029 3675 quam
3082 3602 3264 3660 cateri
3295 3620 3488 3676 perse-

1892 3696 2174 3759 quuntur;
2234 3697 2290 3746 et
2335 3691 2429 3763 qui
2474 3691 2807 3748 videbantur
2854 3691 3040 3758 amici,
3088 3693 3235 3766 quod
3281 3693 3491 3751 fuerint

1892 3778 2120 3848 pessimi
2166 3778 2384 3835 inimici
2431 3782 2878 3855 comprobantur.
2933 3780 3108 3857 Habet
3154 3788 3209 3837 et
3258 3783 3493 3839 avaritia

1893 3868 2179 3924 mendacia
2196 3884 2313 3924 sua.
2334 3869 2508 3935 Quam
2537 3871 2700 3926 multi
2726 3871 2927 3943 quippe
2956 3878 3107 3939 sunt,
3137 3872 3233 3943 qui
3268 3880 3493 3943 propter

1894 3955 2131 4010 aliorum
2166 3956 2529 4013 substantiam
2560 3959 2863 4015 tollendam
2893 3959 3096 4014 multas
3147 3958 3394 4017 fallacias
3432 3971 3494 4019 et

1896 4042 2140 4099 diversas
2186 4045 2623 4102 machinationes
2664 4055 3041 4118 componunt;
3094 4054 3157 4103 ut
3215 4047 3341 4104 aliis
3388 4065 3495 4104 au-

1895 4132 2073 4188 ferant
2101 4132 2246 4188 unde
2271 4133 2517 4189 avaritia
2550 4151 2661 4189 sua
2690 4133 2971 4203 barathro,
3003 4133 3152 4206 quod
3183 4135 3495 4192 insatiabile

1897 4229 1999 4290 est,
2042 4222 2446 4293 aliquantulum
2506 4222 2886 4279 satisfaciant!
2941 4224 3081 4280 Sunt
3128 4224 3293 4280 etiam
3326 4224 3494 4281 multi

1900 4311 1996 4383 qui
2026 4327 2124 4383 pro
2154 4310 2505 4382 pramiorum
2542 4312 2952 4384 acceptionibus
2995 4313 3119 4369 falsi
3166 4320 3330 4369 testes
3368 4330 3497 4370 con-

1902 4409 1985 4456 tra
2039 4400 2326 4472 proximos
2365 4419 2493 4459 suos
2543 4403 2878 4472 efﬁciuntur,
2933 4410 2987 4458 et
3034 4418 3129 4458 eos
3175 4401 3497 4458 mentiendo

181 4490 377 4597 (Hebr.
412 4537 492 4589 χι,
517 4519 632 4591 31).
664 4542 683 4566 ι
722 4490 785 4575 I'n
808 4490 1014 4590 Regum
1031 4490 1195 4572 etiam
1211 4513 1497 4570 volumine
1524 4490 1788 4585 scriptum
1821 4531 1870 4590 D
1901 4499 1995 4597 an}
2022 4490 2081 4597 i_“
2110 4490 2417 4597 δξδῖνίίίωηρ
2442 4492 2805 4597 ΡΓῖεΫίΡίίθηίθ
2851 4499 2945 4548 aut
2976 4490 3498 4597 δῗετθάίίξηθωβίξθ

182 4618 273 4669 est
302 4608 453 4683 quod
500 4606 679 4664 David
722 4606 940 4679 fugiens
971 4604 1214 4661 Absalon
1243 4602 1422 4658 ﬁlium
1452 4618 1635 4670 suum,
1678 4602 1795 4657 mi-

184 4698 326 4756 serit
377 4696 678 4753 Jerusalem
726 4696 865 4752 duos
893 4694 1267 4766 exploratores
1313 4692 1381 4748 ad
1424 4689 1791 4763 explorandos

184 4799 346 4851 actus
384 4790 631 4862 ejusdem
675 4788 779 4845 ﬁlii
825 4789 912 4846 sui
944 4789 1032 4860 (II
1074 4790 1198 4859 Reg.
1229 4805 1325 4855 xv,
1375 4784 1602 4856 32-36).
1634 4784 1793 4852 Quod

187 4896 320 4939 cum
350 4879 593 4935 audisset
634 4879 898 4947 Absalon,
944 4876 1096 4933 misit
1126 4876 1222 4949 qui
1269 4892 1361 4932 eos
1403 4881 1658 4947 caperent
1691 4893 1704 4931 :
1737 4882 1794 4930 at

190 4969 281 5026 illi
309 4968 598 5040 fugientes,
643 4966 874 5040 ingressi
922 4973 1051 5022 sunt
1092 4965 1318 5022 domum
1346 4963 1632 5037 cujusdam
1663 4963 1791 5032 viri,

194 5055 358 5129 cujus
387 5073 530 5113 uxor
577 5054 865 5113 abscondit
912 5072 1006 5111 eos
1049 5054 1106 5109 in
1148 5062 1334 5126 puteo,
1368 5069 1528 5126 quem
1559 5053 1795 5109 habebat

192 5148 255 5205 in
288 5147 586 5217 vestibulo,
617 5147 797 5221 posito
843 5147 1076 5218 desuper
1104 5144 1466 5218 operimento.
1497 5143 1796 5202 Venienti-

194 5239 303 5297 bus
348 5256 481 5297 vero
526 5238 968 5313 persecutoribus
996 5254 1210 5307 eorum,
1255 5251 1455 5308 eosque
1503 5236 1797 5308 requiren—

197 5331 369 5401 tibus,
404 5332 501 5387 illa
540 5331 824 5405 respondit
851 5349 862 5387 :
922 5354 940 5377 ε
968 5327 1343 5387 Transierunt
1372 5333 1584 5399 gustata
1611 5326 1798 5397 paulu-

198 5421 316 5477 lum
346 5436 487 5493 aqua
516 5420 604 5493 (II
619 5422 744 5493 Reg.
770 5435 914 5487 xvn,
944 5418 1060 5491 20).
1093 5443 1111 5466 ›
1140 5417 1347 5476 Verum
1369 5414 1538 5487 igitur
1563 5412 1798 5470 dicendo

200 5523 295 5566 eos
342 5508 611 5582 potuisset
664 5509 911 5582 perdere,
971 5523 1110 5581 quos
1167 5504 1486 5562 mentiendo
1532 5502 1793 5561 servavit.

275 5635 396 5713 (εξ)
427 5633 577 5713 aqu,
609 5634 740 5693 Gill.
788 5635 846 5713 i_n
889 5651 1061 5708 marg.
1111 5650 1175 5691 ac
1213 5635 1370 5692 Rom.
1394 5633 1476 5713 _in
1498 5648 1693 5713 _corp.,
1734 5631 1801 5689 In

202 5704 397 5767 ando
423 5723 435 5764 :
470 5704 603 5765 Gill.
632 5722 764 5766 vero
792 5706 852 5765 in
880 5704 1034 5781 corp}
1064 5721 1192 5767 cum
1222 5721 1353 5764 mss.
1385 5706 1453 5764 In
1487 5704 1690 5763 Genesi.

1904 4579 2266 4637 substantiam
2316 4581 2596 4651 auferunt,
2647 4598 2788 4654 sape
2820 4597 2951 4637 vero
2987 4587 3040 4637 et
3078 4588 3311 4637 mortem
3360 4579 3497 4637 infe-

1904 4679 2038 4727 runt
2069 4671 2208 4743 (83).

1972 4767 2111 4824 Sunt
2140 4769 2250 4824 alia
2279 4767 2585 4837 mendacia,
2606 4784 2726 4841 qua
2755 4766 2988 4839 gignunt
3015 4780 3213 4820 vanam
3232 4764 3496 4838 gloriam;

1901 4864 2033 4913 sunt
2087 4858 2234 4913 enim
2294 4858 2457 4913 multi
2509 4873 2663 4913 vana
2712 4854 2899 4928 gloria
2943 4862 3234 4923 amatores,
3285 4855 3382 4927 qui
3439 4863 3503 4912 ut

1903 4947 2086 5018 magni
2135 4955 2188 5002 et
2219 4947 2421 5019 egregii
2450 4946 2517 5002 ab
2574 4945 2893 5002 hominibus
2949 4944 3274 5012 habeantur,
3304 4943 3503 5002 dicunt

1903 5054 1960 5093 se
1988 5054 2184 5110 magna
2214 5038 2461 5110 quadam
2507 5035 2721 5103 fecisse,
2772 5052 2893 5109 qua
2938 5051 3051 5091 non
3103 5034 3372 5104 fecerunt,
3408 5042 3504 5092 aut

1904 5148 2059 5205 posse
2111 5131 2257 5205 quod
2287 5148 2398 5187 non
2446 5139 2696 5205 possunt,
2746 5139 2841 5187 aut
2890 5128 3170 5203 possidere
3213 5127 3360 5201 quod
3389 5142 3504 5182 non

1910 5222 2212 5296 possident,
2242 5231 2337 5280 aut
2364 5238 2550 5296 sapere
2580 5221 2727 5295 quod
2758 5238 2868 5277 non
2899 5222 3120 5295 sapiunt
3160 5238 3174 5288 ;
3206 5226 3268 5275 ut
3302 5216 3372 5274 ad
3398 5217 3502 5274 cel-

1903 5312 2223 5382 situdinem,
2255 5312 2323 5370 ad
2343 5329 2505 5387 quam
2527 5311 2891 5370 conscendere
2907 5316 3210 5384 nequeunt,
3228 5324 3326 5364 sua
3351 5322 3503 5362 men-

1905 5401 2061 5458 dacia
2089 5419 2180 5460 eos
2209 5402 2444 5459 elevent.
2469 5402 2539 5459 Et
2560 5402 2688 5475 quia
2717 5400 2823 5458 hoc
2848 5400 3050 5456 vitium
3070 5397 3215 5471 apud
3236 5394 3503 5469 quosdam

1906 5508 2005 5564 pro
2052 5492 2232 5548 nihilo
2279 5491 2533 5562 habetur,
2571 5492 2736 5548 etiam
2794 5491 2853 5546 in
2910 5487 3259 5546 monasteriis
3301 5484 3505 5542 scimus

1910 5703 1933 5754 ι
1976 5623 2099 5752 (‘83)
2136 5625 2278 5697 Swpe
2300 5640 2420 5680 vero
2467 5628 2515 5678 ct
2560 5629 2778 5679 mortem
2808 5619 3049 5694 inferunt
3079 5634 3108 5675 e
3146 5632 3277 5673 mss.
3335 5611 3506 5670 resti-

1935 5712 1993 5754 ul
2023 5711 2106 5753 ur.

1935 5711 2106 5755 ιιιιιιι.
