3902 6198
426 315 558 374 1031

1451 317 1546 370 AD
1586 316 1817 372 OPEBA
1861 315 1916 371 S.
1961 315 2291 374 AMBROSII
2330 315 2706 374 APPENDIX.

3621 317 3755 375 1032

427 464 690 539 quosdam
738 461 840 516 hoc
896 457 1033 513 vitio
1063 472 1176 511 esse
1225 455 1542 511 maculatos.
1601 456 1762 511 Multi
1821 457 2021 529 quippe
2051 445 2100 502 Α
2133 443 2352 514 quippe,
2376 443 2628 539 ςῐξιίιιξῖγίδ
2656 442 2728 498 Sit
2756 455 2852 539 PP?
2877 441 3062 539 οῐΠΑΠίὸ
3089 441 3204 497 Πθο
3236 439 3507 539 (“im-“€53
3528 439 3754 496 ﬁdem“

426 562 556 611 sunt
600 552 693 626 qui
750 559 1035 622 postquam
1084 547 1343 601 saeculum
1400 545 1684 617 reliquisse
1742 545 2022 615 videntur,

424 653 486 703 ut
519 658 743 716 magnos
774 649 826 696 et
857 638 1094 709 inclytos
1139 652 1194 691 se
1233 634 1376 706 apud
1428 634 1705 706 simplices
1753 651 2021 708 quosque,

424 743 478 791 et
507 753 599 791 eos
627 731 720 806 qui
761 731 814 784 in
873 725 1220 782 monasteriis
1256 725 1469 781 educati
1510 725 1755 795 fuerunt,
1805 727 2025 783 consti-

422 832 583 881 tuant
620 841 632 888 ;
668 820 862 875 dicunt
888 832 942 871 se
987 831 1320 886 possessores
1369 815 1538 870 fuisse
1582 832 1902 888 magnarum
1933 815 2016 871 di-

423 913 708 974 vitiarum,
752 906 962 977 jactant
1014 919 1068 957 se
1098 903 1266 958 fuisse
1318 904 1672 974 pra-liatores,
1701 912 2008 970 venatores,

422 1009 477 1059 et
522 1000 696 1054 multa
747 996 853 1050 alia
903 993 969 1049 de
1025 1010 1079 1048 se
1119 994 1492 1059 mentiuntur;
1545 1001 1606 1049 ut
1648 994 1830 1065 magni
1877 993 2021 1065 apud

422 1108 533 1160 eos,
558 1105 694 1163 quos
721 1086 835 1142 suis
880 1083 1188 1139 mendaciio
1219 1083 1468 1154 decipere
1503 1093 1749 1156 possunt,
1786 1084 2020 1139 habean-

421 1189 532 1238 tur.
567 1178 650 1234 Ad
685 1184 736 1230 te
758 1191 885 1246 ergo
917 1175 1113 1246 loquor
1143 1172 1236 1245 qui
1267 1174 1392 1228 talis
1422 1190 1511 1229 es:
1547 1174 1687 1230 Ecce
1717 1174 1811 1246 qui
1851 1173 1908 1228 in
1926 1190 2020 1228 sa:-

421 1270 546 1328 culo
577 1267 789 1342 positus
819 1265 915 1319 vix
941 1263 1248 1335 simplicem
1293 1264 1499 1333 cibum,
1546 1265 1640 1337 qui
1669 1264 1770 1318 tibi
1800 1263 2020 1335 tuisque

421 1359 678 1418 omnibus
723 1355 1014 1421 sufﬁceret,
1076 1369 1171 1425 per
1227 1361 1403 1408 totum
1465 1369 1672 1409 annum
1732 1353 2018 1408 elaborare

422 1458 660 1525 poteras,
689 1447 743 1501 in
803 1443 1131 1500 monasteris
1160 1443 1389 1514 positus,
1422 1460 1695 1515 possessor
1723 1443 2018 1500 thesauro-

421 1557 569 1608 rum,
591 1535 926 1610 praadiorum
951 1549 1380 1606 magnarumque
1408 1533 1730 1589 divitiarum
1753 1532 2012 1588 efﬁceris:

420 1637 473 1686 et
501 1626 595 1701 qui
625 1625 723 1681 vix
753 1639 917 1680 unam
966 1621 1313 1693 vulpeculam
1344 1637 1534 1693 capere
1571 1629 1804 1694 poteras,
1833 1637 2017 1676 mona-

419 1717 556 1775 chus
585 1714 830 1779 eﬂ‘ectus,
862 1717 1092 1767 venator
1141 1709 1556 1782 potentissimus
1602 1711 1778 1767 factus
1807 1726 1898 1777 es;
1964 1718 2016 1765 et

2139 539 2319 589 tamen
2350 533 2559 606 aliquid
2591 532 2806 604 corpori
2841 532 3088 588 conferre
3116 551 3129 599 ;
3163 532 3301 605 quia
3331 530 3578 586 divitias
3615 547 3752 586 con-

2139 631 2337 692 gregat,
2371 639 2438 676 ex
2486 621 2686 694 quibus
2726 621 2992 677 desideria
3032 621 3149 692 ejus
3180 620 3436 693 expleat.
3482 618 3754 674 Similiter

2137 720 2189 766 et
2241 711 2414 766 libido
2461 711 2680 766 videtur
2723 711 2930 784 aliquid
2973 711 3192 782 corpori
3251 710 3571 775 conferre;
3625 711 3752 782 quia

2137 799 2192 854 in
2242 801 2575 872 perfectione
2631 799 2748 871 ejus
2794 801 3046 871 voluptas
3101 799 3287 855 carnis
3337 798 3751 871 exstinguitur.

2136 890 2205 945 Et
2234 890 2465 945 ebrietas
2495 890 2746 962 quamvis
2773 891 2945 944 Deum
2989 889 3251 956 offendat,
3291 888 3442 960 gulae
3474 887 3754 943 desideria

2137 977 2366 1048 perlicit.
2417 977 2683 1033 Similiter
2712 985 2764 1032 et
2811 986 3008 1034 caetera
3055 978 3194 1034 vitia
3240 977 3310 1033 ad
3356 978 3559 1034 carnis
3599 977 3758 1032 desi—

2135 1066 2285 1122 deria
2333 1066 2661 1138 perﬁcienda
2708 1077 3083 1124 assumuntur.
3149 1067 3292 1123 Sunt
3351 1067 3534 1122 etiam
3593 1084 3757 1140 quae-

2134 1156 2257 1211 dam
2289 1156 2571 1212 mendacia
2611 1173 2729 1228 quae
2772 1156 2990 1228 corpori
3028 1156 3242 1229 aliquid
3283 1156 3568 1213 videntur
3601 1157 3756 1229 adji-

2133 1261 2271 1312 cere,
2303 1245 2446 1301 sicut
2491 1253 2620 1301 sunt
2650 1245 2916 1312 avaritize,
2964 1245 3030 1301 de
3063 1245 3265 1318 quibus
3294 1247 3569 1318 superius
3599 1247 3755 1302 dixi—

2133 1351 2273 1389 mus.
2306 1335 2387 1388 Tu
2418 1341 2599 1390 autem
2627 1334 2766 1389 nihil
2799 1334 3014 1407 corpori
3042 1336 3305 1408 acquiris,
3330 1344 3385 1391 et
3410 1337 3598 1391 Deum
3631 1336 3754 1392 sine

2133 1423 2538 1480 intermissione
2577 1423 2851 1479 offendere
2894 1441 3004 1480 non
3047 1424 3266 1480 metuis.
3319 1426 3474 1480 Ecce
3519 1425 3753 1481 menda-

2129 1514 2275 1570 cium
2326 1521 2484 1568 tuum
2520 1513 2638 1567 leve
2678 1522 2838 1581 esset,
2879 1512 2924 1568 si
2975 1512 3128 1569 tarde
3165 1513 3511 1581 accidisset;
3550 1531 3753 1572 verum

2128 1619 2197 1658 ex
2221 1601 2338 1675 jugi
2371 1602 2786 1660 continuatione
2815 1603 3197 1675 gravissimum
3241 1612 3411 1676 atque
3462 1605 3753 1678 importa-

2128 1691 2238 1747 bile
2277 1690 2529 1748 efﬁcitur.
2589 1693 2725 1748 Nam
2777 1693 2920 1749 sicut
2974 1692 3151 1749 lutum
3206 1693 3386 1748 levius
3445 1702 3534 1750 est
3583 1695 3750 1768 quam

421 1804 515 1879 qui
545 1801 807 1876 quosdam
843 1817 912 1856 ex
942 1780 1158 1854 inﬁmis
1189 1798 1390 1856 vicinis
1426 1799 1536 1856 tuis
1599 1798 1919 1868 formidaas,
1956 1799 2012 1854 in
2050 1807 2094 1866 Β
2128 1780 2440 1879 ΡῘΠξῙῘδΡΠξ»
2483 1780 2577 1879 “id
2629 1798 2698 1879 9.x
2746 1781 3207 1879 ωυῙξίΡῙίοδῖίοηθ
3257 1799 3360 1838 sua
3409 1785 3651 1879 ἓνὲν-ΜΞ
3695 1794 3750 1840 εί

421 1893 751 1952 monasterio
823 1891 1054 1965 positus,
1126 1890 1486 1962 praeliatorem
1553 1890 1916 1947 fortissimum
1964 1901 2016 1948 te

420 1984 620 2043 fecisti.
673 1983 812 2038 Ecce
866 1979 971 2036 hoc
999 1996 1108 2034 non
1138 1979 1247 2036 fuit
1274 1981 1534 2037 saeculum
1581 1980 1891 2052 reliquisse,
1922 1981 2017 2037 sed

419 2073 736 2148 acquisisse.
770 2070 920 2126 Dicis
959 2077 1010 2125 te
1060 2069 1342 2125 hominem
1389 2069 1746 2139 interfecisse,
1782 2075 1927 2133 578
1961 2079 2016 2127 et

421 2169 709 2229 homicidii
742 2174 950 2224 reatum
978 2183 1140 2238 super
1167 2175 1220 2222 te
1251 2167 1582 2239 imposuisti.
1628 2168 1839 2241 Lingua
1866 2187 2014 2227 men-

419 2263 530 2320 dax
559 2261 706 2328 fecit,
736 2257 883 2332 quod
917 2273 1109 2312 manus
1139 2274 1250 2312 non
1279 2257 1586 2329 prazvaluit.
1609 2259 1680 2314 Et
1704 2259 1789 2314 vis
1812 2267 1873 2315 ut
1893 2277 2014 2332 pro-

419 2355 543 2410 bem
573 2352 719 2425 quod
757 2359 811 2406 te
849 2349 1166 2406 mentiendo
1205 2366 1359 2405 reum
1406 2348 1695 2405 homicidii
1755 2351 1949 2407 feceris
1986 2351 2015 2408 ?

419 2445 569 2511 Saul,
598 2449 659 2497 ut
688 2442 744 2496 in
767 2439 908 2495 libro
937 2440 1141 2511 Regum
1172 2439 1402 2511 legimus
1425 2440 1482 2510 (Ι
1493 2441 1616 2510 Reg.
1648 2456 1810 2508 xxxx,
1831 2440 1910 2512 4),
1933 2440 2016 2495 ti—

419 2548 570 2588 more
599 2529 1017 2585 Philistinorum
1081 2544 1247 2583 manu
1285 2529 1505 2601 propria
1535 2529 1886 2601 semetipsum
1920 2532 2015 2584 in—

419 2621 668 2687 terfecit;
715 2619 870 2676 venit
901 2617 1124 2690 quidam
1177 2619 1344 2675 homo
1399 2620 1468 2676 ad
1517 2626 1766 2676 sanctum
1813 2618 2010 2688 David,

419 2721 474 2770 et
501 2711 646 2768 dixit
674 2709 821 2783 quod
851 2709 963 2782 ipse
1001 2708 1239 2776 Saulem,
1275 2710 1369 2782 qui
1405 2726 1528 2766 eum
1567 2709 2012 2782 persequebatur,

421 2801 823 2859 interfecisset:
859 2800 952 2856 sed
983 2800 1077 2855 ille
1119 2800 1316 2873 spiritu
1372 2801 1672 2873 prophetiae
1719 2801 2011 2856 mentitum

419 2908 532 2950 esse
558 2907 681 2947 eum
713 2890 1045 2961 intelligens,
1078 2889 1252 2944 veluti
1284 2890 1617 2946 homicidam
1665 2890 1861 2962 punire
1885 2888 2015 2961 jus—

419 2983 509 3052 sit,
556 2989 876 3054 reatumque
937 2979 1226 3036 homicidii
1282 2997 1446 3053 super
1493 2981 1651 3036 illum
1701 2981 2009 3053 imponens,

417 3072 598 3129 dixit:
648 3097 666 3120 ι
693 3072 924 3143 Sanguis
968 3078 1096 3128 tuus
1136 3085 1299 3142 super
1330 3079 1492 3144 caput
1537 3079 1694 3127 tuum
1726 3090 1739 3139 ;
1774 3088 1834 3127 os
1864 3073 2012 3127 enim
2053 3063 2062 3069 ’

2128 1870 2490 1942 periculosius
2523 1871 2605 1938 ﬁt,
2651 1871 2728 1927 ita
2775 1880 2837 1926 ut
2870 1871 2928 1927 in
2976 1889 3039 1927 eo
3086 1889 3227 1944 saepe
3267 1889 3478 1945 pecora
3528 1874 3750 1931 demer-

2128 1966 2359 2030 gantur:
2416 1957 2497 2014 sic
2539 1965 2593 2013 et
2623 1957 2870 2030 quaedam
2917 1959 3060 2015 levia
3105 1968 3330 2032 peccata
3373 1978 3451 2017 ex
3481 1963 3748 2035 congerie

2126 2064 2223 2103 sua
2251 2047 2502 2119 graviora
2523 2047 2876 2120 quibusdam,
2923 2065 3042 2120 quae
3081 2050 3269 2121 gravia
3311 2052 3744 2122 existimantur,

2125 2135 2464 2192 efﬁciuntur.
2511 2137 2582 2192 Et
2627 2137 2766 2194 scito
2809 2137 2938 2211 quia
2975 2138 3117 2194 sicut
3146 2140 3262 2212 ipse
3290 2140 3446 2197 dixit
3481 2161 3494 2198 :
3543 2167 3564 2190 ι
3599 2146 3747 2200 Deus

2126 2225 2328 2282 veritas
2372 2235 2453 2282 est
2503 2226 2559 2298 (Ι
2597 2228 2755 2283 Joan.
2807 2245 2885 2294 ιν,
2917 2227 2975 2298 8)
3011 2246 3024 2294 ;
3068 2253 3086 2276 ι
3147 2228 3291 2286 nihil
3343 2231 3474 2302 plus
3505 2243 3742 2289 contra-

2126 2315 2269 2371 rium
2303 2323 2482 2388 potest
2505 2333 2621 2372 esse
2651 2317 2872 2373 veritati
2899 2333 3062 2390 quam
3093 2317 3473 2376 mendacium.

2195 2408 2401 2462 Horum
2431 2425 2548 2478 ergo
2575 2424 2708 2479 pars
2753 2408 2856 2462 erit
2881 2408 2938 2462 in
2965 2413 3146 2479 stagno
3182 2409 3323 2478 ignis
3352 2410 3607 2465 ardentis
3633 2413 3740 2468 sul-

2120 2497 2314 2568 phure,
2347 2499 2488 2568 quod
2514 2505 2586 2552 est
2615 2514 2756 2552 mors
2785 2499 3030 2552 secunda.
3065 2496 3207 2564 Quid
3236 2497 3310 2553 sit
3341 2515 3496 2556 mors
3527 2516 3740 2556 secun-

2125 2584 2212 2652 da,
2263 2587 2323 2641 in
2376 2586 2479 2643 hoc
2529 2588 2648 2642 loco
2695 2587 2981 2644 manifeste
3030 2587 3393 2645 demonstrat.
3450 2592 3503 2645 Α
3549 2607 3740 2663 supra-

2123 2674 2287 2732 dictis
2317 2676 2488 2748 igitur
2528 2677 2680 2733 vitiis
2712 2693 2780 2733 ne
2823 2677 2881 2732 in
2912 2685 3145 2733 mortem
3175 2677 3483 2734 secundam
3527 2680 3736 2737 incida-

2123 2781 2265 2833 mus,
2311 2765 2689 2822 misericordia
2732 2765 3109 2838 Redemptoris
3148 2766 3324 2821 nostri
3359 2782 3463 2822 nos
3501 2766 3738 2825 liberare

2122 2853 2400 2925 dignetur,
2429 2857 2522 2928 qui
2555 2873 2679 2912 cum
2724 2854 2882 2911 Patre
2915 2865 2968 2913 et
3011 2856 3220 2928 Spiritu
3251 2865 3448 2912 sancto
3497 2857 3657 2914 vivit
3686 2867 3739 2914 et

2123 2952 2311 3016 regnat
2341 2945 2398 3000 in
2428 2947 2629 3004 saecula
2656 2948 3006 3016 saeculorum,
3036 2963 3214 3003 amen.

2544 3073 2638 3127 DE
2669 3072 2951 3129 VISIONE
2976 3070 3300 3128 SEPTIMA.

426 3170 582 3221 tuum
614 3162 860 3219 locutum
892 3168 971 3217 est
1000 3161 1293 3218 adversum
1333 3169 1407 3230 te,
1439 3160 1655 3218 dicens:
1703 3163 1818 3234 Ego
1849 3162 2013 3219 inter-
2043 3169 2085 3229 C
2190 3179 2433 3252 Septima
2478 3179 2622 3235 visio
2651 3178 2720 3234 ad
2770 3195 2956 3252 quam,
3005 3177 3244 3234 Domino
3289 3177 3562 3245 donante,
3613 3195 3736 3252 per.

415 3253 521 3312 feci
547 3253 830 3312 Christum
881 3252 1106 3310 Domini
1140 3253 1228 3325 (ΙΙ
1280 3253 1402 3325 Reg.
1457 3271 1496 3323 1,
1557 3253 1667 3325 16).
1717 3277 1736 3299 ι
1794 3253 2009 3310 Scimus

413 3349 595 3400 autem
639 3342 840 3400 divites
879 3343 1068 3400 saeculi
1121 3342 1191 3398 ad
1237 3343 1651 3400 conversionem
1702 3342 2005 3412 venientes,

416 3433 656 3505 graviter
695 3449 936 3503 peccare,
993 3435 1038 3490 si
1096 3451 1152 3489 se
1199 3434 1268 3490 de
1297 3434 1512 3491 divitiis
1551 3452 1613 3491 ac
1642 3434 1886 3506 potentia
1914 3451 2011 3490 sua

407 3520 612 3591 jactare
639 3521 940 3589 coeperint:
974 3529 1028 3576 et
1081 3521 1126 3573 si
1159 3522 1251 3576 ille
1283 3539 1406 3577 reus
1454 3531 1553 3589 est,
1586 3524 1679 3595 qui
1708 3540 1899 3578 verum
1929 3522 2008 3578 di-

411 3609 508 3676 cit,
544 3615 750 3679 quanto
780 3609 950 3679 magis
974 3618 1055 3676 tu,
1093 3610 1185 3679 qui
1213 3626 1350 3679 pene
1376 3628 1472 3682 per
1504 3613 1691 3668 omnia
1721 3613 2005 3670 mentiris!

485 3700 624 3756 Sunt
653 3698 822 3753 etiam
852 3698 968 3766 alii,
1000 3699 1096 3772 qui
1131 3713 1300 3772 prope
1331 3701 1706 3757 indesinenter
1734 3705 2008 3762 mentiun-

410 3799 521 3862 tur,
579 3798 634 3848 et
683 3791 781 3846 vix
838 3790 1048 3864 aliquid
1097 3790 1248 3864 loqui
1306 3801 1535 3866 possunt
1571 3794 1688 3851 sine
1737 3796 2008 3854 mendacii

407 3883 758 3941 admistione.
791 3882 896 3950 Qui
937 3883 1008 3939 ad
1061 3883 1254 3940 omnia
1311 3900 1526 3959 semper
1574 3902 1692 3959 qum
1751 3888 2005 3958 audiunt,

411 3974 660 4047 quaedam
687 3974 974 4033 mendacia
1011 3973 1334 4049 conﬁngunt
1369 3994 1381 4033 ε
1417 3983 1470 4032 et
1497 3975 1693 4036 dicunt
1719 3995 1774 4036 se
1803 3977 2010 4036 vidisse

411 4077 536 4134 quae
591 4081 702 4122 non
768 4066 1051 4138 viderunt,
1115 4076 1168 4125 et
1219 4066 1434 4125 audisse
1489 4085 1611 4142 quae
1662 4087 1773 4127 non
1826 4069 2009 4127 audie-

409 4161 576 4220 runt;
628 4163 682 4211 et
738 4157 929 4214 fecisse
989 4177 1110 4233 qua:
1174 4178 1290 4218 non
1353 4162 1622 4220 fecerunt.
1688 4164 1932 4237 Cumque
1977 4179 2009 4219 a

408 4245 697 4301 veracibus
749 4247 1075 4320 deprehensi
1140 4253 1368 4323 fuerint,
1426 4255 1620 4312 dicunt
1677 4272 1786 4311 non
1849 4271 2007 4328 posse

409 4334 700 4409 quemdam
745 4337 882 4393 bene
928 4356 1059 4397 vera
1107 4344 1280 4414 loqui,
1332 4345 1426 4416 qui
1482 4362 1590 4401 non
1642 4341 1814 4418 possit
1868 4347 2006 4404 bene

409 4429 652 4485 mentiri.
709 4429 753 4486 Ο
810 4431 996 4500 stulte,
1047 4449 1208 4504 quam
1253 4452 1395 4490 vana
1445 4444 1526 4492 est
1587 4439 1816 4494 assertio
1873 4440 1999 4495 tua!

2119 3267 2393 3336 venimus,
2439 3273 2556 3324 tota
2607 3265 2676 3321 ad
2723 3265 2865 3321 illud
2917 3273 3132 3337 tempus
3182 3262 3331 3337 quod
3385 3273 3511 3338 post
3547 3281 3736 3323 resur-

2118 3357 2418 3415 rectionem
2455 3356 2706 3412 futurum
2735 3363 2816 3410 est
2849 3354 3021 3427 (supr.
3055 3371 3170 3425 cap.
3202 3353 3331 3424 xx),
3357 3355 3634 3428 pertinet.
3661 3357 3734 3412 Et

2118 3447 2254 3504 ordo
2285 3445 2560 3519 poscebat,
2593 3454 2675 3514 ut,
2707 3444 2945 3518 generali
2984 3443 3393 3500 resurrectione
3422 3444 3729 3519 descripta,

2119 3537 2348 3609 gloriam
2381 3543 2721 3606 sanctorum,
2755 3551 2918 3608 quam
2951 3542 3070 3606 post
3108 3535 3576 3592 resurrectionem
3606 3538 3732 3593 sine

2120 3629 2227 3687 fine
2254 3629 2630 3704 possidebunt,
2677 3627 3043 3695 describeret;
3077 3644 3197 3700 quae
3245 3627 3349 3684 sub
3382 3627 3559 3701 ﬁgura
3590 3630 3732 3687 civi-

2117 3721 2248 3778 tatis
2276 3721 2579 3777 Jerusalem
2611 3720 2669 3774 in
2690 3718 2792 3776 hac
2823 3718 3034 3774 visione
3064 3716 3421 3775 describitur.

2193 3810 2374 3884 (Vers.
2419 3809 2500 3881 9.)
2545 3811 2620 3865 Et
2664 3808 2802 3864 venit
2840 3824 2978 3862 unus
3031 3807 3093 3862 de
3134 3813 3323 3878 septem
3375 3807 3580 3879 angelis
3635 3808 3728 3879 qui

2117 3898 2372 3956 habebant
2424 3899 2658 3970 phialas,
2728 3903 2777 3953 et
2835 3898 3036 3953 locutus
3097 3903 3176 3952 est
3239 3912 3441 3952 mecum
3505 3896 3720 3953 dicens:

2124 3991 2268 4058 Veni,
2311 3995 2360 4046 et
2383 3990 2674 4046 ostendam
2707 3987 2800 4044 tibi
2830 4003 3076 4060 sponsam
3107 4002 3327 4041 uxorem
3356 3986 3522 4060 Agni.
3551 3988 3723 4060 Supe-

2116 4085 2232 4142 rius
2265 4087 2324 4142 in
2361 4086 2554 4159 quinta
2582 4084 2798 4142 visione
2827 4083 3062 4140 Joannes
3089 4082 3227 4142 dicit
3255 4093 3468 4156 septem
3495 4085 3722 4156 angelos

2118 4175 2379 4233 habentes
2427 4183 2634 4249 septem
2684 4174 2896 4247 phialas
2937 4173 3045 4230 sibi
3084 4172 3254 4229 fuisse
3283 4171 3718 4240 demonstratos,

2115 4273 2170 4322 et
2198 4266 2256 4321 in
2287 4265 2642 4339 sequentibus
2683 4280 2854 4320 unum
2904 4279 2974 4320 ex
3016 4262 3128 4318 illis
3174 4261 3461 4318 civitatem
3507 4261 3721 4318 diaboli

2115 4354 2634 4428 damnationemque
2655 4352 2772 4425 ejus
2794 4352 2895 4408 sub
2916 4352 3096 4424 specie
3127 4351 3382 4407 mulieris
3407 4352 3721 4409 meretricis

2113 4444 2220 4500 sibi
2249 4443 2586 4501 ostendisse:
2642 4443 2898 4500 similiter
2935 4449 2988 4497 et
3033 4441 3124 4498 hic
3170 4457 3347 4496 unum
3405 4456 3476 4496 ex
3516 4439 3720 4497 iisdem

406 4521 547 4577 Ecce
581 4519 836 4578 Christus
876 4521 1049 4576 multa
1078 4521 1215 4577 bene
1259 4530 1312 4578 et
1361 4525 1628 4580 veraciter
1657 4527 1872 4583 locutus
1900 4536 1999 4596 est,
2031 4541 2080 4600 Β
2114 4540 2320 4604 septem
2367 4533 2573 4606 angelis
2619 4532 2756 4590 dicit
2802 4531 2907 4588 sibi
2935 4529 3220 4587 civitatem
3271 4529 3373 4585 Dei
3405 4528 3507 4585 sub
3538 4527 3721 4600 ﬁgura

407 4611 500 4683 qui
532 4627 814 4684 nunquam
846 4611 1025 4684 potuit
1055 4612 1296 4681 mentiri,
1331 4612 1492 4685 cujus
1511 4615 1740 4687 vestigia
1759 4624 1812 4671 te
1839 4618 1993 4690 sequi

407 4699 581 4772 magis
619 4701 972 4773 oportuisset,
1023 4701 1080 4756 in
1135 4708 1400 4774 quantum
1441 4701 1620 4759 virtus
1665 4711 1994 4778 suppeteret.

405 4789 676 4847 Similiter
722 4792 976 4864 apostoli,
1047 4801 1102 4849 et
1151 4792 1334 4850 caeteri
1391 4793 1775 4866 praedicatores
1830 4796 2004 4852 multa

405 4879 712 4938 docuerunt
740 4891 793 4939 et
813 4883 1149 4956 scripserunt
1178 4884 1298 4941 sine
1326 4885 1684 4957 permistione
1705 4885 2000 4942 mendacii.

402 4974 477 5029 Et
503 4975 784 5049 Scriptura
826 4977 962 5035 dicit
1011 4979 1142 5053 quia
1175 4995 1337 5034 omne
1384 4976 1730 5034 mendacium
1780 4994 1811 5035 a
1858 4979 2001 5036 malo

404 5071 485 5120 est
515 5064 572 5137 (Ι
596 5067 752 5122 Joan.
775 5084 838 5135 u,
869 5067 961 5139 2i)
999 5086 1011 5123 :
1046 5069 1093 5124 si
1116 5069 1464 5126 mendacium
1497 5069 1702 5125 malum
1734 5076 1838 5136 est,
1869 5085 2002 5142 quo-

401 5155 569 5213 modo
600 5159 807 5214 malum
838 5158 975 5214 bene
1006 5167 1184 5231 potest
1214 5160 1447 5232 proferri
1476 5160 1504 5216 7
1533 5161 1577 5216 Ο
1601 5160 1817 5229 infelix,
1835 5177 2000 5233 quam

399 5245 588 5302 vicina
643 5253 722 5302 est
757 5246 875 5317 (84)
930 5247 1034 5302 tibi
1095 5248 1177 5303 ira
1232 5251 1330 5305 Dei
1389 5249 1803 5321 omnipotentis,
1839 5265 1999 5322 quem

400 5335 618 5392 assidue
647 5336 765 5392 sine
795 5352 958 5392 causa
1022 5337 1300 5395 offendere
1355 5355 1465 5395 non
1521 5339 1804 5410 trepidasl
1862 5340 2000 5395 Nam

400 5432 596 5481 caetera
623 5425 762 5482 vitia
791 5442 1103 5499 quanquam
1155 5428 1396 5484 Domino
1434 5429 1708 5485 contraria
1749 5428 1880 5496 sint,
1911 5427 2000 5482 vi-

400 5508 600 5570 dentur
651 5520 834 5570 tamen
890 5514 1102 5588 aliquid
1161 5517 1376 5589 corpori
1432 5518 1700 5575 conferre.
1751 5518 2001 5575 Avaritia

2105 4623 2400 4678 Jerusalem
2433 4622 2854 4678 demonstrasse.
2891 4619 3155 4676 Eamdem
3187 4635 3318 4690 ergo
3349 4617 3716 4690 signiﬁcatio~

2111 4727 2234 4766 nem
2269 4710 2473 4766 habent
2511 4710 2715 4782 singuli
2747 4710 2838 4766 isti
2881 4725 3044 4782 quam
3086 4707 3169 4762 illi
3197 4715 3406 4778 septem
3437 4724 3452 4773 ;
3499 4705 3715 4778 signiﬁ-

2110 4810 2237 4858 cant
2268 4817 2502 4874 namque
2550 4800 2953 4873 praedicatores,
2992 4799 3087 4872 qui
3139 4798 3391 4865 fuerunt,
3443 4805 3500 4852 et
3549 4802 3718 4851 erunt

2111 4909 2282 4965 usque
2313 4891 2370 4947 in
2418 4892 2583 4946 ﬁnem
2615 4910 2627 4948 :
2683 4892 2918 4947 Joannes
2946 4906 3076 4946 vero
3124 4897 3319 4961 typum
3369 4894 3523 4944 tenet
3556 4894 3714 4943 cane-

2111 4998 2296 5038 rerum
2329 4974 2596 5036 ﬁdelium.
2653 4981 2896 5051 Angelus
2942 4979 3110 5050 igitur
3153 4975 3354 5034 Joanni
3399 4993 3457 5032 se
3487 4975 3717 5032 demon-

2112 5076 2410 5125 straturum
2439 5068 2721 5125 civitatem
2747 5068 2848 5124 Dei
2879 5065 3216 5139 repromittit
3241 5084 3252 5121 :
3288 5064 3421 5137 quia
3450 5063 3712 5136 pradica-

2111 5168 2255 5216 tores
2301 5159 2473 5216 sancti
2502 5159 2714 5217 caateris
2761 5157 3018 5215 ﬁdelibus
3065 5161 3272 5229 quanta
3319 5155 3393 5210 sit
3426 5154 3712 5211 beatitudo

2106 5250 2405 5322 justorum.
2465 5250 2523 5305 in
2580 5258 2845 5323 quantum
2900 5253 3148 5320 possunt,
3203 5244 3435 5302 student
3489 5245 3711 5302 demon-

2110 5347 2304 5409 strare,
2357 5347 2420 5395 ut
2469 5354 2559 5394 eos
2619 5337 2689 5394 ad
2752 5337 2922 5393 vitam
2977 5342 3236 5391 aeternam
3292 5332 3708 5407 percipiendam

2109 5427 2428 5486 accendant.
2488 5427 2661 5494 Quam
2717 5427 2882 5483 etiam
2959 5439 3214 5498 sponsam
3269 5437 3506 5480 uxorem
3569 5421 3708 5495 Agni

2108 5525 2288 5577 vocat.
2343 5517 2501 5587 Quod
2565 5533 2764 5592 sponsa
2812 5515 2956 5590 Agni
3006 5512 3256 5574 Ecclesia
3279 5512 3413 5585 jure
3452 5521 3705 5582 vocetur,

472 5701 585 5774 (84)
614 5701 767 5760 Edit.
799 5711 852 5760 et
875 5704 1098 5776 quidam
1116 5723 1268 5778 mss.,
1296 5725 1458 5781 quam
1479 5725 1621 5767 vana
1647 5719 1721 5768 est
1741 5729 1762 5778 ;
1793 5709 1989 5770 melius
2022 5711 2200 5782 Gem.,
2231 5727 2390 5783 quam
2419 5711 2593 5771 vicina
2622 5718 2713 5770 est.
