3902 6198
140 276 268 333 1033

1019 278 1473 337 BERENGAUDI
1510 278 1883 337 EXPOSITIO
1921 280 1994 336 ΓΝ
2031 280 2534 340 APOCALYPSIN.

3291 284 3430 344 1034

134 401 350 458 Joannes
378 402 621 475 Baptista
648 404 986 463 demonstrat
1022 406 1246 463 dicens:
1312 429 1331 453 ι
1378 406 1486 474 Qui
1539 406 1704 465 habet
1749 412 1793 470 A
1834 407 1996 464 nobis
2041 416 2123 465 est
2169 408 2445 482 quomodo
2505 409 2573 466 de
2628 410 2767 467 coelo
2819 410 3148 469 descendere
3191 413 3428 483 dicatur,

135 506 392 563 sponsam,
424 509 655 565 sponsus
684 502 767 550 est
799 494 981 567 (Joan.
1014 511 1100 563 Ill,
1134 495 1249 567 29).
1281 520 1299 544 ι
1345 495 1503 564 Quod
1532 505 1715 554 autem

133 588 183 636 et
236 598 372 637 uxor
424 582 659 653 dicatur,
727 584 1011 658 Scriptura
1067 585 1409 644 demonstrat
1485 586 1709 645 dicens:

146 695 161 719 ι
186 671 403 745 Propter
449 672 555 731 hoc
592 674 865 751 relinquet
910 675 1079 731 homo
1122 683 1332 749 patrem
1378 685 1432 733 et
1483 684 1714 733 matrem

128 777 293 830 suam,
341 770 394 818 et
440 763 742 821 adhzerebit
788 765 951 820 uxori
996 781 1127 834 sum,
1179 772 1234 821 et
1279 773 1443 822 erunt
1495 766 1607 823 duo
1654 767 1713 822 in

127 869 279 909 carne
307 871 417 910 una
448 856 605 923 (Gen.
639 872 698 923 ιι,
732 854 847 927 24).
882 881 902 905 ι
946 856 1113 923 Quasi
1143 874 1269 929 ergo
1299 857 1515 913 Patrem
1547 871 1706 913 suum

126 943 295 999 Filius
324 938 422 998 Dei
453 943 768 1017 dereliquit,
819 963 947 1002 cum
991 946 1058 1002 de
1087 946 1182 1003 illa
1215 948 1423 1004 ccelesti
1463 948 1712 1006 beatitu-

127 1030 251 1087 dine
303 1031 371 1087 ad
418 1038 592 1089 terras
640 1032 997 1104 descendens,
1048 1035 1331 1092 hominem
1396 1038 1708 1110 assumpsit,

125 1137 281 1194 quem
336 1137 435 1193 pro
483 1139 682 1195 sponsa
720 1140 840 1193 sua,
891 1141 1010 1198 quae
1064 1134 1145 1182 est
1197 1125 1464 1195 Ecclesia,
1520 1125 1706 1184 daret:

126 1218 348 1267 matrem
377 1210 691 1285 dereliquit,
737 1212 867 1286 quia
896 1214 1155 1271 aﬁ‘ectum
1185 1216 1378 1272 matris
1420 1214 1710 1287 abjiciens,

124 1317 316 1373 corpus
344 1302 489 1375 quod
520 1319 589 1358 ex
620 1319 681 1358 ea
710 1305 1025 1377 assumpsit,
1054 1322 1154 1378 pro
1187 1306 1432 1363 Ecclesia
1464 1322 1562 1361 sua
1590 1314 1713 1361 tra-

125 1389 299 1459 didit;
350 1407 513 1464 quam
545 1390 653 1448 sibi
682 1390 761 1449 ita
788 1392 993 1463 univit,
1048 1401 1111 1452 ut
1154 1396 1268 1468 ipse
1307 1395 1380 1453 sit
1420 1404 1607 1467 caput,
1660 1403 1713 1451 et

124 1480 239 1554 ipsa
266 1498 482 1554 corpus.

194 1570 368 1642 (Vers.
430 1572 543 1647 10.)
607 1575 681 1630 Et
714 1574 930 1629 sustulit
971 1590 1052 1629 me
1085 1572 1143 1628 in
1193 1580 1421 1629 montem
1463 1591 1713 1647 magnum

120 1666 169 1715 et
205 1662 388 1718 altum.
453 1663 611 1719 Mons
646 1663 747 1720 iste
786 1662 1042 1720 Christus
1090 1670 1191 1720 est.
1241 1665 1321 1720 De
1373 1664 1479 1720 hoc
1526 1673 1713 1722 monte

119 1750 380 1848 propheta
407 1752 655 1826 loquitur
678 1752 903 1810 dicens:
967 1777 986 1801 ι
1014 1754 1087 1809 Et
1133 1753 1238 1810 erit
1283 1754 1344 1809 in
1389 1753 1714 1811 novissimis
1743 1788 1789 1848 Β

119 1838 311 1897 diebus
371 1851 706 1916 praeparatus
760 1859 919 1899 mons
1000 1843 1199 1900 domus
1254 1843 1481 1899 Domini
1552 1860 1717 1916 super

117 1930 377 1988 verticem
434 1932 706 1989 montium
766 1933 903 2003 (Isa.
946 1948 1011 2002 II,
1055 1932 1135 2006 2).
1195 1958 1214 1983 ι
1283 1932 1499 1990 Montes
1552 1950 1716 2006 super

113 2034 344 2093 quorum
374 2022 639 2079 verticem
672 2039 831 2080 mons
859 2022 1059 2080 domus
1098 2022 1326 2079 Domini
1374 2031 1713 2096 praeparatus

112 2128 229 2170 esse
256 2113 483 2183 dicitur,
537 2122 718 2188 patres
757 2116 961 2171 veteris
1010 2116 1347 2174 Testamenti
1401 2115 1709 2188 designant.

112 2202 284 2276 Super
326 2204 526 2261 borum
570 2221 698 2278 ergo
731 2205 997 2263 verticem
1043 2222 1201 2262 mons
1245 2205 1443 2273 domus
1488 2206 1713 2263 Domini

114 2301 449 2368 praeparatus
478 2310 594 2351 esse
623 2294 866 2363 dicitur;
916 2294 1045 2368 quia
1072 2302 1128 2351 et
1155 2294 1224 2350 ab
1253 2294 1388 2366 ipsis
1420 2294 1714 2366 praedictus

112 2391 218 2453 est,
276 2391 330 2439 et
378 2382 435 2438 in
466 2399 628 2440 carne
658 2384 908 2453 veniens,
957 2400 1049 2440 eos
1097 2383 1237 2439 mira
1282 2382 1580 2438 altitudine
1633 2391 1713 2440 est

110 2480 480 2546 transgressus
503 2473 643 2543 (85).
668 2475 842 2544 Super
872 2473 1020 2529 hunc
1052 2473 1221 2546 igitur
1249 2479 1495 2528 montem
1516 2472 1713 2529 domus

112 2563 356 2632 Domini,
406 2562 464 2618 id
493 2570 575 2618 est
601 2563 871 2631 Ecclesia,
929 2562 1197 2619 aedificata
1229 2569 1343 2628 est;
1395 2562 1523 2634 quia
1551 2578 1713 2633 super

112 2652 395 2710 Christum
426 2652 655 2709 fundata
688 2660 790 2720 est,
821 2652 963 2709 sicut
993 2652 1195 2707 Paulus
1223 2653 1502 2724 apostolus
1534 2652 1710 2723 loqui-

109 2749 206 2796 tur
258 2741 482 2798 dicens:
554 2767 571 2789 ι
624 2741 1074 2798 Fundamentum
1139 2742 1285 2797 enim
1338 2741 1490 2798 aliud
1548 2757 1711 2798 nemo

108 2839 287 2903 potest
315 2848 535 2904 ponere,
586 2841 783 2904 praeter
828 2832 886 2888 id
925 2832 1074 2905 quod
1112 2831 1356 2904 positum
1401 2838 1505 2901 est,
1562 2831 1710 2904 quod

110 2929 194 2977 est
224 2920 475 2978 Christus
509 2921 663 2977 Iesus
694 2922 751 2992 (Ι
781 2922 907 2976 Cor.
941 2938 1023 2986 III,
1057 2922 1169 2989 11).
1199 2946 1217 2969 ι

184 3011 358 3083 (Vers.
414 3011 651 3081 ﬂ.).Et
704 3010 928 3065 ostendit
978 3010 1109 3065 mihi
1165 3012 1422 3066 civitatem
1474 3016 1708 3066 sanctam

103 3100 401 3155 Jerusalem
455 3100 837 3155 descendentem
888 3099 951 3154 de
997 3102 1122 3155 caelo
1177 3118 1212 3155 α
1258 3102 1385 3168 Deo,
1439 3100 1705 3155 habentem

108 3189 411 3245 claritatem
437 3189 559 3245 Dei.
579 3188 897 3245 Notandum
914 3190 1060 3260 quia
1080 3190 1383 3246 Ezechielis
1410 3189 1605 3245 ultima
1624 3190 1702 3244 vi-

103 3276 193 3332 sio
221 3291 348 3333 cum
374 3275 478 3332 hac
506 3275 734 3332 Joannis
762 3276 977 3332 visione
1010 3276 1308 3333 concordat
1337 3276 1397 3331 in
1425 3276 1706 3350 aliquibus

100 3366 243 3424 locis
270 3385 284 3433 ;
312 3365 438 3423 ideo
466 3367 676 3438 placuit
702 3374 764 3423 ut
789 3366 857 3423 de
887 3367 984 3422 illa
1012 3366 1146 3424 huic
1175 3366 1327 3439 operi
1358 3383 1532 3439 pauca
1560 3366 1701 3423 inse-

99 3473 311 3513 ramus.
358 3457 508 3513 Dicit
538 3473 776 3531 namque
800 3465 1043 3513 montem
1074 3457 1243 3513 fuisse
1272 3462 1416 3520 579
1461 3456 1703 3513 demon-

97 3560 360 3622 stratum,
412 3570 578 3627 super
614 3570 775 3628 quem
830 3561 946 3610 erat
979 3554 1196 3622 civitas,
1253 3562 1306 3611 et
1350 3554 1411 3610 in
1466 3569 1529 3609 ea
1570 3560 1701 3610 tem-

94 3641 255 3714 plum
278 3659 290 3697 :
315 3657 506 3698 verum
528 3642 806 3700 civitatem
822 3642 1209 3700 tantummodo
1243 3658 1698 3712 commemorans,

93 3730 164 3787 de
192 3732 388 3803 templi
414 3738 690 3788 structura
734 3733 909 3789 multa
948 3740 1030 3790 est
1068 3720 1285 3790 locutus
1335 3733 1555 3805 (Ezech.
1604 3748 1696 3803 XL,

90 3818 292 3891 2-49).
340 3820 604 3877 Eamdem
659 3837 787 3895 ergo
844 3821 1305 3895 signiﬁcationem
1362 3820 1528 3878 habet
1582 3820 1700 3878 illic

90 3910 390 3983 templum,
450 3927 611 3985 quam
657 3919 710 3968 et
758 3911 852 3969 hic
892 3913 1130 3981 civitas;
1188 3910 1505 3984 signiﬁcant
1548 3911 1697 3966 enim

88 3999 442 4056 Ecclesiam:
495 3999 592 4056 sed
618 4016 714 4073 per
741 4002 1010 4074 templum
1041 3999 1182 4057 illud
1223 3997 1508 4075 praesentis
1546 4006 1697 4055 tem-

85 4088 244 4160 poris
298 4089 568 4158 Ecclesia,
640 4105 737 4161 per
791 4090 1078 4147 civitatem
1154 4098 1339 4146 autem
1394 4088 1694 4145 Jerusalem

83 4177 346 4235 Ecclesia
402 4178 646 4251 quidem,
704 4177 799 4233 sed
856 4180 1034 4251 qualis
1098 4185 1221 4250 post
1276 4177 1443 4233 ﬁnem
1499 4176 1695 4232 mundi

80 4267 284 4323 futura
311 4274 417 4335 est,
450 4265 789 4338 designatur.
838 4266 944 4322 Sed
966 4266 1104 4323 dicit
1128 4266 1332 4339 aliquis
1358 4284 1369 4321 :
1406 4265 1695 4333 Quomodo

78 4354 401 4428 descriptio
456 4355 562 4411 ista
623 4355 947 4424 Jerusalem,
1020 4354 1079 4411 id
1142 4361 1223 4409 est
1272 4352 1556 4420 Ecclesiae,
1624 4352 1693 4409 ad

1825 512 1953 552 cum
2007 495 2076 552 ad
2120 498 2406 554 cmlestem
2438 498 2836 556 habitationem
2866 500 3113 575 quotidie
3157 518 3432 559 conscen-

1825 583 1939 654 dat,
1982 585 2041 640 in
2081 602 2189 657 qua
2252 587 2370 642 sine
2428 587 2536 642 ﬁne
2593 605 2948 659 permansura
2991 590 3254 648 creditur.
3301 591 3430 652 San.

1824 681 2040 732 ctorum
2081 684 2237 732 actus
2285 683 2453 749 atque
2522 678 2717 734 merita
2769 678 3016 751 quandiu
3078 688 3261 736 mente
3311 698 3429 754 per-

1823 770 2147 830 tractamus,
2204 780 2423 836 semper
2472 775 2741 837 augentur
2784 766 2843 822 in
2891 766 3149 825 cordibus
3189 771 3425 826 nostris;

1826 860 1879 909 et
1909 861 2115 925 quanto
2162 854 2283 926 plus
2312 870 2374 910 ea
2414 854 2857 921 consideramus,
2887 862 3040 913 tanto
3067 858 3303 928 amplius
3328 875 3431 915 eo-

1830 956 1953 996 rum
1986 940 2395 1013 magniﬁcentia
2444 943 2608 999 nobis
2656 944 2946 1001 elevatur:
2991 951 3047 1001 at
3088 962 3213 1002 cum
3240 949 3430 1005 oculos

1828 1030 2028 1086 mentis
2071 1032 2270 1087 nostris
2307 1030 2375 1086 ad
2420 1032 2862 1105 magnitudinem
2906 1034 3007 1091 Dei
3035 1035 3430 1107 omnipotentis

1823 1120 2274 1177 considerandam
2341 1124 2677 1194 attollimus,
2737 1125 3058 1199 magnitudo
3113 1136 3427 1185 sanctorum

1824 1209 2195 1281 magnitudini
2216 1211 2315 1267 Dei
2348 1222 2685 1285 comparata,
2715 1215 2876 1271 valde
2896 1214 3057 1272 nobis
3076 1215 3427 1273 humiliatur.

1821 1299 2142 1357 Ascendunt
2170 1299 2340 1373 igitur
2369 1301 2531 1358 nobis
2568 1302 2764 1373 sancti,
2800 1320 2928 1361 cum
2956 1321 3147 1362 eorum
3194 1313 3347 1362 actus
3375 1313 3429 1361 et

1823 1390 2017 1445 merita
2075 1390 2531 1449 consideramus:
2584 1393 2937 1452 descendunt
2988 1411 3138 1464 vero,
3186 1412 3311 1453 cum
3360 1393 3429 1451 ad

1823 1479 2281 1537 considerandam
2311 1482 2411 1538 Dei
2471 1482 2947 1557 omnipotentiam
3002 1486 3190 1543 oculos
3230 1485 3428 1542 mentis

1823 1575 2024 1624 nostrae
2077 1570 2405 1627 attollimus.
2457 1572 2676 1630 Dicitur
2716 1590 2937 1647 quoque
2986 1574 3296 1631 claritatem
3326 1574 3428 1631 Dei

1823 1655 2099 1715 habuisse.
2157 1660 2403 1716 Habebat
2452 1662 2697 1733 profecto
2758 1663 3065 1721 claritatem
3126 1664 3247 1733 Dei,
3312 1680 3426 1720 non

1825 1763 2001 1803 suam.
2034 1748 2185 1821 Saepe
2214 1750 2420 1806 etenim
2451 1752 2533 1807 sol
2563 1752 2623 1807 in
2650 1768 2791 1826 aqua
2816 1752 3053 1825 fulgens,
3086 1769 3243 1808 suam
3266 1753 3423 1809 clari-

1823 1843 1993 1892 tatem
2029 1854 2185 1910 aquae
2214 1838 2449 1909 largitur
2475 1839 2586 1905 ;ita
2618 1848 2681 1896 ut
2710 1856 2850 1914 aqua
2870 1841 3058 1897 oculos
3086 1828 3424 1897 intuentium

1823 1925 2156 1996 reverberet,
2210 1926 2375 1983 sicuti
2433 1937 2487 1985 et
2551 1930 2677 1985 sol:
2740 1929 3206 2003 quemadmodum
3257 1929 3425 2002 igitur

1826 2031 1966 2088 aqua
2008 2014 2312 2072 claritatem
2344 2016 2475 2073 solis
2506 2017 2690 2087 habet,
2720 2018 2815 2074 sed
2864 2034 2976 2074 non
3004 2034 3037 2074 a
3064 2035 3120 2075 se
3150 2017 3287 2094 ipsa,
3328 2018 3425 2075 sed

1821 2121 1853 2161 a
1886 2106 2003 2162 sole
2035 2123 2047 2161 :
2081 2106 2161 2162 ita
2187 2113 2241 2162 et
2271 2107 2448 2165 sancti
2472 2107 2678 2164 habent
2709 2109 3015 2165 claritatem
3040 2108 3160 2178 Dei,
3189 2108 3285 2166 sed
3312 2125 3424 2165 non

1821 2216 1853 2256 a
1880 2217 1937 2257 se
1968 2199 2124 2272 ipsis,
2154 2200 2249 2256 sed
2277 2218 2309 2257 a
2336 2205 2473 2272 Deo,
2503 2220 2534 2259 a
2564 2220 2672 2277 quo
2707 2204 3119 2260 illuminantur.

1893 2299 2091 2353 Lumen
2120 2299 2233 2369 ejus
2262 2301 2432 2356 simile
2468 2303 2639 2374 lapidi
2662 2304 2916 2374 pretioso,
2949 2310 3201 2375 tanquam
3227 2304 3423 2375 lapidis

1812 2387 2066 2459 jaspidis,
2115 2390 2288 2445 simile
2316 2394 2593 2461 crystallo.
2625 2394 2768 2450 Ecce
2810 2401 2921 2451 tres
2966 2394 3173 2466 lapides
3215 2395 3419 2466 posuit,

1819 2493 2055 2549 quorum
2087 2478 2288 2533 lumini
2340 2480 2528 2537 lumen
2578 2483 2837 2540 Ecclesiae
2889 2483 3217 2540 assimilavit
3251 2486 3367 2557 (86)
3403 2502 3416 2541 :

1819 2582 1994 2622 unum
2043 2567 2162 2623 sine
2213 2569 2459 2638 nomine,
2513 2571 2653 2628 duos
2697 2588 2829 2629 vero
2861 2574 3185 2629 nominatim
3239 2576 3419 2646 expri-

1819 2673 1994 2712 mens.
2066 2657 2366 2716 Possumus
2420 2660 2605 2733 itaque
2662 2678 2757 2733 per
2812 2662 3049 2734 lapidem
3116 2663 3414 2734 pretiosum

1818 2746 2058 2815 Patrem,
2094 2764 2189 2819 per
2203 2746 2473 2821 jaspidem
2506 2750 2731 2818 Filium,
2763 2767 2859 2822 per
2886 2752 3208 2823 crystallum
3245 2753 3416 2824 Spiri-

1819 2840 1937 2890 tum
1969 2844 2224 2893 sanctum
2254 2838 2579 2911 intelligere.
2624 2840 2842 2895 Primus
2892 2840 3012 2895 sine
3059 2840 3282 2896 nomine
3310 2849 3412 2909 est,

1817 2925 1946 2997 quia
1974 2925 2135 2983 Pater
2166 2944 2197 2984 a
2224 2944 2283 2983 se
2322 2928 2442 2999 ipso
2469 2938 2552 2986 est
2582 2947 2596 2996 ;
2662 2928 2936 2987 secundus
2985 2937 3040 2985 et
3088 2930 3281 2986 tertius
3320 2950 3415 2988 no-

1816 3014 2071 3071 minatim
2130 3016 2541 3087 exprimuntur,
2605 3018 2740 3090 quia
2794 3017 2971 3074 Filius
3018 3035 3050 3075 a
3105 3019 3261 3075 Patre
3310 3029 3411 3090 est,

1814 3103 2053 3175 Spiritus
2105 3120 2237 3161 vero
2266 3114 2488 3163 sanctus
2518 3105 2586 3161 ab
2631 3115 2865 3178 utroque
2910 3106 3177 3177 procedit.
3220 3109 3412 3165 Possu-

1817 3207 1940 3247 mus
1980 3192 2145 3249 etiam
2175 3210 2271 3266 per
2301 3194 2542 3267 lapidem
2590 3195 2892 3267 pretiosum
2919 3211 3095 3267 spem,
3127 3212 3222 3267 per
3244 3196 3412 3268 jaspi-

1814 3279 1939 3336 dem
1965 3281 2154 3348 ﬁdem,
2185 3299 2284 3355 per
2311 3284 2636 3355 crystallum
2664 3300 2795 3341 vero
2834 3283 3159 3341 charitatem
3191 3284 3413 3341 intelli-

1815 3385 1956 3441 gere.
2015 3370 2121 3426 Sed
2149 3381 2326 3443 potest
2378 3372 2580 3446 aliquis
2628 3373 2809 3431 dicere
2858 3373 2989 3446 quia
3034 3372 3094 3428 in
3149 3372 3247 3429 illa
3295 3374 3411 3432 vita

1812 3461 2129 3520 necessarias
2178 3480 2290 3521 non
2327 3472 2491 3522 erunt
2536 3464 2672 3522 ﬁdes
2719 3473 2774 3522 et
2809 3481 2950 3537 spes.
3010 3489 3029 3513 ι
3074 3464 3233 3533 Quod
3259 3466 3410 3523 enim

1811 3550 1964 3609 videt
1988 3552 2132 3625 quis,
2159 3554 2293 3627 quid
2320 3561 2502 3627 sperat
2534 3555 2712 3626 (Rom.
2753 3570 2877 3624 VIII,
2902 3553 2995 3626 24)
3022 3554 3052 3611 7
3085 3580 3104 3604 ι
3143 3555 3231 3612 Ad
3260 3555 3409 3628 quod

1811 3642 2205 3714 respondemus
2227 3646 2356 3717 quia
2377 3644 2522 3702 sicut
2548 3644 2739 3713 vestis,
2772 3660 2894 3718 quae
2925 3661 2995 3702 ex
3030 3645 3215 3718 aliqua
3243 3653 3410 3702 mate-

1812 3731 1895 3787 ria
1946 3731 2202 3805 tingitur,
2235 3740 2358 3806 post
2404 3734 2733 3793 tinctionem
2764 3734 2994 3790 materia
3017 3733 3232 3806 abjecta
3258 3736 3406 3792 colo-

1809 3837 1923 3877 rem
1957 3822 2394 3894 pulcherrimum
2424 3823 2484 3880 in
2515 3841 2573 3881 se
2615 3824 2848 3892 retinet;
2881 3824 2960 3880 ita
2986 3830 3043 3879 et
3080 3824 3141 3879 in
3167 3825 3263 3880 illa
3289 3826 3406 3883 vita

1807 3908 1937 3978 ﬁde,
1961 3926 2075 3981 spe,
2109 3911 2448 3980 humilitate,
2495 3912 2850 3980 abstinentia,
2882 3911 3201 3983 ceterisque
3229 3912 3403 3969 virtu-

1805 3996 1954 4054 tibus
1982 3998 2186 4072 absque
2211 3999 2481 4057 charitate
2497 3999 2665 4058 ﬁnem
2688 4001 3110 4073 accipientibus,
3138 4000 3401 4072 splendor

1805 4101 1967 4159 quem
2005 4103 2075 4143 ex
2103 4086 2420 4159 operatione
2445 4086 2670 4146 illarum
2702 4089 2878 4148 sancti
2905 4088 3302 4163 acquisierunt,
3341 4089 3402 4145 in

1804 4175 1884 4232 eis
1911 4175 2029 4231 sine
2058 4175 2169 4232 ﬁne
2199 4176 2563 4250 permanebit.

1876 4270 2058 4342 (Vers.
2092 4271 2207 4343 12.)
2239 4272 2314 4327 Et
2340 4270 2560 4326 habebat
2586 4287 2800 4326 murum
2830 4287 3080 4343 magnum
3113 4278 3163 4328 et
3206 4273 3395 4330 altum.

1803 4360 1909 4416 Iste
1933 4368 2020 4416 est
2048 4377 2259 4429 murus,
2288 4359 2357 4416 de
2388 4376 2497 4433 quo
2525 4359 2662 4418 dicit
2679 4360 2944 4434 propheta
2975 4379 2989 4419 :
3037 4386 3055 4410 ι
3097 4362 3237 4418 Urbs
3275 4363 3400 4419 for-

74 4453 351 4509 futurum
381 4458 600 4524 tempus
630 4450 886 4523 pertinet,
937 4465 1063 4507 cum
1106 4447 1389 4521 praesentis
1430 4447 1692 4518 temporis
1720 4518 1761 4525 _
1801 4448 2058 4505 titudinis
2084 4456 2285 4506 nostrae
2307 4450 2461 4520 Sion,
2491 4451 2742 4507 Salvator
2770 4450 3080 4525 poneturin
3100 4468 3163 4508 ea
3183 4468 3395 4520 murus,

71 4542 206 4615 ejus
244 4542 430 4597 forma
482 4518 542 4596 in
595 4518 698 4597 hac
740 4518 992 4597 videatur
1027 4518 1245 4593 visione
1273 4535 1561 4593 describi?
1605 4536 1691 4592 Ad
1720 4518 1769 4575 D
1800 4546 1853 4594 et
1893 4540 2233 4595 antemurale
2284 4540 2418 4611 (Isa.
2445 4518 2630 4609 lxxvr,
2674 4518 2819 4612 1).}

67 4630 239 4706 quod
274 4646 378 4687 nos
416 4630 812 4703 respondemus
850 4629 983 4702 quia
1018 4627 1284 4695 Ecclesia,
1334 4623 1581 4699 quandiu
1633 4625 1692 4681 in

64 4720 185 4778 hac
217 4720 345 4777 vita
369 4718 643 4789 consistit,
691 4718 912 4792 agnosci
940 4717 1177 4789 perfecte
1205 4730 1316 4770 non
1347 4721 1545 4786 potest,
1597 4712 1691 4769 sed

60 4811 245 4885 quasi
318 4810 424 4866 sub
481 4807 718 4882 quodam
772 4806 1046 4863 velamine
1106 4804 1369 4862 absconsa
1433 4811 1685 4871 tenetur;

57 4919 212 4962 cum
246 4902 537 4974 ignoretur
562 4899 686 4973 quis
714 4899 786 4955 sit
814 4897 1099 4970 reprobus,
1148 4904 1242 4953 aut
1288 4896 1413 4970 quis
1459 4896 1686 4964 electus,

55 5009 174 5059 aut
225 4997 303 5055 ad
334 5013 495 5070 quem
527 4996 691 5053 ﬁnem
720 5003 875 5053 actus
904 5012 1033 5053 suos
1062 4994 1441 5067 unusquisque
1473 4992 1686 5064 perdu-

54 5097 192 5149 cat:
240 5088 302 5143 in
332 5087 431 5142 illa
457 5092 641 5143 autem
670 5085 784 5140 vita
815 5083 933 5157 ejus
962 5086 1139 5142 forma
1167 5083 1426 5139 omnibus
1458 5081 1683 5154 patebit;

55 5188 215 5236 tunc
255 5174 409 5231 enim
444 5173 656 5247 liquido
695 5174 955 5229 omnibus
997 5170 1299 5245 apparebit,
1351 5171 1475 5243 quis
1519 5170 1687 5225 fuerit

52 5282 300 5333 murus,
355 5263 452 5337 qui
498 5270 688 5335 portae,
744 5263 842 5335 qui
892 5261 1271 5329 fundamenta,
1325 5260 1422 5332 qui
1477 5258 1686 5331 lapides

52 5363 407 5420 structuras,
460 5351 558 5426 qui
612 5351 820 5425 lapides
868 5350 1116 5425 pretiosi.
1172 5348 1279 5408 Sed
1325 5349 1683 5423 quaerendum

142 5509 278 5581 (85)
324 5507 717 5589 superborum
743 5512 1061 5589 προμηθεῖ
1088 5510 1472 5589 transgressus,
1484 5519 1527 5589 _e
1554 5502 1679 5561 cod.

50 5575 238 5640 Gem.
256 5575 617 5647 restituitur,
663 5575 880 5635 cum'in
906 5577 1032 5636 aliis
1058 5586 1113 5636 et
1142 5575 1360 5636 cunctis
1386 5575 1520 5633 edit.
1570 5591 1682 5633 non

48 5653 377 5712 habeatur.

414 5744 656 5804 Parnm.
695 5745 872 5807 XVII.

2877 4539 2980 4597 Per
3034 4539 3185 4596 hunc
3225 4539 3398 4611 igitur

1804 4643 2023 4683 murum
2068 4627 2320 4686 Christus
2357 4645 2484 4685 cum
2523 4627 2784 4684 omnibus
2824 4627 3086 4684 membris
3115 4627 3229 4683 suis
3253 4626 3393 4684 desi-

1800 4724 2022 4789 gnatur;
2054 4717 2131 4774 ita
2150 4726 2213 4774 ut
2240 4735 2335 4790 per
2349 4718 2509 4774 illum
2532 4717 2975 4783 fundamentum,
2994 4733 3090 4788 per
3120 4717 3394 4789 reliquam

1800 4822 1930 4862 vero
1958 4815 2291 4863 structuram
2321 4806 2438 4878 ejus
2468 4805 2716 4862 membra
2744 4804 3067 4877 ﬁgurentur.
3101 4806 3387 4862 Habentem

1791 4902 1979 4968 portas
2024 4896 2312 4952 duodecim.
2360 4898 2425 4952 In
2462 4894 2750 4952 Ezechiele
2805 4894 3073 4967 scriptum
3116 4901 3197 4951 est
3244 4895 3393 4969 quod

1797 4986 2085 5057 templum,
2138 4985 2287 5059 quod
2330 4986 2380 5042 ei
2428 4985 2864 5041 demonstratum
2894 4993 2975 5042 est
3019 4974 3236 5058 (Eiech.
3296 5000 3386 5054 XL,

1794 5075 1828 5130 5
1855 5075 2013 5146 seq.),
2067 5084 2179 5131 tres
2232 5083 2417 5147 portas
2446 5074 2724 5144 habuerit,
2753 5074 3076 5131 orientalem
3105 5074 3381 5145 videlicet,

1793 5163 2107 5230 australem,
2165 5172 2219 5219 et
2275 5164 2675 5238 aquilonarem.
2726 5162 3090 5238 Pratcipitque
3135 5166 3281 5221 Deus
3326 5172 3389 5221 ut

1793 5263 1950 5328 porta
2005 5254 2289 5312 orientalis
2344 5257 2530 5313 clausa
2578 5271 2794 5329 semper
2848 5262 3094 5313 maneret
3162 5256 3383 5327 (Ezech.

1791 5362 1945 5416 xuv,
1979 5347 2054 5419 1),
2096 5346 2353 5419 Principe
2378 5347 2764 5405 tantummodo
2791 5362 2889 5419 per
2916 5362 3036 5402 eam
3067 5346 3310 5402 intrante
3328 5351 3385 5400 et

1865 5503 1981 5574 (86)
2010 5504 2092 5558 Ita
2114 5519 2267 5570 mss.;
2299 5502 2433 5577 edit.
2461 5518 2613 5569 vero,
2642 5506 2689 5555 et
2717 5495 3173 5577 ta_nquam_lapidi
3188 5494 3381 5575 έαερξ.

1790 5571 2082 5702 ἀίξὶαὲὲιὲαθ
2125 5574 2458 5646 erystalli....
2489 5587 2717 5646 quorum
2761 5574 2934 5627 lumen
2960 5571 3207 5627 Ecclesiae
3233 5571 3382 5622 assi-

1790 5662 1863 5701 mt
2000 5687 2013 5701 .

2991 5734 3060 5790 33
