3902 6198
475 332 612 393 1035

1483 331 1578 384 AD
1616 329 1851 385 OPERA
1888 328 1942 384 S.
1987 328 2315 386 AMBROSII
2353 327 2730 384 APPENDIX.

3657 321 3794 377 1036

468 468 725 516 exeunte.
775 457 878 513 Per
927 465 1138 528 portam
1185 453 1508 508 orientalem
1543 453 1696 508 beata
1725 463 1779 509 et
1823 454 2056 524 gloriosa
2091 457 2140 514 A
2169 468 2520 524 quoscunque
2569 458 2881 522 potuerunt,
2937 449 3004 505 ad
3053 448 3222 504 ﬁdem
3277 446 3497 504 Christi
3567 444 3793 501 trahere

464 550 620 622 virgo
652 547 823 603 Maria
870 544 1154 616 ﬁguratur,
1189 559 1308 614 qua
1354 542 1540 596 clausa
1585 550 1710 596 ante
1751 542 2052 612 ingressum

463 637 755 709 Principis,
803 634 859 690 id
889 641 971 688 est
1019 629 1248 697 Christi,
1295 646 1508 702 semper
1550 629 1764 685 exstitit
1797 648 1808 685 :
1841 638 1895 686 et
1934 639 2056 702 post

460 742 734 799 egressum
776 722 893 793 ejus
945 722 1129 776 clausa
1183 719 1240 772 in
1296 735 1475 774 aevum
1529 719 1849 790 permansit.
1893 719 2056 774 Porta

460 825 641 872 autem
691 810 947 868 australis
1004 817 1163 864 vetus
1210 807 1659 877 Testamentum,
1712 816 1870 880 porta
1923 823 2054 862 vero

460 901 798 976 aquilonaris
863 914 1069 953 novum
1126 897 1391 968 designat.
1442 898 1509 952 Hi
1549 914 1682 953 vero
1720 899 1814 970 qui
1857 897 1923 952 ab
1961 914 2054 952 au-

461 991 619 1048 strali
652 996 803 1061 parte
830 987 1021 1043 venire
1051 987 1334 1054 dicuntur,
1363 986 1613 1044 Iudaeos:
1648 987 1742 1060 qui
1775 995 1956 1042 autem
1989 985 2055 1041 ah

459 1080 790 1154 aquilonari,
859 1086 1046 1150 gentes
1113 1077 1421 1147 designant.
1487 1077 1661 1132 Judaei
1719 1077 1903 1150 itaque
1961 1074 2054 1148 qui

457 1168 828 1242 cognitionem
882 1167 982 1222 Dei
1040 1165 1336 1235 habebant,
1396 1174 1448 1222 et
1504 1165 1707 1239 quibus
1762 1165 2057 1220 Lex‘data

459 1260 637 1315 fuerat
683 1274 713 1312 a
758 1263 910 1328 parte
947 1254 1099 1322 solis,
1149 1254 1205 1309 id
1249 1263 1350 1323 est,
1398 1255 1466 1310 ab
1505 1257 1731 1311 australi
1782 1263 1952 1327 parte,
1996 1254 2056 1309 in

457 1365 566 1422 qua
594 1348 674 1404 sol
719 1345 958 1418 amplius
984 1345 1194 1412 fervet;
1230 1361 1340 1401 non
1372 1344 1826 1401 inconvenienter
1857 1344 1924 1400 ad
1953 1345 2055 1401 Ec-

459 1436 682 1494 clesiam
757 1434 946 1491 venire
1002 1433 1286 1490 dicuntur.
1338 1435 1439 1490 Per
1489 1443 1700 1505 portam
1758 1433 2053 1488 australem

459 1525 928 1598 ingrediebantur,
960 1523 1090 1596 quia
1139 1533 1526 1595 cognoscentes
1555 1524 1612 1579 in
1645 1524 1816 1580 veteri
1858 1522 2055 1578 Testa-

459 1624 646 1674 mento
700 1613 1086 1687 multipliciter
1131 1613 1414 1671 Christum
1464 1630 1579 1670 esse
1635 1613 2043 1686 prophetatum,

459 1705 801 1776 diversisque
851 1702 1030 1758 modis
1089 1702 1528 1775 praeﬁguratum,
1595 1719 1688 1759 eos
1748 1703 1816 1758 ad
1878 1703 2042 1760 ﬁdem

2164 540 2513 595 studuerunt.
2552 542 2625 594 Et
2669 540 2881 594 nomina
2939 539 3138 609 scripta
3195 536 3480 592 duodecim
3549 537 3792 590 tribum

2164 630 2399 701 ﬁliorum
2455 631 2645 686 Israel.
2712 629 2812 684 Per
2863 628 3088 683 nomina
3159 626 3466 683 duodecim
3533 625 3792 682 tribuum

2165 731 2344 792 patres
2373 721 2572 776 veteris
2601 719 2934 775 Testamenti
2966 735 3260 790 possumus
3289 717 3583 789 accipere,
3631 717 3734 789 qui
3767 733 3793 771 a

2165 811 2272 866 ﬁde
2303 819 2500 868 sach
2533 809 2818 866 Trinitatis
2858 826 2969 870 non
3015 808 3429 864 deviaverunt:
3487 824 3792 879 possumus

2165 901 2329 956 etiam
2376 910 2428 956 et
2470 918 2564 973 per
2613 900 2799 956 eadem
2851 900 3078 955 nomina
3134 907 3299 954 vetus
3355 899 3791 954 Testamentum

2166 987 2491 1062 intelligere.
2542 989 2776 1046 Nomina
2829 987 3120 1045 duodecim
3169 986 3429 1042 tribuum
3492 986 3559 1041 in
3625 987 3794 1058 portis

2166 1080 2368 1151 scripta
2395 1087 2548 1136 erant
2580 1099 2593 1148 ;
2645 1078 2774 1152 quia
2815 1078 3067 1135 doctrina
3102 1078 3494 1150 apostolorum
3554 1086 3796 1132 caetero-

2166 1191 2398 1247 rumque
2444 1172 2863 1245 praedicatorum
2909 1173 3072 1244 plena
3117 1179 3202 1228 est
3256 1172 3551 1244 exemplis
3593 1171 3797 1228 veteris

2166 1263 2519 1319 Testamenti.

2239 1354 2420 1424 (Vers.
2465 1352 2578 1423 13.)
2617 1352 2698 1408 Ab
2727 1351 2924 1407 oriente
2945 1358 3115 1423 portae
3141 1357 3267 1421 tres,
3316 1358 3366 1407 et
3421 1352 3493 1408 ab
3535 1353 3798 1423 aquilone

2160 1449 2332 1514 portae
2378 1447 2497 1509 tres,
2541 1448 2589 1497 et
2631 1442 2695 1497 ab
2740 1449 2924 1496 austro
2973 1448 3144 1513 porta:
3197 1447 3324 1513 tres,
3379 1448 3432 1496 et
3479 1441 3556 1496 ab
3613 1459 3800 1496 occasu

2160 1537 2330 1602 porta!
2360 1537 2479 1587 tres.
2505 1531 2755 1598 Quatuor
2787 1531 2971 1602 plagas
2999 1529 3194 1585 mundi
3227 1530 3444 1602 posuit,
3485 1538 3561 1586 ut
3593 1531 3802 1586 indicet

2166 1636 2302 1692 pene
2331 1636 2521 1676 omnes
2552 1627 2758 1692 gentes,
2783 1637 2903 1693 qua)
2930 1620 3075 1674 inter
3097 1627 3336 1691 quatuor
3364 1619 3578 1692 plagas
3607 1620 3801 1676 mundi

2165 1711 2540 1780 continentur,
2567 1710 2637 1767 ad
2659 1710 2962 1767 Ecclesiam
2982 1710 3328 1767 convenisse.
3353 1709 3590 1768 Contra
3613 1726 3804 1766 unam-

461 1793 668 1852 Christi
713 1791 1116 1880 suscipiendam
1158 1808 1279 1880 sua:
1315 1792 1601 1865 scripturze
1629 1791 2044 1865 pertrahebant.
2085 1819 2131 1880 Β
2167 1817 2438 1874 quamque
2464 1817 2596 1857 vero
2629 1799 2838 1872 plagam
2871 1808 3051 1856 ternas
3075 1805 3260 1873 portas
3287 1815 3348 1855 se
3376 1798 3614 1855 vidisse
3635 1799 3800 1868 dixit,

459 1880 704 1938 Gentiles
732 1897 862 1936 vero
891 1879 1260 1936 idololatriam
1291 1881 1621 1951 deserentes,
1655 1883 1849 1955 illique
1878 1882 2054 1938 abre-

462 1972 801 2039 nuntiantes,
842 1970 937 2044 qui
983 1969 1130 2027 dixit
1164 1989 1175 2026 :
1241 1996 1260 2019 σ
1297 1971 1506 2028 Sedebo
1552 1973 1610 2027 in
1659 1981 1846 2028 monte
1879 1973 2060 2029 Testa-

465 2060 636 2118 menti
668 2061 725 2117 in
756 2060 1022 2117 lateribus
1049 2059 1325 2133 aquilonis
1359 2079 1370 2116 :
1405 2061 1691 2119 ascendam
1728 2079 1891 2134 super
1940 2062 2059 2118 alti-

465 2151 715 2210 tudinem
761 2150 1016 2218 nubium,
1066 2149 1264 2206 similis
1311 2166 1404 2206 ero
1450 2151 1738 2207 Altissimo
1771 2154 1906 2224 (Isa.
1941 2169 2060 2222 xrv,

467 2244 555 2311 13,
616 2241 756 2312 id);
809 2261 838 2295 ι)
898 2257 1010 2297 non
1063 2241 1362 2313 incongrue
1418 2241 1484 2297 ab
1539 2243 1848 2315 aquilonari
1909 2251 2062 2315 parte

468 2332 656 2387 venire
685 2331 966 2387 dicuntur.
1011 2331 1114 2386 Per
1143 2338 1357 2402 portam
1387 2332 1762 2404 aquilonarem
1794 2332 2062 2404 ingredie-

465 2421 705 2487 bantur;
731 2420 862 2493 quia
885 2419 1192 2476 doctrinam
1237 2420 1524 2493 Evangelii
1555 2422 1858 2490 audientes,
1887 2423 2060 2477 virtu-

469 2518 551 2566 tes
578 2510 742 2565 etiam
771 2525 890 2582 quae
913 2525 1008 2581 per
1037 2508 1319 2566 Christum
1352 2520 1405 2566 et
1426 2511 1709 2568 ministros
1741 2511 1858 2583 ejus
1905 2512 2061 2568 facta:

471 2608 604 2657 sunt
657 2599 1014 2668 admirantes,
1070 2599 1138 2654 ad
1185 2599 1350 2655 ﬁdem
1396 2599 1601 2656 Christi
1658 2601 2061 2672 suscipiendam

478 2689 791 2747 currebant.
837 2690 1174 2761 Preceptum
1227 2699 1308 2746 est
1365 2691 1551 2759 etiam,
1581 2700 1641 2746 ut
1671 2708 1766 2762 per
1812 2693 1916 2746 iter
1953 2707 2062 2763 quo

473 2781 707 2854 quisque
737 2781 1060 2848 intraverat,
1092 2796 1204 2835 non
1235 2781 1632 2852 regrederetur,
1665 2781 1756 2837 sed
1787 2797 1816 2836 e
1843 2780 2066 2852 regione

471 2870 590 2942 ejus
618 2869 968 2941 egrederetur
993 2887 1006 2937 ;
1041 2869 1297 2925 videlicet
1326 2877 1387 2924 ut
1413 2872 1505 2942 qui
1533 2869 1940 2942 ingrediebatur
1969 2886 2064 2942 per

470 2967 685 3031 portam
717 2959 1099 3026 meridianam,
1122 2957 1470 3029 egrederetur
1497 2975 1591 3031 per
1621 2968 1834 3030 portam
1853 2967 2061 3031 septen-

471 3050 764 3107 trionalem
805 3069 816 3106 :
845 3059 899 3107 et
936 3050 1030 3121 qui
1059 3047 1467 3120 ingrediebatur
1495 3065 1591 3119 per
1619 3057 1826 3121 portam
1853 3056 2062 3121 septen-

474 3138 792 3208 trionalem,
822 3137 1170 3211 egrederetur
1199 3153 1294 3208 per
1323 3143 1531 3208 portam
1568 3136 1946 3194 meridianam.
1970 3138 2060 3192 Ju-

471 3227 578 3284 daei
616 3245 752 3302 quos
800 3227 1162 3300 intelligentia
1192 3227 1394 3282 veteris
1423 3227 1758 3284 Testamenti
1803 3227 1869 3282 ad
1899 3227 2063 3284 ﬁdem

469 3315 677 3375 Christi
705 3316 1107 3390 suscipiendam
1135 3315 1485 3388 perducebat,
1536 3333 1648 3372 non
1680 3315 1952 3373 debebant
1983 3333 2062 3372 re-

467 3404 612 3460 verti
654 3420 718 3459 ea
763 3413 935 3475 parte,
981 3420 1089 3476 qua
1125 3410 1413 3472 venerant,
1443 3403 1655 3460 scilicet
1722 3412 1784 3460 ut
1811 3404 2063 3460 observa-

465 3491 645 3548 tiones
703 3492 900 3560 legales
951 3491 1246 3547 carnaliter
1303 3491 1597 3562 implerent
1649 3509 1660 3548 :
1723 3493 1816 3548 sed
1882 3492 2064 3566 egredi

468 3579 654 3650 potius
691 3595 787 3650 per
815 3588 1028 3650 portam
1060 3581 1461 3650 aquilonarem,
1493 3582 1561 3637 ad
1591 3584 1878 3654 Evangelii
1910 3583 2061 3641 vide-

467 3665 599 3722 licet
648 3664 958 3721 doctrinam
990 3665 1362 3721 meditandam
1406 3676 1460 3722 et
1505 3669 1952 3739 perscrutandam
2005 3689 2064 3730 se

467 3754 800 3822 transferre;
847 3761 910 3810 ut
946 3754 1219 3811 discerent
1270 3755 1600 3827 spiritaliter
1634 3757 1881 3828 implere,
1916 3760 2063 3833 quod

467 3849 629 3899 antea
682 3841 975 3898 carnaliter
1030 3841 1207 3899 facere
1254 3841 1588 3916 satagebant.
1640 3844 1882 3903 Gentiles
1931 3865 2064 3907 vero

469 3934 564 4006 qui
598 3948 694 4006 per
723 3939 935 4006 portam
963 3931 1339 4006 aquilonarem
1374 3933 1839 4005 ingrediebantur,
1872 3936 1929 3992 id
1959 3946 2062 4009 est,

469 4025 564 4098 qui
622 4041 718 4097 per
757 4025 1066 4082 doctrinam
1110 4026 1399 4099 Evangelii
1438 4025 1540 4081 ﬁlii
1574 4027 1832 4084 Ecclesiae
1868 4029 2065 4088 eﬁicie-

467 4113 690 4182 bantur,
733 4131 844 4170 non
895 4114 1166 4172 debebant
1196 4117 1397 4172 reverti
1446 4132 1508 4172 ea
1548 4126 1720 4190 parte,
1766 4134 1873 4191 qua
1905 4137 2063 4178 vene-

468 4209 630 4266 rant;
664 4202 925 4259 videlicet
980 4214 1041 4260 ut
1094 4203 1162 4259 ad
1210 4222 1420 4261 errores
1462 4206 1915 4279 philosophorum
1947 4227 2064 4282 per-

470 4290 798 4346 scrutandos
848 4293 1299 4363 regrederentur;
1351 4296 1444 4351 sed
1485 4299 1669 4368 potius
1714 4309 1834 4370 post
1872 4317 2065 4356 susce-

469 4379 714 4452 ptionem
740 4377 871 4434 ﬁdei
907 4387 1069 4451 atque
1095 4380 1362 4437 doctrinm
1393 4386 1725 4455 evangelicae
1750 4386 1818 4442 ad
1849 4397 2062 4459 portam

471 4469 854 4538 meridianam,
887 4469 944 4526 id
989 4479 1104 4540 est,
1154 4472 1224 4527 ad
1279 4473 1586 4529 doctrinam
1633 4479 1833 4533 veteris
1880 4481 2062 4536 Testa-

471 4558 645 4615 menti
699 4559 1144 4632 perscrutandam
1177 4577 1232 4616 se
1269 4561 1563 4617 transferre
1593 4579 1604 4617 :
1637 4572 1698 4619 ut
1743 4582 1867 4621 cum
1915 4568 2066 4626 inve-
2093 4542 2142 4601 D

472 4647 659 4705 nirent
705 4647 765 4703 in
809 4663 872 4705 eo
916 4648 1197 4706 Christum
1245 4649 1436 4704 multis
1489 4649 1666 4707 modis
1714 4670 1830 4710 esse
1872 4658 2064 4728 praedi-

471 4745 645 4806 ctum,
690 4737 1041 4794 roboraretur
1080 4737 1138 4794 in
1183 4738 1260 4794 eis
1308 4738 1443 4794 ﬁdes
1473 4738 1700 4797 Christi.
1750 4742 1852 4798 Per
1881 4753 2064 4815 portas

474 4834 653 4882 autem
712 4826 1026 4898 duodecim,
1083 4845 1218 4902 quas
1259 4829 1556 4886 Jerusalem
1608 4830 1805 4887 habere
1837 4833 2061 4906 dicitur,

473 4917 774 5002 duodecim,
809 4920 1041 4992 apostoli
1098 4937 1395 4994 eorumque
1447 4922 1698 4978 doctrina
1727 4922 2060 4997 designatur.

545 5008 619 5062 Et
641 5006 698 5060 in
730 5008 903 5077 portis
930 5011 1141 5079 angelos
1169 5010 1281 5064 vidi
1309 5011 1598 5068 duodecim.
1630 5013 1824 5084 Angeli
1854 5013 2064 5070 duode-

473 5093 583 5152 cim
661 5094 778 5167 (87)
848 5104 1075 5153 caeteros
1122 5098 1523 5169 praedicatores,
1600 5105 1744 5162 580
1808 5101 2066 5158 videlicet

473 5191 846 5263 apostolorum
903 5209 1186 5267 sequaces,
1246 5195 1556 5268 designant.
1617 5198 1723 5265 Qui
1777 5199 1835 5254 in
1892 5199 2063 5271 portis

472 5276 642 5336 fuisse
683 5279 966 5351 dicuntur,
1000 5282 1131 5354 quia
1160 5282 1323 5340 ﬁdem
1354 5287 1727 5357 apostolorum
1776 5287 2062 5344 inconcus-

470 5381 587 5424 sam
651 5377 901 5427 tenentes
930 5413 947 5440 ,
1014 5387 1317 5446 eorumque
1380 5373 1691 5433 doctrinam
1752 5386 2061 5450 sequentes,

2170 1888 2227 1947 id
2255 1898 2355 1960 est,
2407 1891 2573 1946 simul
2619 1888 2945 1956 duodecim;
3001 1898 3063 1945 ut
3108 1887 3323 1946 indicet
3355 1889 3601 1945 nullum
3658 1890 3804 1944 intra

2169 1980 2469 2036 Ecclesiam
2529 1979 2745 2052 ingredi
2804 1995 2981 2052 posse,
3052 1979 3160 2036 nisi
3218 1996 3319 2052 per
3370 1981 3800 2036 confessionem

2170 2078 2366 2126 sanctae
2415 2069 2722 2125 Trinitatis.
2774 2069 2845 2125 Et
2901 2068 3030 2141 quia
3085 2067 3343 2125 doctrina
3401 2070 3798 2140 apostolorum

2169 2159 2311 2214 nihil
2341 2167 2424 2216 est
2452 2159 2603 2214 aliud
2635 2158 2742 2215 nisi
2773 2158 3157 2231 Evangelium,
3203 2167 3257 2215 et
3291 2158 3490 2230 ipsum
3525 2160 3801 2230 Evange-

2171 2249 2306 2305 lium
2339 2250 2394 2304 in
2429 2258 2664 2322 quatuor
2696 2248 2864 2304 libros
2893 2247 3184 2315 dividitur,
3239 2256 3295 2303 et
3337 2248 3798 2321 uniuscujusque

2173 2337 2301 2394 libri
2331 2337 2592 2394 doctrina
2639 2338 2695 2394 in
2739 2337 2847 2393 ﬁde
2894 2345 3094 2393 sanctae
3153 2336 3456 2392 Trinitatis
3510 2339 3793 2404 consistit,

2173 2435 2316 2484 recte
2365 2427 2482 2483 haec
2527 2428 2724 2485 civitas
2781 2435 3017 2499 quatuor
3072 2427 3240 2483 latera
3295 2427 3512 2484 habere
3565 2429 3790 2496 dicitur,

2173 2525 2226 2572 et
2265 2533 2358 2588 per
2387 2517 2623 2588 singula,
2672 2524 2857 2573 ternas
2886 2525 3111 2589 portas;
3161 2533 3284 2590 qua
3329 2517 3514 2573 simul
3562 2517 3786 2590 junctae,

2173 2607 2314 2662 ﬁunt
2343 2607 2656 2662 duodecim.

2247 2697 2429 2767 (Vers.
2467 2696 2578 2767 14.)
2620 2698 2695 2752 Et
2729 2713 2915 2751 murus
2943 2696 3168 2752 civitatis
3201 2697 3400 2753 habens
3431 2697 3786 2768 fundamenta

2173 2786 2460 2855 duodecim,
2524 2793 2571 2841 et
2610 2786 2663 2840 in
2694 2785 2825 2857 ipsis
2848 2786 3046 2857 scripta
3077 2787 3348 2842 duodecim
3381 2789 3616 2843 nomina
3656 2805 3788 2859 apo-

2171 2876 2428 2930 stolorum
2457 2882 2504 2930 et
2532 2875 2690 2947 Agni.
2723 2875 2869 2942 Quid
2899 2876 3212 2948 signiﬁcent
3240 2875 3552 2934 duodecim
3585 2879 3790 2936 funda-

2172 2973 2376 3034 menta,
2425 2966 2540 3036 ipse
2579 2965 2855 3038 exposuit,
2900 2982 3025 3021 cum
3067 2965 3361 3037 subjunxit
3406 2969 3570 3040 quod
3619 2971 3680 3024 in
3717 2969 3789 3025 eis

2172 3054 2375 3126 scripta
2423 3062 2605 3110 essent
2666 3055 2894 3110 nomina
2947 3054 3241 3111 duodecim
3302 3059 3700 3129 apostolorum
3742 3067 3791 3114 et

2176 3147 2339 3218 Agni.
2393 3147 2776 3218 Reprehensus
2820 3163 2941 3203 sum
2997 3164 3029 3203 a
3085 3147 3348 3220 quodam,
3409 3165 3520 3205 cur
3569 3151 3788 3206 Petrum

2175 3233 2598 3290 fundamentum
2655 3235 2915 3291 Ecclesiae
2961 3234 3232 3304 dixerim;
3292 3236 3354 3292 in
3402 3255 3476 3294 eo
3526 3241 3656 3296 loco
3702 3239 3790 3294 ubi

2173 3324 2444 3380 Dominus
2470 3324 2641 3380 dicit:
2681 3347 2699 3371 ι
2717 3325 2798 3381 Tu
2818 3342 2876 3381 es
2905 3325 3118 3395 Petrus,
3141 3336 3194 3382 et
3213 3343 3380 3399 super
3401 3327 3558 3385 hanc
3581 3339 3787 3402 petram

2173 3413 2456 3470 aediﬁcabo
2483 3414 2784 3470 Ecclesiam
2816 3431 2992 3471 meam
3017 3416 3230 3486 (Matth.
3267 3433 3389 3485 xvr,
3418 3417 3578 3488 18).»
3624 3418 3788 3474 SiPe-

2173 3511 2293 3558 trus
2321 3501 2747 3559 fundamentum
2777 3512 2858 3560 est
2889 3505 3169 3574 Ecclesiae,
3192 3506 3336 3561 sicut
3355 3515 3411 3561 et
3439 3508 3636 3563 caeteri
3663 3525 3783 3580 apo-

2173 3590 2323 3660 stoli,
2354 3591 2821 3664 quemadmodum
2853 3610 3093 3665 praesens
3122 3595 3286 3651 lectio
3316 3603 3515 3668 aperte
3547 3597 3785 3652 demon-

2173 3691 2344 3750 strat;
2405 3700 2533 3755 ergo
2563 3701 2726 3757 super
2764 3685 2944 3759 ipsum
2976 3685 3245 3743 aediﬁcata
3273 3696 3375 3756 est,
3434 3688 3590 3744 sicut
3619 3699 3673 3746 et
3703 3706 3783 3745 su-

2174 3788 2270 3845 per
2297 3779 2559 3829 caeteros:
2616 3773 2663 3829 si
2694 3791 2824 3830 vero
2862 3791 3025 3847 super
3060 3775 3280 3831 Petrum
3311 3776 3578 3833 Ecclesia
3619 3777 3778 3833 aediﬁ-

2173 3870 2292 3918 cata
2336 3879 2446 3917 non
2477 3869 2577 3931 est,
2636 3879 2765 3936 ergo
2813 3881 2915 3922 nec
2966 3882 3132 3938 super
3181 3873 3445 3933 caeteros;
3512 3867 3657 3924 falsa
3705 3875 3776 3923 est

2172 3969 2299 4024 ergo
2354 3951 2520 4023 hujus
2571 3952 2799 4011 Joannis
2853 3972 3091 4028 praesens
3143 3957 3396 4025 assertio,
3455 3957 3591 4030 quia
3649 3957 3774 4014 dicit

2173 4040 2465 4096 duodecim
2537 4044 2814 4112 apostolos
2869 4045 3162 4102 duodecim
3227 4045 3599 4104 fundamenta
3667 4062 3774 4102 esse

2173 4128 2433 4186 Ecclesiaa
2467 4130 2607 4201 (88).
2654 4133 2765 4188 Nec
2789 4133 3007 4206 repellit
3043 4150 3142 4190 nos
3186 4151 3217 4189 a
3265 4143 3459 4190 nostro
3493 4135 3770 4192 intellectu

2173 4218 2331 4286 illud,
2365 4219 2511 4292 quod
2542 4223 2840 4292 Apostolus
2865 4224 3000 4281 dicit
3026 4242 3037 4281 :
3103 4249 3122 4274 ι
3150 4225 3600 4282 Fundamentum
3630 4225 3768 4280 enim

2172 4308 2325 4364 aliud
2355 4325 2517 4365 nemo
2550 4319 2728 4382 potest
2763 4329 2963 4384 ponere
2993 4322 3190 4386 preter
3221 4315 3302 4383 id,
3353 4315 3503 4388 quod
3535 4314 3768 4386 positum

2173 4404 2274 4466 est,
2308 4398 2460 4471 quod
2495 4409 2574 4455 est
2616 4400 2868 4458 Christus
2895 4403 3050 4458 Jesus
3085 4404 3142 4472 (Ι
3172 4405 3299 4461 Cor.
3336 4421 3417 4471 III,
3455 4405 3568 4473 11).
3592 4429 3612 4452 ι
3657 4403 3769 4459 Non

2172 4490 2320 4546 enim
2375 4491 2524 4547 aliud
2599 4493 3018 4551 fundamentum
3072 4505 3153 4552 est
3207 4497 3423 4566 Petrus,
3497 4506 3549 4552 et
3623 4495 3769 4552 aliud

2178 4579 2432 4636 Christus
2461 4581 2652 4650 Jesus;
2707 4585 2835 4655 quia
2863 4584 3055 4641 Petrus
3085 4586 3396 4642 membrum
3441 4594 3523 4642 est
3567 4585 3771 4643 Christi

2173 4668 2319 4736 Jesu,
2353 4668 2494 4724 sicut
2525 4669 2638 4742 ipse
2668 4671 2814 4729 dixit
2843 4672 3130 4746 discipulis
3160 4675 3313 4731 suis:
3382 4703 3400 4725 ι
3429 4675 3542 4733 Vos
3573 4676 3631 4731 in
3663 4692 3768 4744 me,

2173 4767 2226 4814 et
2254 4775 2352 4830 ego
2382 4759 2439 4814 in
2470 4759 2631 4816 vobis
2665 4761 2844 4832 (Joan.
2881 4779 3000 4831 x1v,
3031 4763 3143 4833 20).
3181 4788 3198 4811 ι
3247 4764 3505 4821 Christus
3535 4781 3771 4837 namque

2171 4846 2593 4904 fundamentum
2649 4859 2732 4906 est
2782 4851 3032 4907 omnium
3087 4856 3465 4924 apostolorum
3521 4872 3769 4923 suorum,

2173 4937 2428 4992 similiter
2456 4946 2510 4993 et
2534 4939 2636 5011 ipsi
2660 4934 3016 4997 fundamenta
3043 4951 3172 4998 sunt
3201 4959 3418 5013 eorum,
3440 4947 3537 5017 qui
3563 4963 3661 5018 per
3681 4963 3773 5002 eos

2171 5023 2540 5082 crediderunt.
2594 5027 2772 5085 Unum
2805 5038 2885 5086 est
2915 5031 3084 5102 igitur
3112 5032 3560 5100 fundamentum,
3607 5035 3663 5090 id
3691 5043 3772 5091 est

2173 5114 2442 5183 Christus,
2493 5135 2525 5173 a
2579 5135 2688 5191 quo
2744 5122 3099 5178 continentur
3160 5124 3352 5179 omnia
3391 5124 3761 5194 fundamenta,

2171 5219 2333 5276 super
2359 5223 2520 5278 quem
2540 5208 2705 5263 etiam
2729 5216 2843 5264 tota
2862 5227 3151 5283 compages
3170 5212 3440 5270 Ecclesiae
3461 5224 3764 5271 constructa

2170 5303 2271 5350 est.
2325 5299 2403 5352 De
2455 5296 2560 5353 hoc
2597 5297 2957 5356 fundamento
2994 5301 3197 5357 Paulus
3243 5303 3501 5376 loquitur
3549 5306 3758 5362 dicens:

2184 5404 2203 5428 ‹
2232 5382 2290 5439 Si
2317 5384 2440 5457 quis
2478 5393 2661 5442 autem
2689 5387 2926 5445 aediﬁcat
2961 5405 3126 5462 supra
3173 5390 3608 5450 fundamentum
3645 5393 3758 5464 hoc,

507 5509 1116 5606 :5872MhI-ssxjau‘gutos
1276 5514 1545 5606 duodecim
1566 5559 1595 5606 ,7
1613 5518 1817 5606 .qugu‘li
1855 5519 2062 5576 duode—
2167 5525 2407 5606 assertio,
2455 5524 2589 5606 quia
2640 5527 2910 5585 duodecim
2954 5529 3308 5606 fuadamenta
3366 5536 3623 5594 Ecclesia
3670 5553 3761 5595 esse

468 5581 891 5656 cim,_etc;;_sed
919 5581 1120 5656 melius
1146 5584 1279 5640 edit.
1289 5627 1305 5654 ,
1326 5589 1538 5656 angelos
1566 5581 1725 5656 uidi;
1737 5597 1842 5648 etc.

537 5648 658 5720 (88)
711 5649 886 5720 Edit.,
927 5653 1060 5714 Vera
1093 5661 1169 5713 est
1213 5648 1333 5729 ergo
1365 5648 1525 5730 hujus
1556 5648 1782 5720 Joannis
1827 5676 2064 5735 praesens

2169 5595 2310 5652 dixit
2329 5613 2347 5653 :
2375 5595 2581 5670 optime
2615 5614 2748 5659 vero
2777 5617 2909 5660 mss.
2942 5595 3004 5661 ut
3030 5601 3090 5659 in
3119 5610 3301 5662 textu.
