3902 6198
121 455 241 515 1037

977 461 1434 524 BERENGAUDI
1470 467 1845 528 EXPOSITIO
1884 471 1956 529 IN
1995 469 2494 533 APOCALYPSIN.

3241 476 3380 541 1038

105 600 295 652 aurum,
335 594 639 658 argentum,
675 588 883 660 lapides
930 591 1220 662 pretiosos,
1249 592 1419 664 ligna,
1450 593 1662 664 fenum,
1694 601 1744 658 Α
1774 599 2084 667 salvandos,
2127 599 2182 654 id
2223 608 2322 668 est,
2369 619 2465 673 per
2498 602 2678 674 ignem
2711 607 3116 676 purgatorium.
3169 609 3240 665 Et
3274 609 3379 668 hoc

103 675 366 745 stipulam;
404 676 839 752 uniuscujusque
866 697 1002 752 opus
1030 683 1192 754 quale
1221 681 1314 750 sit,
1349 682 1493 754 ignis
1531 700 1669 755 pro—

100 762 239 818 babit
269 765 317 835 (I
344 765 468 822 Cor.
503 783 585 836 ιη,
617 768 730 839 12).
763 794 781 818 ›
825 768 932 825 Sex
958 769 1050 826 hic
1081 770 1266 842 posuit
1295 771 1523 843 species,
1558 781 1668 830 tres

101 853 363 924 speciosas,
395 860 448 908 et
480 863 587 910 tres
633 856 792 912 viles.
825 857 975 928 Saepe
1017 875 1113 931 per
1161 875 1352 914 aurum
1404 861 1672 932 sapientia

100 940 408 1012 designatur.
463 943 676 999 Aurum
748 961 916 1019 supra
982 947 1402 1004 fundamentum
1465 949 1672 1006 Christi

98 1029 326 1099 aediﬁcat,
355 1031 449 1103 qui
483 1033 808 1104 sapientiam
842 1051 950 1108 qua
988 1037 1125 1092 vitia
1157 1046 1427 1107 conterat,
1459 1047 1512 1094 et
1543 1041 1669 1096 vir-

98 1130 232 1179 tutes
257 1123 476 1191 nutriat,
509 1123 567 1178 in
603 1124 768 1181 corde
807 1142 906 1181 suo
955 1127 1226 1197 recondit,
1261 1130 1486 1185 imitans
1515 1130 1674 1184 Psal-

97 1213 315 1280 mistam,
345 1212 439 1284 qui
468 1211 650 1269 dixit:
697 1238 716 1264 ι
736 1216 798 1270 In
827 1215 991 1272 corde
1020 1233 1142 1272 meo
1168 1217 1431 1274 abscondi
1454 1218 1676 1290 eloquia

97 1309 206 1369 tua,
242 1308 297 1356 ut
337 1317 448 1356 non
488 1316 706 1373 peccem
759 1303 864 1360 tibi
905 1306 1078 1375 (Psat.
1129 1321 1327 1374 cxvnr,
1362 1307 1474 1377 11).
1508 1331 1527 1354 ι
1571 1307 1673 1360 Per

94 1399 360 1466 argentum
408 1409 539 1449 vero
587 1410 767 1451 sermo
821 1396 1232 1468 praedicationis
1287 1397 1670 1470 exprimitur:

93 1487 160 1544 de
201 1503 299 1560 quo
343 1485 489 1542 idem
537 1486 828 1544 Psalmista
877 1487 1060 1548 dicit:
1113 1513 1132 1536 ι
1167 1490 1406 1562 Eloquia
1451 1488 1677 1546 Domini

95 1581 298 1656 eloquia
337 1588 504 1649 casta,
551 1589 837 1654 argentum
881 1582 1008 1655 igne
1054 1583 1439 1639 examinatum
1495 1580 1674 1653 (Psat.

93 1697 176 1745 xr,
222 1679 290 1751 7).
334 1702 353 1726 ι
413 1679 720 1750 Argentum
778 1695 941 1750 supra
997 1679 1421 1735 fundamentum
1470 1675 1677 1735 Christi

93 1767 330 1837 aediﬁcat,
359 1767 455 1839 qui
501 1767 711 1822 bonum
764 1766 911 1840 quod
959 1767 1176 1836 didicit,
1209 1768 1349 1823 alios
1387 1766 1583 1832 docet;
1616 1768 1679 1818 ut

91 1881 185 1921 eos
225 1863 286 1919 ad
326 1863 468 1919 bona
511 1878 675 1934 opera
722 1863 931 1934 agenda
968 1862 1250 1935 pertrahat
1289 1879 1301 1918 :
1335 1878 1431 1934 per
1464 1862 1676 1934 lapides

1777 688 1888 756 ﬁet,
1918 689 1962 743 si
1996 706 2026 744 a
2056 690 2316 761 gravibus
2347 692 2586 763 peccatis
2629 710 2684 748 se
2739 695 3130 766 abstinuerint,
3185 708 3238 756 et
3284 717 3381 773 per

1778 777 2254 849 eleemosynarum
2301 779 2647 852 largitionem
2701 781 2806 839 hoc
2863 787 3286 855 promeruerint,
3317 796 3381 844 ut

1780 873 1901 935 post
1931 875 2158 922 mortem
2195 885 2290 939 per
2319 868 2498 940 ignem
2523 871 2898 941 purgatorium
2921 875 3118 928 salvari
3145 877 3377 946 possint.

1780 953 1937 1009 Sicut
1993 956 2140 1010 enim
2199 973 2394 1012 aurum
2443 959 2589 1030 quod
2633 975 2702 1014 ex
2753 961 2878 1016 aliis
2929 963 3383 1033 permistionibus

1782 1042 2070 1098 sordidum
2101 1045 2363 1114 eﬂicitur,
2421 1038 2517 1118 per
2542 1047 2721 1119 ignem
2757 1057 3054 1121 purgatur:
3089 1051 3167 1106 ita
3195 1059 3249 1105 et
3289 1051 3382 1108 isti

1783 1145 1814 1184 ε,
1841 1131 2097 1187 sordibus
2126 1149 2261 1205 quas
2285 1150 2353 1188 ex
2377 1136 2673 1192 mundanis
2702 1137 2918 1195 actibus
2960 1147 3380 1210 contraxerunt,

1782 1235 1878 1290 per
1914 1219 2095 1291 ignem
2133 1223 2494 1294 mundantur,
2520 1233 2582 1282 ut
2614 1225 2768 1299 digni
2799 1226 2936 1284 ﬁant
2967 1228 3266 1286 electorum
3283 1245 3383 1286 nu-

1784 1323 1933 1363 mero
1971 1325 2168 1365 SOClal‘l
2177 1355 2188 1367 .

1857 1413 2039 1484 (Vers.
2087 1417 2200 1490 15.)
2248 1419 2324 1474 Et
2375 1420 2468 1490 qui
2523 1421 2834 1491 loquebatur
2873 1440 3094 1492 mecum,
3161 1423 3386 1480 habebat

1783 1504 2096 1559 arundinem
2125 1524 2365 1576 auream,
2398 1515 2457 1564 ut
2493 1511 2765 1567 metiretur
2802 1506 3082 1579 civitatem,
3131 1518 3178 1567 et
3200 1518 3388 1583 portas

1785 1591 1920 1660 ejus,
1951 1600 1998 1647 et
2024 1612 2255 1653 murum.
2288 1598 2531 1670 Angelus
2566 1600 2660 1674 qui
2718 1601 3043 1675 loquebatur
3069 1618 3193 1659 cum
3215 1603 3389 1657 Joan-

1786 1697 1876 1749 ne,
1911 1681 1971 1738 in
2005 1682 2112 1742 hoc
2132 1687 2253 1744 loco
2276 1686 2558 1746 Christum
2591 1690 2887 1762 signiﬁcat,
2917 1692 3014 1764 qui
3047 1691 3212 1747 modo
3249 1691 3390 1763 regit

1786 1787 1978 1828 omnes
2010 1781 2199 1844 gentes
2243 1775 2301 1830 in
2359 1777 2514 1849 virga
2558 1778 2755 1848 ferrea,
2788 1779 2934 1836 sicut
2976 1780 3230 1852 superius
3272 1779 3389 1851 jam

1785 1859 1995 1916 dictum
2025 1870 2138 1918 est:
2200 1863 2258 1918 in
2291 1863 2480 1921 futuro
2528 1875 2711 1923 autem
2767 1868 3050 1924 civitatem
3095 1867 3216 1936 Dei,
3271 1884 3391 1940 quas

90 1961 264 2010 autem
305 1952 568 2026 pretiosos
615 1951 761 2007 bona
805 1967 968 2023 opera
1012 1950 1391 2024 designantur.
1445 1950 1678 2023 Lapides
1708 1951 1754 2014 B
1784 1964 1853 2004 ex
1920 1949 2179 2006 omnibus
2233 1953 2490 2024 gentibus
2545 1955 2844 2024 constabit,
2911 1955 3182 2030 arundine
3231 1972 3394 2012 aurea

88 2042 343 2115 pretiosos
384 2057 549 2113 supra
597 2039 1018 2096 fundamentum
1052 2040 1261 2099 Christi
1291 2038 1546 2109 aediﬁcat,
1584 2040 1678 2113 qui

87 2131 287 2188 bonum
333 2131 479 2203 quod
529 2130 707 2197 docet,
737 2129 994 2201 operibus
1040 2131 1253 2202 implet.
1284 2129 1424 2184 Sunt
1453 2129 1678 2202 quidam

87 2222 182 2296 qui
235 2222 395 2277 verba
441 2221 867 2290 exhortationis,
913 2221 1116 2295 quibus
1162 2231 1386 2279 caeteros
1438 2223 1680 2295 perfecte

89 2321 376 2387 instruant,
408 2335 520 2375 non
550 2317 755 2373 habent
785 2335 796 2374 :
830 2318 924 2374 sed
955 2335 1079 2374 cum
1120 2334 1175 2373 se
1217 2333 1312 2389 per
1341 2317 1486 2374 bona
1515 2335 1682 2390 opera

86 2418 375 2478 exercent,
431 2408 639 2481 lapides
716 2409 982 2481 pretiosos
1037 2425 1201 2481 super
1258 2408 1680 2465 fundamentum

84 2501 289 2559 Christi
318 2500 609 2557 aediﬁcant.
641 2502 908 2558 Similiter
943 2511 998 2559 et
1029 2501 1122 2575 qui
1177 2519 1344 2575 parva
1392 2504 1598 2572 sciunt,
1628 2511 1681 2559 et

86 2609 153 2648 ea
191 2592 320 2646 alios
361 2590 583 2659 docent,
615 2600 900 2663 argentum
954 2593 1146 2664 utique
1194 2609 1355 2664 super
1399 2594 1680 2651 Christum

86 2679 386 2747 aediﬁcant;
412 2678 457 2734 si
479 2688 661 2735 tamen
684 2681 943 2752 operibus
965 2683 1199 2752 implent
1220 2698 1299 2750 ea,
1322 2699 1441 2754 qua:
1463 2683 1681 2740 docent.

86 2769 244 2824 Multi
275 2766 416 2823 enim
447 2769 793 2825 intellectum
825 2786 985 2842 quem
1030 2780 1378 2842 acceperunt,
1405 2771 1542 2827 alios
1573 2771 1683 2826 do-

84 2860 281 2929 cendo,
328 2877 488 2932 super
535 2861 818 2918 Christum
867 2861 1142 2918 aediﬁcant
1193 2880 1204 2917 :
1257 2861 1352 2917 sed
1399 2877 1492 2933 per
1541 2862 1684 2916 mala

83 2968 253 3022 opera
280 2952 568 3007 destruunt
594 2953 648 3008 in
674 2971 750 3021 se,
775 2955 922 3026 quod
953 2939 1385 3010 aediﬁcaverunt.
1415 2956 1516 3010 Per
1538 2955 1684 3026 ligna

84 3058 240 3109 vero,
272 3041 455 3097 fenum
509 3052 671 3115 atque
715 3046 998 3117 stipulam,
1034 3053 1252 3118 peccata
1300 3046 1531 3102 minima
1579 3045 1686 3101 de-

87 3131 395 3202 signantur.
429 3132 534 3188 Sed
567 3134 706 3190 alius
736 3135 1051 3191 intellectus
1089 3143 1191 3203 est,
1229 3135 1323 3207 qui
1350 3153 1448 3191 nos
1479 3135 1546 3190 ab
1577 3135 1682 3190 hoc

82 3237 252 3276 sensu
282 3221 528 3278 excludit
555 3241 568 3290 ;
603 3240 712 3278 non
744 3224 891 3279 enim
932 3242 1096 3298 super
1126 3225 1407 3283 Christum
1437 3233 1678 3297 peccata,

78 3309 181 3366 sed
204 3310 471 3366 virtutum
495 3329 658 3384 opera
672 3313 1032 3370 aediﬁcantur.
1049 3315 1120 3369 Et
1133 3315 1351 3387 quando
1367 3331 1676 3386 peccamus,
1713 3309 1754 3369 C

75 3399 152 3455 ab
181 3397 549 3456 aediﬁcatione
579 3417 699 3473 quae
729 3401 792 3457 ﬁt
819 3419 982 3474 super
1010 3402 1314 3471 Christum,
1341 3403 1681 3460 recedimus:

71 3498 134 3546 et
187 3497 394 3562 quanto
436 3492 654 3562 gravius
700 3509 1006 3564 peccamus,
1054 3501 1208 3548 tanto
1259 3494 1476 3565 longius
1523 3511 1688 3567 sepa-

69 3594 295 3636 ramur.
333 3577 438 3634 Sed
467 3597 591 3636 cum
643 3599 738 3654 per
783 3583 1164 3655 paenitentiam
1218 3583 1285 3639 ad
1332 3583 1476 3639 bona
1526 3599 1690 3654 opera

63 3667 289 3740 agenda
318 3671 673 3740 recurrimus,
707 3671 774 3728 ad
803 3672 1246 3742 aediﬁcationem,
1282 3690 1402 3745 qua
1433 3673 1495 3728 ﬁt
1525 3690 1690 3744 super

65 3755 390 3825 Christum,
441 3761 790 3818 revertimur.
842 3761 1140 3819 Possumus
1194 3778 1322 3834 ergo
1384 3779 1480 3835 per
1539 3762 1690 3834 ligna

63 3853 304 3901 terrena
346 3863 511 3918 opera
558 3849 887 3923 intelligere,
920 3852 1053 3908 dum
1102 3853 1226 3926 quis
1277 3860 1491 3908 terreno
1532 3850 1687 3923 operi

67 3933 316 4003 insistit,
349 3945 412 3992 ut
450 3937 646 3994 habeat
677 3941 822 3998 unde
852 3941 1038 4010 vivat;
1072 3959 1142 3998 ne
1192 3943 1331 3998 forte
1361 3940 1686 3998 necessitate

60 4023 422 4095 compulsus,
456 4023 628 4080 furari
658 4036 902 4100 cogatur.
925 4029 1060 4085 Nam
1087 4031 1386 4102 Apostolus
1412 4027 1685 4100 praecipit,

61 4125 130 4172 ut
161 4135 299 4174 cum
331 4117 558 4175 silentio
578 4128 883 4191 operantes,
907 4121 1288 4194 unusquisque
1309 4137 1470 4176 suum
1492 4131 1688 4191 panem

59 4207 415 4276 manducet;
451 4219 506 4264 et
525 4209 724 4264 iterum
748 4227 760 4264 :
796 4235 813 4256 ι
835 4210 941 4276 Qui
957 4227 1068 4266 non
1088 4213 1211 4266 vult
1226 4209 1462 4282 operari,
1483 4208 1687 4278 inquit,

56 4319 183 4358 non
213 4302 518 4358 manducet
550 4303 666 4374 (89)
705 4303 794 4374 (ΙΙ
837 4305 1012 4360 Thess.
1047 4321 1130 4371 III,
1162 4305 1273 4375 10).
1308 4329 1326 4352 ι
1371 4305 1472 4358 Per
1499 4303 1689 4357 fenum

54 4413 204 4451 vero
265 4412 517 4451 amorem
575 4395 854 4451 terrenum
907 4411 1198 4466 possumus
1253 4395 1517 4466 accipere,
1563 4411 1689 4450 cum

53 4485 197 4557 quis
248 4501 355 4556 pro
405 4482 606 4540 affectu
647 4483 831 4540 carnis
877 4500 1128 4550 uxorem,
1171 4482 1335 4551 ﬁlios,
1385 4483 1691 4554 fratresque

49 4573 282 4645 diligit.
321 4573 429 4630 Sed
459 4581 513 4629 et
543 4572 650 4631 hoc
681 4573 860 4646 ipsum
883 4574 1180 4646 Apostolus
1208 4572 1477 4644 praecipit,
1495 4580 1556 4628 ut
1584 4571 1690 4627 viri

45 4679 283 4719 uxores
318 4663 542 4734 (Ephes.
574 4678 654 4730 vr,
685 4662 840 4735 1-4),
863 4679 1062 4718 uxores
1094 4662 1241 4717 viros
1274 4661 1491 4733 (Ephes.
1525 4679 1581 4729 v,
1605 4660 1695 4730 25,
1723 4687 1769 4745 Β

45 4751 169 4820 28;
211 4752 327 4813 Tit.
365 4769 430 4820 Il,
468 4751 550 4823 4),
607 4751 710 4806 ﬁlii
753 4760 1022 4825 parentes,
1074 4759 1327 4824 parentes
1377 4751 1524 4806 ﬁlios
1569 4766 1697 4805 suos

43 4839 338 4911 diligant.
375 4838 477 4894 Per
518 4840 778 4911 stipulam
827 4847 1029 4908 autem,
1081 4857 1172 4896 eos
1213 4840 1359 4911 ipsos
1407 4853 1697 4912 possumus

40 4927 422 4999 intelligere,
473 4929 567 5001 qui
628 4945 724 5001 pro
767 4945 831 4985 eo
886 4930 1032 5002 quod
1074 4947 1165 4986 eos
1215 4929 1386 4985 libido
1434 4927 1694 4999 exagitat,

35 5024 100 5074 et
137 5033 206 5073 se
245 5017 543 5073 continere
571 5034 682 5073 non
725 5026 975 5090 possunt,
1006 5035 1206 5074 uxores
1254 5017 1554 5088 accipiunt.
1590 5015 1696 5071 Sed

33 5115 99 5164 et
135 5109 268 5163 hoc
301 5107 606 5178 Apostolus
633 5108 881 5180 praecipit
911 5108 1100 5164 dicens
1127 5127 1139 5164 :
1173 5107 1435 5178 uPropter
1461 5105 1696 5162 fornica.

30 5200 294 5257 tionem
334 5207 520 5253 autem
569 5197 947 5271 unusquisque
994 5214 1149 5253 suam
1198 5214 1430 5253 uxorem
1474 5195 1694 5267 habeat,

27 5297 94 5346 et
133 5301 514 5358 unaquaeque
549 5303 709 5342 suum
741 5287 922 5342 virum
954 5286 1153 5342 habeat
1180 5288 1238 5357 (Ι
1264 5287 1389 5343 Cor.
1423 5303 1525 5353 vn,
1557 5285 1637 5357 2).
1662 5310 1680 5333 ι

24 5379 115 5432 Et
157 5374 316 5447 quia
348 5374 488 5430 tales
517 5375 963 5431 conversationes
993 5375 1114 5430 sine
1143 5372 1352 5431 crebris
1382 5372 1696 5430 offensioni-

29 5466 165 5522 bus
214 5478 353 5519 esse
397 5479 510 5519 non
557 5472 805 5536 possunt,
852 5463 990 5522 dicit
1035 5481 1131 5538 per
1177 5463 1359 5537 ignem
1404 5464 1540 5520 tales
1580 5479 1696 5521 esse

117 5606 274 5691 (BQ)
308 5606 390 5691 Et
423 5605 616 5661 iterum
648 5623 666 5661 :
831 5626 935 5691 non
961 5610 1078 5665 vult
1103 5606 1337 5691 operari,
1368 5605 1561 5678 inquit,
1590 5622 1697 5660 non

19 5679 393 5745 manducet,
427 5693 496 5732 ex
531 5694 660 5734 mss.
693 5679 751 5733 in
778 5687 991 5737 textum
1025 5679 1370 5745 restituitur;
1403 5695 1513 5734 non
1543 5694 1698 5734 secus

18 5768 155 5883 ahzb
165 5747 350 5878 qutod
398 5747 635 5808 habetur
674 5749 838 5822 infra,
867 5759 917 5810 et
961 5769 1287 5827 unaquaeque
1323 5750 1503 5810 virum
1541 5765 1700 5808 suum

158 5837 242 5879 ea
277 5863 296 5878 .

158 5837 296 5879 θαι.

1789 2038 2068 2097 metiatur.
2123 2040 2381 2099 Diximus
2427 2044 2680 2117 superius
2738 2061 2834 2117 per
2892 2045 3104 2118 virgam
3160 2046 3392 2101 ferream

1790 2129 2140 2202 disciplinam
2173 2133 2462 2206 Evangelii
2484 2152 2600 2192 esse
2630 2135 2989 2210 designatam:
3023 2139 3230 2194 ferrum
3265 2152 3394 2196 vero

1791 2235 1952 2290 grave
1999 2229 2079 2276 est
2139 2229 2193 2277 et
2243 2223 2624 2281 durissimum.
2675 2227 2752 2282 De
2795 2226 3004 2284 duritia
3033 2235 3214 2284 autem
3247 2235 3388 2292 581

1791 2313 1959 2386 virgae
1982 2316 2169 2371 ferreae
2200 2316 2338 2374 dicit
2361 2321 2632 2376 Dominus
2649 2321 2706 2376 in
2728 2323 3031 2395 Evangelia
3059 2343 3071 2380 :
3116 2351 3134 2372 ι
3155 2327 3321 2382 Arcta
3340 2333 3396 2382 et

1791 2411 2020 2473 angusta
2040 2405 2132 2460 via
2147 2414 2250 2474 est,
2264 2424 2382 2479 quae
2403 2409 2556 2465 ducit
2577 2409 2644 2465 ad
2662 2410 2834 2466 vitam
2856 2413 3070 2485 (Matth.
3090 2431 3191 2482 vn,
3221 2415 3335 2488 14).
3364 2441 3385 2466 ›

1793 2490 1896 2546 Sed
1926 2491 2068 2548 hanc
2089 2492 2354 2550 duritiam
2381 2512 2535 2552 amor
2565 2499 2662 2553 Dei
2693 2506 2746 2553 et
2777 2516 2898 2570 spes
2936 2503 3172 2560 caelestis
3206 2508 3398 2577 patria}

1793 2596 2013 2636 suavem
2045 2590 2099 2638 et
2157 2584 2334 2639 levem
2401 2586 2551 2653 facit,
2620 2587 2763 2643 sicut
2802 2589 2917 2660 ipse
2974 2591 3178 2648 iterum
3225 2595 3394 2651 dicit:

1807 2692 1826 2715 ‹
1857 2669 2057 2741 Jugum
2095 2671 2242 2726 enim
2275 2690 2457 2728 meum
2488 2692 2655 2731 suave
2684 2685 2784 2747 est,
2808 2688 2861 2734 et
2892 2696 3033 2736 onus
3061 2698 3243 2737 meum
3279 2683 3398 2739 leve

1797 2758 2011 2830 (Matth.
2037 2778 2119 2826 x1,
2154 2761 2271 2834 30).
2303 2788 2320 2810 ι
2367 2763 2538 2835 Virga
2566 2764 2751 2838 itaque
2775 2767 2950 2824 ferrea
2979 2770 3037 2824 in
3069 2771 3395 2828 arundinem

1794 2847 2021 2918 levem,
2078 2867 2326 2919 suavem,
2395 2861 2558 2926 atque
2635 2872 2855 2912 auream
2925 2860 3396 2930 commutabitur;

1797 2936 1925 3008 quia
1951 2937 2125 2992 sancti
2156 2956 2253 3010 pro
2280 2942 2570 3012 angustiis,
2603 2960 2736 3015 quas
2766 2961 2864 3016 pro
2896 2945 3115 3004 Christo
3162 2951 3399 3021 pertule-

1796 3034 1946 3095 runt,
1989 3028 2317 3085 suavitatem
2357 3038 2410 3085 et
2467 3033 2696 3104 gloriam
2752 3043 3067 3107 perpetuam
3107 3038 3394 3110 recipient.

1795 3116 2054 3172 Metietur
2089 3135 2220 3174 vero
2250 3119 2536 3177 civitatem
2586 3130 2639 3178 et
2666 3134 2849 3194 portas
2879 3125 3017 3197 ejus,
3051 3136 3105 3182 et
3135 3146 3355 3184 murum
3382 3150 3396 3199 ;

1799 3205 2020 3277 quando
2070 3207 2372 3263 secundum
2431 3211 2753 3282 qualitatem
2813 3230 3038 3285 operum
3093 3216 3393 3290 unicuique

1798 3295 2104 3350 mercedem
2135 3299 2406 3354 restituet.
2441 3299 2545 3354 Sed
2568 3302 2922 3372 quaerendum
2945 3304 3106 3360 nobis
3137 3314 3238 3374 est,
3272 3323 3399 3364 cum

1795 3384 2081 3440 civitatem
2110 3403 2329 3443 mensus
2360 3388 2531 3444 fuisse
2562 3389 2800 3461 dicatur,
2844 3410 2943 3450 cur
2981 3403 3166 3466 portas
3195 3403 3249 3451 et
3281 3414 3400 3455 mu.

1796 3490 1918 3528 rum
1944 3473 2285 3546 adjunxerit,
2345 3494 2471 3534 cum
2504 3479 2750 3536 civitatis
2778 3482 3000 3538 nomine
3054 3483 3172 3541 haec
3215 3486 3403 3542 omnia

1796 3564 2359 3636 comprehendantur.
2405 3568 2612 3626 Verum
2654 3572 2798 3627 sicut
2827 3573 3104 3643 praeterita
3133 3581 3186 3629 et
3216 3575 3404 3631 futura

1796 3651 2016 3722 docent,
2046 3671 2142 3727 per
2172 3662 2353 3727 portas
2385 3657 2640 3729 apostoli,
2669 3676 2765 3732 per
2784 3659 3064 3718 civitatem
3097 3680 3227 3735 apos
3255 3664 3405 3722 tolici

1797 3743 1927 3811 viri,
1980 3759 2075 3815 per
2107 3761 2296 3802 muros
2329 3763 2458 3803 vero
2485 3756 2680 3805 caetera
2701 3751 3002 3807 multitudo
3032 3752 3280 3809 ﬁdelium
3313 3753 3402 3808 de-

1797 3838 2064 3910 signatur.
2146 3839 2252 3897 Sed
2326 3839 2445 3898 haec
2514 3841 2799 3916 sequentia
2873 3842 3092 3915 plenius
3173 3844 3404 3899 manife-

1796 3933 1964 3982 stant.

1872 4031 2054 4103 (Vers.
2082 4031 2196 4103 16.)
2229 4031 2488 4104 Sequitur
2513 4051 2524 4087 :
2579 4035 2654 4089 Et
2690 4033 2876 4089 civitas
2905 4034 2961 4088 in
2989 4035 3198 4105 quadro
3220 4037 3401 4106 posita

1797 4126 1892 4185 est,
1924 4123 1973 4174 et
2014 4119 2284 4190 longitudo
2313 4120 2426 4189 ejus
2477 4127 2628 4177 tanta
2678 4129 2772 4188 est,
2832 4129 3031 4194 quanta
3058 4129 3105 4178 et
3137 4124 3391 4186 latitudo.

1798 4207 1900 4264 Per
1923 4208 2313 4280 quadraturam
2344 4209 2588 4266 civitatis
2628 4212 2892 4284 perfectio
2930 4213 3045 4286 (90)
3078 4223 3397 4271 sanctorum

1798 4297 2115 4370 designatur
2139 4317 2152 4366 ;
2178 4299 2507 4372 quadratum
2531 4300 2733 4373 quippe
2764 4301 3000 4374 lapidem
3023 4303 3083 4358 in
3103 4320 3400 4376 quamcun-

1798 4402 1903 4460 que
1931 4394 2136 4457 partem
2169 4389 2421 4456 verteris,
2450 4397 2631 4445 rectus
2661 4390 2845 4446 stabit.
2879 4392 2950 4447 Et
2978 4392 3024 4448 si
3067 4394 3397 4465 quadratum

1799 4475 2060 4546 lapidem,
2089 4485 2182 4532 aut
2205 4478 2358 4533 aliud
2393 4479 2526 4552 quid
2561 4480 2708 4552 quod
2731 4480 2988 4553 quadrari
3039 4490 3237 4552 potest,
3273 4482 3398 4536 dili-

1800 4574 1987 4637 genter
2017 4566 2344 4640 inspexeris,
2387 4570 2781 4641 perfectionem
2817 4571 3076 4627 Ecclesiae
3107 4572 3165 4626 in
3187 4587 3252 4626 eo
3282 4588 3399 4627 esse

1800 4655 2071 4726 depictam
2103 4657 2510 4730 deprehendere
2556 4659 2791 4731 poteris;
2827 4659 2992 4715 habet
3042 4675 3276 4732 namque
3303 4677 3400 4716 sex

1805 4743 2012 4814 facies,
2061 4754 2186 4802 octo
2232 4764 2482 4814 cornua,
2544 4747 2854 4818 crepidines
2913 4746 3224 4804 duodecim.
3292 4748 3400 4804 Sex

1806 4834 1973 4889 facies
2024 4835 2417 4906 perfectionem
2477 4836 2855 4891 demonstrant
2911 4835 3185 4892 bonorum
3260 4853 3400 4909 ope-

1807 4943 1961 4993 rum;
1997 4926 2126 4998 quia
2179 4928 2430 4984 senarius
2485 4943 2748 4982 numerus
2790 4928 3064 4999 perfectus
3093 4937 3193 4986 est.
3226 4930 3402 4988 Habet

1804 5023 1929 5070 octo
1978 5031 2204 5084 cornua,
2257 5032 2325 5071 ex
2367 5015 2567 5089 quibus
2623 5025 2857 5088 quatuor
2913 5016 3133 5086 coelum,
3166 5027 3402 5090 quatuor

1803 5112 2006 5160 terram
2038 5105 2361 5176 respiciunt.
2394 5107 2641 5173 Quatuor
2669 5105 2839 5177 igitur
2875 5123 3084 5162 cornua
3110 5107 3402 5180 designant

1805 5193 2123 5265 Evangelia,
2156 5210 2275 5267 quae
2307 5193 2681 5266 duplicamur;
2737 5194 2867 5266 quia
2895 5195 3246 5252 dilectionem
3301 5197 3400 5253 Dei

1805 5290 1858 5338 et
1883 5282 2123 5355 proximi
2146 5283 2455 5355 specialiter
2482 5283 2891 5340 commendant.
2922 5283 3168 5352 Quatuor
3199 5287 3401 5341 caelum

1804 5373 2129 5446 respiciunt,
2163 5382 2222 5430 ut
2252 5373 2500 5431 indicent
2546 5375 2721 5429 Deum
2769 5389 2932 5447 super
2962 5375 3151 5430 omnia
3178 5391 3290 5430 esse
3321 5374 3403 5430 di-

1805 5462 2119 5534 ligendum:
2153 5471 2388 5536 quatuor
2436 5472 2632 5519 terram
2681 5463 3005 5535 respiciunt,
3040 5472 3101 5518 ut
3153 5463 3403 5521 indicent

1879 5605 1995 5677 (90)
2055 5606 2256 5661 Omnes
2294 5605 2452 5673 edit.,
2499 5602 2752 5677 perfectio
2807 5603 3251 5677 designatur.....,
3305 5610 3403 5661 aut

1805 5675 1958 5734 aliud
1976 5675 2243 5747 quidquid
2271 5675 2545 5747 quad-rari
2558 5680 2792 5747 potest...
2830 5675 2998 5729 Habet
3033 5691 3258 5744 namque
3308 5691 3401 5728 sea:

1810 5745 2043 5820 late-rain
2085 5745 2175 5802 sed
2205 5745 2375 5805 latera
2421 5745 2811 5820 perfectionem,
2857 5751 2986 5812 etc.;
3042 5760 3175 5802 mss.
3213 5751 3397 5801 autem

1806 5819 1968 5879 nobis
1994 5825 2324 5892 congruunt.
