3902 6198
506 384 644 445 1039

1543 382 1641 437 ΑΒ
1681 379 1913 437 ΟΡΕΒΑ
1955 379 2011 435 S.
2053 381 2085 435 Α

2197 377 2385 435 ιΡιΟΒΙΙ
2420 376 2796 435 ΑΡΡΕΝΒΙΧ.
3721 374 3809 428 1ῡὶπί

500 513 789 586 proximos
861 518 1135 582 tanquam
1191 506 1557 577 nosmetipsos
1609 522 1723 559 esse
1781 503 2108 575 diligendos.
2138 501 2198 564 A
2225 506 2400 559 multo
2420 503 2566 558 enim
2596 502 2772 574 majus
2798 508 2878 557 est
2898 501 3131 572 spatium
3159 498 3503 555 stadiorum
3539 494 3807 553 duodecim.

502 604 804 659 Duodecim
830 618 961 655 vero
988 596 1300 669 crepidines
1344 595 1504 650 ﬁdem
1536 594 1913 649 demonstrant
1939 592 2091 648 dno-

500 692 677 748 decim
713 690 1109 761 apostolorum.
1143 688 1190 739 A
1210 684 1447 755 singulis
1484 690 1665 739 autem
1697 683 1959 739 cornibus
1988 690 2097 738 tres

500 781 811 853 crepidines
842 777 1135 849 prodeunt,
1162 783 1223 831 ut
1243 774 1493 830 indicent
1521 792 1554 830 a
1590 774 1841 831 doctrina
1868 772 2095 842 Christi,

501 888 621 941 quae
656 876 737 924 est
768 866 1156 938 Evangelium,
1186 883 1306 939 qua:
1352 866 1514 920 etiam
1564 866 1621 920 in
1669 871 1902 938 quatuor
1932 863 2099 918 libros

501 957 779 1013 dividitur
811 1000 827 1025 ,
882 955 1046 1012 ﬁdem
1101 965 1303 1012 sanctae
1359 955 1647 1011 Trinitatis
1704 955 1760 1009 in
1824 953 2099 1025 apostolos

501 1046 785 1115 transisse,
817 1052 878 1100 ut
925 1062 1022 1117 per
1075 1045 1200 1100 illos
1252 1044 1320 1100 ad
1368 1060 1559 1099 omnes
1607 1050 1790 1116 gentes
1820 1043 2095 1113 migraret.

500 1135 619 1191 Hoc
662 1142 841 1192 totum
874 1135 942 1191 de
975 1134 1243 1207 quadrato
1299 1134 1478 1206 lapide
1527 1132 1650 1189 ideo
1714 1132 1981 1199 diximus,
2035 1138 2097 1185 ut

500 1225 1008 1281 demonstraremus
1056 1240 1153 1295 per
1197 1222 1586 1296 quadraturam
1624 1222 1868 1278 civitatis
1908 1221 2099 1293 perfe—

502 1318 745 1375 ctionem
776 1318 1036 1374 Ecclesia:
1064 1334 1181 1373 esse
1215 1317 1574 1391 designatam.
1603 1318 1675 1372 Et
1703 1315 1835 1389 quia
1864 1315 1980 1372 haec
2008 1315 2099 1371 ci-

501 1409 648 1465 vitas
680 1409 1072 1482 quadraturam
1138 1410 1401 1481 aequalem
1455 1408 1640 1476 habet,
1668 1406 1957 1479 longitudo
1981 1405 2099 1478 ejus

500 1505 658 1554 tanta
688 1513 804 1555 esse
831 1496 1057 1565 dicitur,
1082 1505 1287 1570 quanta
1316 1505 1371 1554 et
1393 1496 1646 1555 latitudo:
1675 1513 1771 1569 per
1801 1495 2100 1567 longitudi-

500 1601 629 1644 nem
659 1602 898 1661 namque
926 1594 1128 1643 aeterna
1156 1587 1349 1659 gloria,
1390 1605 1486 1660 per
1514 1586 1863 1643 latitudinem
1917 1594 2097 1642 autem

498 1675 740 1734 charitas
770 1673 1108 1748 designatur.
1131 1675 1446 1747 Longitudo
1475 1676 1646 1750 igitur
1674 1676 1840 1751 hujus
1859 1675 2101 1733 civitatis

499 1779 651 1828 tanta
678 1781 779 1843 est,
811 1780 1016 1846 quanta
1046 1781 1100 1830 et
1132 1772 1369 1829 latitudo
1398 1791 1410 1842 ;
1459 1775 1589 1847 quia
1640 1780 1906 1847 quantum
1932 1789 2099 1830 unus-

2212 612 2375 667 quam
2410 595 2646 667 spatium
2673 602 2888 651 centum
2923 592 3306 666 quadraginta
3348 598 3609 663 quatuor
3643 588 3805 645 cubita~

2206 696 2329 740 rum
2363 704 2375 743 :
2408 684 2639 759 ideoque
2683 701 2776 757 per
2806 682 2980 755 majus
3017 682 3270 754 spatium
3305 698 3435 746 eos,
3469 680 3577 753 qui
3626 680 3802 750 majoris

2208 775 2389 833 meriti
2443 783 2572 832 sunt
2621 774 2759 847 (91),
2820 773 3124 845 intelligere
3187 788 3537 846 possumus.
3592 769 3813 825 Diximu!

2208 868 2459 942 superius
2489 884 2583 940 per
2620 865 2910 923 duodecim
2960 864 3141 921 stadia
3188 864 3513 921 duodecim
3575 866 3805 936 apostolis

2209 978 2323 1015 esse
2369 959 2724 1029 designatos:
2760 964 3027 1028 martyres
3075 971 3210 1026 ergo
3257 963 3317 1011 et
3368 953 3743 1022 confessores,
3772 970 3807 1010 et

2208 1047 2389 1106 caeteri
2445 1046 2672 1120 perfecti
2728 1045 2857 1114 viri,
2919 1043 3015 1118 qui
3066 1045 3471 1117 apostolorum
3531 1044 3807 1101 doctrinas

2209 1160 2304 1216 per
2343 1142 2528 1198 omnia
2571 1146 2703 1196 sunt
2737 1137 2932 1204 secuti,
2961 1145 3015 1194 et
3050 1153 3246 1193 eorum
3294 1142 3465 1192 actus
3524 1135 3744 1203 imitati,
3770 1137 3807 1189 in

2208 1248 2399 1288 eorum
2429 1230 2639 1287 ambitu
2664 1227 2989 1294 metientur;
3010 1226 3140 1298 quia
3169 1224 3434 1280 eamdem
3461 1224 3701 1298 gloriam
3717 1241 3807 1296 pos

2208 1321 2485 1391 sidebunt,
2507 1336 2667 1393 quam
2697 1327 2752 1374 et
2781 1318 2885 1374 illi.
2905 1317 3006 1373 Per
3024 1333 3215 1371 muros
3245 1331 3414 1385 vero,
3443 1315 3549 1388 qui
3572 1331 3644 1370 ex
3664 1316 3808 1370 mine-

2209 1411 2362 1467 ribus
2391 1410 2667 1482 lapidibus
2696 1408 2860 1477 ﬁunt,
2883 1416 3078 1466 caetera
3116 1405 3435 1462 multitudo
3465 1404 3720 1461 ﬁdelium
3737 1406 3807 1461 de

2208 1503 2457 1575 signatur
2492 1522 2503 1559 :
2538 1501 2633 1576 qui
2681 1496 2950 1556 minorem
3000 1498 3276 1555 ambitum
3324 1498 3642 1567 tenebunt,
3672 1514 3806 1571 quam

2208 1593 2294 1649 illi
2325 1592 2392 1649 de
2422 1592 2623 1665 quibus
2660 1591 2911 1663 superius
2942 1587 3232 1659 diximus;
3261 1587 3401 1660 quia
3450 1588 3559 1661 qui
3605 1587 3807 1642 minoris

2208 1691 2375 1739 erunt
2398 1681 2606 1750 meriti,
2636 1682 2850 1736 minora
2878 1676 3186 1753 percipient
3206 1685 3261 1733 et
3290 1678 3559 1751 praemia.
3586 1677 3804 1746 Quorum

2209 1790 2465 1830 mensura
2523 1771 2581 1827 in
2632 1769 2970 1827 duodenario
3025 1784 3262 1825 numero
3318 1767 3602 1824 consistit
3641 1788 3658 1837 ;
3703 1768 3805 1841 quia

502 1862 735 1937 quisque
764 1862 944 1920 ﬁdelis
975 1863 1031 1919 in
1063 1862 1166 1920 hac
1193 1864 1310 1921 vita
1354 1866 1563 1937 positus
1624 1867 1800 1941 major
1843 1866 2009 1925 fuerit
2034 1869 2092 1925 in
2121 1868 2170 1932 B
2208 1863 2372 1919 ﬁdem
2404 1861 2764 1934 apostoliCam
2784 1860 3164 1915 intemeratam
3188 1865 3603 1924 servaverunt;
3625 1857 3804 1914 duode

497 1953 786 2023 charitate,
820 1961 974 2011 tanto
1017 1954 1280 2028 majorem
1328 1956 1556 2028 gloriam
1587 1957 1645 2014 in
1674 1960 1880 2016 omlesti
1909 1959 2097 2017 beati-

495 2044 690 2101 tudine
716 2044 1019 2119 possidebit
1044 2064 1056 2103 :
1090 2053 1144 2103 et
1173 2056 1379 2120 quanto
1409 2047 1591 2104 minor
1620 2047 1786 2106 fuerit
1834 2048 2092 2121 charitas,

494 2141 650 2192 tanto
680 2134 864 2191 minor
879 2135 986 2192 erit
1008 2136 1066 2192 in
1096 2135 1288 2208 gloria.

564 2233 639 2289 Et
665 2249 873 2288 mensus
901 2239 976 2289 est
994 2233 1255 2290 civitatem
1278 2252 1378 2307 per
1400 2235 1576 2292 stadia
1600 2235 1868 2293 duodecim
1893 2237 2091 2295 millia:

496 2322 765 2394 longitudo
793 2329 841 2379 et
878 2324 1103 2380 latitudo
1154 2331 1202 2379 et
1245 2324 1475 2381 altitudo
1512 2324 1628 2396 ejus
1685 2327 1916 2397 aequalia
1947 2334 2089 2386 sunt.

491 2412 758 2470 Eamdem
788 2412 1256 2485 signiﬁcationem
1313 2412 1517 2470 habent
1565 2414 1740 2471 stadia
1776 2416 2089 2487 duodecim,

492 2520 659 2579 quam
680 2511 734 2560 et
761 2510 931 2576 portae
968 2502 1264 2560 duodecim
1300 2502 1504 2560 habent
1534 2523 1547 2572 ;
1582 2504 1893 2577 signiﬁcant
1938 2522 2089 2560 nam-

491 2610 596 2668 que
634 2595 929 2666 apostolos.
963 2592 1068 2649 Sed
1113 2594 1366 2666 superius
1398 2594 1800 2667 longitudinem
1824 2601 1875 2653 et
1905 2595 2088 2651 latitu-

490 2683 679 2742 dinem
711 2684 853 2741 hanc
882 2683 1165 2743 civitatem
1194 2685 1459 2758 aequalem
1489 2684 1689 2741 habere
1718 2684 1926 2742 dicitur
1951 2705 1961 2743 :
1997 2685 2089 2743 hic

490 2791 621 2831 vero
677 2775 886 2832 dicitur
921 2774 1069 2848 quod
1120 2774 1427 2847 longitudo,
1481 2774 1714 2832 latitudo
1768 2783 1823 2831 et
1851 2777 2088 2834 altitudo

485 2864 605 2935 ejus
657 2865 889 2936 aequalia
919 2871 1067 2920 sunt.
1126 2863 1423 2921 Possumus
1451 2881 1577 2934 ergo
1614 2864 1673 2920 in
1702 2865 1807 2922 hoc
1848 2866 1968 2922 loco
1992 2883 2088 2938 per

484 2951 591 3007 tria
620 2951 736 3008 haec
781 2968 903 3026 quae
958 2951 1161 3023 posuit,
1225 2952 1413 3022 ﬁdem,
1461 2970 1635 3026 spem,
1666 2962 1720 3010 et
1761 2955 2084 3012 charitatem

487 3038 834 3111 intelligere;
866 3039 941 3095 ita
972 3046 1035 3095 ut
1062 3056 1159 3113 per
1185 3040 1592 3113 longitudinem
1622 3040 1809 3107 ﬁdem,
1840 3059 1936 3115 per
1965 3044 2084 3099 lati-

484 3128 737 3185 tudinem
769 3128 1116 3200 charitatem,
1149 3147 1246 3205 per
1273 3130 1626 3189 altitudinem
1656 3148 1786 3188 vero
1809 3150 1959 3206 spem
2002 3133 2083 3188 in-

2201 1952 2310 2009 cies
2360 1966 2596 2024 namque
2642 1947 2935 2005 duodecim
2983 1946 3127 2003 ﬁunt
3172 1953 3408 2002 centum
3453 1946 3801 2019 quadraginta

2200 2049 2454 2116 quatuor.
2477 2038 2636 2107 Quod
2664 2046 2851 2095 autem
2880 2037 3018 2094 dicit
3044 2037 3335 2093 civitatem
3370 2044 3428 2092 et
3453 2052 3655 2092 muros
3675 2054 3804 2091 meu-

2200 2148 2328 2188 sura
2367 2130 2633 2198 hominis,
2682 2146 2805 2203 quas
2859 2134 2940 2184 est
2988 2126 3192 2199 angeli,
3233 2126 3416 2183 fuisse
3470 2136 3799 2183 mensuratos

2204 2221 2345 2295 (92),
2378 2220 2719 2276 demonstrat
2746 2218 3002 2290 angelum
3051 2216 3109 2271 in
3147 2214 3598 2272 similitudinem
3629 2216 3799 2272 homi-

2200 2311 2287 2367 nis
2311 2309 2416 2367 sibi
2446 2309 2779 2382 apparuisse.
2812 2308 3107 2363 Possumus
3135 2305 3245 2362 boc
3278 2305 3449 2362 aliter
3475 2306 3795 2378 intelligere.

2199 2401 2509 2458 Mensuram
2541 2398 2787 2455 hominis
2835 2396 2972 2454 dicit
3010 2412 3125 2453 esse
3154 2412 3485 2452 mensuram
3524 2397 3726 2469 angeli,
3752 2404 3795 2450 et

2198 2507 2260 2547 ea
2290 2507 2546 2547 mensura
2568 2489 2852 2545 civitatem
2883 2496 2938 2543 et
2968 2504 3157 2543 muros
3190 2486 3331 2543 dicit
3361 2502 3485 2544 esse
3520 2503 3792 2543 mensura-

2196 2589 2308 2648 tos;
2360 2581 2491 2655 quia
2534 2580 2710 2636 sancti
2760 2578 2870 2635 viri
2923 2577 3296 2651 aequalitatem
3347 2575 3644 2633 habebunt
3684 2593 3788 2632 cum

2194 2674 2424 2746 angelis,
2473 2679 2527 2728 et
2573 2687 2765 2727 eorum
2812 2685 3071 2725 mensura
3113 2668 3635 2735 mensurabuntur;
3683 2670 3789 2742 quis

2194 2770 2443 2826 eamdem
2475 2770 2703 2842 gloriam
2734 2766 3113 2840 possidebunt,
3130 2782 3297 2838 quam
3319 2774 3377 2821 et
3398 2766 3512 2834 illi,
3535 2768 3677 2822 sicut
3706 2767 3789 2820 Do-

2194 2859 2381 2915 minus
2411 2858 2548 2915 dicit
2576 2859 2635 2919 in
2666 2857 2966 2930 Evangelia
3000 2876 3011 2913 :
3059 2857 3157 2911 «In
3189 2856 3607 2912 resurrectione
3634 2870 3789 2927 neque

2194 2949 2427 3017 nubent,
2457 2964 2634 3021 neque
2664 2964 2866 3003 uxores
2895 2947 3100 3002 ducent
3125 2965 3137 3015 ;
3171 2945 3269 3001 sed
3297 2954 3469 3002 erunt
3505 2946 3655 3003 sicut
3694 2961 3789 3001 an-

2194 3039 2300 3111 geli
2330 3038 2429 3094 Dei
2468 3037 2526 3092 in
2553 3037 2690 3094 coelo
2724 3037 2936 3108 (Matth.
2967 3052 3112 3104 xxn,
3141 3035 3260 3107 30).
3292 3059 3311 3083 ι

2266 3139 2447 3211 (Vers.
2492 3136 2604 3209 18.)
2633 3137 2707 3193 Et
2734 3141 2850 3191 erat
2893 3140 3166 3191 structura
3200 3131 3348 3188 muri
3377 3132 3496 3203 ejus
3530 3150 3601 3189 ea:
3632 3132 3790 3205 lapide

482 3222 815 3295 telligamus.
884 3223 989 3279 Sed
1046 3223 1324 3298 quomodo
1373 3224 1604 3298 aequalia
1652 3240 1766 3281 esse
1820 3233 2069 3298 possunt,
2101 3233 2145 3294 ί]
2180 3227 2422 3303 iaspide;
2452 3227 2571 3297 ipsa
2600 3242 2721 3280 vero
2764 3224 2950 3279 civitas
2990 3240 3127 3278 auro
3170 3222 3373 3276 mundo
3426 3222 3629 3277 sintilis
3670 3222 3790 3274 vitm

481 3330 609 3370 cum
642 3314 944 3386 Apostolus
962 3314 1140 3372 dicat:
1189 3340 1207 3363 ι
1236 3316 1394 3371 Nunc
1430 3324 1612 3371 autem
1661 3323 1885 3381 manent
1922 3316 2076 3385 ﬁdes,

481 3418 624 3474 spes,
656 3404 916 3472 charitas,
957 3406 1064 3460 tria
1106 3405 1261 3463 haec:
1319 3408 1494 3479 major
1534 3417 1718 3465 autem
1771 3410 1971 3466 horum
1999 3417 2082 3467 est

480 3489 722 3545 charitas
753 3493 812 3561 (Ι
841 3492 965 3546 Cor.
1000 3509 1125 3561 xm,
1158 3494 1247 3563 13)
1268 3495 1296 3550 ?
1322 3520 1342 3543 ι
1386 3499 1523 3553 Nam
1565 3500 1816 3571 quamvis
1844 3499 2080 3556 charitas

479 3574 657 3646 major
675 3577 749 3633 sit
777 3578 1040 3633 omnibus
1069 3580 1391 3651 virtutibus,
1438 3601 1502 3641 eo
1545 3587 1694 3655 quod
1741 3587 1859 3658 ipsa
1897 3599 2082 3647 manet

478 3670 539 3729 in
576 3677 881 3742 aeternum;
924 3673 1227 3731 secundum
1275 3682 1459 3733 tamen
1505 3678 1796 3750 quemdam
1853 3683 2079 3741 modum

483 3761 528 3818 is
556 3759 735 3819 tribus
763 3761 1066 3821 virtutibus
1115 3764 1401 3838 aequalitas
1456 3765 1660 3822 ascribi
1702 3776 1900 3841 potest.
1932 3774 2081 3833 Dicit

476 3850 682 3925 quippe
712 3852 1014 3926 Apostolus
1038 3853 1169 3927 quia
1182 3853 1318 3911 ﬁdes
1342 3870 1440 3927 per
1458 3853 1783 3913 charitatem
1804 3871 2077 3934 operatur,

477 3949 532 3997 et
576 3940 714 3999 ﬁdes
768 3942 889 4000 sine
946 3943 1207 4017 operibus
1247 3954 1469 4001 mortua
1505 3952 1587 4003 est
1616 3947 1758 4019 (Jac.
1788 3966 1850 4019 ιι,
1879 3951 1993 4023 26).
2023 3953 2080 4010 Si

478 4039 696 4088 mortua
714 4042 815 4104 est,
851 4035 947 4091 ille
983 4035 1074 4093 cui
1106 4042 1326 4093 mortua
1354 4045 1455 4106 est,
1483 4035 1626 4093 nihil
1646 4045 1728 4095 est
1755 4059 1767 4097 :
1809 4042 1922 4098 etsi
1948 4043 2083 4103 ﬁdes

476 4134 574 4209 per
602 4120 924 4209 charitatem
974 4134 1256 4198 operatur,
1307 4135 1362 4184 et
1403 4126 1488 4183 illi
1549 4137 1767 4185 mortua
1813 4138 1933 4202 est,
1984 4151 2083 4209 qui

474 4206 763 4265 charitatis
811 4227 977 4282 opera
1022 4230 1133 4270 non
1173 4215 1359 4284 habet,
1409 4233 1537 4289 ergo
1592 4217 1729 4275 ﬁdes
1775 4227 1926 4278 tanta
1980 4206 2081 4294 est,

475 4302 680 4370 quanta
707 4304 837 4352 sunt
854 4306 911 4354 et
938 4316 1103 4371 opera
1148 4302 1457 4360 charitatis.
1490 4304 1760 4364 Similiter
1787 4327 1909 4382 spes
1932 4320 2084 4370 tanta

474 4393 578 4456 est,
609 4392 813 4459 quanta
842 4387 980 4444 ﬁdes
1008 4396 1062 4445 et
1090 4388 1351 4458 Charitas;
1387 4394 1517 4463 quia
1545 4404 1754 4467 quanta
1772 4408 1902 4455 sunt
1922 4419 2085 4474 opera

474 4475 627 4545 ﬁdei,
659 4491 781 4549 quae
829 4483 911 4533 est
942 4477 1203 4547 charitas,
1251 4486 1404 4535 tanta
1462 4490 1542 4537 est
1587 4492 1640 4538 et
1691 4502 1812 4557 spes
1854 4489 2076 4559 gloriae:

2185 3318 2406 3373 mundo.
2441 3314 2545 3372 Sed
2574 3324 2628 3371 et
2660 3314 2752 3371 hic
2786 3314 3031 3386 aliquam
3061 3312 3385 3369 distantiam
3425 3312 3583 3367 inter
3623 3327 3791 3367 murus

2188 3417 2243 3465 et
2296 3408 2580 3465 civitatem
2631 3405 2783 3462 fecit.
2827 3404 3014 3461 Muros
3065 3402 3212 3459 dixit
3244 3419 3317 3459 ex
3371 3402 3565 3475 lapide
3596 3400 3791 3474 jaspida

2188 3515 2303 3554 esse
2333 3502 2699 3563 constructas,
2740 3494 2916 3566 ipsam
2945 3509 3078 3549 vero
3108 3492 3393 3549 civitatem
3425 3508 3567 3548 auro
3600 3490 3790 3547 mundo

2188 3596 2243 3646 et
2272 3586 2416 3643 vitro
2447 3583 2655 3641 mundo
2685 3583 2831 3640 dixit
2859 3599 2975 3640 esse
3005 3582 3244 3639 similem
3283 3600 3296 3639 :
3326 3596 3429 3653 per
3457 3581 3786 3637 viriditatem

2190 3692 2429 3749 namque
2473 3674 2706 3748 jaspidis
2765 3672 2901 3730 ﬁdes
2956 3672 3321 3746 designatur;
3372 3687 3477 3744 per
3528 3671 3783 3745 jaspidem

2188 3792 2316 3849 ergo
2357 3771 2502 3829 582
2546 3774 2824 3849 simplices
2854 3773 3056 3848 quique
3096 3779 3150 3828 et
3192 3771 3511 3845 imperfecti
3552 3772 3665 3828 viri
3689 3786 3783 3827 non

2189 3865 2646 3922 inconvenienter
2701 3864 3103 3937 designantur;
3152 3862 3251 3935 qui
3306 3860 3419 3917 ﬁde
3470 3862 3780 3929 salvantur,

2188 3955 2331 4013 sicut
2379 3955 2517 4012 dicit
2559 3953 2870 4027 propheta:
2918 3978 2935 4000 ι
2962 3952 3150 4009 Justus
3198 3959 3389 4007 autem
3437 3951 3501 4007 in
3551 3952 3659 4008 ﬁde
3700 3965 3778 4006 sua

2188 4043 2340 4101 vivet
2372 4043 2595 4115 (Habac.
2629 4061 2691 4113 ιι,
2722 4041 2806 4115 4).
2832 4066 2851 4090 ι
2887 4041 3072 4098 Sancti
3102 4050 3289 4097 autem
3321 4047 3379 4096 et
3406 4040 3644 4114 perfecti
3669 4040 3778 4105 viri,

2190 4133 2286 4205 qui
2312 4150 2407 4205 per
2435 4133 2722 4189 civitatem
2752 4131 3131 4204 designantur,
3162 4148 3300 4187 auro
3330 4130 3550 4187 mundo
3579 4147 3686 4187 nou
3712 4129 3779 4183 in-

2189 4222 2583 4278 convenienter
2634 4222 3051 4289 assimilantur;
3102 4236 3168 4276 eo
3227 4219 3381 4293 quod
3427 4228 3485 4276 et
3532 4218 3781 4293 sapientia

2192 4310 2396 4365 fuerint
2434 4310 2647 4382 repleti,
2682 4326 2801 4382 qua:
2844 4324 2940 4381 per
2984 4324 3180 4364 aurum
3226 4324 3371 4380 saepe
3421 4308 3710 4381 ﬁguratur,
3735 4316 3781 4362 et

2189 4398 2425 4455 diversis
2454 4397 2916 4455 tribulationibus
2960 4397 3198 4471 probati,
3233 4399 3381 4454 sicut
3420 4414 3624 4454 aurum
3651 4394 3783 4471 quod

2188 4506 2285 4563 per
2328 4490 2508 4561 ignem
2555 4496 2836 4561 purgatur.
2882 4487 2984 4543 Per
3038 4487 3250 4543 vitrum
3308 4504 3446 4543 vero
3502 4488 3781 4553 mundum,

563 4574 829 4640 quantum
855 4585 1091 4660 namque
1119 4568 1498 4642 unusquisque
1518 4569 1697 4629 ﬁdelis
1714 4591 1810 4646 per
1828 4577 2081 4640 charita-
2111 4599 2160 4660 D
2191 4579 2337 4654 quod
2366 4578 2569 4635 clarius
2603 4586 2685 4635 est
2713 4577 2974 4634 omnibus
3002 4578 3265 4646 metallis,
3296 4579 3482 4651 angeli
3509 4578 3782 4650 designan-

472 4657 545 4714 tis
573 4675 736 4732 opera
775 4676 834 4717 se
879 4659 1116 4717 dilatare
1152 4661 1523 4733 prmvaluerit,
1575 4663 1635 4719 in
1691 4673 1909 4725 tantum
1963 4676 2073 4734 sibi

472 4750 702 4824 gloriam
742 4752 931 4825 patriae
960 4752 1198 4810 cmlestis
1224 4769 1530 4810 accrescere
1551 4771 1661 4810 non
1690 4755 1927 4820 dubitet.

546 4849 729 4923 (Vera.
757 4851 871 4925 17.)
904 4852 977 4909 Et
1001 4870 1210 4908 mensus
1238 4859 1311 4909 est
1338 4871 1517 4909 muros
1546 4854 1657 4925 ejus
1678 4874 1780 4929 per
1797 4858 2076 4918 circuitum

475 4945 681 4994 centum
703 4940 1068 5012 quadraginta
1097 4948 1329 5012 quatuor
1369 4942 1662 4999 cubitorum
1691 4963 1940 5003 mensura
1972 4952 2077 5005 ho—

470 5028 650 5097 minis,
676 5045 793 5099 quw
820 5036 895 5084 est
913 5031 1110 5102 angeli.
1144 5031 1282 5099 Hoc,
1319 5032 1363 5088 si
1397 5034 1678 5107 superiora
1705 5036 2069 5108 attendamus,

471 5115 779 5174 secundum
811 5118 1053 5176 litteram
1084 5126 1227 5176 stare
1260 5137 1372 5176 non
1400 5131 1598 5194 potest;
1639 5125 1891 5197 superius
1921 5143 2073 5183 nam-

471 5222 577 5280 que
601 5205 739 5263 dicit
765 5207 895 5281 quia
931 5224 1154 5265 mensus
1172 5216 1253 5265 est
1284 5210 1567 5268 civitatem
1597 5230 1694 5285 per
1720 5214 1895 5271 stadia
1940 5216 2073 5270 duo-

470 5295 683 5367 decim;
716 5297 810 5356 hic
844 5309 1028 5357 autem
1060 5316 1249 5357 muros
1285 5301 1528 5360 civitatis
1573 5314 1796 5361 centum
1829 5305 2073 5378 quadra-

470 5387 624 5461 ginta
678 5396 915 5462 quatuor
964 5391 1284 5450 cubitorum
1337 5392 1475 5450 dicit
1533 5409 1648 5451 esse
1686 5406 2068 5463 mensuratos;

544 5528 662 5610 (91)
693 5529 912 5616 Easdem
1122 5534 1299 5616 majus
1321 5544 1396 5595 est
1420 5537 1652 5609 spatium
1669 5555 1769 5611 per
1794 5541 1935 5610 quod
1962 5539 2066 5616 tos,

470 5612 832 5726 ἓὲιῖηέἔέιὲηε
865 5611 1045 5660 meriti
1090 5612 1231 5676 sunt,
1280 5616 1409 5679 etc.;
1470 5626 1600 5666 mss.
1666 5617 1868 5679 autem,
1897 5619 1960 5667 ut
2007 5615 2066 5669 in

544 5740 665 5813 (92)
688 5738 847 5811 Gill.,
877 5750 926 5802 et
948 5761 1131 5804 muros
1157 5763 1411 5809 mensura
1436 5749 1663 5810 hominis
1687 5757 1783 5821 est,
1818 5752 1902 5811 vel
1925 5769 2066 5811 men-

2185 4682 2294 4740 tur,
2336 4687 2472 4744 quos
2523 4670 2677 4728 nulla
2720 4671 2935 4726 macula
2981 4669 3192 4743 peccati
3232 4685 3485 4742 unquam
3511 4668 3783 4726 sordidare.

2183 4760 2394 4834 potuit."

2258 4849 2439 4922 (Vers.
2481 4851 2592 4917 19.)
2621 4849 2986 4906 Fundamenta
3013 4847 3160 4903 muri
3184 4846 3419 4902 civitatis
3444 4849 3595 4901 omni
3625 4845 3785 4918 lapide

2177 4940 2406 5012 pretioso
2458 4947 2673 4997 ornata.
2720 4939 2983 5011 Superius
3035 4938 3288 4993 diximus
3344 4953 3447 5010 per
3495 4938 3782 4994 duodecim

2184 5029 2541 5085 fundamenta
2589 5027 2882 5084 duodecim
2929 5028 3209 5099 apostolos
3257 5042 3377 5082 esse
3425 5026 3779 5098 designata;

2182 5134 2277 5191 per
2348 5118 2553 5190 lapides
2612 5125 2795 5175 autem
2873 5116 3141 5189 pretiosos
3196 5133 3392 5171 omnes
3440 5115 3582 5187 justi
3634 5113 3778 5169 desi-

2181 5216 2436 5281 gnantur.
2470 5208 2772 5265 Duodecim
2805 5224 2932 5279 ergo
2963 5206 3328 5262 fundamenta
3357 5205 3655 5262 duodecim
3697 5205 3775 5258 la-

2182 5299 2402 5372 pidibus
2432 5300 2813 5366 ornabuntur;
2844 5296 2972 5371 quia
3020 5296 3080 5352 in
3121 5296 3220 5352 illa
3264 5296 3616 5353 beatitudine
3651 5311 3773 5366 apo-

2180 5391 2305 5447 stoli
2336 5397 2389 5446 et
2427 5390 2609 5447 caeteri
2651 5387 3033 5462 praedicatores
3080 5402 3182 5458 pro
3231 5397 3566 5443 ornamento
3616 5384 3770 5441 babe-

2178 5557 2363 5596 suram
2389 5541 2614 5597 hominis
2654 5541 2781 5597 dicit
2819 5542 3030 5613 angelos
3071 5540 3243 5611 fuisse
3281 5545 3638 5613 mensus-atas.
3673 5540 3767 5597 Ro-

2177 5613 2327 5668 mani
2357 5619 2734 5681 correxerunt,
2758 5620 2807 5667 et
2848 5611 3029 5668 muros
3066 5627 3326 5669 mensura
3377 5611 3611 5666 hominis
3650 5629 3766 5677 esse,

2175 5685 2270 5813 vtelt
2284 5700 2534 5812 mentsura
2562 5685 2806 5755 hominis,
2829 5692 2963 5752 etc.;
2985 5681 3081 5740 sed
3101 5700 3237 5742 mss.
3266 5682 3479 5740 melius
3497 5684 3675 5742 locum
3694 5698 3765 5739 re

2173 5771 2200 5811 s
2227 5772 2246 5811 1
2274 5770 2387 5812 nun
2419 5799 2432 5813 .
