3902 6198
212 142 348 201 1041

1092 148 1551 208 BERENGAUDI
1589 150 1691 207 EX
1721 149 1991 209 POSITIO
2030 149 2102 207 IN
2138 149 2643 210 APOCALYPSIN.

3371 147 3516 207 1042

208 270 349 329 bunt
390 287 502 343 eos,
550 274 645 349 qui
691 289 787 349 per
834 291 926 333 eos
972 275 1345 346 crediderunt,
1393 275 1655 351 quoniam
1701 292 1801 351 pro
1828 278 1880 338 Α
1909 284 2037 333 tuor
2088 276 2259 333 libros
2326 276 2622 345 dividitur,
2662 292 2759 350 per
2800 276 2977 333 multa
3025 278 3145 335 loca
3190 274 3511 334 dissemina-

208 362 324 419 illis
352 365 617 424 omnibus
654 368 966 426 mercedem
997 368 1283 442 recipient.

278 461 701 519 Fundamentum
746 464 986 537 primum
1020 465 1218 536 jaspis.
1271 462 1451 535 Jaspis
1494 462 1693 519 viridis
1750 479 1813 521 ac

207 552 381 623 pressi
410 553 612 610 coloris
638 562 721 611 est
753 555 869 628 (93)
906 573 918 611 :
964 555 1236 628 signiﬁcat
1289 564 1470 611 autem
1500 553 1690 610 ﬁdeles
1718 571 1811 610 saa-

205 639 441 710 culares,
491 642 585 715 qui
635 659 667 697 a
714 643 869 699 vitiis
911 644 1272 712 abstinentes,
1323 643 1576 716 quamvis
1622 660 1810 699 eorum

207 729 483 801 viriditas,
537 732 592 788 id
638 741 719 789 est
763 733 922 803 ﬁdes,
973 751 1043 791 ex
1091 733 1285 789 mundi
1325 733 1537 790 actibus
1566 732 1812 806 aliquan-

208 820 388 874 tulum
438 820 805 891 obfuscetur;
862 825 1227 897 eleemosynis
1273 832 1459 880 tamen
1500 831 1554 879 et
1600 824 1812 881 caeteris

204 908 601 966 misericordia:
657 912 916 984 operibus
963 921 1183 986 peccata
1227 929 1324 970 sua
1377 913 1643 969 redimere
1700 929 1812 968 non

205 1007 441 1054 cessant.
488 1001 599 1057 Nec
642 1001 739 1057 abs
786 1020 844 1059 re
890 1010 970 1058 est
1000 1005 1146 1077 quod
1191 1005 1327 1060 tales
1376 1003 1432 1058 in
1482 1003 1661 1076 primo
1691 1003 1812 1060 loco

205 1099 492 1161 ponantur
526 1110 538 1147 :
574 1092 809 1164 apostoli
840 1109 1098 1166 namque,
1131 1093 1274 1150 sicut
1300 1110 1443 1165 saepe
1476 1091 1591 1164 jam
1639 1091 1814 1148 incul-

205 1185 393 1234 catum
446 1186 547 1249 est,
605 1181 866 1238 timentes
911 1181 980 1238 iis
1042 1182 1137 1255 qui
1194 1198 1264 1238 ex
1322 1181 1576 1254 gentibus
1633 1181 1812 1254 primo

204 1267 576 1339 crediderant,
619 1270 924 1327 austeriora
969 1270 1195 1328 Domini
1248 1279 1517 1345 praecepta
1563 1270 1811 1328 commit-

203 1362 323 1411 tere
350 1375 365 1425 ;
396 1372 464 1411 ne
496 1356 638 1414 forte
668 1358 875 1415 duritia
903 1369 1302 1434 praeceptorum
1332 1360 1535 1429 territi,
1569 1376 1680 1415 non
1709 1376 1810 1416 au-

205 1445 402 1501 derent
457 1445 525 1502 ad
579 1448 985 1522 suscipiendam
1042 1449 1250 1507 Christi
1297 1449 1462 1506 ﬁdem
1534 1448 1807 1517 accedere,

201 1536 545 1610 scripserunt
574 1538 653 1593 eis
704 1557 716 1596 :
773 1562 793 1586 ι
838 1540 1052 1596 Placuit
1088 1540 1317 1613 Spiritui
1350 1546 1538 1596 sancto
1568 1546 1621 1594 et
1650 1538 1811 1594 nobis

1917 378 2138 426 verunt.

1993 466 2175 538 (Vers.
2213 463 2328 537 20.)
2365 463 2590 532 Quintus
2626 463 2903 520 sardoniw.
2940 462 3216 521 Sardonix
3243 463 3514 523 candidus

1920 563 2022 625 est,
2054 557 2111 612 in
2134 555 2366 612 rubeum
2394 555 2633 611 colorem
2655 571 2951 628 parumper
2978 555 3266 612 declinans
3299 573 3310 612 :
3346 554 3512 628 signi-

1920 646 2047 702 ﬁcat
2075 652 2258 700 autem
2290 644 2570 715 simplices
2605 659 2849 717 quosque
2881 653 2934 700 et
2986 645 3308 703 innocentes
3338 645 3510 713 viros,

1920 734 2014 808 qui
2062 742 2283 807 propter
2330 734 2459 789 vitae
2490 733 2784 804 puritatem
2816 751 2911 806 per
2944 735 3182 807 lapidem
3212 734 3512 792 candidum

1919 825 2290 898 designantur.
2321 824 2428 893 Qui
2457 841 2555 897 pro
2584 840 2648 879 eo
2677 823 2823 896 quod
2855 825 3159 896 vigilando,
3185 824 3510 897 jejunando,

1918 914 2263 982 abstinendo,
2294 930 2359 971 ac
2411 914 2645 971 diversis
2696 908 2876 970 modis
2932 931 3163 988 corpora
3214 932 3313 971 sua
3362 915 3514 972 aﬂli-

1919 1007 2116 1081 gendo,
2172 1004 2440 1077 martyria
2508 1004 2615 1060 sibi
2671 1003 2988 1076 imponunt,
3061 1004 3217 1078 quasi
3272 1006 3512 1062 colorem

1920 1095 2151 1151 rubeum
2189 1092 2388 1149 habere
2428 1092 2691 1148 videntur
2722 1110 2733 1148 :
2773 1092 2867 1165 qui
2906 1109 3021 1148 non
3059 1093 3514 1150 inconvenienter

1919 1183 1978 1239 in
2008 1184 2204 1257 quinto
2253 1183 2372 1239 loco
2403 1188 2723 1255 ponuntur;
2770 1198 2865 1255 per
2893 1183 3210 1255 quinarium
3245 1185 3394 1241 enim
3415 1201 3513 1243 nu-

1921 1290 2132 1330 merum
2163 1289 2304 1345 saepe
2342 1273 2586 1347 quinque
2634 1288 2823 1329 sensus
2860 1276 3107 1347 corporis
3135 1274 3511 1348 designantur.

1919 1363 2118 1419 Beatus
2164 1380 2380 1437 quoque
2427 1362 2723 1436 Gregorius
2763 1361 2921 1432 dicit,
2971 1364 3101 1438 quia
3146 1381 3243 1438 per
3270 1364 3517 1439 quinque

1918 1451 2165 1526 corporis
2224 1453 2341 1525 (95)
2405 1469 2596 1509 sensus
2653 1452 2988 1509 exteriorum
3059 1452 3292 1511 scientia
3358 1454 3515 1512 desi-

1919 1550 2115 1615 gnatur
2148 1561 2159 1598 :
2195 1552 2248 1599 et
2268 1542 2398 1615 quia
2415 1541 2508 1597 isti
2525 1542 2861 1598 exteriorum
2883 1541 3170 1599 scientiam
3219 1561 3382 1618 quam
3395 1562 3514 1618 per-

202 1629 352 1686 nihil
384 1630 669 1702 imponere
706 1630 865 1689 vobis
894 1632 1100 1703 oneris,
1130 1632 1244 1689 nisi
1267 1641 1330 1689 ut
1360 1631 1681 1688 abstineatis
1710 1648 1808 1687 vos
1841 1635 1889 1697 B
1922 1638 2201 1704 ceperunt,
2234 1630 2359 1686 aliis
2397 1629 2678 1704 impertire
2706 1630 3059 1700 studuerunt,
3098 1640 3241 1689 recte
3273 1633 3333 1689 in
3370 1632 3515 1690 aedi-

208 1722 599 1779 tantummodo
628 1739 660 1778 a
691 1722 1077 1793 fornicatione,
1121 1731 1175 1779 et
1211 1724 1280 1780 ab
1319 1724 1458 1781 escis
1485 1740 1606 1797 quas
1644 1722 1810 1778 idolis

201 1811 588 1883 immolantur,
638 1820 691 1870 et
719 1830 751 1870 a
778 1814 1065 1884 suffocato,
1106 1821 1162 1870 et
1207 1813 1474 1887 sanguine
1526 1814 1669 1885 (Act.
1711 1830 1807 1881 xv,

205 1903 300 1974 28,
346 1905 463 1977 29}.
495 1930 515 1953 ι
557 1906 630 1961 Et
667 1906 727 1962 in
769 1907 882 1962 alio
929 1906 1049 1963 loco
1096 1906 1290 1962 Petrus
1336 1903 1811 1961 conversationem

206 1996 459 2069 gentium
488 2011 739 2064 narrans,
760 1996 899 2054 dicit
920 1996 1125 2054 Iudaeis
1159 2015 1171 2053 :
1219 2020 1238 2044 ι
1266 1997 1340 2052 Et
1358 1995 1455 2070 qui
1475 1995 1633 2051 novit
1646 1996 1813 2052 corda

200 2086 375 2155 Deus,
422 2087 802 2144 testimonium
848 2087 1151 2158 perhibuit,
1208 2085 1343 2142 dans
1388 2086 1503 2141 illis
1543 2084 1810 2158 Spiritum

199 2183 460 2232 sanctum
488 2176 633 2233 sicut
656 2185 711 2233 et
740 2175 921 2244 nobis,
958 2175 1067 2232 ﬁde
1098 2175 1396 2250 puriﬁcans
1425 2174 1592 2232 corda
1619 2190 1809 2230 eorum

207 2263 376 2336 (Ibid.
409 2263 465 2332 8,
496 2265 576 2335 9).
608 2288 628 2312 ι
674 2263 999 2338 Quicunque
1028 2281 1156 2338 ergo
1185 2266 1319 2322 istos
1343 2264 1636 2322 imitantur
1667 2263 1807 2337 (94),

205 2351 266 2409 in
299 2350 473 2423 ﬁgura
510 2352 710 2425 lapidis
733 2354 970 2428 jaspidis
1000 2355 1380 2411 continentur.

285 2447 552 2503 Secundus
606 2451 911 2522 sapphirus.
977 2450 1281 2523 Sapphirus
1337 2448 1557 2506 caerulei
1612 2448 1812 2506 coloris

204 2546 316 2605 est,
345 2536 489 2594 sicut
518 2537 861 2611 hyacinthus
894 2557 906 2595 :
938 2539 1033 2595 sed
1062 2548 1245 2612 guttas
1270 2539 1436 2596 habet
1466 2539 1810 2595 intermistas

205 2626 455 2699 ejusdem
486 2627 709 2697 coloris,
742 2628 835 2684 sed
867 2628 1145 2701 nigrioris.
1179 2628 1455 2686 Videntur
1476 2629 1640 2685 etiam
1672 2628 1810 2683 mihi

205 2732 310 2790 per
338 2716 487 2772 hunc
523 2716 761 2789 lapidem
792 2720 1080 2774 saeculares
1109 2718 1335 2791 quidam
1373 2717 1482 2774 viri
1517 2717 1809 2790 designari,

209 2805 461 2863 caelestia
491 2804 716 2878 quidem
746 2804 1138 2875 desiderantes,
1170 2806 1265 2863 sed
1295 2806 1353 2862 in
1386 2806 1571 2862 saeculi
1602 2806 1814 2862 actibus

208 2893 398 2951 adhuc
423 2894 697 2965 occupati,
728 2911 797 2949 ex
827 2912 934 2967 qua
977 2895 1338 2967 occupatione
1377 2896 1638 2969 quasdam
1685 2912 1813 2951 ma-

1921 1719 2047 1777 ﬁcio
2083 1718 2324 1776 civitatis
2357 1728 2558 1775 sancta
2586 1718 2843 1791 quintum
2874 1720 3059 1774 locum
3089 1720 3367 1777 obtinent.

1994 1816 2181 1871 Sextus
2210 1815 2449 1871 sardius.
2484 1815 2710 1872 Sardius
2739 1815 2881 1870 fulvi
2919 1816 3123 1872 coloris
3161 1825 3263 1885 est,
3295 1818 3391 1890 qui
3417 1834 3514 1890 pro

1921 1920 1987 1960 eo
2031 1903 2179 1977 quod
2209 1904 2269 1959 in
2300 1902 2674 1961 rubicundum
2714 1905 2957 1960 colorem
2988 1905 3397 1977 aliquantulum
3425 1906 3513 1963 de-

1920 1997 2129 2052 clinare
2172 1994 2413 2064 videtur,
2461 2011 2756 2067 parumper
2789 1994 3135 2054 obscuratur.
3164 1997 3266 2053 Per
3296 1996 3515 2052 fulvum

1922 2087 2106 2161 itaque
2134 2087 2394 2155 colorem,
2430 2084 2526 2158 qui
2556 2100 2722 2140 aureo
2753 2083 2928 2141 colori
2961 2086 3385 2159 appropinquat,
3417 2084 3513 2141 tri-

1920 2174 2231 2231 bulationes
2258 2188 2392 2247 quas
2420 2171 2596 2229 sancti
2622 2171 2689 2229 ab
2723 2170 2978 2229 hostibus
3001 2173 3371 2246 pertulerunt,
3405 2170 3517 2228 de-

1921 2263 2208 2336 signantur
2240 2281 2251 2319 :
2285 2262 2488 2319 rubeus
2520 2279 2654 2318 vero
2691 2263 2844 2319 color
2882 2262 3211 2337 martyrium
3241 2261 3510 2335 designat.

1921 2354 2023 2411 Per
2052 2352 2295 2410 sardium
2324 2352 2493 2426 igitur
2522 2352 2698 2409 sancti
2726 2359 2780 2408 et
2816 2353 3044 2425 perfecti
3065 2352 3173 2409 viri
3213 2352 3516 2425 designan-

1920 2455 2030 2513 tur,
2065 2448 2159 2519 qui
2186 2452 2308 2517 post
2345 2444 2744 2516 experientiam
2782 2444 3034 2500 omnium
3064 2443 3358 2510 virtutum,
3390 2450 3515 2515 post

1919 2536 2164 2593 diversas
2190 2534 2616 2606 persecutiones,
2646 2543 2765 2607 post
2797 2533 3064 2590 immania
3086 2536 3364 2591 tormenta
3389 2550 3512 2606 qua)

1921 2628 1988 2684 ab
2018 2626 2260 2684 inimicis
2279 2627 2669 2699 .pertulerunt,
2709 2626 2776 2684 ad
2822 2627 3076 2699 martyrii
3104 2627 3342 2700 palmam
3380 2642 3515 2698 per-

1924 2716 2114 2774 venire
2156 2723 2477 2773 meruerunt
2511 2733 2521 2771 :
2556 2716 2651 2788 qui
2697 2732 2810 2770 non
2858 2715 3158 2786 incongrue
3193 2714 3253 2770 in
3293 2712 3514 2770 senario

1924 2824 2176 2876 numero,
2204 2807 2297 2879 qui
2345 2806 2619 2878 perfectus
2648 2813 2750 2873 est,
2797 2812 3115 2878 ponuntur;
3157 2804 3288 2877 quia
3313 2810 3367 2860 et
3403 2802 3515 2858 vir-

1927 2899 2139 2955 tutibus
2167 2896 2395 2968 perfecti
2426 2895 2780 2964 exstiterunt,
2834 2902 2889 2951 et
2917 2894 3091 2967 ipsam
3121 2892 3512 2967 perfectionem

206 2986 366 3044 culas
410 2984 734 3042 contrahere
774 2983 1053 3042 videntur.
1102 2986 1208 3053 Qui
1254 3002 1353 3058 pro
1400 3003 1464 3042 eo
1508 2986 1656 3059 quod
1696 3003 1810 3042 om-
1840 3000 1885 3061 ο
1926 2988 2193 3059 martyrio
2213 2992 2570 3042 ornaverunt.

200 3075 376 3132 nibus
429 3074 577 3132 curis
624 3075 869 3131 ccelestia
907 3082 1270 3148 anteponunt,
1300 3075 1426 3133 coeli
1481 3075 1682 3131 habere
1724 3093 1812 3133 co-

201 3167 385 3222 lorem
415 3164 678 3222 dicuntur
706 3185 720 3223 :
752 3166 849 3240 qui
885 3166 946 3222 in
984 3167 1226 3224 secundo
1273 3183 1506 3224 numero
1555 3166 1679 3223 ideo
1718 3183 1812 3240 po-

203 3262 441 3324 nuntur,
473 3255 604 3329 quia
633 3258 811 3312 Deum
838 3273 1002 3329 super
1030 3257 1239 3327 omnia,
1270 3264 1325 3314 et
1360 3256 1644 3331 proximos
1671 3256 1814 3316 sicut

202 3349 420 3423 seipsos
448 3350 671 3407 student
699 3351 950 3424 diligere.

292 3450 499 3508 Tertius
528 3451 914 3508 chalcedonius.
956 3449 1359 3509 Chalcedonius
1387 3450 1620 3508 rubeum
1648 3450 1814 3507 habet

204 3540 478 3608 colorem,
527 3542 622 3598 sed
670 3550 850 3599 tamen
897 3542 1213 3612 obscurum,
1265 3542 1374 3600 nisi
1417 3542 1663 3599 cavando
1682 3550 1813 3599 atte-

204 3639 421 3690 nuetur
454 3651 465 3689 :
500 3633 620 3704 ipsa
664 3649 796 3690 vero
836 3635 1151 3692 concavitas
1185 3633 1621 3707 pulcherrimum
1654 3634 1814 3690 colo-

205 3736 332 3778 rem
382 3729 436 3778 et
486 3721 856 3794 gratissimum
916 3724 966 3780 ei
1016 3724 1250 3781 confert.
1300 3723 1584 3796 Signiﬁcat
1632 3731 1814 3780 autem

207 3822 272 3871 et
302 3815 407 3871 iste
456 3815 742 3871 saeculares
783 3815 1048 3888 quosdam
1095 3816 1265 3885 viros,
1310 3815 1406 3889 qui
1447 3821 1665 3888 quantae
1696 3831 1813 3870 san-

207 3905 424 3964 ctitatis
449 3914 575 3962 ante
603 3906 1004 3978 persecutionis
1042 3913 1260 3979 tempus
1302 3904 1530 3973 fuerint,
1563 3904 1817 3961 homines

210 3994 383 4054 latuit
424 3995 559 4052 :sed
616 4011 647 4050 a
690 3995 1131 4067 persecutoribus
1178 3996 1292 4052 suis
1322 3994 1556 4051 diversis
1589 3992 1816 4049 tribula-

208 4084 467 4143 tionibus
510 4085 802 4152 attenuati,
846 4093 1085 4157 quantus
1123 4085 1382 4158 splendor
1423 4084 1731 4142 sanctitatis
1759 4085 1816 4140 in

210 4177 300 4235 eis
331 4173 574 4240 latuerit,
603 4172 819 4230 cunctis
847 4175 1026 4245 patuit
1063 4193 1075 4230 :
1105 4175 1200 4247 qui
1234 4192 1345 4231 non
1366 4176 1820 4233 inconvenienter

213 4268 280 4325 in
315 4263 481 4321 tertio
524 4264 645 4319 loco
677 4270 960 4335 ponuntur
1000 4282 1015 4331 ;
1076 4279 1140 4318 eo
1183 4264 1331 4337 quod
1373 4265 1431 4319 in
1477 4265 1819 4322 confessione

1996 3087 2256 3159 Septimus
2302 3084 2672 3156 chrysolithus.
2722 3081 3113 3156 Chrysolithus
3140 3086 3292 3136 totus
3318 3092 3518 3134 aureus

1923 3184 2024 3245 est,
2056 3185 2111 3232 et
2153 3190 2295 3247 saepe
2343 3190 2439 3247 per
2484 3190 2679 3230 aurum
2731 3171 3000 3244 sapientia
3039 3169 3375 3241 designatur.
3415 3166 3518 3223 Per

1923 3264 2331 3338 chrysolithum
2381 3279 2508 3336 ergo
2553 3261 2827 3335 sapientes
2866 3259 2925 3314 in
2971 3257 3220 3316 Ecclesia
3246 3254 3357 3312 viri
3411 3254 3518 3310 de—

1922 3359 2238 3431 signantur,
2301 3356 2397 3431 qui
2444 3362 2670 3429 propter
2706 3354 2977 3427 fulgorem
3037 3347 3317 3421 sapientia:
3364 3343 3516 3401 aurei

1924 3447 2069 3521 apud
2103 3447 2358 3504 homines
2394 3452 2540 3503 recte
2567 3445 2680 3501 dici
2710 3449 2938 3517 possunt
2963 3459 2977 3510 ;
3026 3439 3121 3515 qui
3150 3442 3518 3511 congruenter

1925 3538 1983 3594 in
2016 3537 2247 3610 septimo
2287 3538 2409 3594 loco
2460 3543 2784 3610 ponuntur;
2834 3550 2899 3589 eo
2942 3532 3089 3607 quod
3117 3537 3323 3603 septem
3357 3527 3519 3586 donis

1922 3627 2161 3700 Spiritus
2191 3626 2366 3684 sancti
2412 3626 2629 3699 repleti,
2676 3625 2882 3681 multos
2926 3620 3111 3679 verbis
3153 3627 3209 3676 et
3250 3615 3518 3690 exemplis

1923 3718 1992 3774 ab
2013 3716 2305 3791 iniquitate
2328 3715 2662 3773 averterint.

1999 3828 2224 3883 Octavus
2253 3826 2505 3896 beryllus.
2536 3822 2794 3895 Beryllus
2827 3819 3047 3877 eximias
3088 3815 3358 3874 claritatis
3411 3821 3514 3883 est,

1923 3915 2217 3973 caruleum
2270 3915 2509 3971 colorem
2570 3911 2781 3967 habens
2849 3907 3184 3971 admistum;
3243 3901 3519 3974 signiﬁcat

1925 4011 2107 4060 autem
2148 4017 2297 4074 puras
2334 4001 2464 4057 vitae
2510 4000 2784 4064 homines,
2822 4003 2874 4051 et
2908 4012 2940 4050 a
2968 3993 3156 4050 saeculi
3184 3992 3396 4049 actibus
3425 4007 3522 4064 per

1926 4093 2114 4151 omnia
2155 4090 2363 4146 alienos
2398 4108 2410 4146 :
2449 4090 2544 4162 qui
2573 4105 2644 4144 ne
2672 4086 2980 4143 claritatem
3017 4084 3148 4140 vita;
3189 4099 3303 4140 sum
3330 4083 3519 4156 aliquo

1926 4181 2092 4237 modo
2122 4180 2478 4251 macularent,
2510 4177 2674 4234 etiam
2698 4191 2728 4231 a
2748 4173 3026 4231 consortio
3055 4178 3379 4231 caaterorum
3408 4170 3521 4228 ho—

1929 4270 2145 4325 minum
2193 4268 2523 4341 sequestrari
2571 4266 2866 4321 valuerunt
2899 4282 2910 4321 :
2945 4279 3182 4337 quorum
3211 4262 3433 4320 claritas
3461 4259 3521 4316 in

214 4362 424 4414 sanctae
450 4352 736 4411 Trinitatis
763 4352 1142 4426 perdurantes,
1188 4353 1256 4409 ad
1285 4352 1541 4426 martyrii
1579 4355 1816 4427 palmam
1851 4367 1901 4427 Β
1932 4359 2229 4417 caeruleum
2282 4358 2523 4415 colorem
2552 4356 2906 4424 vertebatur;
2961 4355 3093 4430 quia
3128 4355 3268 4411 caelo
3309 4364 3523 4424 semper

218 4443 513 4519 pervenire
541 4441 866 4499 meruerint.

297 4547 535 4614 Quartus
587 4542 920 4616 smaragdus.
977 4541 1215 4597 Eximiae
1263 4539 1697 4616 pulchritudinis
1742 4550 1820 4599 at-

221 4653 334 4712 que
375 4633 681 4692 viriditatis
718 4641 820 4703 est,
870 4633 929 4689 in
975 4640 1188 4689 tantum
1231 4642 1294 4690 ut
1336 4649 1401 4689 ea
1429 4649 1549 4706 quae
1592 4632 1738 4690 circa
1765 4649 1822 4690 se

224 4735 376 4795 sunt,
407 4742 508 4782 sua
534 4722 818 4779 viriditate
847 4721 1078 4780 inﬁciat.
1111 4722 1396 4796 Signiﬁcat
1418 4730 1600 4778 autem
1628 4722 1820 4795 praedi-

224 4825 440 4874 catores
466 4820 704 4882 sanctos,
724 4812 819 4886 qui
836 4820 890 4869 et
913 4811 1020 4868 ﬁde
1039 4811 1267 4881 virides,
1289 4819 1344 4868 et
1367 4811 1670 4868 virtutibus
1692 4829 1822 4885 pra:-

226 4904 387 4973 clari,
442 4902 788 4976 splendorem
836 4918 949 4958 suae
994 4901 1123 4957 ﬁdei
1170 4899 1520 4974 praedicando
1574 4902 1824 4958 circum-

228 5009 446 5068 quaque
493 4999 810 5065 sparserunt
845 5009 857 5048 :
889 4990 985 5065 qui
1040 4991 1165 5048 ideo
1221 4991 1279 5046 in
1330 4999 1524 5063 quarto
1579 4992 1701 5049 loco
1731 5008 1823 5063 po-

231 5092 463 5152 nuntur,
489 5100 554 5140 eo
582 5082 730 5156 quod
758 5082 1065 5139 doctrinam
1094 5080 1404 5153 Evangelii,
1438 5097 1559 5154 quae
1587 5080 1647 5137 in
1681 5097 1826 5154 qua-

309 5245 426 5319 (93)
452 5245 533 5319 Ita
559 5260 688 5319 mss.
720 5262 734 5312 ;
776 5242 909 5301 edit.
940 5249 1146 5312 autem,
1176 5244 1358 5316 Jaspis
1382 5260 1503 5299 vero
1531 5243 1724 5299 viridis
1765 5260 1827 5299 ac

234 5316 396 5391 spissi
409 5316 610 5391 coieris
637 5324 730 5373 est.

308 5389 425 5462 (9t)
458 5388 660 5462 Omnes
690 5390 851 5457 edit.,
878 5389 1044 5445 Deum
1075 5388 1358 5444 imitantur
1387 5405 1402 5455 ;
1444 5403 1637 5444 omnes
1667 5403 1821 5455 mss.,

234 5460 362 5518 istas
388 5460 685 5517 imitantur.

310 5532 428 5605 (95)
474 5531 695 5591 Easdem
740 5532 898 5604 edit.,
945 5532 1306 5607 designantur.
1353 5532 1493 5601 Quia
1530 5530 1697 5604 igitur
1730 5547 1830 5602 per

1927 4449 2151 4519 intenti,
2212 4446 2515 4520 angelicam
2564 4446 2739 4503 vitam
2794 4444 2939 4501 inter
2994 4443 3248 4500 homines
3297 4439 3525 4497 duxisse

1926 4539 2397 4612 comprobantur:
2432 4536 2527 4611 qui
2572 4552 2685 4592 non
2736 4533 3197 4592 inconvenienter
3237 4533 3297 4587 in
3326 4538 3525 4587 octavo

1929 4631 2051 4687 loco
2079 4638 2395 4703 ponuntur;
2418 4627 2506 4684 bis
2529 4641 2763 4698 namque
2784 4624 3035 4697 quaterni
3067 4622 3209 4677 ﬁunt
3228 4627 3353 4676 octo
3379 4620 3521 4691 (96).

1929 4718 2352 4789 Quaternarium
2398 4717 2583 4787 itaque
2640 4727 2932 4769 numerum
2974 4710 3071 4766 isti
3114 4709 3521 4781 impleverunt;

1932 4810 2063 4882 quia
2092 4805 2381 4877 Evangelii
2411 4809 2742 4876 praeceptum
2771 4797 2945 4856 secuti
2973 4803 3122 4865 sunt,
3164 4796 3311 4869 quod
3338 4795 3477 4851 dicit
3509 4814 3521 4853 :

1947 4924 1966 4947 ι
2004 4897 2177 4965 Vade,
2204 4895 2382 4952 vende
2410 4891 2597 4949 omnia
2625 4906 2745 4963 quae
2773 4887 2964 4957 habes,
2995 4893 3052 4943 et
3077 4886 3147 4943 da
3173 4884 3523 4959 pauperibus,

1931 4995 1987 5043 et
2013 4984 2242 5043 habebis
2288 4983 2607 5040 thesaurum
2637 4980 2693 5035 in
2724 4978 2886 5046 caelo,
2913 4985 2967 5033 et
2998 4977 3148 5046 veni,
3184 4991 3409 5049 sequere
3441 4992 3527 5032 me

1936 5075 2150 5150 (Matth.
2207 5089 2327 5141 xix,
2375 5072 2491 5144 21).
2533 5094 2553 5119 ι
2604 5065 3025 5136 Quaternarium
3081 5079 3375 5122 numerum
3429 5063 3529 5120 du-

1933 5236 2161 5308 quinque
2183 5252 2362 5308 sensus
2389 5233 2655 5308 corporis;
2698 5238 2891 5308 contra
2920 5245 3051 5286 vero
3079 5226 3267 5287 cuncti
3297 5241 3428 5282 mss.
3466 5224 3527 5280 in

1934 5302 2176 5365 nostram
2209 5302 2612 5364 restitutionem
2646 5302 3017 5359 consentiunt.

2010 5380 2145 5453 (96),
2184 5380 2282 5436 Bis
2330 5393 2554 5449 namque
2600 5374 2848 5448 quaterni
2899 5375 3037 5445 fiunt
3079 5378 3211 5441 octo,
3269 5385 3339 5425 ex
3391 5383 3525 5424 mss.

1935 5452 2268 5512 restituitur.
