3902 6198
346 58 484 116 1043

1360 61 1456 116 ΑΙ)
1495 59 1731 116 OPERA
1769 59 1824 114 S.
1868 55 2197 114 AMBROSII
2228 53 2608 111 APPENDIX.

3532 55 3636 112 10“

344 185 724 258 plicaverunt;
759 182 888 254 quia
917 181 985 238 ad
1006 185 1150 246 583
1173 182 1314 238 idem
1333 184 1686 256 perfectionis
1715 183 1936 239 culmen
1963 185 2014 243 Α
2043 181 2228 236 uarius
2283 179 2483 253 quippe
2531 193 2790 235 numerus
2837 177 3043 235 dividit
3086 184 3141 236 et
3190 175 3429 250 perﬁcit
3477 193 3643 235 omnes

345 286 552 341 multos
597 282 733 337 alios
763 298 946 336 secum
981 281 1345 338 conscendere
1373 287 1683 337 suaserunt.

413 375 599 431 Nonus
616 373 878 444 topazius.
903 373 1169 445 Topazius
1188 372 1311 427 aerei
1330 372 1588 442 aureique
1609 367 1811 425 coloris
1827 384 1941 423 esse

344 462 758 535 dicitur,jubar
805 479 964 517 suum
1006 462 1431 533 circumquaque
1478 475 1756 530 spargens.
1791 458 1941 528 Szepe

345 570 441 627 per
471 572 666 610 aurum
704 553 916 626 probati
945 552 1074 618 viri,
1116 551 1209 622 qui
1241 550 1363 620 igne
1399 548 1776 603 tribulationis
1806 564 1942 619 pro-

344 643 565 711 bantur,
601 643 987 712 designantur:
1024 639 1264 709 ipsaique
1293 638 1681 692 tribulationes
1709 637 1939 692 diversas

345 741 513 798 sunt;
547 730 846 802 aliquando
876 744 1110 799 namque
1142 728 1316 782 sancti
1361 727 1465 781 viri
1494 727 1729 781 diversis
1753 735 1942 781 tenta-

345 821 593 876 tionibus
623 835 758 890 quas
799 833 830 870 a
874 815 1219 871 daemonibus
1252 816 1558 886 patiuntur,
1590 813 1893 886 probantur
1923 831 1935 868 :

345 907 644 979 aliquando
676 921 770 976 per
799 903 1206 970 tribulationes,
1239 921 1358 976 qua:
1391 905 1469 960 eis
1502 920 1533 958 a
1582 904 1741 958 malis
1766 902 1940 958 homi-

345 997 511 1052 nibus
542 996 899 1066 ingeruntur;
950 994 1249 1066 aliquando
1281 1011 1376 1066 per
1423 994 1774 1062 aﬁlictiones,
1807 1011 1942 1066 quas

347 1087 450 1158 ipsi
501 1085 606 1141 sibi
641 1085 939 1156 ingerunt;
998 1085 1296 1158 aliquando
1354 1085 1584 1156 ﬂagellis
1632 1086 1730 1142 Dei
1777 1086 1942 1140 etiam

347 1176 672 1250 probantur,
721 1183 774 1230 et
819 1191 914 1247 per
960 1175 1154 1231 activze
1187 1176 1314 1230 vitm
1355 1177 1635 1232 exercitia.
1669 1175 1945 1232 Videntur

348 1268 536 1338 itaque
567 1265 705 1320 mihi
738 1281 832 1337 per
861 1265 1099 1338 lapidem
1135 1266 1406 1338 topazium
1449 1266 1488 1320 ii
1518 1265 1816 1337 designari,
1849 1266 1944 1338 qui

349 1358 502 1429 prius
551 1373 646 1427 per
692 1355 884 1411 activae
945 1357 1062 1426 (97)
1123 1355 1250 1410 vitae
1307 1373 1471 1428 opera
1527 1355 1861 1428 probantur;
1892 1364 1946 1410 et

351 1453 537 1517 postea
565 1451 849 1500 transeunt
879 1443 946 1500 ad
975 1445 1601 1516 contemplativam.llle
1631 1445 1777 1500 enim
1801 1462 1946 1500 com-

351 1534 556 1606 petenti
585 1534 755 1606 gradu
784 1535 851 1590 ad
878 1533 1366 1607 contemplativam
1398 1534 1566 1589 vitam
1601 1533 1943 1601 conscendit,
1978 1548 2022 1608 Β

350 1626 445 1696 qui
521 1625 674 1696 prius
753 1641 848 1698 per
907 1626 1102 1681 activae
1168 1625 1296 1680 vitm
1363 1625 1629 1682 exercitia
1691 1625 1950 1698 probatus

351 1714 556 1780 fuerit;
601 1731 728 1770 nam
759 1716 854 1788 qui
883 1715 1068 1771 subito
1096 1717 1165 1772 ad
1193 1716 1637 1788 contemplativa
1669 1716 1795 1771 vitae
1827 1718 1950 1772 cel-

351 1803 649 1860 situdinem
682 1805 799 1858 sine
828 1805 1109 1861 exercitiis
1154 1807 1346 1860 activae
1379 1806 1507 1861 vita“:
1539 1806 1755 1873 transit,
1790 1806 1950 1861 facile

353 1896 576 1951 labitur.
598 1897 754 1964 Quod
776 1905 958 1952 autem
982 1896 1074 1953 hic
1096 1898 1232 1969 lapis
1252 1897 1431 1952 radios
1454 1914 1582 1952 suos
1602 1897 1949 1970 circumqua-

352 2003 456 2058 que
493 2003 742 2058 spargere
769 1986 995 2055 dicitur,
1041 1986 1315 2058 signiﬁcat
1353 1987 1479 2042 illos
1511 1987 1681 2056 viros,
1730 1986 1824 2058 qui
1858 2003 1951 2058 per

353 2094 475 2132 eum
497 2077 932 2150 designantur,et
951 2079 1018 2133 ad
1048 2079 1240 2135 activa:
1268 2079 1394 2135 vitae
1419 2079 1951 2152 opera’przedicando

355 2167 556 2221 multos
589 2169 940 2238 pertraxisse,
970 2178 1022 2224 et
1051 2168 1119 2224 ad
1153 2169 1596 2242 contemplativa:
1629 2170 1755 2224 vitae
1795 2169 1950 2224 celsi-

356 2255 603 2309 tudinem
637 2257 839 2311 multos
878 2258 1042 2313 etiam
1083 2275 1267 2314 secum
1291 2259 1514 2314 duxisse
1547 2277 1560 2324 ;
1594 2259 1690 2331 qui
1719 2275 1830 2314 non
1854 2259 1955 2313 in-

355 2360 594 2414 congrue
651 2345 708 2399 in
753 2363 900 2400 nono
951 2348 1071 2402 loco
1119 2357 1436 2419 ponuntur:
1491 2357 1573 2403 ter
1610 2348 1757 2402 enim
1807 2347 1952 2403 terni

359 2431 507 2487 ﬁunt
547 2449 767 2489 novem.
811 2435 997 2491 Sancti
1038 2453 1165 2508 ergo
1196 2436 1300 2490 viri
1331 2437 1426 2508 qui
1460 2444 1682 2508 propter
1706 2453 1953 2491 amorem

361 2529 563 2577 sanctae
585 2522 870 2580 Trinitatis
892 2525 949 2580 in
970 2525 1164 2581 activae
1187 2543 1208 2579 \
1224 2525 1311 2580 itm
1334 2525 1494 2581 bonis
1525 2525 1782 2598 operibus
1805 2526 1956 2596 prius

364 2612 670 2684 aﬂligentes
690 2616 1028 2687 semetipsos,
1050 2616 1163 2670 suis
1180 2615 1663 2672 exhortationibus
1684 2632 1954 2690 quoscun-

361 2718 466 2774 que
500 2713 817 2775 potuerunt,
851 2706 917 2761 ad
948 2723 1099 2762 suam
1130 2707 1496 2762 imitationem
1530 2714 1952 2777 pertraxerunt;

360 2799 413 2845 et
445 2791 643 2848 iterum
667 2795 732 2849 ad
759 2794 1237 2868 contemplandam
1269 2793 1515 2867 ejusdem
1542 2803 1742 2850 sanctae
1774 2795 1953 2850 Trini-

359 2881 490 2934 tatis
519 2880 868 2938 divinitatem
898 2884 1349 2952 conscendentes,
1383 2885 1584 2939 multos
1617 2899 1802 2939 secum
1835 2900 1953 2954 per-
1987 2908 2030 2968 ο

359 2967 775 3035 duxerunt,non
793 2970 1246 3028 inconvenienter
1267 2973 1324 3028 in
1347 2989 1494 3027 nono
1509 2973 1629 3027 loco
1647 2980 1950 3044 ponuntur;

358 3069 423 3109 eo
479 3055 624 3128 quod
681 3059 949 3114 talentum
1001 3060 1148 3133 quod
1201 3076 1232 3115 a
1287 3060 1524 3116 Domino
1574 3068 1952 3131 perceperunt,

360 3161 471 3200 non
525 3147 703 3203 solum
743 3148 1189 3220 duplicaverunt,
1246 3149 1340 3206 sed
1398 3158 1451 3205 et
1509 3149 1953 3222 triplicaverunt.

428 3243 670 3299 Decimus
710 3247 1109 3319 chrysoprasus.
1153 3248 1557 3320 Chrysoprasus
1596 3247 1733 3319 lapis
1762 3245 1958 3302 viridis

357 3335 617 3408 aureique
661 3337 865 3394 coloris
899 3355 1014 3393 esse
1045 3339 1364 3410 perhibetur
1398 3357 1409 3393 :
1449 3337 1542 3412 qui
1584 3353 1680 3409 pro
1711 3353 1775 3392 eo
1811 3335 1958 3409 quod

359 3421 415 3476 in
443 3422 659 3478 decimo
691 3426 811 3481 loco
833 3426 1078 3496 ponitur,
1110 3445 1400 3497 possumus
1420 3445 1516 3499 per
1533 3443 1658 3482 eum
1691 3425 1957 3499 quosdam

357 3511 608 3566 doctores
636 3513 896 3566 Ecclesiae
928 3514 1256 3583 intelligere,
1287 3517 1380 3584 qui
1413 3525 1468 3571 et
1499 3515 1681 3569 verbis
1728 3516 1785 3570 in
1825 3530 1958 3570 cor-

358 3600 586 3671 poribus
634 3600 798 3670 positi
848 3603 1051 3658 multos
1083 3605 1412 3668 docuerunt,
1457 3614 1511 3660 et
1552 3606 1728 3659 multo
1774 3605 1959 3676 plures

361 3686 477 3742 suis
524 3687 746 3759 scriptis
791 3688 1115 3746 erudierunt
1158 3699 1211 3747 et
1245 3690 1507 3748 erudiunt
1537 3692 1784 3764 quotidie
1815 3694 1956 3765 (98),

359 3785 421 3832 ut
471 3775 694 3832 fuerunt
747 3777 1140 3851 Hieronymus,
1173 3779 1536 3851 Augustinus,
1566 3780 1860 3853 Gregorius
1905 3793 1960 3840 et

360 3866 522 3921 multi
561 3866 691 3935 alii;
732 3868 826 3941 qui
856 3869 1019 3925 etiam
1058 3879 1114 3926 et
1143 3869 1356 3927 lumina
1379 3871 1640 3927 Ecclesiae
1671 3880 1818 3930 recte
1846 3873 1957 3930 dici

358 3963 588 4026 possunt
620 3974 632 4012 :
667 3958 762 4030 qui
793 3975 890 4031 per
931 3959 1167 4016 viridem
1211 3967 1264 4016 et
1303 3975 1533 4016 aureum
1572 3961 1813 4017 colorem
1853 3962 1959 4019 de-

357 4044 682 4115 signantur;
725 4063 789 4102 eo
837 4047 985 4119 quod
1027 4049 1311 4107 viriditate
1358 4048 1485 4104 ﬁdei
1534 4048 1742 4106 fuerint
1789 4050 1954 4119 ﬁrmi,

358 4140 412 4186 et
440 4133 729 4203 sapientia,
760 4146 822 4192 ut
853 4154 1047 4193 aurum
1091 4139 1310 4212 fulgidi.
1345 4140 1447 4195 Per
1493 4139 1780 4196 denarium
1828 4157 1957 4197 vero

359 4237 651 4276 numerum
682 4231 840 4278 vetus
871 4225 1301 4298 Testamentum,
1334 4237 1556 4299 propter
1589 4228 1777 4285 decem
1807 4230 1955 4286 vide-

359 4309 488 4367 licet
516 4319 784 4382 praecepta
813 4311 989 4384 Legis,
1023 4331 1313 4385 possumus
1344 4318 1670 4390 intelligere.
1712 4321 1785 4376 Et
1827 4321 1956 4392 quia

359 4408 524 4457 vetus
553 4401 961 4456 Testamentum
1000 4402 1119 4456 sine
1162 4403 1414 4460 doctrina
1449 4407 1583 4460 novi
1622 4407 1955 4465 Testamenti

355 4492 542 4548 nullus
571 4490 878 4562 intelligere
910 4498 1108 4562 potest,
1143 4509 1207 4549 eo
1251 4494 1396 4565 quod
1437 4495 1703 4566 spiritalis
1733 4498 1952 4552 intelli-

355 4581 538 4654 gentia
587 4580 644 4635 in
685 4580 856 4635 veteri
890 4579 1240 4636 Testamento
1281 4581 1422 4637 nihil
1469 4582 1541 4638 sit
1580 4584 1753 4651 aliud,
1787 4600 1950 4656 quam

352 4687 558 4726 novum
594 4671 1035 4737 Testamentum;
1088 4687 1202 4726 non
1249 4670 1708 4728 inconvenienter
1748 4673 1807 4728 in
1845 4672 1950 4728 de-

349 4762 494 4817 cimo
552 4762 674 4818 loco
723 4768 1026 4833 ponuntur,
1084 4775 1148 4816 eo
1205 4759 1351 4833 quod
1407 4759 1694 4817 scientiam
1749 4763 1950 4819 veteris

349 4849 685 4905 Testamenti
715 4865 778 4904 ac
809 4849 940 4905 novi
967 4849 1343 4921 plenissimam
1391 4849 1707 4907 habuerint.
1741 4852 1950 4908 Possu-

347 4952 470 4992 mus
505 4943 560 4991 et
603 4936 890 4992 denarium
937 4953 1229 4992 numerum
1268 4937 1431 4994 aliter
1476 4938 1819 5011 intelligere;
1858 4939 1948 4996 de-

413 5135 531 5205 (97)
554 5137 682 5192 Mss.
716 5136 882 5190 etiam
913 5135 1170 5192 omnibus
1202 5135 1432 5192 debetur
1471 5137 1588 5196 huic
1617 5138 1899 5196 restitutio
1930 5158 1941 5195 :

338 5206 558 5281 incdit.
607 5206 764 5281 enim
786 5207 1083 5281 legebatur,
1115 5207 1209 5278 qui
1244 5211 1563 5281 pergactivw
1610 5211 1730 5266 vita:
1777 5227 1942 5281 opera

335 5279 407 5331 ad
431 5279 887 5357 contemplativam
916 5279 1079 5334 vitam
1119 5279 1491 5346 conscendunt,
1530 5283 1622 5352 qui
1654 5279 1823 5353 prius
1839 5297 1942 5352 per

335 5355 538 5404 actium.
570 5356 676 5404 etc.

335 5365 829 5487 “0235251631115”
866 5419 998 5477 edit.
1031 5437 1185 5492 vero,
1205 5427 1252 5478 et
1273 5421 1543 5479 erudiunt.
1575 5422 1680 5491 Qui
1707 5423 1865 5480 etiam
1889 5428 1938 5480 et

2054 286 2309 326 numeros
2339 285 2350 322 :
2386 268 2462 323 ita
2489 277 2544 325 et
2589 268 2681 323 isti
2711 267 3020 324 diviserunt
3048 265 3484 340 quodammodo
3518 267 3645 323 Scri-

2053 371 2260 433 pturas,
2289 376 2416 416 cum
2446 375 2535 416 eas
2563 360 2886 432 exponendo
2927 375 3023 432 per
3067 359 3385 414 sententias
3419 365 3475 412 et
3505 358 3647 417 libros

2055 450 2247 523 partiti
2281 458 2408 505 sunt
2441 466 2452 504 ε
2487 449 2882 504 ordinaverunt
2922 465 3030 515 eas,
3064 464 3191 503 cum
3232 463 3436 502 earum
3469 447 3650 504 obscu-

2053 540 2240 596 ritates
2268 545 2598 610 aperuerunt
2630 555 2644 604 ;
2685 546 2738 593 et
2776 555 2894 610 qua:
2943 537 3266 594 inordinata
3304 536 3650 606 videbantur,

2053 644 2216 700 quam
2247 635 2456 682 rectum
2487 625 2736 681 ordinem
2768 625 3088 694 habuerint,
3113 625 3651 682 manifestaverunt:

2055 717 2398 788 perfecerunt
2424 722 2629 781 autem,
2659 731 2785 771 cum
2817 731 2880 770 ea
2925 730 3047 786 quae
3076 713 3266 770 deesse
3302 713 3655 783 videbantur,

2055 807 2472 876 suppleverunt.

2131 895 2438 950 Undecimus
2491 893 2818 964 hyacinthus.
2870 891 3220 964 Hyacinthus
3265 891 3437 963 cujus
3468 893 3667 964 species

2056 982 2422 1055 hyacinthino
2451 983 2623 1038 colori
2671 997 2870 1036 nomen
2903 981 3189 1053 imposuit,
3227 982 3669 1053 pretiosissimas

2056 1082 2156 1140 est,
2201 1072 2324 1127 C(Bli
2372 1070 2548 1126 sereni
2597 1071 2834 1126 colorem
2868 1070 3095 1136 habens,
3130 1070 3279 1126 sicut
3322 1069 3666 1142 sapphirus:

2057 1160 2151 1216 sed
2199 1161 2293 1216 ille
2341 1159 2580 1216 maculas
2633 1158 2815 1226 habet,
2868 1157 3026 1214 istius
3069 1157 3444 1229 pulchritudo
3503 1159 3670 1214 nullis

2059 1248 2290 1306 maculis
2335 1247 2678 1320 deturpatur.
2715 1245 3001 1318 Signiﬁcat
3040 1256 3226 1302 autem
3256 1254 3487 1302 sanctos
3525 1247 3672 1304 viros

2057 1337 2124 1392 ab
2180 1336 2438 1392 omnibus
2491 1334 2744 1392 sordibus
2785 1343 3132 1407 peccatorum
3174 1335 3419 1402 alienos,
3475 1342 3671 1390 terram

2057 1427 2402 1499 corporibus,
2435 1425 2632 1482 coelum
2672 1425 2952 1481 mentibus
2981 1441 3197 1498 semper
3238 1425 3670 1492 inhabitantes;

2059 1519 2124 1574 de
2156 1519 2410 1592 qualibus
2454 1519 2558 1574 fuit
2605 1519 2917 1590 Apostolus,
2967 1519 3062 1591 qui
3107 1518 3372 1575 dicebat:
3425 1543 3446 1564 ι
3481 1519 3675 1574 Nostra

2059 1618 2242 1666 autem
2259 1608 2676 1664 conversatioin
2695 1608 2848 1663 cmlis
2864 1616 2944 1664 est
2970 1607 3232 1679 (Philipp.
3264 1626 3350 1675 ιιι,
3377 1607 3505 1679 20).
3524 1632 3542 1654 ι
3574 1608 3675 1676 Qui

2060 1715 2172 1754 non
2217 1697 2673 1753 inconvenienter
2718 1696 2777 1751 in
2822 1697 3118 1754 undecimo
3163 1698 3284 1754 loco
3331 1708 3672 1769 ponuntur;

2059 1805 2155 1860 per
2175 1787 2359 1844 decem
2379 1802 2617 1860 namque
2637 1787 2866 1842 scientia
2886 1786 3204 1842 divinarum
3228 1787 3675 1860 Scripturarum,

2059 1877 2202 1932 sicut
2231 1877 2480 1946 superius
2509 1875 2778 1943 diximus,
2805 1874 2918 1946 jam
2950 1875 3272 1948 designatur
3299 1895 3312 1941 ;
3358 1893 3510 1931 unus
3544 1893 3675 1932 vero

2060 1965 2154 2038 qui
2184 1965 2368 2021 decen
2400 1965 2669 2038 sequitur,
2705 1973 2766 2020 ut
2796 1965 3049 2022 undecim
3082 1965 3240 2034 ﬁant,
3271 1967 3343 2022 ad
3374 1968 3548 2022 unius
3576 1969 3675 2023 Dei

2060 2053 2576 2125 contemplationem
2601 2055 2858 2127 pertinet.
2891 2056 2985 2110 Isti
3017 2073 3143 2128 ergo
3175 2056 3350 2112 sancti
3385 2056 3674 2112 decimum

2061 2161 2353 2201 numerum
2409 2145 2526 2218 (99)
2576 2148 3036 2219 compleverunt;
3072 2148 3201 2221 quia
3249 2149 3489 2204 scientia
3532 2149 3672 2204 divi-

2061 2251 2255 2291 narum
2317 2235 2724 2307 Scripturarum
2796 2237 3009 2309 repleti,
3082 2239 3288 2294 multos
3358 2237 3478 2293 suis
3537 2256 3671 2310 prae-

2063 2324 2434 2380 dicationibus
2498 2324 2568 2380 ad
2627 2325 2798 2380 vitam
2879 2334 3138 2382 mternam
3211 2327 3602 2398 perduxerunt
3656 2347 3668 2382 :

2063 2427 2239 2471 unum
2299 2432 2591 2472 numerum
2660 2418 3074 2489 compleverunt
3124 2437 3139 2485 ;
3219 2420 3352 2492 quia
3411 2419 3472 2474 in
3532 2437 3672 2474 con-

2063 2505 2420 2575 templatione
2451 2505 2549 2561 Dei
2579 2506 2974 2578 omnipotentis
3002 2507 3207 2564 assidui
3259 2509 3490 2563 fuerunt
3530 2525 3540 2561 :
3576 2523 3674 2563 nec

2063 2598 2328 2654 instantia
2374 2597 2778 2669 prmdicationis
2821 2615 2852 2653 a
2899 2599 3386 2670 contemplatione,
3447 2617 3552 2655 nec
3580 2617 3672 2654 as—

2067 2686 2226 2742 sidua
2277 2687 2670 2759 contemplatio
2714 2705 2745 2742 a
2791 2687 3177 2760 praedicatione
3221 2705 3314 2744 eos
3374 2689 3611 2744 retraxit
3651 2705 3666 2753 ;

2066 2774 2491 2830 similitudinem
2545 2783 2811 2847 gestantes
2858 2777 3198 2848 angelorum,
3251 2777 3348 2849 qui
3398 2783 3453 2832 et
3500 2791 3675 2847 ange-

2065 2863 2234 2919 licum
2293 2863 2534 2918 oﬁicium
2599 2881 2813 2936 semper
2868 2863 3120 2936 implent,
3192 2870 3246 2918 et
3316 2879 3348 2918 a
3420 2872 3672 2920 contem-

2065 2958 2309 3030 platione
2357 2957 2456 3012 Dei
2503 2959 2899 3030 omnipotentis
2945 2973 3228 3030 nunquam
3283 2957 3455 3012 alieni
3513 2958 3672 3012 exsi-

2065 3055 2237 3103 stunt.
2286 3048 2364 3102 De
2408 3046 2611 3112 talibus
2652 3047 2871 3102 videtur
2909 3046 3047 3102 mihi
3097 3046 3362 3118 propheta
3409 3046 3620 3103 dixisse
3655 3064 3667 3101 :

2080 3158 2099 3182 ι
2129 3135 2295 3190 Labia
2333 3135 2629 3192 sacerdotis
2669 3135 2992 3193 custodiunt
3033 3135 3346 3204 scientiam,
3394 3144 3449 3191 et
3497 3140 3670 3208 legem

2066 3225 2356 3297 requirunt
2385 3241 2455 3280 ex
2481 3242 2572 3280 ore
2601 3225 2720 3297 ejus
2747 3245 2761 3294 ;
2813 3225 2942 3298 quia
2969 3227 3192 3298 angelus
3237 3226 3468 3282 Domini
3503 3243 3670 3281 exer-

2065 3314 2276 3370 cituum
2307 3321 2388 3370 est
2419 3316 2673 3387 (Malach.
2711 3333 2770 3383 ιι,
2806 3317 2884 3386 7).
2909 3340 2928 3363 ι
2961 3316 3040 3371 De
3061 3314 3261 3370 talibus
3293 3316 3404 3371 fuit
3435 3317 3669 3372 Joannes

2067 3401 2331 3474 Baptista,
2363 3402 2431 3458 de
2458 3421 2564 3477 quo
2593 3403 2861 3460 Dominus
2882 3403 3098 3460 dicebat
3129 3421 3139 3458 :
3189 3427 3208 3451 α
3241 3404 3344 3460 Hic
3364 3413 3453 3460 est
3477 3405 3544 3460 de
3565 3421 3669 3477 quo

2067 3491 2333 3563 scriptum
2382 3500 2464 3548 est
2515 3511 2527 3549 :
2577 3495 2718 3550 Ecce
2776 3493 2936 3548 mitto
2991 3493 3246 3566 angelum
3299 3509 3490 3549 meum
3550 3502 3668 3550 ante

2067 3579 2262 3637 faciem
2317 3587 2490 3650 tuam,
2535 3582 2631 3655 qui
2677 3582 3003 3654 praeparabit
3038 3581 3186 3639 viam
3232 3588 3386 3637 tuam
3434 3591 3564 3639 ante
3613 3592 3660 3638 te

2069 3669 2221 3739 (Luc.
2254 3686 2352 3737 vn,
2384 3670 2500 3742 27).
2541 3696 2558 3718 ι

2138 3760 2487 3814 Duodecimus
2567 3762 2902 3833 amethystus.
2982 3761 3132 3834 Step6
3204 3775 3302 3834 per
3375 3760 3666 3818 duodena-

2067 3848 2211 3904 rium
2256 3865 2547 3905 numerum
2595 3851 2828 3922 apostoli
2854 3850 3210 3924 designantur
3255 3868 3268 3904 :
3320 3851 3667 3925 amethystus

2069 3953 2198 3993 vero
2228 3954 2536 4010 purpureus
2564 3947 2646 3994 est
2673 3957 2687 4006 ;
2728 3946 2781 3994 et
2810 3940 3016 3995 scimus
3052 3939 3181 4011 quia
3223 3955 3471 4012 purpura
3501 3958 3666 3996 orna-

2067 4038 2314 4085 mentum
2347 4036 2428 4084 est
2459 4029 2657 4101 regale.
2689 4029 2790 4084 Per
2824 4027 3200 4101 amethystum
3232 4028 3405 4101 igitur
3433 4029 3664 4102 apostoli

2066 4135 2365 4192 eorumque
2422 4119 2629 4175 similes
2685 4117 3058 4190 designantur,
3121 4118 3216 4191 qui
3276 4128 3665 4175 ornamentum

2068 4209 2292 4264 fuerunt
2337 4207 2483 4276 Dei;
2532 4207 2661 4280 quia
2707 4223 2830 4262 eum
2879 4223 2972 4280 per
3018 4207 3342 4264 universum
3399 4209 3666 4265 mundum

1986 4271 2036 4329 D
2069 4271 2970 4370 praedicaverunt-Grumentum
3023 4296 3122 4352 Dei
3165 4295 3274 4352 fuit
3327 4297 3547 4365 Petrus,
3599 4297 3663 4352 de

2064 4404 2173 4460 quo
2225 4387 2488 4458 scriptum
2537 4392 2617 4441 est
2673 4384 2819 4459 quod
2876 4385 3262 4441 clariﬁcaverit
3288 4387 3468 4442 Deum
3497 4394 3668 4443 morte

2063 4492 2161 4530 sua
2209 4477 2389 4546 (Joan.
2440 4491 2562 4542 xxx,
2613 4475 2702 4544 19)
2755 4493 2766 4529 ;
2808 4472 3066 4530 similiter
3105 4483 3160 4530 et
3201 4475 3387 4530 caeteri
3434 4473 3664 4548 apostoli

2061 4570 2443 4619 ornamentum
2475 4562 2573 4619 Dei
2604 4563 2829 4618 fuerunt
2883 4579 2895 4617 :
2943 4563 3072 4634 quia
3117 4579 3243 4619 eum
3291 4563 3664 4635 praedicando,

2060 4654 2325 4710 miracula
2354 4650 2626 4721 faciendo,
2659 4667 2757 4724 pro
2791 4650 3016 4706 nomine
3046 4650 3166 4723 ejus
3196 4653 3510 4724 moriendo,
3541 4657 3662 4712 cla—

2059 4742 2435 4798 riﬁcaverunt.

2132 4842 2314 4913 (Vers.
2347 4839 2464 4911 21.)
2507 4840 2582 4896 Et
2610 4838 2882 4894 duodecim
2916 4845 3090 4912 porta:
3120 4839 3400 4895 duodecim
3437 4857 3666 4911 marga-

2055 4935 2174 4991 rita:
2198 4953 2296 5007 per
2331 4936 2567 5006 singulas
2598 4952 2615 4991 :
2653 4941 2699 4990 et
2726 4934 2949 5007 singqu
2969 4941 3144 5007 portae
3173 4941 3333 4992 erant
3382 4953 3448 4991 ea:
3475 4935 3663 5006 singu-

2057 5137 2256 5194 lumina
2293 5138 2628 5194 Ecclesia...
2661 5152 2718 5191 eo
2745 5136 2886 5206 quod
2916 5133 3186 5190 viriditate
3234 5134 3381 5206 ﬁdei,
3414 5133 3662 5205 [imitate

2051 5217 2100 5264 et
2120 5209 2399 5287 sapimttia,
2429 5215 2486 5262 ut
2511 5224 2705 5287 aur-um
2733 5205 2934 5287 fulgidi
2961 5205 3205 5287 fuerunt.

2124 5279 2240 5352 (99)
2273 5280 2473 5352 omnes
2501 5279 2657 5348 edit.,
2708 5279 3062 5352 undmmfium
3119 5293 3441 5352 numerum;
3475 5291 3661 5352 omnes

2051 5347 2499 5420 mss.,'decimum
2543 5347 2837 5406 numerum.
2880 5349 3102 5417 Melius,
3154 5364 3281 5406 cum
3332 5347 3403 5404 de
3452 5349 3659 5404 unitate

2049 5422 2194 5480 intra
2229 5423 2466 5482 dicatur.
