3902 6198
195 187 340 248 1045

1106 189 1562 250 BERENGAUDI
1602 190 1974 250 EXPOSITIO
2010 191 2083 250 IN
2117 191 2628 254 APOCALYPSIN.

3354 195 3492 256 1046

194 316 264 372 lis
309 314 639 388 margaritis.
691 313 806 371 Hoc
849 312 1151 371 secundum
1200 315 1437 372 litteram
1485 325 1628 374 stare
1672 334 1784 373 non
1812 319 1864 378 A
1891 316 2142 375 incedere
2172 335 2280 374 non
2315 328 2491 392 potest
2523 340 2534 379 :
2563 321 2619 377 in
2651 321 2749 378 illa
2774 328 2960 379 autem
2991 321 3356 392 beatitudine,
3387 323 3494 380 ubi

191 412 392 478 potest.
425 404 480 461 Si
510 404 738 478 singula
778 413 948 477 porta
979 412 1134 460 erant
1161 421 1230 462 ex
1255 405 1491 478 singulis
1531 406 1789 480 margari-

189 496 288 563 tis,
320 487 596 570 quomodo
624 512 720 569 per
757 512 1205 569 unamquamque
1233 496 1527 554 duodecim
1568 513 1790 568 marga-

191 585 316 642 rita
347 586 514 642 fuisse
542 586 805 643 dicuntur
825 587 852 642 ‘l
877 586 982 642 Sed
1012 586 1336 658 spiritaliter
1366 587 1790 660 intelligendum

189 683 316 743 est;
363 677 653 733 duodecim
685 694 919 750 namque
965 679 1269 750 margarita
1298 684 1448 744 sunt,
1494 694 1562 732 ex
1591 677 1794 750 quibus

189 765 428 838 singula
459 774 661 837 portea
707 782 822 822 esse
850 765 1135 834 dicuntur,
1183 766 1238 822 id
1265 773 1365 832 est,
1397 774 1617 822 centum
1649 783 1793 840 qua-

189 854 448 927 draginta
476 863 730 926 quatuor,
764 871 859 926 per
887 872 1020 927 quas
1049 857 1423 927 apostolorum
1455 871 1793 912 successores

189 943 449 1000 doctores
495 945 756 1001 Ecclesia
799 945 1177 1016 designantur,
1224 946 1319 1018 qui
1369 945 1531 1001 ﬁdem
1576 945 1793 1002 doctri—

188 1049 434 1107 namque
481 1034 852 1105 apostolorum
883 1044 1011 1090 sunt
1052 1035 1246 1102 secuti,
1277 1042 1330 1090 et
1354 1042 1507 1090 actus
1542 1034 1742 1091 imitati
1774 1053 1788 1102 ;

189 1123 295 1196 qui
346 1132 567 1195 propter
609 1124 739 1178 vita
771 1123 1101 1180 munditiam
1134 1131 1187 1179 et
1213 1123 1555 1179 sanctitatem
1591 1123 1794 1196 praci—

189 1230 363 1285 puam
428 1229 523 1284 per
569 1213 860 1269 candorem
924 1213 1338 1285 margaritarum
1389 1212 1791 1284 signiﬁcantur.

187 1301 272 1356 Et
289 1303 479 1372 platea
505 1300 733 1355 civitatis
762 1318 958 1355 aurum
985 1303 1264 1370 mundum,
1308 1309 1559 1372 tanquam
1597 1301 1796 1356 vitrum

182 1389 542 1460 perlucidum.
577 1390 840 1463 Superius
866 1408 961 1463 per
988 1408 1184 1448 aurum
1209 1391 1477 1447 mundum
1505 1398 1558 1446 et
1589 1390 1796 1445 vitrum

189 1479 468 1536 mundum
515 1479 782 1551 perfectos
837 1480 986 1537 viros
1015 1488 1069 1536 et
1111 1488 1328 1537 sanctos
1376 1481 1596 1552 angelos
1639 1477 1798 1534 dixi—

191 1586 324 1625 mus
377 1568 758 1642 signiﬁcatos:
817 1571 910 1626 sed
971 1570 1065 1627 hic
1120 1587 1216 1643 per
1272 1571 1502 1642 plateam
1556 1567 1798 1626 civitatis

1898 407 2065 464 nulla
2095 409 2329 465 tenebrae
2359 419 2543 480 erunt,
2576 412 2732 468 nulla
2779 410 3031 479 offensio,
3062 411 3205 467 nihil
3239 411 3496 469 incorre-

1897 505 2048 555 ctum
2078 498 2224 571 quod
2254 499 2454 572 corrigi
2484 499 2682 572 possit,
2707 503 2804 557 lux
2833 502 2965 558 novi
2995 519 3058 559 ac
3080 503 3285 560 veteris
3313 503 3496 560 Testa-

1900 588 2072 642 menti
2098 588 2402 644 necessaria
2435 605 2548 644 non
2580 590 2686 647 erit
2726 609 2739 658 ;
2776 590 2929 647 illius
2962 592 3111 648 enim
3132 593 3344 649 lumine
3373 608 3496 649 san-

1900 676 1975 733 cti
2005 676 2123 732 sine
2151 676 2260 732 ﬁne
2299 678 2670 750 perfruentur,
2701 680 2796 752 qui
2842 688 3034 737 auctor
3079 689 3161 738 est
3198 682 3361 752 lucis,
3399 682 3498 755 qui

1914 766 2242 823 «illuminat
2296 784 2515 824 omnem
2563 768 2847 826 hominem
2882 769 3195 828 venientem
3247 771 3305 827 in
3347 771 3501 830 hunc

1901 855 2169 910 mundum
2203 856 2384 928 (Joan.
2417 875 2458 922 ι,
2479 857 2560 926 9).
2594 880 2613 904 ι

1976 945 2156 1016 (Vers.
2185 945 2301 1015 24.)
2339 947 2414 1001 Et
2452 947 2798 1003 ambulabunt
2850 953 3022 1018 gentes
3058 963 3152 1018 per
3188 947 3361 1002 lumen
3388 946 3501 1016 ejus

1902 1039 1950 1088 et
1992 1052 2134 1106 reges
2186 1041 2342 1091 terra
2369 1037 2595 1106 a/ferent
2633 1039 2861 1110 gloriam
2893 1056 3048 1095 suam
3095 1045 3144 1094 et
3169 1040 3417 1095 honorem
3447 1039 3504 1093 in

1901 1123 2074 1179 illam.
2124 1125 2226 1180 Per
2272 1134 2456 1197 gentes
2511 1145 2702 1184 omnes
2756 1129 2916 1185 electi
2975 1130 3354 1202 designantur.
3396 1129 3504 1185 Sed

1904 1213 2180 1285 quomodo
2226 1215 2645 1272 ambulabunt?
2693 1217 3076 1274 Ambulabunt
3123 1227 3326 1285 mente,
3391 1233 3505 1272 non

1904 1322 2174 1378 corpore:
2226 1323 2338 1362 non
2385 1307 2650 1364 mutando
2700 1308 2904 1373 locum,
2964 1309 3058 1364 sed
3105 1306 3505 1365 considerando

1905 1395 2384 1466 omnipotentiam,
2424 1396 2775 1453 divinitatem
2806 1407 2968 1470 atque
3000 1396 3364 1468 majestatem.
3405 1396 3508 1450 Per

1908 1483 2093 1539 lumen
2122 1485 2384 1541 Ecclesiae
2413 1486 2776 1542 ambulabunt
2809 1505 2822 1554 ;
2857 1487 2986 1560 quia
3013 1493 3073 1541 ut
3103 1486 3207 1542 hoc
3238 1485 3344 1541 iter
3374 1500 3509 1558 per-

1907 1571 2068 1630 ﬁcere
2115 1574 2347 1645 possint,
2401 1574 2500 1632 illo
2564 1575 2775 1631 lumine
2823 1573 3314 1641 illuminabuntur,
3359 1571 3508 1646 quod

191 1668 410 1716 mentes
432 1659 679 1716 ﬁdelium
720 1679 734 1729 ;
770 1677 867 1734 per
891 1677 1087 1716 aurum
1119 1677 1251 1716 vero
1285 1660 1577 1727 mundum,
1610 1667 1665 1714 et
1702 1658 1800 1712 vi-
1826 1683 1873 1742 B
1909 1669 2121 1718 cuncta
2172 1663 2431 1720 Ecclesia
2500 1665 2853 1736 omnipotens
2899 1667 3043 1720 Deus
3095 1663 3326 1718 daturus
3375 1669 3459 1718 est
3493 1678 3506 1717 :

189 1759 346 1807 trum
379 1749 723 1822 perlucidum
754 1749 1030 1806 munditia
1058 1750 1329 1806 mentium
1373 1749 1663 1804 hominum
1695 1747 1800 1802 de-

191 1837 463 1910 signatur,
512 1846 674 1912 atque
720 1839 1080 1910 angelorum;
1125 1838 1255 1911 quia
1301 1838 1446 1894 sicut
1495 1836 1564 1893 ad
1593 1843 1802 1892 mentes

188 1937 516 2007 angelorum
545 1938 700 1992 nulla
731 1953 978 2009 unquam
1002 1952 1145 1991 vana
1173 1932 1321 1990 584
1348 1934 1610 2008 cogitatio
1638 1949 1803 1990 acce-

191 2025 329 2082 dere
355 2027 553 2098 potuit,
587 2043 708 2098 qua
741 2043 833 2082 eos
865 2027 1166 2082 macularet
1197 2044 1210 2092 ;
1245 2025 1320 2080 ita
1349 2033 1402 2080 et
1433 2024 1648 2080 sanctis
1682 2032 1803 2095 post

191 2115 687 2172 ressurrectionem
705 2115 857 2170 nulla
874 2130 1116 2186 unquam
1134 2114 1350 2170 inutilis
1365 2112 1627 2185 cogitatio
1642 2111 1802 2167 adve-

189 2204 335 2272 niet,
368 2220 489 2276 qua
519 2220 708 2260 eorum
741 2211 952 2259 mentes
982 2205 1366 2260 commaculet.

272 2295 457 2367 (Vers.
503 2294 619 2365 22.)
650 2295 722 2350 Et
754 2295 999 2364 templum
1029 2309 1136 2347 non
1163 2292 1275 2347 vidi
1318 2292 1376 2346 in
1405 2308 1462 2347 ea
1497 2308 1510 2358 ;
1543 2291 1803 2347 Dominus

200 2382 343 2439 enim
386 2383 708 2454 omnipotens
747 2383 994 2452 templum
1030 2381 1181 2436 illius
1227 2386 1319 2449 est,
1373 2386 1422 2435 et
1465 2379 1668 2450 Agnus.
1702 2379 1803 2435 Per

195 2474 491 2545 templum,
543 2472 601 2527 in
631 2489 740 2544 quo
789 2472 985 2527 hostiae
1015 2479 1069 2527 et
1093 2470 1361 2528 sacriﬁcia
1407 2469 1800 2537 offerebantur,

199 2581 440 2639 prasens
485 2563 732 2621 Ecclesia
774 2563 1111 2634 designatur,
1161 2563 1218 2617 in
1245 2577 1353 2634 qua
1399 2577 1510 2616 non
1539 2559 1800 2628 carnalia,

197 2651 297 2708 sed
367 2652 638 2724 spiritalia
679 2650 947 2707 sacriﬁcia
994 2649 1241 2723 quotidie
1299 2651 1413 2704 Deo
1471 2647 1798 2703 offeruntur.

193 2741 337 2796 Nam
383 2739 526 2796 sicut
574 2740 693 2798 illic
733 2739 1034 2796 secundum
1086 2738 1408 2812 qualitatem
1451 2746 1799 2808 peccatorum

195 2831 556 2888 exercebatur
603 2831 743 2886 ritus
783 2829 1216 2896 sacriﬁciorum;
1269 2827 1346 2883 ita
1375 2836 1430 2883 et
1462 2827 1518 2882 in
1555 2825 1803 2882 Ecclesia

193 2919 504 2976 secundum
547 2918 771 2975 modum
821 2919 1108 2990 culparum
1138 2917 1340 2974 debent
1378 2932 1493 2971 esse
1527 2914 1797 2971 sacriﬁcia

1910 1765 2006 1822 per
2034 1767 2186 1823 reges
2225 1759 2406 1807 autem
2453 1759 2612 1807 terra
2651 1751 2885 1824 apostoli
2934 1759 2989 1806 et
3018 1753 3198 1808 cateri
3238 1751 3504 1823 pradica-

1909 1846 2056 1894 tores
2084 1840 2443 1912 designantur
2473 1859 2484 1897 :
2520 1841 2749 1912 gloriam
2796 1856 2927 1896 vero
2964 1847 3017 1895 et
3060 1840 3327 1895 honorem
3356 1855 3508 1911 pra-

1910 1935 2219 1992 dicatorum
2249 1953 2341 1993 eos
2369 1945 2549 2005 vocat,
2583 1936 2679 2010 qui
2708 1951 2803 2009 per
2832 1953 2923 1992 eos
2943 1936 3322 2004 crediderunt,
3355 1936 3502 1992 sicut

1911 2028 2190 2100 apostolus
2224 2029 2424 2084 Paulus
2468 2027 2604 2085 dicit
2655 2026 2944 2100 discipulis
2974 2027 3121 2095 suis;
3164 2043 3294 2083 nam
3336 2026 3512 2100 gloria

1912 2126 2098 2174 nostra
2126 2136 2224 2175 vos
2252 2120 2384 2176 estis
2414 2119 2473 2175 in
2500 2118 2740 2175 Domino
2775 2119 2864 2191 (II
2892 2119 3018 2175 Cor.
3047 2137 3086 2186 ι,
3110 2117 3226 2188 14).
3261 2117 3511 2174 Aﬁ‘erent

1914 2223 2040 2280 ergo
2093 2209 2324 2279 gloriam
2373 2225 2528 2265 suam
2575 2216 2630 2264 et
2693 2208 2959 2264 honorem
3004 2207 3063 2263 in
3111 2207 3265 2263 illam
3318 2224 3332 2274 ;
3383 2222 3509 2263 cum

1913 2315 2004 2356 eos
2048 2301 2142 2373 qui
2190 2318 2286 2374 per
2335 2319 2427 2358 eos
2465 2301 2837 2370 crediderunt,
2879 2301 3118 2358 Domino
3143 2310 3512 2374 reprasenta—

1912 2387 2077 2446 bunt.

1986 2480 2168 2552 (Vers.
2197 2479 2313 2551 25.)
2335 2482 2410 2536 Et
2432 2486 2604 2552 porta:
2629 2480 2740 2550 ejus
2759 2498 2866 2537 non
2888 2481 3200 2536 claudentur
3220 2496 3318 2550 per
3343 2480 3514 2546 diem;

1910 2586 2019 2624 ηοω
2035 2569 2171 2623 enim
2189 2587 2298 2624 non
2316 2569 2416 2623 erit
2432 2569 2562 2625 illic.
2587 2569 2848 2642 Superius
2874 2584 2970 2640 per
2990 2567 3283 2623 duodecim
3303 2575 3510 2640 portas,

1913 2674 2036 2730 qua
2051 2673 2121 2712 ex
2136 2656 2428 2712 duodecim
2446 2657 2754 2728 margaritis
2766 2657 2935 2712 fuisse
2946 2656 3516 2727 dicuntur,apostolos

1913 2747 2081 2803 fuisse
2111 2749 2359 2804 diximus
2388 2747 2700 2819 designatos
2725 2766 2737 2803 :
2772 2747 2866 2803 sed
2895 2746 2988 2803 hic
3009 2746 3104 2802 ubi
3125 2746 3245 2802 sine
3273 2762 3508 2802 numero

1911 2844 2212 2908 ponuntur,
2235 2836 2400 2892 aliam
2432 2835 2892 2908 signiﬁcationem
2914 2836 3156 2902 habent;
3192 2834 3508 2906 signiﬁcant

1911 2941 2146 2996 namque
2161 2925 2327 2982 corda
2345 2927 2616 2992 ﬁdelium,
2631 2926 2819 2982 ﬁdeles
2835 2941 3072 2997 namque
3089 2923 3147 2980 in
3160 2923 3264 2980 hac
3279 2924 3396 2979 vita
3413 2941 3512 2996 po-

194 3008 559 3081 panitentia,
607 3007 875 3064 sacriﬁcia
927 3007 1260 3074 orationum,
1313 3005 1565 3073 ﬂetuum,
1617 3003 1800 3059 cordis

1911 3016 2006 3072 siti
2033 3000 2248 3072 noctem
2267 3016 2572 3088 patiuntur,
2596 3015 2651 3071 id
2675 3022 2775 3083 est,
2798 3014 3077 3071 daemones
3101 3021 3155 3070 et
3178 3014 3379 3086 impios
3402 3013 3500 3070 ho-

192 3097 709 3168 compunctionum.
779 3099 857 3152 De
913 3095 1117 3150 talibus
1185 3093 1469 3150 sacriﬁciis
1524 3092 1798 3164 Propheta

192 3187 446 3260 loquitur
487 3186 710 3244 dicens:
778 3209 796 3234 ι
842 3184 1184 3243 Sacriﬁcium
1227 3186 1340 3239 Deo
1386 3183 1612 3256 spiritus
1656 3198 1798 3239 con-

189 3283 496 3341 tribulatus
545 3285 718 3354 (Psal.
753 3299 804 3351 ιι,
853 3281 943 3350 19)
970 3298 984 3348 ;
1015 3304 1034 3328 ι
1093 3289 1148 3336 et
1176 3279 1414 3334 iterum:
1465 3301 1484 3328 ι
1514 3279 1668 3335 Tunc
1696 3295 1798 3334 ac—

188 3374 440 3446 ceptabis
494 3372 825 3430 sacriﬁcium
863 3369 1095 3443 justitia
1141 3369 1302 3442 (Ibid.
1360 3369 1476 3438 21).
1528 3391 1547 3416 »
1617 3367 1673 3423 Si
1717 3375 1799 3422 est

189 3463 530 3520 sacriﬁcium
578 3460 830 3532 justitia,
889 3467 969 3514 est
1025 3465 1079 3513 et
1132 3457 1410 3530 patientia
1471 3457 1576 3528 (1),
1636 3464 1719 3512 est
1744 3462 1799 3510 et

187 3551 564 3620 abstinentia,
616 3559 698 3607 est
747 3557 802 3606 et
847 3549 1178 3605 humilitatis
1215 3555 1644 3618 caterarumque
1675 3545 1798 3600 vir-

187 3650 401 3698 tutum.
443 3641 571 3697 Hac
618 3647 748 3696 sunt
801 3637 1089 3705 sacriﬁcia,
1120 3654 1240 3709 qua
1269 3635 1492 3692 odorem
1522 3633 1797 3689 suavissi-

186 3749 351 3788 mum
394 3732 638 3804 prabent
671 3731 932 3798 Domino,
963 3745 1076 3785 non
1122 3745 1312 3785 carnes
1341 3726 1634 3799 pecudum,
1676 3740 1796 3797 qua

186 3823 254 3880 in
311 3822 472 3879 altari
505 3822 910 3879 cremabantur.
952 3821 1209 3888 Joannes,
1250 3834 1380 3890 ergo
1436 3818 1703 3888 templum
1735 3815 1794 3870 in

186 3920 386 3969 sancta
413 3911 637 3968 civitate
666 3927 723 3966 se
758 3926 869 3966 non
900 3908 1105 3966 vidisse
1134 3908 1280 3966 dixit
1314 3926 1327 3974 ;
1362 3907 1492 3979 quia
1520 3906 1636 3961 hac
1666 3921 1796 3959 om—

185 4000 291 4058 nia
318 4016 438 4072 qua
465 3999 731 4066 diximus,
754 3999 814 4054 in
841 4000 938 4055 illa
963 3999 1306 4055 beatitudine
1347 3997 1654 4053 necessaria
1682 4010 1794 4049 non

186 4097 402 4148 erunt:
457 4089 726 4159 Absterget
769 4088 917 4143 enim
969 4090 1112 4144 Deus
1158 4104 1361 4143 omnem
1411 4089 1699 4156 lacrymam
1729 4085 1795 4139 ab

185 4179 361 4235 oculis
390 4182 715 4243 sanctor-um,
743 4181 792 4229 et
808 4193 950 4229 mors
979 4178 1124 4230 ultra
1153 4192 1260 4228 non
1287 4175 1405 4242 erit,
1437 4191 1599 4244 neque
1630 4176 1796 4228 luctus

185 4283 360 4336 neque
405 4266 631 4329 clamor,
692 4279 853 4333 neque
898 4263 1052 4318 dolor
1097 4262 1197 4316 erit
1241 4251 1412 4330 ultra,
1460 4279 1577 4331 qua:
1614 4261 1794 4332 prima

186 4359 445 4416 abierunt
478 4359 652 4428 (supr.
684 4371 820 4410 vers.
852 4354 933 4427 4).
965 4353 1236 4410 Dominus
1279 4369 1410 4407 vero
1437 4354 1705 4424 templum
1732 4352 1794 4406 il-
1823 4390 1872 4448 D

189 4449 305 4505 lius
334 4447 440 4504 erit
469 4457 522 4503 et
565 4448 792 4518 Agnus;
825 4444 955 4516 quia
993 4443 1053 4499 in
1085 4443 1183 4498 illo
1231 4449 1394 4498 erunt
1422 4444 1619 4513 sancti,
1654 4452 1708 4500 et
1738 4443 1795 4498 in

189 4539 297 4594 illo
354 4535 701 4603 habitabunt,
752 4533 895 4590 sicut
944 4533 1058 4606 ipse
1109 4531 1255 4588 dixit
1304 4531 1593 4605 discipulis
1639 4532 1786 4589 suis:

205 4651 227 4676 ι
259 4627 414 4683 Sicut
438 4642 534 4699 ego
576 4623 638 4680 in
666 4624 844 4692 Patre,
876 4629 930 4679 et
957 4638 1055 4678 vos
1084 4620 1143 4676 in
1184 4636 1293 4691 me,
1323 4629 1378 4678 et
1405 4639 1504 4695 ego
1539 4623 1600 4678 in
1632 4622 1794 4678 vobis

193 4716 382 4790 (Joan.
415 4731 532 4781 xxv,
568 4713 684 4784 20).
725 4736 743 4760 ι

273 4804 456 4877 (Vers.
503 4802 620 4875 23.)
665 4803 741 4858 Et
771 4800 967 4879 civitas
1017 4816 1124 4854 non
1154 4805 1260 4870 eget
1295 4800 1421 4866 sole,
1451 4816 1612 4870 neque
1643 4801 1790 4867 luna,

194 4903 258 4952 ut
289 4897 494 4951 luceant
519 4894 572 4948 in
611 4910 708 4958 ea;
757 4908 882 4946 nam
915 4889 1136 4945 claritas
1164 4889 1264 4944 Dei
1304 4890 1630 4946 illuminabit
1657 4905 1789 4958 eam,

194 4991 247 5042 et
277 4985 490 5040 lucerna
538 4983 651 5054 ejus
679 4987 754 5036 est
781 4981 982 5053 Agnus.
1034 4979 1136 5034 Per
1165 4977 1334 5033 solem
1362 4994 1566 5033 novum
1597 4977 1793 5032 Testa-

197 5082 470 5141 mentum,
521 5088 616 5144 per
642 5071 828 5126 lunam
870 5079 1027 5125 vetus
1055 5067 1392 5139 designatur.
1421 5066 1642 5138 Absque
1671 5065 1793 5121 istis

197 5163 418 5220 duobus
467 5159 834 5216 luminaribus
862 5157 1106 5214 Ecclesia
1133 5173 1228 5229 per
1258 5157 1403 5211 viam
1444 5155 1794 5212 rectitudinis

200 5255 260 5310 in
303 5251 544 5309 tenebris
585 5249 751 5323 hujus
775 5247 963 5306 saeculi
990 5248 1109 5304 sine
1147 5246 1354 5304 crebris
1398 5246 1794 5303 offensionibus

276 5480 358 5550 (1)
401 5478 623 5550 Eadem,
650 5475 809 5550 edit.,
853 5481 926 5532 est
953 5481 1001 5532 et
1027 5474 1326 5548 sapientia;
1363 5490 1491 5531 mss.
1525 5488 1554 5530 θ
1578 5480 1793 5532 contra-

201 5547 308 5620 rio,
339 5547 414 5606 est
439 5556 488 5606 et
508 5547 795 5622 patientia.

1909 3106 2104 3162 mines.
2137 3107 2329 3161 Portas
2358 3113 2540 3160 autem
2571 3105 2629 3159 in
2658 3112 2819 3160 nocte
2849 3103 3132 3168 claudunt,
3166 3119 3292 3159 cum
3314 3110 3510 3161 contra

1910 3195 2097 3250 omnia
2132 3201 2471 3250 tentamenta
2495 3193 2809 3249 damonum
2839 3191 3021 3247 aditus
3065 3191 3337 3246 mentium
3367 3206 3506 3246 sua—

1907 3302 2029 3341 rum
2058 3284 2369 3352 obstruunt,
2398 3300 2566 3356 eaque
2588 3299 2619 3338 a
2636 3300 2694 3339 se
2718 3283 3010 3354 repellunt.
3043 3279 3322 3338 Claudunt
3342 3280 3509 3334 etiam

1908 3383 2091 3446 portas
2120 3373 2179 3428 in
2211 3383 2389 3441 nocte,
2422 3389 2550 3429 cum
2573 3379 2766 3428 contra
2786 3371 3054 3426 malitiam
3084 3385 3381 3441 pravorum
3412 3368 3509 3424 ho-

1909 3463 2123 3518 minum
2147 3463 2311 3519 corda
2334 3479 2432 3518 sua
2453 3460 2743 3528 muniunt;
2778 3467 2840 3514 ut
2858 3474 2971 3514 nou
3001 3458 3231 3513 audiant
3260 3457 3507 3529 linguam

1907 3553 2309 3621 detrahentem,
2358 3568 2470 3607 non
2512 3551 2745 3608 reddant
2791 3549 2998 3605 malum
3049 3565 3147 3621 pro
3195 3549 3361 3616 malo,
3411 3548 3500 3604 vel

1907 3643 2261 3699 maledictum
2286 3659 2383 3716 pro
2404 3639 2725 3710 maledicto,
2747 3648 2809 3696 ut
2829 3637 3130 3696 secundum
3152 3637 3508 3710 prophetam:

1921 3756 1940 3780 ι
1970 3733 2274 3789 Excutiant
2307 3747 2501 3787 manus
2529 3747 2654 3787 suas
2681 3729 2749 3785 ab
2790 3728 2942 3785 omni
2973 3743 3220 3796 munere,
3252 3735 3306 3782 et
3333 3727 3507 3782 obtu-

1905 3831 2027 3878 rent
2056 3840 2214 3879 aures
2241 3838 2386 3890 suas,
2419 3837 2489 3876 ne
2511 3821 2739 3876 audiant
2767 3817 3092 3890 sanguinem
3116 3834 3131 3884 ;
3163 3823 3217 3871 et
3246 3817 3508 3874 claudant

1905 3912 2094 3966 oculos
2123 3927 2268 3978 suos,
2304 3926 2372 3964 ne
2402 3908 2626 3964 videant
2659 3909 2866 3963 malum
2913 3908 3047 3977 (Isa.
3080 3921 3287 3973 xxxm,
3325 3905 3438 3974 15).
3469 3929 3489 3954 ι

1906 3998 2073 4052 Porro
2095 3997 2152 4051 in
2181 3996 2277 4051 illa
2306 3995 2671 4060 beatitudine,
2700 3993 2798 4048 ubi
2826 3993 3014 4047 nullus
3034 3991 3273 4060 damon,
3302 3992 3494 4049 nullus

1906 4083 2169 4156 reprobus
2217 4099 2333 4138 esse
2375 4082 2601 4154 poterit,
2650 4081 2745 4153 qui
2795 4080 2938 4136 mala
2982 4079 3227 4150 suadeat,
3279 4081 3373 4155 qui
3405 4097 3503 4154 per

1906 4180 2120 4230 noctem
2179 4171 2557 4244 designantur,
2611 4177 2916 4242 portarum,
2977 4168 3036 4226 id
3080 4176 3182 4234 est,
3225 4172 3500 4228 mensium

1905 4262 2217 4318 observatio
2254 4261 2558 4316 necessaria
2608 4275 2719 4315 non
2767 4259 2908 4327 erit;
2941 4275 3068 4316 nam
3112 4267 3168 4316 et
3197 4260 3498 4317 secundum

1904 4352 2146 4408 litteram
2168 4350 2274 4407 erit
2300 4350 2377 4406 ibi
2417 4349 2534 4407 dies
2581 4356 2894 4422 perpetuus,
2932 4351 3087 4406 nulla
3114 4358 3274 4406 nocte
3302 4365 3500 4408 succe-

1904 4440 2087 4497 dente.

1975 4530 2156 4603 (Vers.
2190 4529 2306 4602 26.)
2337 4533 2410 4587 Et
2459 4531 2681 4601 aﬂ‘erent
2721 4529 2951 4602 gloriam
2974 4528 3223 4600 gentium,
3259 4533 3306 4582 et
3332 4527 3497 4583 hono-

1900 4638 2010 4676 rem
2037 4621 2092 4675 in
2118 4621 2291 4676 illam.
2338 4621 2599 4692 Superius
2629 4635 2779 4691 reges
2807 4628 2987 4685 terra,
3033 4615 3090 4671 id
3136 4622 3237 4683 est,
3288 4614 3499 4686 pradi-

1901 4721 2110 4770 catores
2144 4718 2379 4778 sanctos,
2412 4711 2640 4784 gloriam
2668 4726 2823 4765 suam
2852 4708 2912 4763 in
2938 4707 3218 4764 civitatem
3251 4713 3497 4763 sanctam

1903 4802 2167 4860 detulisse
2200 4801 2336 4857 dicit
2370 4819 2379 4855 :
2423 4817 2518 4873 per
2548 4817 2711 4873 quam
2743 4798 2970 4870 gloriam
3015 4805 3220 4870 gentes,
3255 4813 3374 4870 qua
3403 4813 3499 4870 per

1901 4911 1993 4951 eos
2022 4893 2396 4959 crediderunt,
2419 4889 2666 4945 diximus
2707 4888 2876 4944 fuisse
2919 4886 3250 4958 designatas.
3281 4885 3338 4941 Si
3369 4901 3498 4958 ergo

1902 4983 2074 5055 gloria
2128 4980 2548 5054 praedicatorum
2599 4985 2784 5052 gentes
2835 4983 2982 5044 sunt,
3035 4975 3207 5049 gloria
3249 4974 3496 5047 gentium

1901 5090 2022 5146 qua
2050 5082 2131 5130 est
2150 5073 2177 5129 ‘I
2202 5072 2321 5128 Nisi
2361 5072 2502 5126 forte
2547 5069 2851 5127 secundum
2894 5069 3242 5126 Salomonem
3273 5067 3378 5125 hoc
3409 5067 3495 5122 di-

1901 5172 2048 5220 ctum
2085 5163 2482 5235 intelligamus,
2528 5161 2622 5234 qui
2654 5159 2791 5218 dicit
2824 5179 2835 5215 :
2895 5185 2912 5207 ‹
2934 5159 3122 5217 Gloria
3168 5175 3361 5215 senum
3392 5158 3496 5213 ﬁlii

1901 5253 2143 5310 ﬁliorum
2177 5272 2189 5311 :
2223 5261 2277 5310 et
2306 5252 2477 5326 gloria
2506 5250 2748 5308 ﬁliorum
2774 5250 2854 5323 (2)
2885 5257 3064 5324 patres
3092 5267 3280 5307 eorum
3305 5250 3494 5321 (Prov.

1976 5475 2057 5547 (2)
2096 5476 2301 5532 Omnes
2344 5474 2502 5543 edit.,
2546 5481 2755 5547 patres
2781 5489 2990 5547 eorum2
3041 5470 3228 5529 Gloria
3272 5487 3396 5524 vero
3439 5470 3498 5540 ﬁ-

1907 5545 2100 5603 liorum
2129 5563 2151 5613 ;
2178 5547 2274 5604 sed
2302 5545 2563 5605 lacunam’
2580 5545 2792 5620 egregie
2834 5545 3093 5617 supplent
3137 5557 3328 5598 omnes
3365 5557 3496 5596 mss.
