3902 6198
409 225 547 299 1047

1446 224 1543 279 AD
1582 219 1819 279 OPERA
1856 219 1914 278 s.
1952 216 2284 277 AMBROSII
2322 202 2701 271 A'PPENDIX.

3630 203 3772 261 1058

410 368 554 425 xvu,
586 351 668 427 6.)
699 375 719 402 ι
763 349 952 409 Gloria
988 365 1224 425 namque
1276 363 1491 416 senum,
1521 346 1579 403 id
1604 352 1705 416 est,
1738 344 2007 418 apostolo-
2041 349 2092 409 Α
2126 341 2185 399 id
2233 348 2334 411 est,
2383 340 2451 397 de
2495 335 2743 396 Ecclesia
2770 337 3068 411 egreditur,
3114 336 3187 393 ab
3215 350 3323 392 ore
3365 330 3596 427 scilicet
3627 347 3771 404 prae-

408 462 553 514 rum,
586 443 691 500 ﬁlii
721 448 849 500 sunt
866 441 1133 509 ﬁliorum,
1156 438 1213 494 id
1245 445 1345 507 est,
1370 444 1557 510 gentes
1577 451 1697 509 quae
1718 450 1814 507 per
1846 434 2009 506 ipsos,

410 542 464 592 et
491 552 589 609 per
618 534 784 604 ﬁlios,
814 533 871 589 id
901 540 1000 596 est,
1033 529 1336 601 discipulos
1367 544 1559 583 eorum
1617 525 2008 592 crediderunt;

410 624 585 698 gloria
639 640 770 679 vero
822 622 1065 676 ﬁliorum
1125 624 1287 672 erunt
1342 624 1521 688 patres
1570 631 1760 671 eorum
1814 632 1828 682 ;
1885 613 2015 687 quia

410 712 726 786 gaudebunt
755 718 963 783 gentes,
1016 724 1081 763 eo
1129 704 1278 778 quod
1325 706 1465 760 tanti
1508 704 1692 759 meriti
1736 710 2013 776 tantaeque

410 804 751 861 excellentia:
780 808 960 872 patres
992 798 1251 864 habeant,
1286 812 1409 852 cum
1443 812 1635 851 eorum
1667 794 1853 867 glorias
1884 810 2010 866 par-

408 893 605 963 ticipes
648 907 763 945 esse
806 887 1128 943 meruerint.
1181 884 1338 953 Quod
1386 893 1567 940 autem
1606 883 1744 940 dicit
1771 884 2013 953 afferent,

410 995 701 1055 possumus
739 976 806 1032 ad
860 976 1084 1048 angelos
1130 975 1377 1041 referre;
1436 972 1530 1045 qui
1576 973 1633 1028 in
1680 972 1769 1028 die
1814 970 2015 1043 judicii

409 1080 626 1129 sanctos
674 1070 775 1126 Dei
823 1068 891 1126 ad
921 1066 1276 1141 percipienda
1298 1064 1524 1137 praemia
1552 1064 1883 1136 repromissa
1911 1065 2018 1120 de—

411 1163 638 1229 ducent,
671 1162 815 1217 sicut
842 1159 1112 1214 Dominus
1140 1156 1279 1212 dicit
1310 1156 1368 1211 in
1398 1154 1704 1226 Evangelio
1730 1172 1741 1209 :
1789 1177 1809 1201 ‹
1838 1155 2019 1211 Mittet

411 1254 589 1311 Filius
619 1250 862 1308 hominis
909 1250 1130 1320 angelos
1181 1262 1328 1313 suos,
1371 1252 1425 1300 et
1455 1242 1867 1317 congregabunt
1898 1244 2019 1298 ele-

411 1351 530 1401 ctos
559 1341 676 1414 ejus
707 1355 738 1395 a
767 1346 1003 1412 quatuor
1026 1335 1208 1392 ventis
1238 1334 1385 1403 cmli,
1418 1341 1472 1389 et
1503 1350 1535 1390 a
1566 1332 1889 1389 summitate
1915 1349 2017 1390 cce-

416 1434 599 1490 lorum
629 1430 845 1502 (Matth.
882 1444 1043 1495 xxiv,
1074 1426 1190 1498 3i).
1222 1450 1241 1475 ι

488 1521 669 1593 (Vers.
703 1517 820 1587 27.)
851 1518 954 1573 Nec
982 1514 1203 1571 intrabit
1238 1514 1296 1569 in
1336 1531 1450 1570 eam
1473 1512 1684 1584 aliquid
1711 1510 2016 1583 coinquina-

417 1617 545 1678 tum,
595 1614 643 1663 et
689 1606 892 1678 faciens
931 1605 1373 1661 abominationem
1415 1609 1463 1659 et
1509 1602 1861 1671 mendacium,
1918 1601 2022 1655 nisi

416 1701 509 1773 qui
539 1700 724 1771 scripti
752 1704 875 1754 sunt
900 1698 955 1752 in
988 1697 1125 1752 libro
1154 1697 1274 1751 vitce
1298 1694 1463 1767 Agni.
1506 1694 1830 1768 Inquinatos
1857 1701 2018 1750 vocat
2046 1731 2091 1792 B

419 1807 529 1859 eos,
569 1788 662 1863 qui
698 1805 754 1843 se
784 1787 1019 1843 diversis
1059 1784 1359 1843 sceleribus
1388 1784 1857 1858 inquinaverunt:
1891 1783 2015 1840 abo-

418 1881 777 1940 minutionem
810 1888 989 1937 autem
1023 1878 1253 1947 faciunt,
1296 1878 1390 1953 qui
1423 1880 1629 1934 malum
1662 1885 1959 1950 operantur
2002 1895 2013 1933 :

419 1973 560 2032 nihil
591 1971 739 2028 enim
768 1969 1120 2027 abominatur
1148 1970 1313 2037 Deus,
1345 1968 1452 2023 nisi
1477 1966 1764 2037 malitiam,
1796 1966 1939 2025 sicut
1962 1968 2018 2023 in

422 2065 573 2121 libro
608 2061 899 2135 Sapientiae
932 2060 1198 2133 scriptum
1227 2068 1309 2115 est
1340 2077 1350 2114 :
1393 2081 1412 2106 ι
1441 2058 1713 2115 Misereris
1743 2058 2016 2128 omnium,

417 2155 676 2221 Domine,
711 2158 764 2207 et
790 2151 931 2207 nihil
961 2166 1153 2206 eorum
1184 2146 1371 2217 odisti,
1403 2163 1523 2221 quae
1547 2147 1727 2204 fecisti
1759 2149 1911 2219 (Sap.
1936 2163 2018 2216 χι,

420 2244 541 2314 25).
573 2268 592 2289 ν
649 2240 832 2308 Quaeri
881 2246 1063 2295 autem
1121 2246 1300 2310 potest
1352 2253 1452 2295 cur
1492 2236 1840 2293 mendacium
1896 2236 2019 2293 ﬁeri

420 2332 661 2389 dicatur.
695 2330 851 2399 Quod
881 2336 1062 2386 autem
1097 2328 1350 2397 facimus,
1381 2326 1498 2399 jam
1532 2344 1644 2384 non
1672 2341 1755 2383 est
1800 2327 2017 2384 menda-

420 2423 597 2489 cium,
631 2420 761 2492 quia
789 2419 935 2492 quod
986 2418 1189 2475 factum
1222 2426 1325 2486 est,
1365 2434 1476 2473 non
1515 2426 1693 2491 potest
1745 2435 1857 2474 non
1907 2434 2020 2474 esse

426 2511 657 2578 factum,
688 2515 751 2563 ut
781 2508 852 2563 sit
882 2507 1251 2563 mendacium.
1284 2506 1390 2562 Sed
1418 2506 1625 2563 factum
1656 2524 1755 2579 pro
1786 2507 2019 2563 locutio-

427 2618 497 2656 ne
554 2597 771 2672 posuit;
824 2604 1107 2671 peccatum
1167 2596 1368 2669 quippe
1416 2595 1693 2652 mendacii
1746 2595 2022 2669 loquendo

428 2691 682 2758 facimus,
716 2705 827 2745 non
856 2685 1153 2761 operando.
1185 2686 1483 2742 Possumus
1521 2685 1687 2741 etiam
1731 2701 1827 2758 per
1873 2700 2022 2740 men-

427 2783 647 2839 dacium
691 2797 852 2836 omne
898 2786 1180 2852 peccatum
1216 2778 1551 2850 intelligere;
1615 2778 1819 2835 scimus
1874 2777 2022 2852 enim

435 2872 562 2946 quia
605 2874 750 2927 Deus
783 2851 985 2925 veritas
1032 2875 1134 2936 est,
1187 2875 1468 2938 peccatum
1508 2884 1639 2923 vero
1668 2867 1916 2941 deceptio
1945 2851 2025 2923 est

434 2960 767 3017 animarum.
800 2958 1081 3032 Quidquid
1106 2973 1233 3029 ergo
1262 2956 1602 3013 contrarium
1655 2967 1738 3015 est
1778 2957 2021 3026 veritati,

426 3057 589 3122 atque
620 3047 687 3104 ad
718 3048 1093 3121 deceptionem
1133 3045 1443 3103 animarum
1473 3047 1731 3119 pertinet,
1773 3047 2026 3121 quamvis

427 3140 683 3196 videatur
720 3156 936 3209 verum,
987 3137 1335 3195 mendacium
1385 3146 1529 3196 recte
1565 3138 1677 3195 dici
1725 3147 1919 3211 potest.
1960 3138 2023 3194 In

427 3230 525 3287 illa
549 3231 733 3304 itaque
761 3236 947 3285 sancta
977 3228 1201 3285 civitate
1222 3244 1335 3284 non
1366 3228 1597 3286 intrabit
1626 3228 1839 3302 aliquid
1869 3226 2020 3284 coin-

426 3326 739 3401 quinatum,
770 3333 824 3381 et
854 3325 1059 3381 faciens
1087 3331 1233 3388 585
1262 3324 1733 3381 abominationem
1792 3331 1847 3380 et
1876 3339 2023 3379 men-

426 3423 644 3479 dacium
677 3436 691 3483 ;
725 3419 854 3491 quia
905 3419 965 3474 in
1020 3422 1110 3477 die
1145 3420 1346 3491 judicii
1405 3444 1424 3468 ι
1452 3421 1687 3476 exibunt
1723 3419 1928 3493 angeli,
1970 3427 2023 3475 et

428 3508 758 3582 separabunt
809 3508 983 3561 malos
1037 3508 1104 3563 de
1161 3507 1345 3562 medio
1382 3508 1685 3579 justorum,
1716 3518 1769 3566 et
1801 3511 2024 3565 mittent

427 3614 519 3655 eos
546 3596 605 3649 in
635 3592 1072 3664 caminumignis
1100 3594 1343 3649 ardentis
1363 3595 1574 3665 (Matth.
1600 3613 1726 3665 xm,
1746 3597 1966 3671 l19,50.)
1990 3622 2008 3647 ι

426 3687 559 3743 Nam
590 3690 643 3738 et
672 3681 785 3739 illis
815 3681 910 3754 qui
937 3683 1118 3740 oleum
1165 3680 1450 3740 charitatis
1479 3685 1536 3741 in
1582 3685 1727 3741 vasis
1759 3687 1872 3743 suis
1911 3704 2023 3744 non

425 3772 742 3843 habuerint,
786 3771 1257 3846 claudeturjanua
1284 3772 1437 3845 regni
1466 3774 1704 3832 caelestis
1738 3794 1752 3844 ;
1784 3774 2024 3833 dicetur-

427 3880 532 3939 que
557 3863 671 3920 illis
699 3878 730 3918 a
766 3861 1004 3919 Domino
1029 3880 1041 3919 :
1090 3887 1108 3912 ι
1137 3864 1315 3920 Amen
1340 3863 1467 3920 dico
1495 3864 1675 3933 vobis,
1707 3865 1894 3923 nescio
1925 3884 2024 3923 vos

430 3954 644 4027 (Matth.
672 3969 809 4021 xxv,
836 3952 950 4025 12).
980 3977 999 4001 ι

495 4042 724 4099 CAPUT
752 4043 934 4100 XXII.
966 4072 1038 4085 —
1069 4043 1253 4116 (Vers.
1298 4042 1377 4117 1.)
1406 4044 1484 4101 Et
1505 4045 1732 4101 ostendit
1751 4046 1882 4103 mihi
1909 4049 2024 4119 ﬂu-‘

425 4131 571 4185 vium
614 4147 766 4199 aquae
816 4131 956 4198 vitta,
1011 4132 1347 4203 splendidum
1412 4139 1666 4205 tanquam
1712 4138 2023 4207 crystallum

420 4216 784 4290 procedentem
834 4218 896 4271 de
925 4219 1039 4273 sede
1079 4220 1179 4275 Dei
1234 4228 1283 4275 et
1310 4220 1471 4292 Agni,
1506 4224 1563 4278 in
1615 4224 1787 4280 medio
1833 4227 2025 4298 platea:

425 4307 558 4377 ejus.
592 4306 869 4362 Ezechieli
895 4308 952 4362 in
974 4308 1171 4365 ultima
1198 4310 1414 4366 visione
1443 4320 1657 4369 torrens
1684 4315 2022 4371 demonstra-

426 4406 517 4455 tus
534 4405 635 4467 est,
673 4397 768 4470 qui
797 4396 864 4453 de
884 4396 1089 4468 templo
1104 4398 1311 4465 exibat,
1336 4406 1391 4453 et
1417 4399 1742 4458 decurrebat
1771 4404 1829 4459 in
1851 4420 2017 4473 mare,

427 4486 494 4543 de
518 4503 627 4560 quo
658 4486 735 4543 ita
764 4483 1012 4559 loquitur
1044 4503 1056 4542 :
1095 4508 1113 4533 ‹
1144 4487 1215 4543 Et
1243 4487 1406 4543 duxit
1434 4506 1540 4558 me,
1565 4490 1769 4563 inquit,
1792 4493 2021 4564 angelus

424 4576 581 4632 mille
615 4574 853 4643 cubitos,
908 4581 963 4630 et
1019 4574 1335 4631 transduxit
1367 4591 1453 4631 me
1493 4593 1588 4649 per
1619 4592 1815 4648 aquam
1848 4596 2019 4653 usque

424 4666 493 4722 ad
521 4666 680 4722 talos.
700 4666 772 4721 Et
793 4664 959 4722 duxit
979 4680 1068 4720 me
1083 4664 1239 4721 mille
1259 4663 1494 4734 cubitos,
1518 4675 1572 4722 et
1597 4666 1913 4724 transduxit
1929 4686 2016 4726 me

422 4771 518 4828 per
532 4772 726 4829 aquam
747 4772 918 4830 usque
935 4754 1004 4811 ad
1018 4771 1212 4827 genua.
1236 4756 1308 4811 Et
1327 4753 1489 4811 duxit
1504 4772 1590 4811 me
1610 4756 1762 4812 mille
1776 4757 2014 4829 cubitos,

421 4853 474 4901 et
501 4845 816 4902 transduxit
833 4862 917 4900 me
937 4861 1033 4917 per
1047 4859 1243 4917 aquam
1274 4858 1446 4917 usque
1466 4843 1536 4901 ad
1556 4860 1732 4901 renes.
1755 4846 1827 4901 Et
1853 4846 2018 4903 duxit

432 4950 521 4989 me
539 4936 691 4990 mille
710 4934 947 5003 cubitos,
966 4941 1375 5007 torrentemque
1387 4950 1497 4989 non
1526 4933 1680 5007 potui
1702 4936 2015 4994 transvade-

419 5036 499 5089 re;
524 5021 653 5093 quia
667 5021 1044 5077 intumuerant
1063 5037 1217 5093 aquae
1246 5022 1527 5092 torrentis,
1550 5023 1642 5097 qui
1671 5024 2015 5080 transvadari

418 5124 530 5163 non
562 5109 964 5180 potest(Ezech.
997 5124 1168 5177 xnvu,
1202 5108 1340 5181 3-5).
1366 5135 1385 5159 ι
1423 5111 1525 5167 Per
1548 5119 1842 5169 terrentem
1870 5112 2012 5168 Scri-

416 5206 634 5269 pturam
650 5198 897 5255 divinam
921 5197 1227 5271 intelligere
1250 5199 1532 5271 debemus,
1558 5218 1679 5276 quat
1695 5203 1763 5260 de
1778 5203 2010 5276 templo,

425 5431 435 5441 .
482 5360 664 5441 ‘(Ii).ln
693 5361 828 5441 edit.
859 5360 977 5441 haec
992 5362 1181 5431 verba,
1205 5366 1422 5435 angelus
1442 5364 1609 5441 igitur
1640 5367 2004 5425 transducit...

414 5433 742 5510 intelligendi
773 5433 892 5488 Scri
933 5439 1101 5497 turus,
1126 5433 1294 5508 supra
1314 5433 1660 5508 ponebantur
1693 5445 1814 5509 post
1843 5454 2002 5495 voces

414 5501 701 5574 Dominum
738 5450 1035 5574 similam;
1081 5507 1175 5563 sed
1222 5506 1282 5564 in
1332 5521 1463 5563 mss.
1514 5505 1619 5566 hoc
1655 5507 1777 5567 loco
1823 5511 2002 5574 aptius

394 5501 701 5583 ‘qunimu‘n
738 5501 1035 5574 signiﬁcat;
1081 5507 1175 5563 sed
1193 5501 1282 5564 ’111
1314 5501 1463 5563 ἶηεδ.
1514 5505 1619 5566 hoc
1655 5501 1777 5567 1600
1823 5511 2005 5582 aptius

412 5570 768 5628 collocantur.

2124 434 2431 491 dicatorum
2466 449 2478 487 :
2508 428 2733 502 angelus
2763 445 2892 485 vero
2920 429 3225 486 Dominum
3261 424 3610 499 signiﬁcat:
3650 437 3771 493 pre

2123 523 2287 596 pheta
2313 529 2494 577 autem
2538 527 2735 591 typum
2776 525 2924 575 tenet
2968 533 3160 573 eorum
3191 515 3299 590 qui
3333 513 3577 570 divinas
3623 511 3773 567 Seri-

2124 621 2313 686 pturas
2333 609 2402 666 ad
2423 609 2530 665 hoc
2554 608 2767 681 discere
2779 608 2992 675 volunt,
3016 614 3079 662 ut
3105 605 3215 678 ipsi
3240 606 3305 660 in
3322 604 3414 661 eis
3436 600 3769 676 proﬁciant,

2124 712 2178 758 et
2202 700 2340 756 alios
2365 715 2463 772 per
2487 714 2675 755 earum
2697 697 2984 754 scientiam
3008 697 3300 753 instruant
3339 712 3353 750 :
3393 691 3763 749 milleuarius

2124 809 2253 848 vero
2270 806 2532 847 numerus
2549 787 2937 861 perfectionem
2955 784 3197 857 alicujus
3218 783 3306 842 rei
3341 798 3503 855 szepe
3524 781 3767 836 demon-

2123 882 2353 939 strat.Et
2369 880 2545 953 prima
2560 876 2899 934 transductio
2919 875 2987 931 ad
3004 874 3259 930 historiae
3278 871 3768 944 intelligentiam,

2124 969 2364 1028 secunda
2411 968 2479 1024 ad
2515 968 2799 1034 moralem,
2830 963 2991 1021 tertia
3021 964 3268 1036 pertinet
3302 961 3377 1018 ad
3409 960 3771 1034 spiritalem.

2197 1059 2439 1132 Angelus
2481 1057 2649 1131 igitur
2696 1054 3019 1128 prophetam
3076 1053 3233 1109 mille
3294 1052 3538 1109 cubitos
3585 1051 3772 1118 ducit,

2127 1165 2251 1204 cum
2284 1147 2549 1205 Dominus
2577 1145 2779 1203 alicubi
2809 1145 2961 1200 ﬁdeli
2996 1160 3096 1200 suo
3125 1140 3489 1199 desiderium
3518 1141 3773 1214 largitur

2128 1245 2471 1316 intelligendi
2496 1244 2802 1317 Scripturas
2825 1242 2905 1316 (3)
2935 1240 3280 1298 :transducit
3310 1257 3449 1297 eum
3484 1255 3669 1313 usque
3703 1238 3773 1294 ad

2126 1341 2286 1408 talos,
2342 1355 2469 1394 cum
2514 1337 2565 1393 ei
2613 1336 2857 1393 historia:
2904 1334 3254 1391 intellectum
3306 1332 3531 1388 tribuit
3570 1332 3771 1405 ;quis-

2127 1431 2252 1504 quis
2268 1429 2416 1485 enim
2438 1428 2696 1484 moralem
2721 1435 2774 1483 et
2796 1425 3100 1498 spiritalem
3121 1422 3578 1497 intelligentiam
3600 1422 3662 1477 in
3687 1420 3772 1476 di-

2128 1521 2277 1577 vinis
2303 1520 2600 1593 Scripturis
2620 1518 2949 1591 investigare
2989 1515 3287 1585 desiderat,
3313 1530 3559 1573 necesse
3591 1522 3675 1569 est
3708 1522 3766 1568 ut

2129 1611 2375 1669 historiae
2432 1607 2853 1679 intelligentiam
2924 1606 3077 1680 prius
3121 1604 3447 1679 possideat:
3512 1603 3771 1661 secundo

2129 1702 2355 1774 angelus
2382 1697 2702 1772 prophetam
2735 1696 2887 1751 mille
2930 1695 3148 1752 cubitos
3179 1694 3360 1762 ducit,
3395 1711 3539 1752 cum
3571 1696 3765 1750 Domi-

2129 1808 2233 1847 nus
2263 1788 2479 1846 ﬁdelem
2509 1803 2671 1843 suum
2708 1785 2778 1841 ad
2810 1785 3072 1841 moralem
3103 1785 3556 1858 intelligentiam
3590 1785 3766 1857 perci-

2129 1880 2385 1955 piendam
2418 1877 2701 1936 accendit:
2736 1894 2832 1950 per
2869 1893 3065 1951 aquam
3096 1893 3274 1951 usque
3305 1877 3379 1933 ad
3409 1895 3603 1951 genua
3632 1894 3760 1934 eum

2128 1971 2452 2040 transducit,
2501 1986 2628 2027 cum
2676 1969 2901 2025 moralis
2945 1968 3189 2026 scientiae
3238 1985 3449 2026 sensus
3480 1970 3532 2026 ei
3582 1968 3763 2024 mani-

2127 2062 2304 2119 festat.
2335 2060 2520 2117 Tertio
2566 2061 2792 2132 angelus
2838 2058 3159 2134 prophetam
3193 2059 3277 2132 (4)
3324 2060 3489 2115 mille
3521 2059 3755 2116 cubitos

2128 2151 2303 2221 ducit,
2352 2167 2479 2207 cum
2526 2150 2796 2206 Dominus
2840 2158 2962 2223 post
2992 2150 3257 2205 moralem
3304 2148 3759 2222 intelligentiam

2130 2241 2347 2298 ﬁdelem
2391 2256 2551 2295 suum
2618 2238 2688 2295 ad
2746 2238 3053 2311 spiritualis
3096 2238 3493 2311 intelligentia
3553 2254 3753 2294 sensus

2129 2329 2496 2387 enucleandos
2549 2346 2646 2401 per
2674 2328 3009 2385 desiderium
3043 2327 3251 2384 evehit.
3285 2328 3393 2383 Per
3420 2344 3639 2401 aquam
3670 2345 3753 2383 us~

2130 2437 2234 2493 que
2262 2419 2331 2475 ad
2366 2435 2520 2474 renes
2548 2434 2675 2474 eum
2705 2417 3037 2486 transducit,
3075 2433 3203 2474 cum
3225 2417 3554 2489 spiritualis
3581 2420 3752 2475 scien-

2130 2512 2221 2567 tize
2281 2526 2472 2566 sensus
2524 2509 2574 2564 ei
2628 2509 2822 2581 aperit.
2881 2508 3088 2577 Quarto
3150 2508 3487 2580 prophetam
3523 2511 3751 2581 angelus

2134 2601 2286 2656 mille
2324 2600 2539 2657 cubitos
2585 2599 2758 2668 ducit,
2808 2615 2935 2656 cum
2966 2607 3088 2670 post
3135 2598 3582 2670 intelligentiam
3616 2600 3753 2656 Scri-

2133 2700 2420 2764 pturarum
2450 2689 2667 2745 ﬁdelem
2690 2706 2851 2745 suum
2898 2687 3168 2744 Dominus
3198 2688 3269 2744 ad
3298 2689 3749 2762 contemplanda

2137 2780 2331 2837 divina
2358 2788 2412 2835 et
2431 2779 2674 2836 caelestia
2700 2784 3041 2835 sacramenta
3070 2778 3268 2833 elevat.
3301 2778 3751 2851 Torrentemque

2134 2886 2247 2925 non
2277 2869 2457 2942 potuit
2485 2867 2859 2934 transvadare;
2894 2865 3025 2939 quia
3054 2866 3501 2939 profunditatem
3534 2869 3751 2924 divino-

2133 2978 2258 3019 rum
2302 2961 2717 3033 coelestiumque
2766 2960 3157 3032 mysteriorum
3204 2962 3421 3031 nullus,
3457 2962 3612 3019 sicut
3653 2972 3748 3029 est,

2137 3051 2465 3127 perscrutari
2513 3058 2726 3123 potest:
2787 3074 2806 3097 ‹
2835 3051 2922 3106 Ex
2969 3059 3120 3122 parte
3149 3052 3298 3107 enim
3328 3054 3747 3125 cognoscimus,

2133 3149 2187 3198 et
2214 3157 2284 3196 ex
2330 3147 2483 3212 parte
2527 3138 2936 3212 prophetamus,
2970 3162 2987 3185 ι
3032 3138 3175 3195 sicut
3220 3138 3362 3195 dicit
3392 3142 3746 3213 Apostolus:

2149 3256 2167 3281 ‹
2199 3233 2336 3290 Cum
2389 3240 2570 3289 autem
2601 3231 2814 3287 venerit
2863 3231 3013 3304 quod
3039 3230 3347 3304 perfectum
3376 3243 3485 3302 est,
3519 3252 3746 3292 evacua-

2134 3320 2286 3377 bitur
2315 3321 2463 3395 quod
2490 3338 2560 3377 ex
2587 3327 2738 3393 parte
2763 3328 2844 3376 est
2874 3320 2932 3393 (Ι
2952 3321 3078 3377 Cor.
3109 3338 3234 3389 xm,
3263 3322 3318 3390 9,
3346 3323 3441 3395 10)
3477 3341 3494 3391 ;
3519 3348 3538 3371 ι
3569 3332 3625 3379 et
3656 3325 3744 3380 ite-

2133 3428 2256 3467 rum
2284 3430 2295 3468 :
2343 3436 2362 3459 ι
2411 3410 2681 3469 Videmus
2710 3426 2859 3466 nunc
2888 3426 2984 3482 per
3012 3412 3297 3483 speculum
3330 3412 3391 3467 in
3420 3413 3737 3486 aenigmate,

2134 3508 2268 3557 tunc
2303 3509 2487 3558 autem
2518 3499 2655 3558 facie
2681 3498 2751 3554 ad
2782 3498 2977 3555 faciem
3013 3500 3176 3571 (Ibid.
3208 3500 3324 3574 I2).
3358 3524 3378 3548 ι
3425 3502 3597 3558 Hunc
3640 3512 3743 3559 tor-

2135 3596 2346 3645 rentem
2393 3589 2539 3645 idem
2572 3588 2774 3644 Paulus
2819 3597 3151 3645 transmeare
3189 3606 3247 3645 se
3283 3607 3397 3646 non
3427 3607 3594 3664 posse
3621 3610 3738 3649 con~

2132 3681 2377 3738 siderans
2405 3680 2621 3737 dicebat
2646 3700 2658 3738 :
2702 3706 2721 3730 ι
2750 3681 2794 3738 Ο
2821 3682 3059 3738 altitudo
3097 3680 3427 3740 divitiarum
3460 3685 3739 3757 sapientiae

2133 3778 2186 3826 et
2219 3770 2461 3827 scientiae
2482 3771 2602 3839 Dei,
2634 3788 2796 3844 quam
2832 3771 3425 3844 incomprehensibilia
3445 3784 3583 3831 sunt
3596 3773 3736 3847 judi-

2133 3864 2218 3921 cia
2245 3860 2382 3934 ejus,
2414 3870 2469 3918 et
2516 3861 2927 3935 investigabiles
2969 3863 3075 3919 viae
3098 3862 3216 3935 ejus
3253 3864 3266 3920 l
3300 3864 3442 3932 Quis
3472 3865 3627 3921 enim
3657 3881 3734 3921 co-

2134 3951 2325 4024 gnovit
2373 3966 2594 4006 sensum
2633 3951 2879 4019 Domini,
2924 3958 3019 4007 aut
3063 3952 3189 4024 quis
3216 3954 3579 4010 consiliarius
3624 3953 3735 4026 ejus

2133 4040 2258 4107 fuit,
2306 4046 2401 4094 aut
2446 4038 2569 4111 quis
2616 4038 2767 4112 prior
2808 4039 2961 4096 dedit
3007 4039 3115 4109 illi,
3159 4047 3215 4096 et
3266 4042 3610 4100 retribuetur
3640 4042 3735 4098 ei?

2132 4126 2403 4196 Quoniam
2452 4143 2523 4183 ex
2570 4126 2708 4200 ipso,
2763 4135 2817 4183 et
2863 4144 2960 4200 per
2999 4127 3204 4201 ipsum,
3257 4138 3313 4186 et
3352 4130 3414 4186 in
3463 4132 3586 4205 ipso
3613 4141 3735 4187 sunt

2132 4218 2351 4274 omnia:
2377 4218 2481 4291 ipsi
2504 4219 2676 4291 gloria
2696 4218 2755 4274 in
2776 4221 2976 4276 saecula
2994 4221 3352 4290 saeculorum,
3374 4238 3541 4278 amen
3564 4222 3732 4294 (Rom.

2128 4323 2208 4374 χι,
2238 4306 2451 4381 33-36).
2483 4333 2502 4358 ι
2549 4311 2621 4365 Et
2658 4310 2926 4382 propheta
2972 4311 3179 4368 Isaias:
3221 4338 3239 4362 ι
3272 4313 3486 4371 Oculus
3516 4331 3631 4370 non
3661 4314 3733 4369 vi-

2133 4396 2236 4467 dit,
2260 4400 2422 4468 Deus,
2451 4397 2655 4473 absque
2682 4408 2757 4470 te,
2787 4419 2906 4475 quae
2948 4404 3267 4477 praeparasti
3288 4404 3735 4478 exspectantibus

2134 4495 2187 4544 te
2219 4488 2351 4559 (Isa.
2384 4506 2538 4559 an,
2579 4490 2658 4563 4).
2683 4515 2702 4539 ι
2745 4492 2910 4549 Ecce
2934 4494 3163 4566 angelus
3200 4494 3536 4568 prOpbetam
3568 4511 3735 4569 usque

2126 4576 2195 4633 ad
2223 4578 2404 4635 locum
2433 4580 2766 4653 prmﬁnitum
2786 4582 2969 4654 duxit,
2993 4595 3048 4642 et
3076 4602 3190 4641 non
3215 4603 3344 4643 eum
3374 4587 3730 4655 transduxit;

2126 4669 2254 4742 quia
2296 4669 2643 4742 omnipotens
2685 4674 2831 4728 Deus
2875 4690 3002 4730 suos
3031 4682 3251 4731 sanctos
3282 4692 3460 4750 usque
3505 4677 3579 4733 ad
3604 4694 3731 4734 cou-

2128 4761 2444 4833 templanda
2489 4773 2695 4823 secreta
2725 4774 2779 4823 et
2823 4783 3022 4824 arcana
3049 4767 3319 4840 mysteria
3363 4785 3479 4824 suae
3530 4768 3733 4825 divini-

2130 4851 2261 4907 tatis
2286 4852 2568 4924 perducit:
2611 4855 2706 4913 sed
2732 4872 3080 4930 nequaquam
3105 4874 3198 4914 eos
3218 4858 3573 4927 transducit;
3607 4859 3735 4933 quia

2124 4940 2391 5013 fragilitas
2440 4942 2682 5001 humana
2712 4946 2951 5020 perfecte
2990 4963 3103 5003 non
3140 4955 3322 5020 potest
3369 4947 3732 5020 comprehen-

2122 5030 2249 5088 dere
2292 5032 2390 5088 illa
2427 5034 2811 5093 inscrutabilia
2854 5043 2908 5092 et
2932 5035 3131 5093 divina
3160 5037 3454 5110 mysteria.
3484 5038 3562 5093 Et
3592 5037 3730 5095 sicut

2122 5123 2217 5195 qui
2264 5123 2440 5196 regios
2488 5125 2641 5183 cibos
2684 5126 2946 5183 odoratus
2987 5134 3089 5195 est,
3139 5136 3193 5183 et
3235 5143 3434 5183 eorum
3482 5126 3727 5184 dulcedi-

2121 5228 2246 5268 nem
2293 5214 2669 5286 praegustavit,
2699 5216 2939 5289 amplius
2966 5232 3062 5274 eos
3092 5215 3399 5286 desiderat,
3431 5232 3605 5291 quam
3638 5216 3725 5271 ille

2190 5372 2271 5443 (4)
2296 5344 2577 5451 Quidquid
2605 5392 2636 5432 a
2658 5376 2905 5451 vocibus,
2937 5378 3111 5451 Tertio
3140 5379 3365 5451 angelus
3382 5381 3720 5451 prophetam,

2116 5459 2286 5523 usque
2330 5445 2398 5501 ad
2419 5445 2773 5523 sacramenta
2829 5450 2994 5506 elevat
3028 5445 3355 5519 intercedit,
3380 5445 3413 5508 ὁ
3438 5445 3579 5509 mss.
3613 5467 3719 5508 om-

2115 5515 2279 5572 nibus
2302 5517 2628 5575 restituitur.
