3902 6198
146 304 278 382 1049

1026 297 1485 357 BEBENGAUDI
1526 296 1899 355 EXPOSITIO
1934 296 2006 354 IN
2041 294 2547 356 APOCALYPSIN.

3296 295 3435 355 {050

141 430 234 506 qui
259 443 362 485 nec
390 443 483 484 eos
512 426 676 496 vidit,
708 442 812 485 nec
833 426 1095 484 odoratus
1122 434 1224 494 est,
1273 440 1376 481 nec
1420 424 1599 497 qualis
1637 441 1733 480 es-
1758 433 1809 493 Α
1842 423 2003 480 illum
2038 421 2255 491 tendit,
2302 423 2397 496 qui
2449 438 2595 480 unus
2634 431 2737 492 est,
2785 431 2841 482 et
2882 423 2943 480 in
2971 439 3081 497 quo
3127 423 3297 481 etiam
3328 423 3434 497 ipsi

141 527 219 577 set
247 534 435 574 eorum
463 516 700 574 dulcedo
737 515 1005 589 gustando
1047 514 1262 571 sensit:
1313 513 1390 568 ita
1436 522 1491 569 et
1534 513 1732 582 sancti,

141 608 234 682 qui
262 623 358 680 per
382 605 866 679 contemplationis
896 603 1128 677 gratiam
1165 601 1515 659 dulcedinem
1545 602 1735 673 patriae

140 697 374 754 caelestis
420 711 560 768 saepe
608 694 920 767 degustant,
981 694 1159 749 multo
1217 691 1454 764 amplius
1508 691 1565 747 in
1617 690 1734 763 ejus

137 803 318 843 amore
340 784 586 858 quotidie
614 784 1003 851 exardescunt,
1036 797 1199 855 quam
1238 780 1326 836 illi
1370 780 1464 852 qui
1511 789 1735 853 propter

137 873 482 933 dulcedinem
514 872 703 929 saeculi
750 872 1100 929 dulcedinem
1147 886 1261 925 non
1306 869 1553 925 sentiunt
1604 869 1733 926 vitae

137 972 371 1021 aeterna.

206 1050 354 1108 Dicit
405 1048 553 1105 idem
600 1048 869 1121 propheta
915 1048 975 1105 in
1022 1048 1377 1122 sequentibus
1416 1048 1625 1106 vidisse
1676 1065 1732 1105 se

139 1142 285 1213 ligna
339 1140 397 1195 in
454 1145 685 1211 utraque
742 1138 861 1211 ripa
908 1140 1189 1207 torrentis,
1237 1156 1471 1211 quorum
1520 1140 1734 1197 fructus

136 1243 289 1291 erant
319 1234 377 1288 in
407 1232 617 1300 cibum,
648 1238 701 1286 et
730 1230 865 1285 folia
891 1230 960 1287 ad
1010 1230 1362 1287 medicinam.
1412 1232 1546 1287 Duae
1599 1230 1731 1302 ripa:

136 1327 244 1385 duo
272 1326 619 1381 Testamenta
653 1321 1013 1395 signiﬁcant:
1062 1323 1208 1379 inter
1254 1322 1353 1379 has
1403 1322 1540 1379 duas
1585 1323 1732 1396 ripas

135 1433 362 1490 magnus
390 1424 603 1471 torrens
640 1414 1069 1486 Scripturarum,
1101 1413 1198 1486 qui
1226 1430 1259 1469 a
1287 1414 1495 1471 sanctis
1541 1415 1731 1471 Patri-

134 1508 235 1565 bus
272 1506 455 1562 editus
483 1513 584 1573 est,
624 1505 871 1562 decurrit
904 1523 915 1561 :
966 1522 1065 1578 per
1111 1506 1261 1577 ligna
1304 1523 1436 1562 vero
1481 1506 1731 1563 doctores

132 1597 390 1655 Ecclesiae
420 1596 797 1669 designantur,
828 1596 922 1669 qui
953 1596 1010 1652 in
1040 1596 1327 1669 utriusque
1349 1596 1506 1669 ripis,
1537 1596 1596 1652 id
1623 1604 1726 1667 est,

133 1693 190 1749 in
217 1692 470 1749 doctrina
496 1690 700 1746 veteris
727 1706 792 1746 ac
828 1690 960 1746 novi
981 1689 1315 1746 Testamenti
1347 1687 1582 1759 plantati
1614 1704 1729 1745 esse

132 1783 429 1850 dicuntur;
482 1780 630 1837 unde
668 1796 836 1852 aquas
872 1795 1016 1835 veras
1058 1778 1303 1835 scientia
1348 1777 1648 1845 trahentes,
1675 1785 1730 1833 et
1761 1798 1807 1859 Β

130 1871 343 1927 fructus
372 1870 628 1943 gignunt,
660 1878 713 1925 et
741 1868 878 1924 folia
902 1885 913 1923 :
947 1883 1044 1940 per
1063 1867 1280 1923 fructus
1303 1881 1540 1937 namque
1569 1881 1734 1937 opera

130 1960 288 2031 bona,
342 1976 439 2034 per
483 1960 617 2017 folia
661 1967 843 2016 autem
894 1958 1062 2014 verba
1100 1956 1515 2030 praedicationis
1574 1955 1733 2012 desi-

130 2065 386 2131 gnantur.
418 2060 654 2114 Fructus
684 2056 744 2112 in
774 2055 984 2123 cibum,
1019 2062 1073 2111 et
1115 2053 1249 2109 folia
1284 2053 1353 2110 ad
1399 2053 1729 2110 medicinam

128 2150 428 2224 proﬁciunt
453 2167 466 2217 ;
497 2147 630 2221 quia
656 2146 1035 2219 unusquisque
1065 2145 1259 2201 doctor
1287 2145 1571 2217 languenti
1600 2144 1733 2200 ani-

128 2257 225 2295 mae
268 2237 604 2295 medicinam
655 2236 949 2293 verborum
994 2234 1332 2291 salutiferam
1375 2243 1510 2292 tunc
1556 2235 1734 2290 mini-

130 2336 281 2397 strat,
314 2343 446 2385 cum
498 2342 617 2383 eam
667 2325 821 2399 prius
860 2324 1129 2397 exemplis
1176 2324 1453 2381 bonorum
1505 2341 1732 2397 operum

130 2415 363 2491 paverit.

196 2513 343 2568 Ecce
398 2508 655 2566 Ezechiel
710 2513 1009 2564 torrentem
1056 2506 1125 2563 de
1172 2506 1380 2579 templo
1429 2506 1630 2563 exiisse
1678 2524 1734 2565 se

135 2600 339 2657 vidisse
369 2599 515 2655 dixit
546 2598 762 2669 (Ezech.
796 2613 972 2665 vau,
1004 2596 1062 2666 5)
1087 2614 1098 2651 :
1141 2595 1378 2652 Joannes
1407 2603 1591 2651 autem
1621 2613 1733 2653 non

134 2697 459 2757 torrentem,
506 2687 601 2744 sed
627 2686 862 2741 ﬂuvium
893 2702 924 2741 a
951 2686 1077 2743 sede
1104 2686 1204 2742 Dei
1243 2694 1298 2741 et
1342 2684 1486 2758 Agni
1533 2701 1735 2757 proce-

133 2778 355 2837 dentem
379 2778 792 2835 sibiostensum
819 2778 987 2835 fuisse
1015 2778 1172 2835 dicit.
1206 2778 1438 2835 Torrens
1460 2794 1529 2835 ex
1557 2779 1734 2835 nimio

131 2870 320 2926 ardore
358 2869 489 2925 solis
520 2869 658 2926 solet
686 2869 904 2938 siccari,
955 2868 1161 2924 ﬂuvius
1195 2885 1326 2925 vero
1355 2869 1513 2925 nullo
1541 2868 1736 2925 ardore

129 2960 485 3018 exsiccatur:
523 2977 634 3016 non
683 2959 1140 3017 inconvenienter
1188 2975 1318 3033 ergo
1369 2975 1465 3031 per
1524 2966 1733 3015 torren-

126 3059 233 3109 tem
292 3051 497 3109 divina
549 3052 833 3125 Scriptura
880 3051 1232 3124 exprimitur,
1299 3069 1420 3125 quae
1475 3053 1734 3110 veniente

1844 528 2018 568 unum
2045 512 2209 569 ﬁunt.

1915 629 2148 687 Fluvius
2202 646 2330 703 ergo
2376 630 2499 698 iste,
2541 630 2637 703 qui
2689 630 2918 703 gloriam
2947 637 3268 687 sanctorum
3295 632 3438 689 desi-

1845 727 1992 791 gnat,
2041 719 2385 792 splendorem
2435 719 2685 793 crystalli
2718 720 2922 776 habere
2974 720 3183 776 dicitur
3232 739 3246 790 ;
3311 722 3441 796 quia

1843 808 2142 882 unicuique
2182 810 2428 866 ﬁdelium
2482 808 2786 865 secundum
2830 808 3154 881 qualitatem
3209 827 3437 883 operum

1842 916 2071 956 suorum
2119 900 2371 972 refulget,
2424 900 2566 957 sicut
2617 899 2753 957 dicit
2797 901 3141 972 Apostolus:
3206 922 3225 946 ι
3270 900 3439 957 Stella

1842 988 1988 1044 enim
2018 989 2087 1044 ab
2118 990 2277 1045 stella
2302 989 2487 1045 diﬂ‘ert
2515 989 2573 1045 in
2604 989 2872 1056 claritate,
2904 988 2983 1044 sic
3020 996 3075 1044 et
3106 988 3438 1045 resurrectio

1842 1089 2187 1138 mortuorum
2239 1082 2297 1155 (Ι
2340 1081 2465 1138 Cor.
2498 1099 2595 1150 xv,
2629 1081 2791 1153 41).»
2840 1079 2946 1148 Qui
2992 1079 3060 1135 de
3102 1079 3227 1136 sede
3255 1079 3355 1137 Dei
3383 1087 3437 1135 et

1841 1172 1985 1245 Agni
2015 1174 2306 1246 procedere
2326 1172 2561 1241 dicitur;
2583 1173 2711 1247 quia
2738 1171 2805 1228 ab
2832 1173 2952 1244 ipso
2980 1171 3237 1245 procedet
3254 1170 3436 1227 omnis

1842 1263 2013 1334 gloria
2040 1272 2377 1333 sanctorum,
2412 1264 2505 1337 qui
2528 1271 2720 1321 auctor
2741 1273 2824 1321 est
2854 1263 3103 1319 omnium
3132 1263 3430 1318 bonorum:

1845 1353 1941 1425 qui
1970 1353 2136 1409 etiam
2169 1354 2227 1409 in
2258 1354 2440 1411 medio
2469 1355 2659 1427 plateae
2691 1353 2935 1411 civitatis
2963 1353 3255 1409 decurrere
3302 1349 3435 1407 dici-

1838 1447 1931 1496 tur
1957 1459 1970 1507 ;
2002 1443 2133 1514 quia
2154 1443 2319 1499 corda
2348 1451 2663 1500 sanctorum
2693 1451 2953 1518 perpetua
2982 1440 3272 1499 suavitatis
3314 1439 3437 1496 dul-

1840 1532 2035 1593 cedine
2062 1533 2386 1591 lmtiﬁcabit.

1910 1641 1983 1695 Et
2009 1658 2074 1695 ea:
2101 1647 2326 1713 utraque
2377 1648 2533 1714 parte
2582 1641 2816 1713 ﬂuminis
2875 1642 3072 1712 lignum
3119 1640 3259 1698 vitae.
3290 1642 3435 1697 Eze-

1837 1728 2007 1786 chieli
2048 1731 2106 1786 in
2152 1739 2383 1804 utraque
2429 1732 2548 1804 ripa
2577 1732 2837 1789 torrentis
2868 1733 3087 1803 (Ezech.
3118 1747 3292 1799 xnvn,
3356 1731 3435 1801 7),

1842 1820 2081 1892 plurima
2110 1819 2257 1892 ligna
2276 1820 2648 1877 demonstrata
2677 1829 2826 1888 sunt,
2858 1820 2927 1877 de
2956 1820 3158 1893 quibus
3187 1819 3441 1892 superius

1843 1909 2016 1966 locuti
2066 1927 2256 1967 sumus
2300 1928 2312 1966 :
2351 1911 2443 1968 hic
2481 1919 2663 1967 autem
2694 1912 2823 1967 vitae
2879 1911 3093 1983 lignum
3146 1918 3438 1983 utramque

1842 2010 2049 2072 partem
2080 1999 2328 2058 ﬂuminis
2353 2018 2645 2074 occupasse
2675 2001 2832 2058 dicit.
2864 2000 2969 2057 Sed
2996 2001 3113 2057 illic
3141 2016 3239 2073 per
3266 2001 3442 2056 multa

1844 2089 1994 2161 ligna
2021 2090 2183 2146 multi
2215 2091 2600 2163 praedicatores
2624 2110 2635 2147 :
2661 2089 2755 2147 hic
2778 2099 2962 2147 autem
2990 2106 3084 2163 per
3111 2106 3285 2146 unum
3308 2090 3438 2147 vita)

1844 2179 2053 2251 lignum
2084 2197 2227 2237 unus
2254 2180 2504 2238 Christus
2535 2181 2876 2254 designatur,
2908 2180 3005 2254 qui
3035 2188 3121 2237 est
3146 2180 3261 2236 vita
3288 2196 3443 2236 cun-

1843 2275 2061 2324 ctorum
2094 2268 2343 2326 ﬁdelium
2370 2286 2498 2342 :per
2528 2278 2818 2343 utramque
2847 2286 2978 2326 vero
3018 2276 3227 2341 partem
3261 2268 3441 2325 ﬂumi-

1844 2356 1929 2413 nis
1955 2372 2245 2428 possumus
2272 2360 2493 2431 angelos
2509 2366 2564 2414 et
2584 2358 2837 2415 homines
2860 2358 3187 2432 intelligere.
3210 2359 3441 2415 Utram-

1843 2464 1949 2520 que
1997 2448 2167 2520 igitur
2194 2459 2401 2521 partem
2433 2450 2681 2507 ﬂuminis
2712 2451 2924 2524 lignum
2954 2452 3084 2508 vitas
3125 2452 3435 2509 obtinebit:

1845 2537 1973 2608 quia
2000 2544 2055 2593 et
2085 2538 2307 2611 angelos
2345 2547 2400 2595 et
2437 2540 2691 2598 homines
2721 2550 2938 2598 sanctos
2967 2541 3222 2600 Christus
3262 2558 3439 2614 aequa-

1846 2626 1972 2681 liter
2005 2627 2324 2698 possidebit.
2362 2628 2602 2699 Alferens
2639 2628 2847 2699 fructus
2874 2630 3165 2687 duodecim.
3201 2633 3440 2688 Fructus

1848 2714 2137 2772 duodecim
2185 2717 2418 2790 apostoli
2461 2726 2611 2787 sunt,
2663 2734 2964 2791 omnesque
2995 2719 3092 2791 qui
3123 2736 3313 2775 eorum
3344 2720 3439 2776 do-

1845 2804 2079 2861 ctrinam
2111 2815 2239 2863 sunt
2268 2806 2470 2863 secuti:
2502 2807 2714 2864 fructus
2745 2807 3039 2865 duodecim
3073 2808 3284 2880 lignum
3307 2808 3440 2866 vitae

1846 2895 2034 2950 aﬂ'eret
2062 2913 2076 2963 ;
2109 2897 2238 2969 quia
2284 2897 2343 2953 in
2387 2897 2484 2954 illa
2524 2897 2868 2954 beatitudine
2920 2898 3176 2955 Christus
3215 2915 3434 2955 omnem

1844 2985 2261 3042 multitudinem
2308 2987 2556 3043 ﬁdelium
2605 2987 2918 3044 collocabit.
2951 2989 3057 3044 Per
3103 3006 3301 3044 menses
3331 2990 3437 3045 sin-

1843 3076 1995 3146 gulos
2023 3076 2242 3132 reddens
2286 3078 2523 3149 fructum
2567 3096 2738 3135 suum.
2757 3079 2968 3147 Menses
2996 3078 3199 3152 singuli
3230 3088 3437 3167 tempo-

126 3146 257 3214 sole,
290 3143 357 3200 id
387 3152 490 3213 est,
520 3144 757 3200 Domino
785 3142 854 3201 ad
878 3142 1178 3215 judicium,
1209 3142 1551 3212 siccabitur;
1596 3145 1727 3218 quia

1843 3178 1899 3219 ra
1928 3173 2057 3221 sunt
2086 3165 2153 3222 ab
2205 3167 2367 3223 initio
2420 3168 2614 3225 mundi
2646 3185 2819 3241 usque
2870 3168 2942 3224 ad
2987 3168 3157 3224 ﬁnem
3191 3150 3331 3239 ejus,
3370 3168 3439 3225 de

129 3244 248 3309 post
313 3234 779 3294 resurrectionem
837 3233 1030 3291 divina
1088 3233 1373 3306 Scriptura
1427 3235 1731 3291 necessaria

128 3353 238 3393 non
264 3336 393 3393 erit.
430 3335 598 3391 Porro
628 3349 724 3407 per
753 3331 1008 3400 ﬂuvium,
1058 3330 1154 3405 qui
1202 3331 1359 3386 nullo
1405 3328 1598 3386 ardore
1640 3346 1731 3386 so-

128 3429 195 3486 lis
243 3429 579 3496 exsiccatur,
636 3426 807 3499 gloria
847 3432 1163 3482 sanctorum
1214 3431 1475 3495 perpetua
1528 3421 1731 3478 intelli-

126 3529 293 3601 gitur,
324 3527 429 3602 qui
479 3543 511 3583 a
557 3524 683 3582 sede
711 3525 809 3581 Dei
860 3532 914 3580 et
959 3521 1103 3595 Agni
1150 3520 1442 3595 procedere
1489 3518 1727 3589 dicitur;

125 3620 252 3694 quia
287 3621 357 3678 ab
390 3620 490 3676 illo
520 3617 724 3674 ﬂuvius
770 3615 957 3688 gloria:
1008 3622 1322 3671 sanctorum
1371 3610 1650 3683 procedet,
1700 3627 1732 3666 a

123 3734 250 3791 quo,
282 3718 405 3774 illis
432 3717 493 3774 in
520 3731 683 3773 carne
708 3712 923 3786 positis,
964 3711 1231 3786 processit
1276 3709 1432 3766 rivus
1478 3708 1728 3765 omnium

121 3811 421 3869 bonorum.

191 3903 299 3972 Qui
339 3899 551 3958 ﬂuvius
598 3898 921 3973 splendidus
961 3905 1223 3972 tanquam
1272 3895 1569 3969 crystallus
1613 3909 1729 3949 esse

122 3991 330 4049 dicitur
358 4009 370 4047 :
407 4007 601 4047 verum
627 3990 757 4063 quia
792 3989 960 4062 hujus
989 3987 1188 4062 lapidis
1217 3985 1275 4042 in
1298 3985 1402 4042 hoc
1423 3986 1565 4041 libro
1584 3998 1728 4054 saepe

120 4091 181 4147 ﬁt
210 4090 451 4158 mentio,
494 4088 704 4161 placuit
747 4095 812 4143 ut
856 4087 924 4143 de
972 4095 1170 4142 natura
1224 4091 1278 4140 et
1325 4080 1728 4155 signiﬁcatione

118 4180 233 4252 ejus
261 4195 445 4255 pauca
474 4178 742 4234 dicamus.
794 4175 894 4231 Hic
924 4172 1063 4247 lapis
1091 4174 1294 4231 clarior
1339 4180 1422 4228 est
1470 4170 1728 4228 omnibus

117 4272 406 4345 lapidibus
440 4287 452 4325 :
486 4267 732 4323 nascitur
767 4274 951 4321 autem
995 4266 1054 4321 in
1098 4265 1477 4338 frigidissimis
1509 4263 1669 4331 locis,
1696 4279 1728 4317 a

117 4367 322 4439 quibus
354 4363 536 4437 frigus
576 4374 857 4431 nunquam
905 4357 1132 4414 recedit.
1181 4357 1322 4424 Quia
1363 4371 1432 4411 ex
1476 4354 1725 4412 inferiori

115 4464 266 4529 parte
305 4470 448 4513 saxo
486 4446 892 4523 aliquantulum
922 4447 1167 4503 molliori
1200 4446 1451 4511 inhaeret,
1484 4445 1723 4503 radicem

1841 3253 2044 3326 quibus
2073 3256 2387 3330 frequenter
2414 3258 2679 3314 diximus.
2711 3259 2814 3314 Per
2860 3273 3075 3314 menses
3100 3273 3227 3329 ergo
3254 3256 3437 3328 singu-

1840 3342 1924 3399 los
1974 3344 2167 3401 reddet
2219 3347 2461 3404 fructum
2519 3364 2681 3404 suum
2726 3364 2741 3415 ;
2801 3346 2929 3420 quia
2985 3362 3177 3402 omnes
3233 3346 3439 3402 electos

1841 3431 1936 3505 qui
1964 3432 2200 3506 singulis
2228 3435 2569 3508 temporibus
2598 3436 2841 3504 fuerunt,
2872 3442 2926 3491 et
2965 3442 3128 3491 erunt
3164 3451 3339 3507 usque
3368 3434 3437 3490 ad

1840 3521 2028 3593 ﬁnem,
2072 3525 2130 3579 in
2159 3523 2256 3580 illa
2302 3524 2647 3581 beatitudine
2693 3525 2843 3580 Patri
2883 3522 3312 3596 repraesentabit.
3364 3524 3439 3579 Et

1837 3612 1975 3685 folia
2019 3613 2150 3686 ligni
2195 3615 2267 3669 ad
2317 3615 2591 3671 sanitatem
2635 3614 2884 3686 gentium.
2919 3613 3073 3669 Folia
3103 3611 3238 3684 ligni
3270 3610 3438 3668 verba

1839 3711 1969 3759 sunt
1998 3703 2306 3776 Evangelii,
2339 3720 2458 3778 qua;
2490 3704 2779 3760 sanitatem
2802 3703 2995 3758 multis
3024 3702 3278 3775 gentibus
3303 3717 3435 3774 prae-

1838 3792 2118 3848 stiterunt.
2150 3792 2222 3849 Et
2275 3800 2356 3848 est
2401 3809 2593 3849 sensus
2634 3810 2646 3848 :
2682 3793 2885 3848 Omnes
2935 3798 3123 3864 gentes
3171 3806 3292 3863 quae
3340 3805 3438 3860 per

1838 3879 2147 3936 doctrinam
2176 3879 2464 3953 Evangelii
2491 3899 2522 3938 a
2542 3881 2902 3954 languoribus
2928 3880 3237 3935 animarum
3268 3878 3434 3935 salva:

1837 3969 1994 4027 facta
2025 3975 2176 4037 sunt,
2208 3968 2267 4023 in
2297 3968 2505 4024 cielesti
2534 3968 2879 4024 beatitudine
2907 3967 3225 4024 constituet.

1911 4085 2093 4155 (Vers.
2142 4084 2222 4155 3.)
2272 4086 2345 4140 Et
2371 4101 2521 4139 omne
2549 4084 2885 4139 maledictum
2911 4099 3017 4138 non
3046 4083 3150 4139 erit
3173 4081 3429 4156 amplius.

1837 4173 1974 4232 Cum
2006 4172 2163 4241 dicit,
2220 4189 2368 4227 omne
2396 4173 2754 4241 maledictum,
2788 4172 3130 4230 demonstrat
3164 4173 3433 4248 plurimas

1836 4279 1950 4320 esse
1982 4261 2417 4320 maledictiones.
2468 4263 2913 4321 Maledictionem
2968 4264 3162 4321 mortis
3219 4265 3435 4338 primus

1835 4353 2003 4409 homo
2039 4354 2277 4412 incurrit
2315 4354 2470 4427 (Gen.
2522 4371 2603 4422 ιιι,
2656 4353 2770 4426 19),
2808 4353 3031 4427 quando
3059 4355 3326 4427 peccavit,
3380 4364 3435 4412 et

1838 4446 1906 4503 ab
1930 4446 2029 4504 illo
2058 4447 2117 4504 in
2146 4464 2337 4505 omnes
2364 4446 2616 4505 homines
2644 4447 2999 4520 pertransivit
3024 4447 3200 4519 (Rom.
3234 4464 3291 4516 v,
3316 4447 3431 4518 12).

114 4526 171 4600 in
198 4563 266 4603 eo
305 4557 608 4618 parumper
653 4536 915 4609 deﬁgens,
959 4552 1286 4609 sursumque
1326 4551 1575 4593 crescens
1608 4535 1728 4593 eri—
1757 4526 1806 4585 D
1839 4537 1912 4593 Et
1937 4536 2004 4593 de
2033 4537 2252 4596 Christo
2299 4539 2501 4596 Paulus
2548 4538 2686 4596 dicit
2715 4537 2867 4613 quod
2896 4537 3074 4595 factus
3102 4537 3175 4593 sit
3203 4537 3432 4594 maledi~

113 4635 281 4707 gitur,
316 4649 419 4691 sex
452 4631 682 4705 angulos
713 4628 923 4684 habens
945 4627 1003 4683 in
1034 4627 1353 4684 summitate
1400 4642 1531 4682 vero
1578 4625 1724 4682 acui-

112 4734 238 4792 tur;
272 4722 534 4781 eumdem
563 4730 747 4779 tamen
776 4717 1029 4774 ordinem
1057 4733 1156 4773 sex
1185 4716 1512 4789 angulorum
1553 4730 1725 4788 usque

110 4814 181 4870 ad
230 4810 617 4870 summitatem
669 4823 911 4865 servans.
963 4804 1249 4878 Signiﬁcat
1291 4812 1473 4862 autem
1525 4820 1724 4859 unum-

108 4919 394 4976 quemque
424 4902 726 4974 perfectum
751 4898 935 4955 virum
961 4918 973 4956 :
1002 4898 1142 4971 lapis
1164 4913 1317 4965 vero,
1350 4897 1439 4953 cui
1469 4895 1722 4965 inhaeret,

108 4993 405 5052 Christum
462 4991 712 5064 designat
770 5008 781 5046 :
846 4987 1069 5046 claritas
1118 4986 1369 5059 crystalli
1424 4986 1721 5057 puritatem

107 5092 389 5147 mentium
421 5085 567 5144 586
584 5094 912 5145 sanctorum
938 5103 951 5141 :
987 5103 1085 5143 sex
1113 5083 1300 5157 anguli
1327 5083 1718 5155 perfectionem

103 5181 500 5239 demonstrant
529 5198 756 5255 operum
786 5180 1082 5236 bonorum.
1124 5178 1389 5236 Ordinem
1425 5194 1522 5235 sex
1553 5193 1720 5250 angu-

104 5273 287 5328 lorum
317 5287 499 5344 usque
528 5273 596 5329 ad
623 5270 998 5329 summitatem
1029 5255 1215 5337 ducit;
1258 5268 1388 5342 quia
1414 5268 1590 5325 sancti
1616 5267 1719 5324 hoc

100 5359 354 5431 student,
389 5368 455 5417 ut
484 5362 874 5435 perfectionem
901 5360 1173 5416 bonorum
1206 5374 1434 5431 operum
1456 5374 1630 5431 usque
1649 5359 1717 5414 ad

99 5453 270 5510 ﬁnem
301 5453 442 5509 vitae
470 5452 770 5525 perducant
797 5472 807 5509 :
840 5453 898 5508 in
924 5450 1299 5525 superioribus
1319 5466 1451 5505 vero
1481 5450 1715 5507 summi.

102 5550 211 5601 tate
262 5542 525 5612 acuitur;
587 5543 716 5617 quia
768 5544 955 5600 omnis
1005 5543 1241 5600 intentio
1288 5548 1601 5599 sanctorum
1649 5537 1717 5593 ad

1835 4640 1986 4687 ctum
2028 4648 2128 4703 pro
2164 4631 2324 4689 nobis
2365 4632 2573 4705 (Galat.
2606 4647 2690 4700 III,
2724 4630 2835 4703 i3);
2866 4629 2995 4703 quia
3021 4635 3278 4694 mortem,
3308 4644 3431 4700 qua:

1836 4730 1916 4778 est
1960 4721 2276 4778 maledictio
2327 4720 2492 4793 primi
2536 4719 2800 4787 hominis,
2859 4734 2959 4789 pro
3009 4724 3199 4773 nostra
3253 4717 3431 4775 salute

1835 4810 2094 4884 suscepit.
2127 4810 2231 4868 Sed
2260 4818 2313 4866 et
2329 4810 2463 4868 Cain
2486 4825 2584 4881 pro
2606 4816 2761 4865 reatu
2788 4805 3079 4863 homicidii
3102 4806 3429 4864 maledictus

1837 4911 1918 4960 est
1967 4919 1999 4958 a
2044 4903 2158 4958 Deo
2202 4900 2356 4972 (Gen.
2393 4915 2468 4967 IV,
2508 4898 2621 4969 li).
2671 4898 2744 4953 Et
2773 4893 3242 4968 contemptoribus
3268 4895 3427 4969 Legis

1836 4991 1976 5049 dicit
2001 4991 2219 5062 Moyses
2246 5008 2258 5045 :
2308 5013 2326 5035 ι
2356 4986 2680 5045 Maledictus
2709 4987 2804 5061 qui
2843 5000 2955 5042 non
2984 4985 3345 5058 permanserit
3365 4986 3424 5047 in

1835 5079 2182 5138 sermonibus
2217 5078 2345 5135 libri
2398 5077 2564 5151 hujus
2590 5078 2672 5149 (5)
2706 5077 2887 5151 (Deut.
2923 5092 3103 5146 xxvn,
3136 5076 3253 5148 26).
3284 5100 3305 5125 ι
3347 5077 3428 5135 Si~

1831 5171 2116 5231 militaret
2145 5186 2247 5225 nos
2274 5186 2399 5227 cum
2432 5167 2670 5241 graviter
2695 5183 3004 5240 peccamus,
3035 5165 3142 5240 ipsi
3171 5182 3273 5224 nos
3291 5176 3426 5225 met-

1833 5262 1979 5335 ipsos
2032 5258 2269 5333 pessima
2297 5258 2683 5316 maledictione
2733 5258 3079 5315 damnamus.
3120 5256 3295 5314 Omne
3322 5255 3423 5330 igi-

1829 5361 1921 5409 tur
1958 5350 2312 5408 maledictum
2340 5366 2452 5406 non
2498 5349 2603 5405 erit
2630 5348 2900 5422 amplius;
2946 5347 3077 5421 quia
3126 5354 3417 5420 peccatum

1828 5460 1941 5499 non
1992 5443 2117 5510 erit,
2168 5458 2269 5498 nec
2322 5440 2536 5515 aliquid
2583 5440 2729 5513 quod
2781 5439 3123 5497 occasionem
3181 5434 3421 5510 przebeat

1827 5531 2105 5606 peccandi.
2149 5532 2465 5590 Maledictio
2494 5548 2710 5608 quoque
2746 5531 2912 5604 primi
2940 5527 3183 5588 hominis
3240 5526 3299 5583 in
3329 5540 3407 5585 re-

172 5680 258 5755 (5)
288 5678 504 5739 Omnes
534 5677 692 5751 edit.,
721 5680 780 5738 in
809 5680 1050 5740 omnibus
1082 5680 1191 5748 iis;
1237 5695 1427 5739 omnes
1467 5694 1597 5737 mss.
1607 5721 1623 5755 ,
1653 5677 1709 5734 in
1750 5678 2076 5737 sermonibus
2106 5677 2231 5734 libri
2262 5678 2439 5747 hujus.
