3902 6198
466 281 601 338 1051
1483 281 1578 336 AD
1618 279 1851 336 OPERA
1889 280 1946 335 S.
1987 275 2319 334 AMBROSII
2360 273 2734 332 APPENDIX.
3679 269 3809 327 1053

460 405 799 464 surrectione
844 408 1136 477 delebitur,
1191 424 1319 465 cum
1364 407 1749 463 immortalitas
1788 405 2046 461 omnibus
2079 407 2130 466 Α
2157 404 2289 470 cito,
2324 419 2355 458 a
2384 405 2495 458 Deo
2535 418 2592 458 se
2629 401 2766 459 dicit
2808 417 2924 458 esse
2972 399 3259 457 missum?
3322 397 3477 466 Quia
3530 397 3800 456 nimii-n.2-

461 496 647 553 electis
675 495 841 554 fuerit
870 499 1154 556 attributa.
1190 501 1261 553 Et
1297 499 1437 552 sedes
1468 496 1566 551 Dei
1612 502 1659 549 et
1703 495 1844 565 Agni
1873 495 1929 549 in
1956 495 2056 550 illa
2165 492 2438 565 praeterita
2474 491 2634 548 facile
2661 489 3063 564 dignoscantur
3097 508 3109 547 :
3158 489 3362 545 futura
3389 494 3590 543 autem
3628 497 3689 544 et
3719 489 3801 544 in-

461 593 634 642 erunt.
681 588 738 643 Si
769 588 933 644 modo
977 597 1105 643 sunt
1157 587 1329 643 sancti
1376 587 1474 641 Dei
1524 587 1582 640 in
1614 585 1715 642 hac
1743 586 1860 642 vita
1892 585 2055 658 positi
2164 585 2383 655 cognita
2397 583 2713 639 hominibus
2734 599 2844 638 non
2862 581 2967 638 nisi
2995 597 3090 654 per
3120 577 3542 636 revelationem
3557 578 3796 651 Spiritus

462 676 615 732 sedes
635 675 754 742 Dei,
791 684 997 748 quanto
1030 674 1202 744 magis
1235 683 1386 741 tunc,
1418 691 1541 729 cum
1573 675 1933 746 corruptibile
1954 675 2058 732 hoc
2166 673 2362 740 sancti,
2405 681 2500 728 aut
2539 689 2634 745 per
2674 674 2993 745 angelorum
3040 671 3428 728 ministerium
3484 670 3794 741 intelligere

462 763 706 820 induerit
731 763 1294 834 incorruptionem,et
1319 763 1548 817 mortale
1569 762 1674 818 hoc
1699 762 2057 819 indueritim-
2167 779 2475 834 possumus.
2545 763 2722 819 Aliter
2779 761 3050 835 quidquid
3113 762 3471 834 ignoramus,
3541 758 3792 815 futurum

462 854 852 909 mortalitatem
877 853 935 923 (Ι
955 841 1315 923 Cor.xv,53)?
1335 852 1688 922 Etserviejus
1709 854 1934 908 servient
1953 854 2055 909 illi.
2167 852 2327 908 nobis
2368 861 2485 920 est;
2537 853 2665 925 quia
2714 853 2962 909 futurum
3013 861 3093 909 est
3132 859 3195 906 ut
3255 851 3328 906 ad
3380 869 3484 908 cor
3541 862 3792 908 nostrum

462 944 594 1008 Qum
623 949 705 995 est
732 941 837 997 ista
865 941 1124 1008 servitus,
1156 958 1264 1013 qua
1311 943 1457 997 servi
1487 941 1585 998 Dei
1616 942 1858 998 servient
1888 944 2000 998 Deo
2031 943 2060 999 ‘l
2167 941 2374 1010 veniat,
2406 943 2552 1016 quod
2583 943 2890 1010 nescimus;
2937 943 3077 999 illud
3115 943 3410 1011 videlicet,
3455 943 3620 1016 quod
3658 945 3794 999 Deus

461 1029 716 1085 Amando
763 1027 1021 1086 videlicet
1051 1046 1199 1099 eum,
1231 1039 1285 1086 et
1314 1019 1432 1088 sine
1459 1032 1566 1088 ﬁne
1599 1049 1723 1088 eum
1759 1032 2053 1089 laudando.
2168 1031 2580 1103 praedestinavit
2610 1041 2672 1088 ut
2699 1033 3005 1098 sciremus;
3047 1047 3163 1088 non
3192 1032 3346 1088 enim
3381 1032 3637 1088 scientia
3672 1033 3796 1087 mali

536 1120 717 1193 (Vers.
758 1121 838 1193 4.)
869 1124 943 1178 Et
971 1123 1216 1179 videbunt
1245 1123 1435 1194 faciem
1463 1123 1598 1194 ejus,
1645 1131 1693 1178 et
1719 1140 1908 1178 nomen
1946 1124 2060 1193 ejus
2167 1122 2328 1178 nobis
2358 1123 2740 1196 praedestinata
2765 1130 2868 1192 est,
2906 1122 3000 1179 sed
3028 1137 3098 1178 ex
3127 1121 3397 1195 originali
3427 1122 3797 1196 peccatodes-

463 1214 520 1268 in
555 1213 822 1283 frontibus
867 1232 1066 1270 eorum.
1116 1216 1330 1283 Quanta
1376 1216 1451 1271 sit
1489 1215 1662 1288 gloria
1713 1224 1765 1271 et
1817 1215 2059 1271 suavitas
2167 1212 2373 1269 cendit.

465 1322 584 1378 qua;
614 1304 818 1362 sanctis
858 1305 1284 1374 ministrabitur,
1340 1322 1494 1361 mens
1548 1305 1790 1360 humana
1815 1321 2058 1377 compre-
2248 1306 2393 1364 587
2433 1311 2614 1380 (Vers.
2646 1310 2724 1381 7.)
2768 1312 2841 1366 Et
2893 1325 3000 1364 ecce
3038 1309 3189 1364 venio
3237 1307 3514 1364 velociter.
3576 1309 3703 1366 Hoc
3743 1310 3794 1364 in

464 1395 703 1452 hendere
741 1412 852 1451 non
883 1404 1080 1469 potest,
1135 1396 1280 1453 sicut
1322 1395 1458 1453 dicit
1500 1395 1781 1466 apostolus
1812 1394 2054 1450 Paulus:
2169 1415 2400 1472 persona
2439 1399 2684 1473 loquitur
2714 1399 2945 1465 Christi,
2983 1399 3305 1471 signiﬁcans
3345 1416 3476 1455 eum
3534 1398 3611 1454 ad
3651 1399 3795 1470 judi-

478 1510 497 1533 ε
525 1486 682 1553 Quod
712 1487 903 1543 oculus
934 1503 1044 1542 non
1077 1486 1238 1554 vidit,
1273 1503 1373 1543 nec
1402 1485 1552 1541 auris
1603 1485 1840 1553 audivit,
1873 1501 1974 1540 nec
2001 1485 2059 1539 in
2169 1489 2316 1544 cium
2345 1490 2456 1546 cito
2481 1505 2597 1545 esse
2626 1497 2944 1545 venturum.
2987 1489 3186 1544 Beatus
3218 1488 3312 1559 qui
3358 1489 3606 1543 custodit
3646 1490 3794 1543 verba

463 1595 558 1634 cor
579 1577 820 1633 hominis
839 1576 1104 1644 ascendit,
1137 1592 1257 1649 quae
1288 1575 1615 1648 praeparavit
1634 1577 1808 1631 Deum
1829 1573 2060 1646 diligen-
2163 1580 2455 1650 prophetia:
2495 1581 2620 1636 libri
2666 1581 2845 1650 hujus.
2891 1578 2990 1634 Ille
3031 1586 3215 1634 servat
3247 1577 3419 1634 verba
3451 1578 3789 1650 prophetia,

463 1668 611 1723 tibus
650 1684 706 1724 se
755 1669 814 1738 (Ι
852 1668 976 1724 Cor.
1012 1685 1069 1735 ιι,
1102 1667 1183 1737 9).
1233 1691 1251 1714 ι
1309 1666 1414 1722 Sed
1461 1682 1679 1722 omnem
1711 1663 2058 1721 dulcedinem
2167 1667 2227 1723 id
2254 1677 2336 1724 est
2361 1669 2617 1725 mandata
2655 1669 2775 1738 Dei,
2805 1669 2899 1741 qui
2930 1685 2992 1724 ea
3033 1667 3310 1740 operando
3356 1666 3594 1738 implet,
3641 1675 3699 1723 et
3745 1670 3795 1723 in

461 1765 623 1830 atque
652 1756 978 1812 suavitatem
1009 1755 1148 1811 illud
1197 1755 1562 1820 transcendet,
1612 1753 1759 1828 quod
1791 1753 2061 1809 videbunt
2085 1765 2131 1825 Β
2168 1755 2524 1812 meditatione
2551 1773 2741 1814 eorum
2776 1757 3026 1813 assiduus
3057 1764 3160 1824 est,
3194 1756 3438 1827 implens
3467 1757 3626 1812 illud
3660 1757 3795 1812 Psal.

462 1847 636 1902 Deum
665 1844 803 1901 facie
842 1844 910 1900 ad
963 1844 1181 1902 faciem.
1224 1845 1434 1900 Nomen
1467 1861 1598 1899 vero
1627 1843 1728 1899 Dei
1772 1849 1850 1897 est
1881 1841 2058 1897 Filius
2171 1845 2458 1918 mographi
2483 1845 2732 1902 dictum:
2779 1871 2798 1893 ‹
2836 1845 2941 1901 Sed
2971 1845 3028 1900 in
3077 1845 3193 1916 lege
3244 1843 3480 1900 Domini
3528 1846 3792 1901 voluntas

462 1935 600 1991 Dei:
650 1949 850 1990 nomen
903 1934 1087 2008 itaque
1132 1933 1238 1991 erit
1285 1934 1344 1990 in
1392 1934 1671 1990 frontibus
1701 1939 2056 2000 sanctorum;
2171 1933 2307 2006 ejus,
2367 1943 2420 1991 et
2477 1936 2535 1991 in
2594 1937 2709 2009 lege
2767 1934 2883 2007 ejus
2937 1933 3302 1990 meditabitur
3357 1931 3454 1990 die
3514 1951 3587 1992 ac
3640 1943 3794 1993 nocte

463 2023 593 2097 quia
647 2024 762 2098 ipsa
814 2024 1035 2081 claritas
1080 2033 1243 2099 atque
1291 2024 1500 2098 species
1537 2022 1941 2080 demonstrabit
1969 2038 2062 2079 eos
2173 2030 2416 2101 (Psal.1,
2449 2028 2529 2098 2).
2562 2052 2581 2076 ι

461 2130 577 2170 6388
605 2114 749 2170 ﬁlios
783 2113 902 2170 DBi.
2243 2128 2425 2198 (Vers.
2468 2127 2521 2194 8,
2563 2125 2644 2198 9.)
2693 2126 2771 2180 Et
2809 2141 2897 2196 ego
2937 2124 3166 2180 Joannes
3208 2121 3303 2193 qui
3349 2122 3553 2178 audivi
3599 2129 3651 2177 et
3690 2126 3793 2179 vidi

537 2205 716 2275 (Vers.
749 2204 830 2275 ὅ.)
881 2206 955 2260 Et
998 2220 1107 2258 nox
1151 2204 1298 2259 ultra
1339 2220 1444 2258 non
1497 2204 1619 2259 erit.
1651 2203 1802 2259 Dicit
1850 2201 2060 2271 inalio
2169 2216 2294 2284 ιιωο,
2349 2222 2396 2270 ει
2440 2221 2724 2288 postquam
2773 2213 3038 2269 audissem
3086 2218 3133 2266 et
3179 2211 3455 2277 vidissem,
3518 2213 3692 2268 cecidi
3743 2219 3793 2268 ut

463 2291 585 2348 loco
613 2293 847 2348 Joannes
881 2309 892 2347 :
941 2317 959 2340 α
987 2295 1134 2349 Deus
1164 2295 1262 2348 lux
1291 2301 1392 2362 est,
1423 2301 1475 2349 et
1506 2293 1746 2349 tenebrae
1778 2293 1833 2347 in
1862 2308 1926 2348 eo
1949 2308 2004 2347 nc

2249 2323 2452 2360 orarem
2479 2312 2599 2361 ante
2621 2305 2775 2376 pedes
2811 2303 3006 2375 angeli,
3051 2301 3144 2372 qui
3187 2300 3319 2355 mihi
3374 2301 3485 2355 haec
3547 2302 3790 2357 ostende-

461 2389 591 2437 sunt
619 2381 745 2437 ulla:
777 2382 835 2453 (Ι
857 2383 1014 2438 Joan.
1047 2400 1088 2451 1,
1120 2383 1200 2454 5).
1242 2407 1259 2430 ι
1320 2383 1465 2450 Quas
1494 2398 1621 2455 ergo
1667 2381 1918 2438 tenebras
1946 2397 2002 2452 pa

2245 2401 2276 2463 ι,
2303 2401 2352 2449 et
2378 2395 2520 2449 dixit
2561 2393 2740 2448 mihi:
2780 2393 2904 2450 Vide
2935 2408 3000 2446 ne
3047 2389 3256 2461 feceris,
3313 2407 3616 2446 conservus
3679 2399 3786 2446 tuus

463 2477 742 2542 Paetum:
798 2489 829 2528 ³
882 2472 1084 2545 (Ιυίδιιδ
1121 2475 1266 2530 Deus
1295 2472 1513 2529 333M118
1542 2471 1826 2527 "ide-bitur
1847 2471 1874 2525 7
1903 2468 2058 2536 Ωιιοά
2164 2500 2280 2538 sum
2307 2491 2355 2538 et
2382 2483 2618 2553 fratrum
2657 2489 2869 2537 tuorum
2895 2482 3304 2553 prophetarum,
3350 2487 3404 2534 et
3448 2498 3648 2535 eorum
3694 2481 3787 2551 qui

463 2560 509 2615 si
542 2561 609 2616 de
644 2561 988 2619 daemonibus
1035 2571 1090 2618 et
1129 2562 1314 2635 impiis
1363 2561 1672 2634 intelligere
1718 2559 2004 2615 voluerirm

2237 2581 2379 2630 ~vant
2406 2575 2563 2629 verba
2599 2574 2726 2629 libri
2749 2573 2931 2642 hujus.
2980 2573 3149 2627 Deum
3177 2571 3373 2625 adora.
3412 2569 3535 2628 Cur
3566 2573 3778 2644 angelus

461 2653 567 2710 hoc
594 2653 827 2723 dictum,
859 2671 972 2710 ηοΧ
992 2670 1105 2709 non
1132 2653 1236 2708 erit
1269 2671 1280 2709 ί
1315 2653 1446 2726 (illia
1473 2652 1751 2708 daemones
1789 2666 1914 2706 cum
1945 2665 2057 2704 O'n'
2166 2680 2198 2718 a
2226 2663 2433 2718 Joanne
2462 2662 2678 2718 adorari
2708 2660 2971 2728 noluerit,
3023 2660 3217 2716 beatus
3263 2660 3578 2730 Gregorius
3627 2662 3779 2716 suﬂi-

461 2743 626 2800 nibus
654 2744 840 2816 impiis
881 2745 938 2799 in
985 2745 1171 2800 cloaca
1202 2741 1406 2798 inferni
1453 2741 1510 2796 in
1555 2747 1880 2813 perpetuum
1909 2747 2056 2794 tene-
2165 2753 2374 2810 οίθηιθι-
2403 2753 2659 2826 exposuit
2699 2753 2824 2824 (ωε
2877 2751 3233 2826 querendum
3280 2768 3417 2808 νει-ο
3469 2752 3638 2808 nobis
3684 2761 3776 2820 est,

459 2833 668 2889 buntur
697 2833 917 2889 reclusi.
943 2835 1018 2888 Et
1035 2850 1140 2887 non
1169 2833 1380 2904 egebant
1403 2831 1596 2887 lumine
1627 2832 1873 2896 lucernae,
1897 2845 2058 2898 neque
2164 2859 2264 2899 οιιιο
2293 2843 2492 2914 τερθιη
2523 2841 2670 2915 quod
2713 2849 2873 2897 antea
2920 2841 2970 2896 ei
3021 2839 3368 2913 prohibitum
3425 2840 3634 2898 fuerat.
3683 2841 3776 2897 sed

463 2923 657 2978 lumine
700 2924 848 2977 solis.
899 2923 1157 2978 Diximus
1189 2922 1442 2994 superius
1471 2938 1566 2994 per
1596 2922 1783 2978 lumen
1824 2921 1967 2975 luna:
1996 2936 2004 2973 ε

2241 2930 2534 3004 diligenter
2581 2931 2911 3003 scripturam
2961 2928 3089 2985 libri
3125 2928 3294 3000 hujus
3338 2930 3775 3002 inspexerimus,

461 3009 647 3064 lumen
705 3007 837 3064 δοιίε
889 3017 1047 3066 νθῑαε
1095 3027 1159 3066 ³ο
1203 3027 1410 3066 novum
1472 3011 1880 3066 Testamentum
1943 3023 2057 3064 esse
2166 3039 2277 3078 non
2306 3024 2363 3078 in
2393 3038 2597 3078 vanum
2623 3038 2737 3078 esse
2768 3021 2973 3077 factum
2999 3019 3370 3087 intuebimur;
3413 3036 3550 3075 nam
3578 3038 3706 3077 cum
3735 3022 3777 3076 ei

459 3096 804 3170 designatum
839 3118 850 3156 :
911 3099 1160 3156 eamdem
1190 3100 1375 3174 itaque
1400 3099 1864 3172 signiﬁcationem
1891 3096 1998 3152 hab

2239 3120 2592 3169 monstrasset
2617 3113 2844 3184 angelus
2875 3111 3156 3168 Christum
3188 3111 3246 3164 in
3277 3125 3379 3164 sua
3414 3110 3551 3165 sede
3583 3111 3777 3167 seden-

460 3189 684 3246 lucerna
712 3189 770 3245 in
799 3189 904 3248 hoc
933 3190 1074 3261 loco,
1109 3207 1272 3266 quam
1299 3189 1553 3263 superius
1582 3188 1830 3244 diximus
1865 3187 2052 3242 lunam
2106 3187 2133 3190 ⁷⁷
2165 3211 2298 3271 tem,
2327 3211 2669 3276 quatuorque
2717 3201 2999 3269 animalia,
3042 3207 3097 3255 et
3145 3198 3348 3270 viginti
3396 3208 3647 3271 quatuor
3692 3217 3776 3256 se.

459 3279 734 3338 habuisse.
785 3282 863 3338 De
911 3282 1120 3338 lumine
1149 3290 1333 3338 autem
1380 3279 1513 3336 solis
1541 3295 1605 3336 ac
1634 3280 1803 3348 lunae,
1847 3277 1905 3333 id
1950 3283 2051 3344 est,
2167 3293 2370 3361 mores,
2419 3309 2762 3367 nequaquam
2810 3291 3016 3348 dicitur
3066 3289 3322 3360 angelum
3379 3288 3623 3346 adorare
3675 3307 3773 3347 νο..

459 3371 660 3428 veteris
679 3388 742 3428 ac
757 3371 890 3428 novi
911 3371 1274 3441 Testamenti,
1294 3370 1546 3443 superius
1560 3369 1749 3443 aliqua
1779 3367 1998 3423 diximu

2231 3384 2352 3440 isse.
2403 3383 2671 3439 Similiter
2699 3399 2828 3439 cum
2873 3381 2924 3437 ei
2967 3380 3398 3436 demonstrasset
3443 3379 3690 3450 qualiter
3715 3379 3772 3433 ab

459 3458 574 3513 Hoc
622 3459 790 3528 igitur
839 3460 1046 3514 lumine
1102 3476 1213 3515 non
1260 3459 1510 3531 egebunt
1547 3458 1743 3514 sancti.
1793 3456 2000 3523 Quonia

2230 3490 2324 3545 gno
2352 3479 2558 3545 septem
2598 3471 2778 3545 sigilla
2825 3477 3058 3526 reserata
3101 3475 3251 3535 sunt,
3299 3473 3354 3522 et
3397 3483 3469 3523 ea
3511 3484 3636 3540 quae
3683 3469 3771 3523 sub

457 3547 716 3601 Dominus
745 3548 884 3601 Deus
915 3547 1240 3600 illuminabit
1267 3548 1408 3610 illos,
1458 3553 1506 3601 et
1546 3547 1837 3617 regnabant
1864 3545 1919 3599 in
1947 3561 2056 3600 δίε-
2167 3570 2332 3618 cantu
2361 3561 2614 3618 ωδεχ-ηπ]
2647 3567 2854 3631 septem
2899 3559 3220 3631 angelorum
3269 3562 3424 3628 gesta,
3477 3565 3634 3624 sum,
3683 3573 3770 3612 nec

457 3634 578 3687 cuia
606 3634 941 3687 saeculorum.
976 3633 1268 3704 Hucusque
1313 3633 1455 3687 visio
1504 3634 1757 3704 septima.
1808 3634 1938 3700 Quae
1972 3651 1998 3689 s

2228 3667 2277 3705 »η
2303 3659 2357 3706 et
2386 3667 2449 3705 ea
2476 3667 2596 3724 quae
2636 3650 2736 3705 sub
2771 3649 3036 3704 effusione
3079 3646 3391 3719 phialarum
3438 3654 3652 3719 septem
3689 3664 3769 3701 an-

458 3728 724 3794 ‘I‘mmu":
755 3720 823 3776 ad
847 3720 1284 3814 δάφρῐξξῐίοηθῖη
1315 3721 1594 3793 Ρθτιίηθηι
1625 3720 1797 3792 i135i“s
1825 3722 2054 3779 Joannis
2167 3743 2410 3814 gelorum
2459 3720 2607 3813 gesta
2649 3739 2815 3796 fuisse
2863 3738 3141 3811 leguntur,
3182 3751 3542 3808 nequaquam
3583 3736 3768 3793 dicitur

458 3817 890 3884 ceterorumque
919 3809 1190 3866 ﬁdelium.

2219 3831 2312 3886 10d
2337 3809 2590 3901 angelum
2636 3828 2864 3885 adorare
2909 3809 3168 3883 voluerit.
3219 3825 3322 3881 Ubi
3365 3841 3508 3882 vero
3555 3836 3760 3882 ventum

532 3909 714 3982 (Vers.
748 3910 829 3982 6.)
854 3911 927 3966 Et
955 3909 1095 3965 dixit
1123 3907 1252 3964 mihi
1279 3925 1295 3962 :
1345 3907 1466 3963 Hac
1495 3906 1653 3962 verba
1679 3905 1988 3979 ﬁdelissima
2007 3911 2055 3961 et

2220 3930 2248 3976 .t
2283 3920 2350 3976 ad
2381 3936 2504 3976 eum
2537 3919 2744 3986 locum,
2773 3916 2832 3972 in
2861 3932 2971 3990 quo
3010 3915 3060 3970 ei
3101 3913 3168 3969 ab
3205 3915 3402 3986 angelo
3437 3914 3761 3971 demonstra-

458 4017 582 4055 vera
612 4007 753 4056 sunt.
778 4001 894 4057 Hoc
923 4000 1008 4058 bis
1030 3998 1153 4056 ideo
1184 3999 1401 4073 repetit,
1419 4005 1480 4054 ut
1500 3995 2055 4053 nullusconsiderans
2167 4019 2282 4066 tum
2313 4018 2415 4078 est,
2457 4007 2694 4080 qualiter
2739 4022 2936 4078 sponsa
2985 4003 3214 4071 Christi,
3262 4003 3321 4059 id
3373 4012 3463 4060 est
3513 4005 3762 4066 Ecclesia,

457 4087 816 4145 Obscuritates
863 4090 1198 4159 ἀίεῐίοηῑιω»
1232 4096 1286 4146 οἳ
1317 4105 1380 4145 ea
1409 4105 1530 4161 qua"
1561 4085 1867 4143 secundum
1898 4084 2056 4140 "ne"
2166 4099 2385 4155 Christo
2415 4097 2711 4169 conjuncta
2737 4102 2836 4163 est,
2874 4095 2931 4149 in
2961 4110 3026 4150 eo
3058 4092 3319 4148 videlicet
3354 4093 3504 4161 loco,
3529 4093 3628 4148 ubi
3645 4094 3760 4149 scri-

458 4195 575 4235 ram
621 4181 1024 4240 irrationabilia
1070 4184 1352 4253 videntur,
1403 4182 1723 4240 incredulus
1774 4181 2050 4248 exsistat;
2164 4194 2321 4260 ptum
2351 4193 2432 4242 est
2468 4204 2479 4242 ;
2528 4187 2859 4242 Gaudeamus
2901 4189 2950 4237 et
2993 4184 3333 4247 ersultemus,
3366 4187 3418 4236 et
3447 4182 3633 4236 demus
3656 4184 3761 4253 glo-

459 4267 684 4323 fuerunt
712 4270 858 4325 enim
891 4272 1138 4344 quidam,
1189 4273 1282 4346 qui
1312 4289 1423 4329 non
1455 4273 1823 4346 intelligentes
1862 4270 2055 4326 divina
2165 4277 2308 4332 riam
2335 4276 2382 4330 ei
2411 4275 2490 4347 (7)
2517 4293 2530 4342 ;
2564 4275 2691 4345 quia
2719 4279 2974 4329 venerunt
2997 4272 3196 4343 nuptiae
3225 4270 3389 4342 Agni,
3416 4277 3471 4326 et
3498 4289 3640 4326 uxor
3665 4271 3760 4338 ejus

459 4356 741 4430 mysteria,
783 4373 903 4430 quae
951 4358 1009 4412 in
1038 4359 1143 4415 hoc
1174 4361 1315 4416 libro
1342 4362 1719 4430 continentur,
1750 4379 1781 4418 a
1805 4363 2053 4434 catalogo
2160 4366 2492 4440 preparavit
2519 4381 2604 4419 se:
2641 4372 2688 4420 et
2717 4365 2899 4419 datum
2928 4369 3002 4418 est
3047 4363 3114 4430 ei,
3146 4367 3206 4415 ut
3240 4361 3456 4432 aperiat
3484 4378 3539 4415 se
3571 4362 3760 4431 byssina

362 4447 366 4451 ’
457 4444 774 4502 divinarum
828 4447 1232 4520 Scripturarum
1265 4465 1386 4504 eum
1420 4459 1702 4521 amputare
1732 4454 2048 4508 voluerunt.
2080 4491 2130 4551 D
2164 4456 2459 4528 splendente
2487 4454 2732 4510 candido.
2777 4453 3066 4525 Byssinum
3108 4451 3266 4517 enim,
3317 4449 3531 4523 inquit,
3566 4451 3762 4520 justiﬁ—

456 4541 532 4595 Et
560 4540 810 4595 Dominus
837 4541 976 4596 Deus
1010 4540 1296 4612 spirituum
1319 4542 1700 4614 prophetarum
1729 4545 1874 4599 misit
1894 4561 2047 4614 ange-
2082 4539 2126 4551 ”
2158 4545 2384 4600 sationes
2412 4550 2536 4598 sunt
2563 4549 2904 4606 sanctorum;
2941 4540 3208 4598 continuo
3253 4540 3520 4611 angelum
3551 4539 3758 4595 adorare

461 4631 568 4686 lum
595 4648 749 4687 suum
777 4633 1042 4688 ostendere
1066 4633 1232 4687 servis
1264 4631 1392 4700 suis,
1415 4648 1530 4701 qua:
1563 4639 1762 4702 oportet
1786 4634 1904 4704 ﬁeri
1921 4635 2040 4699 cito;
2155 4633 2354 4690 voluit.
2387 4632 2567 4690 Simili
2595 4633 2759 4688 modo
2790 4640 2843 4688 et
2876 4631 2935 4687 in
2973 4628 3363 4702 sequentibus,
3413 4645 3547 4685 cum
3591 4630 3642 4685 ei
3686 4629 3763 4684 de.

456 4720 514 4778 id
543 4729 643 4791 est,
676 4723 947 4779 Dominus
970 4724 1135 4791 Deus,
1169 4722 1264 4795 qui
1295 4721 1550 4794 spiritum
1571 4720 1871 4794 prophetia:
1896 4722 2048 4779 dedit
2155 4729 2457 4778 monstrata
2494 4729 2634 4778 esset
2671 4721 2905 4794 dejectio
2953 4719 3310 4786 Antichristi,
3365 4718 3618 4790 alligatio
3659 4719 3760 4775 dia-

455 4811 714 4868 omnibus
778 4813 983 4871 sanctis
1043 4812 1345 4885 prophetis,
1394 4811 1510 4884 ipse
1573 4811 1724 4867 misit
1791 4812 2046 4884 angelum
2156 4810 2269 4866 boli
2300 4811 2360 4866 in
2387 4809 2667 4882 abyssum,
2702 4809 2876 4881 gloria
2906 4808 3348 4875 resurrectionis,
3394 4808 3558 4863 nullo
3609 4807 3761 4864 modo

455 4901 711 4971 suum,id
741 4910 842 4972 est,
878 4904 1059 4975 ipsum
1091 4901 1186 4975 qui
1209 4901 1314 4958 hoc
1339 4899 1681 4974 loquebatur,
1707 4899 1800 4972 qui
1822 4907 1876 4955 et
1890 4899 2048 4954 Joan-
2157 4900 2410 4972 angelum
2439 4899 2666 4955 adorare
2698 4898 2877 4954 voluit
2909 4916 2921 4954 :
2958 4914 3086 4954 cum
3117 4906 3302 4953 autem
3345 4896 3402 4951 in
3451 4895 3567 4952 ﬁne
3608 4897 3760 4966 hujus

454 4992 513 5046 ni
543 4991 784 5048 ostendit
812 4993 998 5048 omnia
1026 4992 1309 5064 mysteria,
1344 5007 1463 5065 quae
1496 4989 1553 5045 in
1602 4989 1707 5046 hoc
1737 4989 1879 5045 libro
1907 5006 2051 5046 con—
2158 4990 2392 5046 visionis
2443 4987 2881 5044 demonstratum
2939 4994 3082 5043 esset
3138 4986 3189 5041 ei
3237 4985 3479 5058 qualiter
3525 4985 3761 5042 Ecclesia
3847 5055 3850 5057 Α

452 5079 722 5149 tinentur,
749 5083 1014 5138 ostendere
1041 5082 1206 5137 servis
1244 5081 1355 5136 suis
1396 5097 1515 5150 quae
1554 5086 1756 5151 oportet
1783 5079 1900 5151 ﬁeri
1927 5078 2047 5136 cito.
2159 5084 2282 5150 post
2335 5075 2752 5133 resurrectionis
2812 5075 3046 5149 gloriam
3103 5074 3325 5131 Christo
3377 5074 3435 5129 in
3489 5083 3746 5130 aeternum

440 5167 589 5225 ‘Cum
633 5169 750 5225 haec
796 5170 1068 5242 scriptura
1109 5185 1222 5224 non
1261 5176 1475 5225 tantum
1508 5167 1577 5222 ad
1621 5167 1869 5222 futurum
1903 5176 2051 5223 tem-
2160 5185 2285 5226 cum
2343 5166 2440 5222 illo
2496 5172 2790 5237 regnatura
2837 5164 3161 5232 sociabitur,
3209 5163 3480 5219 continuo
3511 5163 3752 5235 angelum

454 5275 575 5329 pus,
606 5258 700 5315 sed
727 5258 891 5315 etiam
921 5258 989 5314 ad
1011 5258 1349 5331 praeteritum
1385 5257 1675 5329 pertineat,
1719 5273 1818 5312 cur
1847 5255 1916 5312 ad
1945 5255 2051 5312 de—
2162 5259 2386 5315 adorare
2418 5255 2631 5322 voluit;
2666 5255 3028 5328 conjungitur
3066 5269 3301 5326 namque
3337 5253 3590 5309 Ecclesia
3634 5269 3748 5325 quo-

453 5347 806 5404 monst‘randa
851 5363 915 5403 ea
943 5346 1328 5404 tantummodo
1349 5388 1365 5415 ,
1423 5363 1544 5419 quas
1601 5346 1886 5417 oportebat
1932 5345 2052 5401 ﬁeri
2160 5347 2298 5406 tidie
2337 5345 2556 5404 Christo
2584 5361 2679 5417 per
2707 5345 2894 5414 ﬁdem,
2925 5356 3228 5418 ceteraque
3247 5342 3396 5399 bona
3423 5357 3615 5415 opera,
3644 5359 3747 5415 qua:

526 5491 607 5562 (6)
639 5493 721 5547 Ita
753 5489 1082 5565 mss.:_edit._
1115 5505 1246 5565 vero
1281 5509 1291 5547 :
1330 5490 1443 5546 Cur
1474 5491 1714 5565 angelus
1762 5490 1984 5565 Domini
2011 5508 2046 5545 a
2160 5499 2448 5565 stura.___
2634 5560 2648 5565 _
2859 5560 2871 5565 _
2948 5558 2958 5565 .
3113 5559 3121 5565 _
3211 5564 3216 5565 γ
3331 5563 3341 5565 _
3625 5558 3655 5565 Α

452 5558 654 5615 Joanne
707 5562 933 5616 adorari
992 5562 1244 5629 noluerit,
1305 5560 1548 5632 superius
1572 5558 1585 5560 ’
1612 5561 1670 5614 in
1731 5561 2054 5632 expositione
2235 5562 2316 5690 (7)
2349 5559 2521 5629 Edit.,
2547 5566 2593 5615 et
2614 5560 2792 5615 demus
2819 5558 3046 5630 gloriam
3074 5559 3143 5625 ei,
3174 5564 3222 5612 et
3247 5563 3436 5613 uetera
3460 5575 3482 5623 ;
3520 5558 3745 5614 σαπείηαο

453 5631 648 5690 quinta
684 5631 906 5688 Visionis
942 5631 1256 5690 sufﬁcienter
1306 5631 1665 5690 exposuimus.
1704 5632 1852 5690 Mera
1879 5632 2052 5690 imno-
2160 5650 2291 5690 unae
2316 5649 2403 5689 um
2428 5650 2445 5690 ;
2473 5647 2604 5690 mss.
2637 5639 2840 5690 autem.
2872 5639 2936 5688 ut
2965 5646 3066 5686 nos
3096 5629 3156 5686 in
3182 5638 3363 5687 textu.

453 5632 648 5703 quinta
684 5632 906 5688 Visionis
942 5632 1256 5704 sufﬁcimter
1306 5632 1665 5704 exposuimus.
1704 5632 1852 5690 Mera
1879 5632 2052 5707 impo-
2160 5632 2445 5706 angelum;
2473 5647 2604 5691 mss.
2637 5639 2840 5702 autem,
2872 5639 2936 5688 ut
2965 5646 3066 5686 nos
3096 5632 3156 5686 in
3182 5638 3363 5687 textu.
