3902 6198
503 220 642 282 1055

1520 227 1616 283 AD
1654 224 1889 283 OPEBA
1926 224 1982 281 S.
2019 224 2349 283 AMBROSII
2386 224 2767 283 APPENDIX.

3698 227 3830 286 1056

499 348 662 406 multi
705 349 843 406 rami
884 349 1161 419 oriuntur,
1213 351 1292 407 ita
1333 358 1387 407 et
1430 364 1500 405 ex
1546 366 1661 405 uno
1704 348 1885 428 David
1916 364 2112 421 magna
2139 350 2191 410 A
2222 349 2502 422 eXpositor
2526 364 2761 423 namque
2784 347 2930 405 nihil
2967 348 3118 406 addit
3161 357 3259 405 aut
3299 347 3525 406 minuit
3558 366 3571 405 :
3603 348 3710 405 sed
3753 364 3838 408 aut

498 441 784 513 progenies
813 449 894 497 est
922 450 1133 498 exorta.
1167 441 1305 499 Cum
1336 456 1465 513 ergo
1503 437 1682 496 David
1732 437 1903 493 fuerit
1943 437 2103 493 radix

496 531 726 601 Christi,
751 548 816 587 eo
845 532 993 605 quod
1022 532 1089 587 de
1118 532 1287 602 stirpe
1316 530 1435 601 ejus
1473 529 1689 587 Christi
1737 528 1907 583 fuerit
1950 544 2106 584 exor-

496 629 626 688 tus;
659 622 938 695 quomodo
976 620 1232 677 Christus
1276 619 1513 674 radicem
1562 635 1617 674 se
1658 618 1795 674 dicit
1846 634 1960 674 esse
2004 619 2105 673 Da-

497 712 631 767 vid?
672 711 926 769 Christus
965 708 1138 779 igitur
1181 715 1235 763 et
1278 709 1438 764 radix
1480 716 1534 763 et
1579 708 1730 764 ﬁlius
1776 715 1857 763 est
1906 706 2103 766 David.

496 800 673 856 Radix
702 808 784 855 est
814 797 1014 865 David,
1048 797 1179 870 quia
1224 797 1293 852 ab
1341 798 1459 869 ipso
1507 796 1687 854 David
1742 803 1825 852 est
1869 803 2102 867 creatus,

495 890 638 946 sicut
684 896 738 944 et
782 887 964 961 caeteri
1005 886 1261 943 homines
1297 906 1309 945 :
1341 888 1491 943 ﬁlius
1519 896 1601 943 est
1634 886 1837 955 David,
1880 887 2009 960 quia
2037 904 2107 943 ex

493 977 611 1049 ejus
674 975 932 1050 progenie
986 977 1251 1049 processit
1316 979 1618 1036 secundum
1688 993 1927 1033 carnem.
1996 977 2105 1045 Qui

493 1068 659 1127 etiam
689 1068 903 1124 stellam
928 1068 1260 1124 matutinam
1294 1084 1350 1125 se
1383 1078 1562 1127 vocat.
1596 1068 1767 1125 Stella
1801 1067 2098 1139 matutina,

495 1175 660 1234 quam
690 1158 985 1217 luciferum
1025 1173 1307 1227 vocamus,
1358 1167 1505 1215 recte
1554 1159 1805 1217 Christus
1855 1158 2100 1215 dicitur;

498 1250 629 1324 quia
655 1249 799 1306 sicut
826 1248 925 1305 illa
965 1264 1123 1304 mane
1167 1248 1352 1304 oriens
1396 1251 1749 1323 splendorem
1798 1266 1959 1305 suum
2010 1265 2105 1323 per

487 1339 811 1396 universum
845 1339 1113 1395 mundum
1146 1339 1373 1412 spargit,
1407 1340 1484 1396 ita
1512 1347 1566 1397 et
1595 1339 1848 1397 Christus
1878 1339 2105 1395 veniens

495 1428 555 1485 in
610 1428 901 1498 mundum,
954 1428 1275 1485 universam
1329 1430 1523 1487 mundi
1575 1430 1771 1487 faciem
1822 1430 2102 1486 illumina-

494 1518 615 1575 vit:
658 1518 753 1591 qui
797 1534 910 1575 non
956 1518 1386 1592 incongruenter
1432 1520 1633 1577 lucifer
1680 1528 1945 1588 vocatur;
1998 1535 2104 1593 qua

495 1609 726 1665 veniens
780 1607 839 1664 in
896 1608 1190 1679 mundum,
1242 1610 1419 1667 lucem
1470 1626 1653 1667 secum
1700 1609 1924 1678 detulit,
1974 1609 2105 1683 quia

494 1698 747 1755 tenebras
800 1697 969 1770 hujus
1017 1699 1213 1756 mundi
1265 1699 1557 1757 exstinxit.
1607 1702 1685 1757 De
1734 1699 1839 1756 hoc
1869 1699 2103 1755 lucifero

494 1790 595 1846 Job
622 1789 871 1863 loquitur
896 1789 1125 1847 dicens:
1181 1815 1199 1837 ι
1231 1791 1338 1859 Qui
1392 1789 1647 1863 preducit
1696 1789 1991 1847 luciferum
2039 1791 2097 1846 in

494 1886 740 1952 tempore
768 1896 866 1937 suo
899 1881 1019 1953 (Job
1048 1897 1290 1949 xxxvm,
1324 1879 1440 1953 32).
1476 1904 1493 1927 ο
1530 1879 1847 1936 Luciferum
1873 1880 1931 1935 in
1967 1889 2098 1936 tem-

495 1986 624 2043 pore
653 1986 753 2027 suo
784 1972 929 2028 Deus
952 1972 1111 2028 Pater
1139 1971 1423 2044 produxit,
1452 1970 1673 2044 quando
1699 1969 1904 2026 Filium
1935 1986 2097 2026 suum

495 2068 739 2135 tempore
762 2062 1063 2120 constituto
1088 2061 1156 2119 ad
1176 2060 1559 2118 redimendum
1590 2077 1759 2135 genus
1791 2060 2097 2117 humanum

499 2151 725 2209 mmmL

567 2241 751 2314 (Vers.
805 2240 918 2312 17.)
972 2242 1048 2298 Et
1095 2256 1315 2313 sponsus
1363 2248 1413 2296 et
1459 2256 1653 2312 sponsa
1685 2239 1909 2295 dicunt:
1951 2238 2094 2297 Veni.

495 2331 738 2403 Sponsus
768 2338 822 2387 et
848 2346 1063 2405 sponsa,
1092 2329 1149 2386 id
1179 2337 1280 2399 est,
1314 2329 1570 2387 Christus
1601 2327 1717 2402 (12)
1745 2337 1798 2384 et
1829 2329 2093 2397 Ecclesia,

496 2438 691 2478 omnes
718 2421 971 2479 homines
1011 2438 1109 2495 per
1151 2421 1461 2494 Scripturas
1490 2428 1545 2477 et
1574 2436 1671 2493 per
1716 2418 2099 2492 prmdicatores

495 2512 565 2570 ad
614 2512 966 2586 percipienda
1009 2512 1236 2585 praemia
1283 2511 1618 2584 sempiterna
1663 2508 1909 2583 quotidie
1957 2509 2096 2565 invi-

492 2613 633 2662 tant.
665 2607 738 2661 Et
763 2604 856 2675 qui
882 2604 1035 2659 audit
1062 2604 1207 2659 dicat
1236 2620 1253 2658 :
1292 2603 1435 2662 Veni.
1485 2600 1742 2659 Audiunt
1771 2609 1954 2658 autem
1985 2617 2095 2656 non

496 2696 677 2751 solum
706 2694 789 2751 illi
825 2693 921 2767 qui
944 2694 1165 2751 divinas
1191 2693 1503 2767 Scripturas
1533 2692 1873 2763 intelligunt,
1913 2690 2008 2746 sed
2043 2696 2097 2745 et

498 2784 582 2840 illi
616 2784 710 2856 qui
742 2800 803 2841 ea
836 2784 981 2840 bona
1032 2785 1235 2852 sciunt,
1289 2799 1385 2855 per
1428 2799 1550 2855 quae
1594 2781 1794 2838 salvari
1846 2786 2092 2852 possunt.

498 2874 663 2929 Multi
693 2882 825 2928 sunt
865 2888 999 2929 vero
1044 2874 1140 2945 qui
1192 2872 1447 2939 audiunt,
1498 2871 1556 2927 id
1611 2878 1710 2941 est,
1760 2870 1855 2944 qui
1904 2869 2097 2926 divina

499 2962 756 3017 mandata
782 2960 1099 3017 didicerunt
1128 2980 1140 3018 :
1174 2961 1268 3017 sed
1295 2977 1406 3017 non
1426 2961 1684 3030 veniunt,
1703 2960 1834 3034 quia
1854 2976 1916 3015 ea
1935 2975 2096 3032 opere

495 3051 725 3125 implere
750 3052 1054 3125 negligunt.
1087 3052 1193 3121 Qui
1225 3051 1394 3125 igitur
1431 3052 1608 3121 audit,
1656 3068 1875 3109 necesse
1914 3058 1997 3107 est
2035 3058 2096 3107 ut

494 3144 683 3202 veniat
708 3161 719 3199 :
750 3151 804 3200 et
834 3143 929 3217 qui
954 3143 1067 3217 jam
1095 3144 1260 3217 erepit
1288 3142 1477 3199 venire
1514 3142 1582 3199 ad
1621 3144 1795 3200 Deum
1828 3158 1924 3214 per
1947 3141 2091 3197 viam

491 3250 723 3308 operum
755 3234 1050 3305 bonorum,
1081 3250 1301 3292 necesse
1328 3232 1493 3289 habet
1529 3240 1593 3289 ut
1630 3241 1685 3289 et
1725 3232 1863 3287 alios
1911 3246 2096 3288 secum

488 3327 834 3384 admonendo
863 3327 1159 3399 pertrahat.
1200 3328 1277 3382 Et
1322 3325 1419 3397 qui
1463 3325 1593 3393 sitit,
1643 3325 1840 3393 veniat,
1889 3322 1947 3379 id
1992 3330 2095 3392 est,

491 3416 586 3489 qui
611 3417 731 3471 sitit
755 3417 928 3471 vitam
958 3424 1240 3482 aeternam,
1271 3414 1340 3469 ad
1372 3431 1491 3469 eam
1523 3430 1619 3485 per
1644 3413 1792 3470 viam
1822 3413 2095 3470 bonorum

495 3518 722 3573 operum
753 3503 943 3557 venire
970 3518 1026 3557 se
1062 3502 1261 3557 debere
1292 3511 1583 3573 cognoscat
1608 3520 1618 3557 :
1652 3503 1757 3570 Qui
1785 3504 1920 3571 vult,
1950 3502 2099 3557 acci-

484 3590 605 3660 piat
623 3606 818 3659 aquam
845 3590 966 3644 vita:
993 3588 1180 3660 gratis.
1212 3589 1327 3644 Hoc
1355 3590 1607 3658 superius
1625 3592 1771 3662 (cap.
1811 3590 1901 3662 12)
1931 3606 2098 3664 expo-

492 3677 664 3736 situm
694 3685 797 3734 est.

565 3767 746 3840 (Vers.
780 3766 870 3833 18,
903 3764 1018 3839 19.)
1055 3765 1330 3823 Contestor
1362 3764 1507 3820 omni
1528 3764 1767 3821 audienti
1792 3767 1951 3823 verba
1970 3784 2097 3839 pro-

483 3860 675 3932 phetiae
703 3856 831 3914 libri
859 3855 1058 3926 hujus:
1089 3855 1137 3910 si
1159 3855 1278 3927 quis
1311 3854 1619 3927 opposuerit
1653 3856 1725 3912 ad
1762 3856 1890 3925 hac,
1922 3874 2099 3929 appo-

489 3955 584 4006 nat
613 3949 755 4005 Deus
797 3964 959 4020 super
998 3946 1153 4003 illum
1197 3947 1389 4018 plagas
1424 3945 1650 4016 scriptas
1688 3945 1747 4000 iu
1788 3946 1921 4002 libro
1957 3948 2094 4015 isto;

489 4046 538 4094 et
565 4040 612 4095 si
639 4040 757 4110 quis
785 4037 1099 4095 diminuerit
1142 4036 1205 4092 de
1247 4035 1419 4091 verbis
1455 4035 1580 4092 libri
1598 4038 1888 4109 prophetia:
1914 4038 2099 4109 hujuse

492 4127 709 4196 auferat
744 4130 885 4184 Deus
908 4135 1118 4200 partem
1147 4127 1260 4197 ejus
1290 4127 1351 4183 de
1383 4126 1519 4183 libro
1547 4128 1685 4195 vitis,
1720 4134 1768 4182 et
1799 4128 1860 4184 de
1900 4129 2081 4183 civitat

490 4223 693 4284 sancta,
722 4224 773 4271 et
792 4218 853 4272 de
877 4218 959 4271 his
979 4235 1097 4288 qua:
1128 4219 1327 4289 scripta
1357 4224 1480 4274 sunt
1521 4219 1578 4273 in
1621 4218 1756 4274 libro
1791 4218 1911 4274 isto.
1960 4220 2098 4277 Cum

488 4305 739 4379 superius
803 4306 1085 4378 praecipiat
1154 4308 1379 4380 angelus
1437 4308 1658 4376 Joanni,
1716 4307 1908 4365 dicens
1951 4326 1962 4363 :
2021 4308 2098 4364 Ne

490 4394 781 4469 signaveris
834 4396 993 4450 verba
1042 4396 1335 4467 prophetia:
1386 4396 1511 4452 libri
1550 4396 1711 4466 hujus
1750 4416 1772 4463 ;
1827 4397 1961 4470 quid
2018 4404 2099 4453 est

2217 442 2578 499 obscuritates
2631 441 2879 498 historiae
2938 439 3263 514 exponendo
3323 440 3700 507 manifestat,
3753 456 3836 500 aut

2217 532 2479 588 moralem
2520 538 2614 587 aut
2642 530 2945 603 spiritalem
2976 529 3405 603 intelligentiam
3459 530 3835 591 demonstrat.

2218 619 2512 676 Haereticos
2539 636 2666 693 ergo
2696 620 2996 687 maledicit,
3031 620 3125 691 qui
3164 619 3223 674 in
3260 619 3591 692 Scripturis
3639 621 3836 679 divinis

2216 710 2284 765 ad
2333 709 2766 765 conﬁrmandam
2824 709 3075 765 haeresim
3141 725 3298 765 suam
3355 710 3641 782 quaedam
3714 712 3837 767 falsa

2216 799 2578 872 apponebant,
2612 808 2665 855 et
2716 797 2965 872 quaedam
3014 798 3408 867 detrahebant,
3460 816 3602 872 quae
3659 816 3835 857 eorum

2216 890 2410 947 haeresi
2445 888 2772 945 videbantur
2799 904 2913 945 esse
2941 888 3237 945 contraria.

2290 1006 2469 1075 (Vers.
2501 1005 2616 1078 20.)
2638 1006 2782 1061 Dicit
2803 1006 2896 1077 qui
2918 1005 3269 1061 testimonium
3294 1004 3555 1076 perhibet
3580 1006 3835 1063 istorum:

2216 1097 2401 1154 Etiam
2434 1098 2582 1153 venio
2624 1097 2743 1165 cito,
2787 1114 2959 1154 amen.
3017 1097 3163 1164 Veni,
3206 1098 3440 1153 Domine
3484 1098 3649 1153 Iesu.
3694 1097 3838 1155 Chri-

2217 1195 2331 1243 stus
2377 1185 2516 1244 dicit
2563 1205 2575 1244 :
2636 1187 2791 1246 Venio
2830 1187 2930 1242 cito
2976 1186 3122 1259 (l3),
3162 1186 3405 1243 Joannes
3457 1188 3664 1260 petit:
3705 1188 3837 1256 Veni,

2215 1277 2438 1333 Domine
2464 1277 2588 1332 Jesu
2606 1293 2627 1341 ;
2656 1285 2710 1333 et
2738 1292 2838 1331 nos
2870 1275 3173 1332 adventum
3222 1275 3437 1333 Christi
3487 1276 3697 1333 multis
3736 1294 3839 1333 mo-

2215 1364 2301 1422 dis
2357 1367 2635 1440 postulare
2694 1364 2980 1422 debemus.
3039 1366 3392 1422 Postulamus
3439 1382 3705 1441 namque
3757 1365 3839 1422 ad-

2215 1463 2442 1513 ventum
2473 1454 2590 1527 ejus
2628 1454 2685 1510 in
2717 1454 2965 1511 oratione
2988 1454 3306 1524 Dominica,
3340 1455 3616 1529 quotidie
3664 1456 3838 1513 dicen-

2214 1555 2341 1604 tes:
2384 1570 2402 1593 ι
2452 1545 2727 1602 Adveniat
2774 1561 3005 1616 regnum
3059 1552 3219 1600 tuum
3272 1544 3499 1614 (Matth.
3536 1564 3627 1615 vr,
3673 1545 3827 1617 10),.

2214 1637 2271 1694 id
2301 1646 2402 1705 est,
2435 1645 2654 1709 tempus
2698 1634 2846 1710 quod
2894 1643 3017 1709 post
3061 1636 3543 1692 resurrectionem
3591 1637 3833 1693 futurum

2131 1730 2176 1791 B
2210 1737 2313 1798 est,
2363 1727 2421 1783 in
2478 1744 2586 1801 quo
2635 1742 2827 1782 omnes
2882 1725 3057 1782 sancti
3100 1741 3232 1782 cum
3285 1724 3521 1783 Christo
3565 1727 3697 1783 sine
3738 1727 3836 1782 ﬁne

2127 3108 2171 3169 C

490 4484 639 4560 quod
667 4484 813 4541 idem
842 4483 1083 4539 Joannes
1109 4484 1165 4540 in
1182 4482 1289 4539 hoc
1306 4484 1426 4539 loco
1440 4485 1829 4542 maledictione
1853 4485 2090 4543 terribili
2122 4471 2170 4530 D

489 4575 715 4632 damnat
738 4591 831 4632 eos
850 4573 945 4647 qui
966 4572 1034 4629 ad
1054 4572 1381 4646 scripturam
1405 4572 1531 4629 libri
1555 4573 1722 4645 hujus
1745 4575 1928 4647 aliqua
1939 4575 2089 4632 addi-

488 4663 673 4723 derint
706 4680 719 4721 :
754 4662 994 4719 maxime
1013 4679 1139 4720 cum
1161 4662 1219 4717 in
1240 4661 1345 4719 hoc
1367 4659 1510 4717 libro
1537 4662 1713 4717 multa
1734 4661 2097 4719 inveniantur

490 4772 611 4828 quae
632 4754 935 4813 secundum
954 4754 1191 4810 litteram
1214 4752 1437 4811 inutilia
1457 4759 1510 4807 et
1535 4768 1676 4808 vana
1694 4768 1807 4808 esse
1828 4752 2096 4809 videbun-

490 4852 603 4913 tur,
637 4843 746 4900 nisi
775 4844 854 4901 eis
886 4843 1149 4917 spiritalis
1199 4842 1568 4914 intelligentia
1609 4840 1955 4911 adhibeatur,
2000 4858 2095 4914 per

489 4950 655 5007 quam
676 4934 1094 5009 intelligantur?
1108 4934 1314 4992 Verum
1337 4950 1448 4990 non
1469 4931 1535 4990 de
1555 4932 1982 5007 expositoribus,
1999 4932 2091 4989 sed

500 5022 569 5082 de
596 5022 870 5082 haereticis
897 5022 1002 5082 hoc
1028 5022 1239 5081 dictum
1278 5039 1392 5079 esse
1435 5023 1741 5096 intelligere
1784 5021 2086 5087 debemus;

568 5256 685 5329 (12)
718 5255 849 5329 Gill.
883 5256 941 5312 in
976 5263 1166 5329 textu:
1198 5257 1285 5329 Et
1308 5270 1531 5329 sponsus
1577 5259 1873 5329 et‘sponsa,
1922 5251 1982 5306 id
2019 5258 2094 5329 est

492 5325 740 5386 Christus
769 5346 783 5396 ;
814 5328 874 5383 in
902 5327 1168 5399 margine,
1207 5328 1288 5383 vel
1315 5325 1539 5399 spiritus
1567 5343 1584 5399 ;_
1608 5325 1772 5399 llom.
1810 5338 1961 5399 vero,
2016 5325 2091 5378 Et

490 5394 802 5472 spiritusiet
845 5394 1048 5472 sponsa'
1092 5397 1273 5472 dicunt
1301 5394 1511 5472 :'Veni,
1553 5396 1621 5472 id
1672 5401 1763 5462 est,
1824 5394 2088 5463 Christus,

491 5467 594 5525 etc.
636 5471 739 5526 Sed
773 5467 963 5526 omnes
993 5486 1123 5524 mss.
1146 5469 1434 5526 nobiscum
1462 5467 1695 5523 faciunt.

568 5540 683 5608 (13)
709 5541 886 5606 Edit.,
916 5541 1041 5594 Iesu
1064 5541 1286 5597 Christe.
1317 5540 1500 5598 Dicit:
1540 5536 1695 5597 Venio
1716 5537 1814 5594 cito
1846 5554 1858 5593 :
1893 5536 2090 5595 melius

497 5624 625 5667 mss.
658 5616 719 5664 ut
741 5610 799 5666 in
825 5617 1108 5670 contextu.

2208 1819 2535 1893 regnabunt.
2572 1820 2635 1876 In
2684 1817 2923 1892 peccatis
2957 1816 3247 1889 jacemus;
3295 1834 3529 1875 necesse
3572 1819 3834 1876 habemus

2208 1918 2271 1967 ut
2317 1908 2656 1982 poenitendo,
2712 1907 3004 1979 plorando,
3051 1906 3295 1975 orando,
3335 1907 3712 1979 abstinendo,
3741 1911 3832 1966 ele-

2208 2016 2498 2073 emosynas
2518 1999 2824 2071 largiendo,
2856 1998 3156 2054 adventum
3185 1997 3305 2070 ejus
3328 1998 3751 2071 deprecemuz;
3780 2010 3831 2056 ut

2207 2090 2277 2146 ad
2305 2107 2404 2146 nos
2439 2088 2874 2146 misericordiam
2918 2104 3071 2144 suam
3125 2087 3514 2160 impendenda
3562 2089 3778 2159 redeat,
3804 2107 3830 2145 ε

2207 2179 2408 2253 quibus
2437 2179 2599 2235 malis
2630 2178 2833 2236 nostris
2876 2178 3129 2235 irritatus
3180 2177 3537 2239 discesserat.
3565 2182 3639 2236 In
3692 2189 3826 2237 tene-

2206 2268 2321 2326 bris
2376 2268 2698 2341 ignorantiae
2774 2268 2943 2342 positi
3012 2284 3244 2335 sumus;
3301 2267 3699 2340 deprecandus
3759 2278 3825 2326 est

2208 2358 2497 2427 Dominus,
2530 2366 2592 2414 ut
2621 2358 2828 2427 veniat,
2861 2365 2914 2414 et
2947 2357 3159 2414 lumine
3189 2358 3478 2429 sapientia:
3508 2375 3633 2415 sua
3668 2359 3823 2416 corda

2209 2456 2395 2504 nostra
2426 2448 2724 2505 illuminet.
2755 2449 2843 2506 Ab
2881 2447 3270 2504 invisibilibus
3316 2447 3584 2505 hostibus
3640 2450 3823 2523 impu-

2208 2551 2440 2607 gnamur
2462 2555 2475 2605 ;
2499 2536 2772 2609 rogandus
2800 2544 2883 2593 est
2913 2535 3207 2601 Dominus,
3236 2543 3299 2591 ut
3319 2536 3532 2605 veniat,
3558 2545 3623 2593 et
3650 2538 3722 2593 ab
3754 2539 3820 2593 eis

2208 2628 2479 2686 invisibili
2526 2628 2770 2702 potentia
2826 2645 2925 2684 nos
2980 2627 3261 2684 defendat.
3307 2626 3586 2685 Visibiles
3645 2628 3817 2685 hostes

2208 2721 2473 2793 patimur,
2524 2717 2908 2791 implorandus
2960 2724 3061 2791 est,
3094 2718 3410 2784 Dominus;
3464 2726 3528 2773 ut
3574 2720 3818 2788 veniens,

2207 2811 2536 2885 patientiam
2558 2818 2613 2866 et
2638 2812 2986 2868 tolerantiam
3025 2809 3194 2866 nobis
3223 2808 3281 2864 in
3314 2810 3564 2866 adversis
3596 2812 3816 2875 tribuat,

2206 2910 2268 2959 ut
2314 2919 2426 2958 non
2476 2901 2764 2959 vincamur
2792 2918 2824 2958 a
2867 2902 3034 2970 malo,
3082 2899 3179 2957 sed
3223 2898 3520 2958 vincamus
3564 2901 3631 2957 in
3684 2901 3818 2958 bono

2207 2992 2441 3047 malum.
2483 2990 2625 3047 Sunt
2652 2990 2747 3046 alii
2787 2990 2971 3048 hostes
3000 2993 3318 3064 interiores,
3350 3006 3405 3053 et
3444 2999 3634 3056 multo
3683 3000 3819 3058 dete-

2207 3081 2399 3149 riores,
2443 3096 2477 3135 a
2516 3079 2718 3153 quibus
2750 3079 3128 3139 indesinenter
3167 3084 3531 3155 debellamur,
3580 3092 3816 3146 avaritia

2206 3169 2483 3238 videlicet,
2542 3170 2692 3241 gula,
2749 3169 2945 3239 libido,
2999 3170 3237 3243 invidia,
3301 3174 3405 3245 ira,
3466 3175 3693 3245 odium,
3738 3196 3814 3237 δας

2206 3259 2415 3333 perbia,
2442 3276 2585 3316 vana
2610 3259 2806 3333 gloria,
2836 3269 3021 3318 tumor
3050 3262 3276 3333 mentis,
3309 3265 3597 3341 despectio
3637 3272 3814 3342 proxi

2206 3370 2447 3422 morum,
2476 3351 2852 3425 blasphemiae,
2885 3361 2937 3410 et
2956 3353 3054 3409 alii
3083 3355 3271 3425 multi,
3303 3373 3443 3430 quos
3474 3359 3709 3433 longum
3742 3372 3811 3417 est

2206 3458 2428 3515 ponere.
2458 3442 2556 3499 Isti
2583 3451 2713 3499 sunt
2741 3442 2923 3516 itaque
2950 3442 3133 3501 hostes
3152 3446 3402 3517 pessimi,
3425 3448 3525 3520 qui
3546 3464 3627 3505 ex
3658 3451 3813 3507 nobis

2206 3534 2500 3607 prodeunt,
2531 3542 2585 3590 et
2610 3533 2899 3591 nobiscum
2930 3544 3241 3605 morantur,
3271 3547 3327 3594 et
3348 3538 3559 3612 jugiter
3590 3557 3699 3597 nos
3729 3540 3808 3596 de-

2205 3624 2432 3682 bellant.
2466 3626 2681 3682 Habent
2720 3634 2902 3684 autem
2930 3634 2985 3682 et
3012 3627 3447 3685 innumerabilia
3470 3628 3664 3701 jacula
3704 3647 3808 3687 ma-

2207 3713 2385 3768 larum
2416 3713 2839 3784 cogitationum,
2877 3715 3079 3789 quibus
3106 3714 3327 3772 assidue
3355 3732 3458 3773 nos
3494 3717 3802 3774 vulnerant.

2208 3804 2266 3860 Si
2312 3820 2439 3875 ergo
2484 3804 2776 3862 interiores
2815 3805 2999 3863 hostes
3045 3805 3319 3876 deessent,
3368 3807 3678 3863 exteriores
3714 3807 3804 3863 ho-

2207 3902 2316 3950 stes
2365 3892 2505 3949 nihil
2555 3894 2718 3951 nobis
2764 3912 2959 3953 nocere
3007 3906 3264 3969 possent;
3315 3896 3409 3953 isti
3471 3906 3613 3954 sunt
3663 3898 3801 3953 enim

2207 3992 2516 4064 proditores
2568 3993 2811 4050 civitatis
2869 4002 3091 4064 nostris,
3151 4003 3205 4052 et
3264 3997 3570 4054 exteriores
3626 3995 3801 4053 hostes

2207 4082 2365 4138 nullo
2421 4083 2605 4152 modo,
2648 4083 2756 4141 nisi
2806 4100 2903 4157 per
2939 4083 3096 4153 istos,
3147 4084 3430 4142 civitatem
3479 4086 3598 4158 (14)
3632 4086 3803 4143 cordis

2207 4173 2382 4228 nostri
2431 4180 2662 4245 possunt
2718 4190 2929 4246 capere.
2980 4175 3254 4246 Rogemus
3297 4176 3469 4247 igitur
3506 4173 3803 4232 Dominum

2206 4269 2271 4318 ut
2321 4261 2524 4330 veniat,
2553 4271 2609 4318 et
2656 4262 2792 4319 istos
2833 4262 3272 4321 immanissimas
3311 4262 3497 4320 hostes
3542 4265 3607 4320 in
3654 4264 3805 4321 nobis

2206 4347 2462 4405 funditus
2506 4344 2841 4420 exstinguat,
2877 4347 3008 4421 quia
3053 4348 3164 4406 nisi
3214 4348 3672 4421 exstinguantur,
3714 4365 3807 4406 nos

2206 4438 2345 4497 salvi
2373 4454 2488 4495 esse
2512 4454 2623 4494 non
2653 4454 2965 4511 possumus.

2278 4565 2465 4637 (Vers.
2502 4563 2620 4635 21.)
2656 4564 2848 4621 Gratia
2876 4562 3093 4619 Domini
3114 4562 3234 4635 (15)
3258 4564 3432 4619 nostri
3452 4564 3582 4620 Iesu
3616 4564 3806 4621 Christi

2203 4662 2271 4717 sit
2298 4678 2415 4717 cum
2442 4660 2682 4716 omnibus
2722 4661 2885 4717 vobis.
2917 4662 3105 4717 Amen.
3138 4661 3222 4717 Sit
3250 4669 3306 4717 et
3335 4657 3480 4717 589
3518 4662 3805 4719 nobiscum

2202 4753 2381 4826 gratia
2424 4750 2648 4808 Domini
2676 4751 2802 4807 Jesu
2832 4751 3060 4818 Christi,
3091 4758 3145 4806 et
3174 4751 3269 4807 det
3310 4753 3472 4809 nobis
3511 4770 3675 4809 arma
3701 4753 3807 4807 vir-

2201 4846 2406 4909 tutum,
2448 4839 2650 4913 quibus
2689 4839 2913 4908 muniti,
2959 4840 3079 4912 ipso
3124 4840 3265 4897 duce
3311 4849 3477 4913 atque
3514 4842 3801 4914 signifero.

2202 4938 2254 4987 et
2300 4929 2369 4987 ab
2413 4930 2768 4987 interioribus
2803 4929 3077 4999 hostibus,
3111 4937 3165 4986 et
3202 4930 3273 4986 ab
3316 4932 3698 4988 exterioribus
3728 4932 3806 4987 de-

2203 5022 2523 5091 fendamur;
2557 5031 2619 5079 ut
2655 5022 2784 5078 vitae
2814 5028 3033 5078 aeternae
3074 5022 3378 5096 participes
3417 5039 3538 5082 esse
3591 5041 3804 5081 merea-

2274 5248 2387 5330 (14)
2418 5246 2638 5330 Eaedem
2685 5244 2841 5330 edit,
2889 5247 3173 5330 exteriores
3216 5247 3389 5302 hostes
3435 5248 3797 5330 nullomodtu

2200 5321 2303 5377 nisi
2343 5336 2436 5391 per
2483 5321 2606 5375 istos
2654 5321 2929 5386 civitatem,
2960 5326 3105 5385 etc.;
3140 5334 3272 5374 mss.
3323 5335 3486 5389 vero,
3531 5321 3801 5376 exteriore:

2200 5395 2364 5445 hostes
2391 5391 2523 5445 nihil
2549 5389 2698 5444 nobis
2738 5406 2938 5445 nocere.
2970 5397 3075 5445 etc.

2199 5395 2364 5448 hostes
2391 5391 2523 5445 nihil
2549 5391 2698 5444 nobis
2738 5406 2938 5458 nocere,
2970 5397 3075 5445 etc.

2273 5463 2519 5544 (i5)dlta
2573 5478 2705 5544 mss.
2752 5460 2901 5544 Edit:
2959 5469 3185 5544 autemh
3213 5465 3548 5544 exstinguat,
3601 5470 3646 5518 et
3702 5460 3791 5515 illis

2198 5533 2501 5615 extinctis,
2512 5534 2805 5615 perducere
2819 5603 2828 5612 ι
2842 5533 3085 5615 dignetur
3100 5534 3186 5614 ad
3205 5533 3439 5615 gaudia
3475 5533 3599 5594 υίια
3635 5549 3790 5607 ρπβ.

2201 5613 2319 5665 tum.
2345 5606 2593 5678 Sequitur
2624 5622 2637 5661 :
2672 5605 2863 5662 Gratia
2889 5605 3131 5672 Domini,
3165 5613 3275 5665 etc.
