3902 6198
260 286 407 345 1057

1360 288 1456 346 DE
1492 288 1960 349 PCENITENTIA
1996 288 2207 348 LIBER
2244 290 2444 347 UNUS.

3424 296 3562 356 £058

254 430 425 471 mur:
474 414 572 488 qui
622 431 747 472 cum
797 415 953 470 Patre
1009 421 1062 469 et
1121 413 1330 486 Spiritu
1384 422 1573 472 sancto
1612 415 1755 472 vivit
1800 423 1853 471 et
1878 418 1931 477 Α
1969 414 2388 486 intelligentiam
2421 414 2550 472 libri
2582 416 2749 489 hujus
2773 433 2843 473 ex
2876 426 3029 491 parte
3073 418 3279 477 donare
3306 419 3563 493 dignatus

255 510 451 576 regnat
481 503 539 559 in
560 504 757 560 saecula
786 503 1136 560 saeculorum.
1160 505 1359 559 Amen.

590 642 936 701 AUCTOBIS
973 643 1366 700 ADMONITIO
1394 644 1535 716 (16).

331 768 595 844 Quisquis
634 788 835 827 nomen
869 771 1111 828 auctoris
1146 770 1286 826 scire
1317 771 1611 841 desideras,
1646 772 1858 830 litteras

250 860 669 931 expositionum
700 860 756 915 in
787 861 1057 932 capitibus
1093 868 1298 932 septem
1330 861 1622 918 Visionum
1652 864 1857 936 primas

249 947 495 1003 attende.
527 948 800 1004 Numerus
827 958 1063 1021 quatuor
1103 951 1380 1006 vocalium
1410 968 1531 1024 qua:
1564 952 1781 1023 desunt,
1808 953 1855 1009 si

250 1035 470 1093 Graecas
501 1038 770 1108 posueris,
830 1044 911 1091 est
955 1037 1209 1093 LXXXI.
1254 1040 1395 1096 Ecce
1442 1049 1648 1113 quanta
1701 1042 1858 1115 potui

248 1124 533 1183 brevitate
590 1126 740 1182 hunc
798 1125 1000 1182 librum
1047 1128 1372 1201 conscripsi.
1407 1129 1644 1187 Obsecro
1672 1140 1855 1189 autem

248 1221 326 1283 te,
367 1215 457 1272 cui
484 1213 639 1271 dedit
658 1215 804 1271 Deus
834 1215 1121 1272 scientiam
1156 1217 1489 1287 litterarum,
1521 1227 1574 1276 et
1602 1220 1661 1276 in
1694 1221 1857 1294 cujus

250 1305 518 1361 manibus
574 1303 670 1360 hic
704 1304 847 1361 liber
874 1304 943 1360 ad
991 1305 1277 1377 legendum
1308 1307 1610 1379 devenerit,
1649 1317 1711 1366 ut
1743 1328 1855 1367 non

245 1404 479 1469 propter
506 1396 757 1453 fmtidam
787 1414 851 1455 ac
879 1396 1309 1453 rusticissimam
1342 1398 1708 1455 elocutionem
1747 1417 1853 1457 ser-

245 1502 444 1543 mones
472 1485 640 1558 hujus
668 1487 800 1543 libri
821 1485 1048 1558 abjicias
1073 1505 1085 1543 :
1122 1485 1218 1542 sed
1234 1486 1451 1543 imitare
1465 1489 1649 1561 potius
1672 1488 1852 1558 illum,

248 1578 352 1653 qui
410 1596 680 1652 gemmam
713 1579 771 1634 in
801 1578 1154 1653 sterquilinio
1183 1586 1455 1651 repertam
1488 1579 1686 1636 tandiu
1715 1594 1857 1653 aqua

246 1668 430 1726 nitida
458 1669 655 1738 abluit,
688 1685 860 1743 usque
888 1669 1021 1725 dum
1066 1668 1135 1725 ad
1167 1667 1515 1740 splendorem
1557 1668 1853 1741 pristinum

1966 512 2068 559 est.
2102 504 2220 575 Ego
2246 512 2428 560 autem
2460 512 2696 561 tractans
2724 505 2867 578 apud
2899 523 2984 564 me
3015 506 3156 563 illud
3205 508 3514 567 Salomonis
3546 529 3557 567 :

1979 619 1998 643 α
2044 593 2322 666 Sapientia
2365 594 2702 662 abscondita,
2754 605 2809 653 et
2845 594 3136 655 thesaurus
3176 599 3412 667 invisus,
3441 618 3561 674 quae

1966 684 2181 741 utilitas
2235 684 2294 739 in
2341 685 2589 759 utrisque
2640 686 2831 757 (Eccli.
2872 702 2971 755 xx,
3029 686 3213 759 32)?»
3276 688 3561 763 Simulque

1965 774 2319 831 considerans
2366 791 2529 847 grave
2588 774 2730 832 mihi
2784 774 3090 847 periculum
3147 775 3454 845 imminere,
3514 776 3560 831 si

1964 865 2354 938 parvissimum
2410 864 2751 934 thesaurum,
2808 880 2970 937 quem
3019 862 3160 920 mihi
3215 865 3562 937 omnipotens

1963 956 2109 1011 Deus
2158 954 2344 1027 largiri
2399 953 2659 1027 dignatus
2710 961 2814 1019 est,
2859 952 3091 1010 tacendo
3137 952 3558 1021 absconderem;

1964 1044 2319 1103 considerans
2348 1044 2515 1100 etiam
2575 1060 2688 1100 non
2742 1060 2830 1099 me
2883 1060 2999 1100 esse
3054 1042 3313 1099 idoneum
3370 1042 3438 1099 ad
3467 1042 3560 1099 do-
3642 1080 3645 1087 η

1964 1136 2137 1193 cenda
2182 1152 2244 1192 ea
2290 1152 2411 1210 quae
2453 1135 2847 1208 intelligebam,
2900 1152 2965 1191 eo
3001 1134 3146 1208 quod
3177 1136 3365 1192 nullus
3410 1136 3559 1191 inve-

1964 1227 2197 1296 niretur,
2229 1227 2325 1299 qui
2344 1242 2498 1283 more
2522 1225 2809 1298 discipuli,
2847 1224 3166 1298 dignaretur
3215 1225 3383 1281 verba
3412 1224 3561 1281 insi-

1962 1317 2185 1389 pientiae
2215 1333 2349 1372 mea;
2412 1316 2646 1384 audire;
2708 1313 2940 1372 deﬁnivi
2992 1315 3136 1388 apud
3191 1331 3299 1384 me,
3327 1322 3391 1370 ut
3417 1313 3562 1372 hanc

1963 1424 2188 1479 parvam
2220 1406 2529 1476 scientiam,
2578 1422 2739 1479 quam
2774 1403 2913 1461 mihi
2943 1403 3133 1461 divina
3184 1403 3563 1461 misericordia

1964 1497 2221 1566 contulit,
2298 1496 2669 1570 qualicunque
2722 1495 2868 1568 stylo
2933 1510 3324 1568 prosequerer;
3358 1509 3427 1549 ne
3464 1500 3561 1549 ta-

1963 1587 2174 1644 lentum
2230 1586 2454 1643 Domini
2510 1585 2619 1643 mei
2676 1584 3035 1655 abscondens,
3067 1602 3193 1642 cum
3252 1585 3350 1641 illo
3401 1601 3561 1642 servo

1962 1674 2273 1744 damnarer,
2305 1675 2407 1749 qui
2451 1675 2673 1731 :abiens
2691 1673 2833 1730 fodit
2864 1673 2923 1730 in
2942 1681 3168 1743 terram,
3190 1681 3243 1729 et
3269 1673 3562 1732 abscondit

244 1760 600 1834 perveniret;
633 1759 711 1815 ita
739 1767 793 1816 et
839 1768 900 1816 tu
930 1775 1071 1831 aqua
1099 1759 1381 1831 sapientiae
1413 1767 1522 1816 tua;
1550 1759 1710 1815 ablue
1740 1759 1849 1814 im-
1882 1774 1929 1836 Β
1962 1764 2250 1837 pecuniam
2299 1763 2511 1820 domini
2559 1762 2645 1820 sui
2686 1763 2903 1835 (Matth.
2936 1779 3074 1834 xxv,
3124 1764 3239 1835 18),
3268 1787 3291 1812 ι
3332 1764 3406 1820 Et
3433 1763 3563 1836 quia

243 1849 459 1923 peritiae
495 1865 629 1905 mea:
654 1847 859 1916 sordes,
902 1848 1122 1921 tuisque
1153 1846 1400 1919 pulchris
1437 1854 1491 1902 et
1531 1847 1851 1919 compositis

243 1938 433 1995 verbis
486 1954 766 1995 sermones
819 1936 987 2009 hujus
1058 1936 1188 1992 libri
1242 1935 1576 1993 necessarios
1621 1938 1846 2009 adorna,

242 2036 517 2104 quatenus
574 2045 686 2084 non
734 2027 851 2099 jam
900 2043 933 2081 a
983 2026 1234 2099 superbis
1289 2025 1586 2083 lectoribus
1635 2027 1850 2085 utilitas

242 2117 377 2173 libri
408 2134 571 2175 causa
620 2115 947 2173 rusticitatis
985 2115 1293 2188 abjiciatur.
1354 2115 1478 2171 Scio
1507 2115 1653 2171 enim
1702 2117 1849 2191 quod

240 2206 364 2264 haec
385 2222 507 2262 mea
536 2206 789 2277 impolita
815 2204 1045 2261 dictatio
1075 2221 1106 2261 a
1135 2204 1327 2260 multis
1355 2204 1586 2261 scientia
1629 2206 1850 2262 littera-

241 2312 370 2353 rum
397 2294 629 2351 tumidis
658 2295 954 2367 despuetur
980 2300 1144 2367 atque
1186 2292 1633 2350 subsannabitur.
1679 2295 1847 2351 Indi-

244 2384 564 2458 gnabuntur
592 2384 758 2441 etiam
788 2392 980 2441 contra
1004 2399 1111 2451 me,
1144 2398 1244 2438 cur
1272 2398 1370 2455 ego
1392 2380 1586 2448 idiota,
1617 2390 1670 2437 ot
1704 2382 1845 2440 nihil

247 2473 447 2542 sciens,
531 2473 971 2547 praesumpserim
1045 2488 1209 2544 super
1261 2478 1427 2527 tantae
1492 2471 1846 2530 obscuritatis

246 2562 457 2619 librum
505 2563 767 2619 volumen
813 2560 1195 2635 Expositionis
1238 2560 1457 2617 cudere.
1506 2559 1719 2628 Quibus
1767 2579 1845 2620 re-

246 2653 492 2726 spondeo
534 2653 683 2727 quia,
739 2653 882 2712 sicut
922 2661 1081 2709 terraa
1128 2652 1302 2709 sterili
1352 2653 1590 2725 amplius
1628 2653 1848 2725 proﬁcit

248 2743 493 2816 aspersio
527 2744 804 2813 stercoris,
838 2759 999 2818 quam
1031 2742 1268 2815 alicujus
1315 2744 1526 2799 metalli
1574 2744 1840 2816 pretiosi;

247 2835 327 2891 ita
354 2844 409 2891 et
448 2836 687 2893 indoctis
715 2835 1036 2892 hominibus
1066 2836 1191 2907 plus
1219 2835 1437 2908 proﬁcit
1480 2835 1675 2892 divina
1704 2836 1845 2893 Scri-

244 2931 411 2998 ptura
437 2924 793 2990 mediocr'gter
829 2925 1062 2997 prolata,
1085 2940 1248 2997 quam
1270 2924 1313 2980 si
1344 2923 1729 2996 pbilosophico
1751 2935 1846 2983 aut

241 3014 460 3088 poetico
510 3031 760 3071 sermone
811 3014 1164 3086 proferatur:
1225 3014 1506 3086 sciantque
1541 3014 1842 3073 Dominum

1963 1853 2193 1910 idoneus
2221 1868 2334 1908 non
2362 1869 2485 1907 sum
2512 1851 2579 1907 ad
2602 1850 2991 1924 duplicandam
3022 1851 3311 1924 pecuniam
3334 1850 3561 1908 Domini

1963 1944 2094 2013 mei,
2153 1942 2311 1999 trado
2359 1957 2479 1998 eam
2534 1941 2960 2010 nummulariis;
3024 1950 3086 1999 ut
3142 1940 3256 2014 ipse
3309 1941 3557 2010 veniens,

1962 2033 2193 2106 recipiat
2220 2031 2368 2106 quod
2396 2048 2558 2089 suum
2614 2037 2698 2087 est
2725 2048 2852 2090 cum
2894 2048 3080 2088 usura.
3119 2031 3194 2089 Te
3232 2038 3441 2101 autem,
3470 2030 3561 2090 cui

1963 2123 2115 2197 loqui
2156 2123 2318 2196 coepi,
2350 2122 2791 2180 nummularium
2822 2139 2998 2192 voco;
3032 2121 3163 2196 quia
3207 2122 3352 2180 sicut
3386 2137 3562 2179 num-

1961 2211 2232 2268 mularius
2280 2212 2572 2284 pecuniam
2613 2212 3037 2285 incompositam
3084 2210 3201 2268 suis
3247 2210 3559 2285 superscri—

1960 2302 2246 2374 ptionibus
2270 2302 2523 2372 adornat,
2552 2311 2614 2359 ut
2649 2312 2775 2376 apta
2802 2302 2875 2359 sit
2902 2301 2971 2359 ad
3028 2303 3181 2359 lucra
3208 2300 3515 2376 peragenda
3539 2318 3556 2359 :

1958 2391 2037 2446 ita
2064 2398 2118 2447 et
2147 2399 2206 2447 tu
2244 2392 2386 2448 hanc
2427 2392 2717 2465 pecuniam
2771 2392 3020 2458 Domini,
3052 2409 3214 2466 quam
3271 2392 3374 2448 tibi
3403 2409 3565 2449 com-

1960 2481 2144 2550 mitto,
2176 2489 2368 2555 potens
2422 2498 2480 2538 es
2516 2490 2614 2537 tua
2672 2479 2940 2554 sapientia
2989 2480 3208 2554 tuisque
3238 2478 3560 2555 compositis

1958 2567 2143 2625 verbis
2202 2567 2496 2637 adornare;
2551 2576 2615 2624 ut
2670 2576 2796 2640 apta
2848 2568 2944 2627 ﬁat
3007 2568 3075 2624 ad
3125 2569 3276 2626 lucra
3332 2565 3557 2626 Domini

1956 2657 2135 2715 nostri
2174 2658 2301 2715 Jesu
2332 2658 2542 2716 Christi
2570 2657 2905 2731 perﬁcienda
2936 2675 2949 2713 :
2983 2658 3229 2731 scitoque
3257 2666 3310 2715 te
3341 2675 3559 2717 merce-

1957 2747 2083 2803 dem
2140 2748 2403 2820 optimam
2461 2747 2529 2803 ab
2568 2746 2688 2820 ipso
2745 2763 2859 2803 esse
2904 2752 3271 2820 recepturum,
3340 2748 3386 2804 si
3462 2748 3554 2806 hic

1958 2836 2116 2905 liber,
2151 2845 2211 2892 ut
2248 2844 2400 2909 puto,
2433 2836 2694 2894 Ecclesiae
2723 2836 2822 2893 Dei
2867 2836 3225 2905 necessarius,
3255 2853 3350 2909 per
3380 2837 3555 2893 indu-

1958 2928 2149 2984 striam
2205 2934 2357 2983 tuam
2411 2934 2575 3000 atque
2629 2926 2939 2983 doctrinam
3006 2928 3192 2982 sordes
3239 2927 3548 2984 dictionum

1957 3016 2224 3084 amiserit,
2257 3017 2475 3091 tuisque
2504 3015 2688 3073 verbis
2715 3015 3036 3073 decentibus
3079 3025 3398 3085 exornatus,
3429 3017 3553 3072 uti-

244 3111 497 3160 nostrum
533 3105 717 3161 Iesum
757 3104 1040 3162 Christum
1070 3113 1409 3161 sacramenta
1436 3103 1701 3160 doctrinae
1731 3124 1842 3162 suae
1882 3125 1925 3186 ο
1960 3105 2068 3162 lior
2112 3105 2181 3161 ad
2237 3105 2659 3163 aediﬁcationem
2708 3105 3006 3179 legentium
3052 3104 3169 3162 sive
3209 3104 3552 3162 audientium

241 3209 357 3249 non
382 3192 562 3265 primo
602 3192 969 3266 philosophis,
1013 3193 1107 3249 sed
1142 3192 1507 3266 piscatoribus
1550 3198 1695 3255 590
1735 3202 1847 3251 tra-

241 3289 472 3360 didisse,
502 3298 565 3346 ut
611 3306 708 3363 per
760 3289 1057 3363 piscatores
1099 3290 1315 3345 veniret
1362 3288 1429 3344 ad
1458 3287 1840 3362 philosophos.

241 3380 468 3438 Etenim
499 3378 594 3435 ille
641 3378 736 3453 qui
765 3378 917 3436 dedit
963 3379 1128 3435 asinae
1173 3385 1416 3435 sensatos
1445 3394 1722 3436 sermones
1779 3381 1847 3438 ad

239 3469 620 3542 corrigendam
642 3469 927 3542 prophetae
947 3468 1321 3541 insipientiam
1353 3466 1537 3540 (Num.
1560 3486 1701 3538 xxn,
1727 3469 1845 3542 30).

238 3560 360 3634 ipse
388 3559 526 3617 mihi
569 3557 803 3636 indigno
845 3569 900 3618 et
928 3558 1178 3616 omnium
1225 3555 1847 3643 hominum‘vilissimo

319 3704 436 3778 (16)
472 3704 667 3778 Isthaec
696 3704 938 3778 auctoris
966 3703 1298 3778 admonitio
1344 3703 1710 3778 praetermissa
1766 3712 1848 3760 est

1957 3188 2128 3252 fuerit
2153 3195 2397 3253 effectus.
2432 3197 2547 3253 Hoc
2576 3203 2761 3252 tamen
2789 3211 2905 3250 non
2942 3193 3220 3267 permitto,
3270 3201 3333 3251 ut
3363 3211 3554 3253 sensus

1955 3285 2126 3358 hujus
2160 3285 2292 3341 libri
2318 3285 2377 3341 iu
2406 3286 2545 3342 alios
2573 3301 2765 3342 sensus
2787 3292 3202 3357 permutentur;
3252 3282 3360 3340 nisi
3386 3284 3550 3354 forte,

1955 3376 2106 3452 quod
2139 3376 2300 3446 absit,
2332 3376 2545 3452 aliquid
2570 3376 2629 3433 in
2658 3394 2721 3433 eo
2748 3375 2894 3451 quod
2926 3376 3266 3433 contrarium
3294 3375 3368 3432 sit
3409 3373 3552 3431 veri-

1954 3467 2076 3537 tati,
2108 3466 2426 3524 inveniatur
2456 3485 2473 3522 :
2499 3466 2647 3540 quod
2684 3466 2936 3523 funditus
2965 3481 3081 3522 esse
3108 3463 3401 3521 delendum
3442 3463 3550 3521 de-

1956 3573 2151 3628 cerno,
2184 3558 2273 3615 vel
2303 3564 2451 3615 certe
2489 3555 2548 3612 in
2570 3556 2770 3613 melius
2797 3553 3271 3613 commutandam.

1959 3703 2215 3783 avulsum
2262 3701 2391 3783 fuit,
2421 3708 2902 3783 repraasentamus:
2934 3698 3155 3783 Videsis
3193 3713 3331 3783 quas.
3354 3696 3555 3783 deoa-

1954 3774 2079 3847 dem
2108 3769 2508 3847 praemisimus"
2525 3773 2585 3829 in
2612 3772 3010 3831 Admonitione
3037 3769 3228 3828 nostra
3266 3769 3337 3827 ad
3382 3769 3550 3827 istum

242 3775 306 3832 in
330 3775 718 3858 superioribus
746 3776 1082 3834 editionibus
1115 3794 1127 3833 :
1187 3784 1242 3833 at
1287 3775 1439 3833 eame
1473 3776 1687 3833 cunctis
1720 3792 1848 3831 ma-
1954 3775 2038 3856 d_e1

242 3850 568 3902 nuscrintis.
601 3857 829 3902 excepto
877 3848 1265 3902 Gemeticensi.
1296 3848 1389 3902 cui
1435 3848 1633 3902 folium
1671 3862 1845 3902 unum
1956 3846 2038 3902 lib

1982 3862 2188 3903 mrum.

239 3848 568 3922 nuscriptis,
601 3857 829 3922 excepto
877 3848 1265 3919 Gemeticensi,
1296 3848 1389 3906 cui
1435 3848 1633 3905 folium
1671 3862 1845 3927 unum

2354 4000 3552 4012 ———~.——————~——-———-——-—-

553 4165 688 4253 IN
776 4167 1295 4253 LIBRUM
1383 4166 1549 4252 DE
1633 4162 2527 4253 PCENITENTIA
2610 4159 3244 4252 MONITUM

327 4487 494 4544 Hunc
538 4482 756 4541 librum
797 4482 861 4538 de
889 4480 1204 4538 Pamitentia
1240 4497 1269 4537 e
1297 4478 1485 4538 codice
1522 4477 1835 4537 Sorbonicaa
1889 4477 2241 4538 bibliotheca
2270 4482 2329 4539 in
2370 4499 2478 4557 quo
2508 4498 2712 4540 nomen
2738 4478 3021 4538 Ambrosii
3045 4486 3307 4550 tanquam
3337 4478 3557 4536 auctori

242 4576 389 4634 falso
425 4573 774 4640 inscribitur,
806 4569 1070 4629 Gillotius
1097 4570 1310 4645 primus
1335 4570 1531 4638 edidit;
1552 4566 1644 4625 sed
1675 4567 1754 4624 ita
1787 4575 1973 4626 tamen
1999 4577 2063 4627 ut
2090 4572 2141 4628 ei
2172 4574 2355 4632 locum
2387 4590 2500 4631 non
2545 4572 2835 4639 tribueret,
2858 4570 2968 4626 nisi
2988 4576 3113 4641 post
3154 4569 3331 4640 Opera
3361 4570 3549 4639 omnia

243 4665 424 4723 sancti
454 4662 729 4731 Doctoris,
763 4670 817 4718 et
866 4659 1119 4718 eumdem
1167 4658 1578 4733 supposititium
1609 4673 1724 4714 esse
1769 4657 1971 4714 validis
2016 4659 2314 4719 admodum
2357 4662 2669 4720 rationibus
2715 4660 3131 4717 demonstraret.
3189 4654 3325 4728 Ejus
3363 4664 3547 4712 autem

243 4754 527 4812 sunthaec
558 4754 931 4820 ﬁrmamenta,
988 4749 1255 4806 nimirum
1307 4749 1454 4823 quod
1503 4746 1743 4805 elocutio
1798 4746 1872 4803 sit
1917 4747 2188 4819 affectata,
2234 4760 2289 4808 et
2343 4750 2721 4809 Ambrosianae
2776 4763 2998 4820 prorsus
3043 4743 3354 4813 dissimilis,
3399 4746 3548 4819 quod

239 4845 434 4903 eadem
465 4844 563 4900 illa
592 4841 840 4917 asperior
870 4840 962 4909 sit,
991 4848 1044 4895 et
1072 4837 1401 4912 quibusdam
1435 4837 1635 4905 verbis,
1667 4851 1788 4909 qua:
1810 4835 2140 4895 Africanum
2171 4840 2496 4912 scriptorem
2548 4839 2808 4905 referant,
2872 4835 3073 4909 passim
3129 4850 3363 4906 aspersa,
3396 4833 3549 4907 quod

241 4935 573 4992 Ambrosius
601 4949 714 4989 non
745 4931 853 4987 nisi
893 4930 1130 4986 duorum
1160 4929 1432 4986 librorum
1462 4927 1860 4985 dePamitentia
1889 4925 1984 4982 abs
2014 4944 2070 4983 se
2094 4927 2369 4985 editorum
2401 4927 2737 4985 mentionem
2766 4924 2955 4992 faciat,
2986 4922 3133 4997 quod
3164 4922 3332 4996 hujus
3356 4932 3549 4981 auctor

241 5026 460 5081 nullam
492 5021 685 5079 fecerit
709 5018 1167 5088 Novatianorum,
1198 5019 1435 5091 denique
1464 5018 1610 5091 quod
1640 5018 1787 5075 idem
1818 5029 2009 5078 auctor
2052 5021 2160 5079 sibi
2190 5022 2405 5081 Victori
2452 5038 2655 5080 nomen
2686 5021 2857 5077 fuisse
2904 5018 2967 5074 in
3012 5017 3160 5076 calce
3187 5016 3318 5074 libri
3363 5025 3548 5089 aperte

242 5114 459 5190 prodat.
494 5113 636 5168 Satis
664 5112 885 5185 quidem
915 5117 1029 5166 erat
1056 5110 1313 5167 ultimum
1342 5110 1446 5166 hac
1476 5121 1836 5180 momentum,
1869 5120 1933 5169 ut
1971 5111 2064 5168 hic
2098 5119 2365 5170 tractatus
2409 5111 2478 5167 ab
2523 5108 2818 5166 Ambrosio
2876 5106 3090 5163 alienus
3143 5122 3258 5163 esse
3308 5106 3548 5163 declara-

242 5213 421 5274 retur,
461 5202 555 5259 sed
593 5209 656 5258 ut
694 5208 1052 5276 cognoscatur
1081 5200 1205 5274 quis
1232 5199 1327 5256 ille
1348 5199 1559 5269 Victor,
1589 5202 1769 5258 solum
1795 5219 1910 5259 non
1939 5202 2166 5260 sufﬁcit.
2220 5202 2551 5260 Memoratus
2588 5197 2848 5257 Gillotius
2876 5213 3004 5254 cum
3051 5212 3122 5252 ex
3161 5195 3447 5253 Gennadio
3483 5211 3549 5253 ac

243 5292 580 5353 Tritthemio
609 5300 955 5365 compertum
986 5289 1213 5348 haberet
1245 5307 1276 5346 a
1304 5289 1525 5348 Victore
1552 5290 1838 5349 Cartennaa
1869 5292 1926 5349 in
1946 5293 2139 5353 Africa
2179 5292 2436 5367 episcopo
2456 5291 2661 5349 librum
2679 5290 2741 5345 de
2766 5288 3083 5346 Pwnitentia
3116 5284 3285 5344 fuisse
3311 5302 3547 5358 compo-

242 5384 438 5452 situm,
470 5398 582 5438 non
615 5382 710 5439 alii
742 5381 956 5440 Victori
984 5380 1136 5438 hunc
1163 5379 1524 5438 tribuendum
1551 5380 1897 5440 existimavit
1930 5401 1941 5439 :
1983 5400 2148 5457 quam
2201 5382 2554 5452 sententiam,
2614 5388 2805 5454 utpote
2855 5377 3106 5435 veritatis
3159 5377 3343 5433 colore
3396 5372 3547 5431 haud

243 5474 591 5540 destitutam,
611 5472 962 5545 postmodum
998 5472 1238 5545 amplexi
1264 5480 1391 5528 sunt
1418 5487 1532 5527 non
1571 5469 1751 5543 pauci.
1787 5471 1991 5530 Verum
2041 5480 2229 5530 tamen
2284 5472 2476 5546 opinio
2523 5470 2629 5527 ista
2681 5468 2903 5526 demum
2956 5464 3199 5533 evanuit,
3231 5470 3541 5536 postquam,

245 5560 636 5636 sagacissimus
663 5562 757 5619 ille
800 5570 1047 5621 veterum
1078 5561 1335 5621 codicum
1391 5562 1677 5636 indagator
1728 5559 2054 5617 Sirmondus
2109 5560 2316 5619 hancce
2378 5559 2615 5634 opellam
2667 5554 2887 5646 Victori
2938 5551 3255 5646 Tunonensi
3283 5550 3452 5646 etiam
3480 5548 3542 5646 in

245 5656 441 5715 Africa
477 5654 730 5729 pontiﬁci
784 5656 845 5715 in
872 5657 1250 5732 manuscripto
1299 5657 1365 5717 B.
1411 5635 1595 5716 Marias
1632 5652 1935 5726 Remensis,
1981 5661 2037 5711 et
2105 5651 2165 5709 in
2202 5650 2312 5709 alio
2362 5647 2595 5709 abbatis)
2647 5641 3042 5704 Herivallensis
3086 5638 3380 5712 ascriptam
3432 5635 3565 5705 legi-
