3902 6198
374 316 511 375 1059
1396 319 1492 373 ΑΙ)
1533 317 1766 374 OPEBA
1804 317 1860 373 S.
1903 317 1993 374 ΑΜ

2106 316 2233 376 OSII
2271 315 2649 374 APPENDIX.
3602 316 3747 374 1060

381 445 853 521 quemadmodum
885 445 1148 502 Labbteus
1206 445 1548 503 testiﬁcatur.
1579 449 1656 502 De
1694 447 1883 504 codice
1914 449 2135 520 quidem
2177 449 2563 518 Herivallensi,
2583 464 2744 522 quem
2766 464 2877 504 non
2905 448 3066 506 licuit
3096 448 3276 505 nobis
3301 445 3548 515 videre,
3590 446 3746 502 nihil

378 537 617 596 dicimus
645 545 701 593 at
729 535 797 592 de
827 536 1099 604 Remensi,
1130 536 1196 591 ad
1227 553 1389 608 quem
1421 534 1571 591 hunc
1603 535 1807 593 librum
1837 538 2272 607 emendavimus,
2331 537 2712 594 lubentissime
2741 536 3020 594 Sirmondi
3060 536 3488 594 testimonium
3527 543 3737 592 nostro

375 627 779 700 prosequimur.
814 626 939 681 Haec
965 626 1111 680 enim
1145 625 1220 679 ibi
1266 634 1446 680 exstat
1482 625 1768 697 inscriptio
1803 645 1814 682 :
1849 627 2046 698 Incipit
2103 628 2234 683 liber
2287 628 2455 683 sancti
2500 628 2722 685 Victoris
2778 628 2838 682 de
2903 627 3094 699 Lapsis
3142 626 3428 684 Tonensis
3495 626 3748 696 episropi

377 715 834 787 historiographi;
865 732 989 770 nam
1020 713 1163 786 quod
1223 714 1471 770 Tonensis
1498 730 1608 770 non
1648 717 1974 772 Tunonensis
2030 716 2234 772 ibidem
2288 715 2568 784 scribitur,
2618 716 2836 772 notario
2887 717 3005 772 sine
3062 716 3244 772 dubio
3313 714 3746 787 imputandum

377 818 456 864 est
491 828 502 864 :
546 806 692 879 quod
724 821 854 859 vero
884 806 1047 859 etiam
1078 804 1301 859 additur
1328 805 1761 876 historiographi,
1796 805 1937 861 illud
1970 805 2099 862 inde
2128 813 2231 874 est,
2261 806 2408 878 quod
2438 805 2744 863 chronicou
2794 804 2862 862 ab
2913 804 3110 862 eodem
3168 803 3610 861 elucubratum
3675 802 3746 858 ad

381 905 628 969 posteros
662 893 1040 949 transmissum
1071 893 1198 949 fuit.

3417 1039 3736 1053 —

923 1194 1246 1368 DE
1411 1073 3130 1373 POENITENTIA

1574 1473 1974 1558 LIBER
2087 1471 2486 1559 UNUS.

471 1805 616 1864 589
642 1798 872 1860 CAPUT
900 1800 1192 1857 PRIMUM.
1225 1830 1297 1842 —
1339 1799 1680 1856 Pcenitentiae
1712 1800 1896 1857 ofﬁcia
1930 1811 1986 1859 et
2013 1805 2062 1864 Α
2095 1801 2200 1858 bus
2247 1803 2536 1858 hominum
2594 1803 2952 1874 conscientia,
3005 1806 3223 1863 mavult
3254 1806 3470 1880 lingua
3500 1807 3739 1880 prodere

388 1899 584 1955 merita
612 1906 930 1954 narraturus
957 1895 1116 1966 mihi,
1146 1897 1315 1953 frater
1335 1896 1677 1965 charissime,
1709 1904 1844 1968 puto
1873 1913 1984 1954 non
2095 1891 2241 1964 quod
2271 1908 2382 1947 non
2419 1901 2650 1965 possunt
2679 1895 2894 1951 occulta
2922 1895 3104 1951 cordis
3132 1897 3348 1952 celare.
3385 1897 3736 1953 Poenitentia

388 1989 576 2047 verbis
606 2005 742 2058 esse,
781 1988 877 2044 sed
921 1988 1079 2044 factis
1127 2005 1284 2060 opus.
1326 1988 1431 2044 Res
1473 1988 1621 2043 enim
1661 1987 1895 2044 salubris
1923 2004 1988 2045 ac

390 2082 697 2138 necessaria
751 2096 862 2136 non
896 2087 1008 2136 tam
1063 2077 1296 2135 dicenda
1344 2087 1445 2147 est,
1502 2094 1664 2150 quam
1695 2078 1981 2136 docenda:

385 2189 506 2246 quae
561 2180 738 2228 totum
796 2169 992 2226 habeat
1056 2169 1288 2224 insitum
1341 2168 1734 2225 amaritudinis
1779 2177 1983 2248 actum,

388 2262 630 2318 fructum
686 2260 890 2334 perfert
944 2259 1003 2314 in
1061 2260 1258 2315 effectu
1309 2258 1657 2326 dulcedinis;
1711 2265 1765 2314 et
1817 2258 1990 2315 lueret

388 2353 660 2420 faucibus,
693 2369 818 2408 cum
863 2350 1017 2407 cordi
1088 2351 1333 2424 impertit
1383 2353 1619 2407 salutare
1659 2352 1984 2408 remedium.

387 2443 731 2512 Paanitentia,
774 2443 1023 2516 inquam,
1055 2452 1140 2500 est
1190 2443 1391 2515 prioris
1421 2444 1525 2499 aevi
1580 2443 1882 2512 damnatio,
1937 2451 1990 2499 et

391 2533 448 2591 in
499 2535 685 2591 futuro
733 2537 1001 2608 promissa
1053 2536 1359 2591 correctio:
1403 2545 1457 2592 et
1515 2536 1666 2592 velut
1719 2536 1778 2590 in
1824 2535 1986 2590 aliam

389 2625 562 2680 vitam
591 2624 814 2682 ducitur
843 2641 973 2680 usus
1001 2623 1249 2693 vivendi,
1283 2624 1412 2680 dum
1446 2624 1534 2696 pia
1565 2641 1742 2694 mens,
1773 2642 1834 2680 ea
1870 2642 1990 2698 quae

389 2725 519 2774 sunt
571 2733 602 2772 a
651 2725 821 2789 tergo,
880 2733 990 2772 non
1042 2717 1284 2788 respicit.
1345 2717 1497 2772 Hanc
1557 2733 1668 2772 non
1720 2715 1796 2771 ita
1826 2715 1991 2772 dictis

390 2803 581 2876 doceo,
614 2805 759 2862 sicut
787 2806 953 2876 gestis
983 2821 1214 2862 exerceo
1246 2824 1258 2860 :
1303 2813 1356 2859 et
1399 2805 1654 2877 quamvis
1689 2803 1828 2876 justi
1861 2821 1993 2877 per-

397 2915 530 2954 sona
567 2913 680 2952 non
709 2904 1002 2967 competat,
1028 2913 1113 2951 me
1147 2905 1329 2951 tamen
1362 2897 1418 2951 in
1442 2897 1602 2953 initio
1635 2897 1742 2953 mei
1791 2913 1992 2952 sermo-

392 2985 481 3042 nis
511 3001 726 3040 accuso.
767 2983 943 3038 Habet
974 2984 1120 3038 enim
1142 2983 1372 3053 justitiae
1403 2993 1608 3056 partem
1640 2985 1804 3042 errati
1834 2993 1995 3042 cauta

392 3073 705 3142 confessio;
738 3072 870 3148 quia
924 3072 1076 3142 licet,
1123 3083 1184 3130 ut
1235 3081 1296 3129 tu
1343 3073 1526 3144 doces,
1560 3079 1659 3132 Dei
1691 3077 1764 3132 sit
1799 3077 1992 3148 punire

2094 1983 2278 2056 itaque
2308 1994 2411 2053 est,
2445 2002 2565 2058 quae
2595 2003 2709 2042 uno
2730 1995 2857 2044 actu
2876 1987 3094 2044 diversa
3121 1989 3318 2045 oﬂicia
3337 1991 3731 2061 congeminat;

2095 2072 2226 2128 hinc
2282 2074 2428 2129 enim
2497 2075 2742 2146 publicat
2797 2077 3174 2148 conﬁtentem,
3228 2078 3368 2135 inde
3398 2080 3728 2137 confessum

2096 2169 2316 2218 revocat
2343 2163 2739 2222 innocentem:
2789 2165 2923 2222 hinc
2963 2176 3173 2223 reatum
3224 2169 3547 2236 nundinat,
3602 2169 3727 2225 inde

2095 2249 2303 2306 crimen
2331 2262 2556 2309 excusat
2589 2271 2600 2309 :
2639 2252 2772 2310 hinc
2800 2254 2995 2326 objicit
3024 2257 3250 2328 propius
3303 2266 3546 2330 peccata
3590 2275 3722 2330 pec-

2095 2341 2262 2407 canti,
2299 2341 2426 2396 inde
2458 2342 2859 2417 indulgentiam
2888 2346 3063 2418 exigit
3083 2348 3388 2420 paenitenti
3417 2368 3433 2416 ;
3472 2365 3580 2405 nec
3609 2365 3718 2420 per-

2097 2429 2270 2484 mittit
2299 2431 2571 2488 Dominus
2597 2434 2783 2505 puniri
2812 2436 3148 2505 confessum,
3196 2437 3295 2510 qui
3348 2439 3716 2509 pmnitentem

2097 2521 2276 2576 noscit
2302 2538 2557 2579 revocare
2584 2523 2927 2583 damnatum.
2963 2527 3006 2583 Ο
3048 2528 3413 2600 magniﬁcum
3448 2529 3719 2585 bonitatis

2098 2609 2302 2665 divinae
2329 2611 2645 2668 thesaurum
2670 2617 2681 2669 l
2709 2632 2741 2670 ο
2763 2618 3041 2688 singulare
3061 2618 3494 2674 clementissimi
3513 2618 3718 2689 judicis

2101 2698 2454 2756 institutum!
2517 2702 2602 2757 Ad
2656 2703 2759 2760 hoc
2800 2704 2866 2760 de
2896 2706 3002 2761 reis
3035 2708 3155 2762 vult
3211 2708 3594 2764 confessionis
3622 2724 3714 2764 ex-

2100 2790 2347 2861 sculpere
2394 2807 2609 2861 vocem,
2653 2801 2716 2848 ut
2761 2811 2878 2850 non
2910 2795 3180 2864 inveniat,
3215 2797 3369 2870 quod
3432 2799 3620 2853 ultum
3650 2797 3714 2852 iri

2101 2879 2295 2936 debeat
2328 2900 2339 2937 :
2372 2891 2426 2938 et
2451 2900 2576 2939 cum
2608 2885 2752 2957 apud
2789 2888 2977 2942 saeculi
3005 2886 3222 2959 judices
3253 2889 3551 2959 confessus
3589 2903 3717 2944 mox

2102 2969 2371 3042 dirigatur
2421 2971 2490 3026 ad
2543 2956 2781 3044 pmnam,
2841 2956 3019 3048 apud-
3064 2956 3369 3033 Domitium
3441 2978 3715 3035 conﬁtens

2103 3060 2285 3115 statim
2328 3059 2505 3131 pergit
2559 3063 2627 3117 ad
2681 3061 2945 3121 veniam:
2998 3082 3099 3122 nec
3146 3067 3255 3123 hoc
3282 3067 3416 3123 ullis
3467 3068 3624 3124 elicit
3651 3067 3713 3123 de

393 3164 704 3232 commissa,
763 3162 1093 3221 sententiam
1145 3173 1331 3220 tamen
1374 3165 1676 3238 cognitoris
1725 3166 1993 3238 praevenit

2106 3148 2398 3204 conﬁtente
2445 3151 2758 3221 tormentis,
2813 3169 2940 3210 cum
2995 3155 3206 3226 patiens
3279 3156 3340 3211 in
3413 3157 3712 3228 semetipso

391 3253 451 3311 in
499 3253 812 3311 humilitate
869 3253 1112 3311 exercita
1168 3254 1522 3327 poenitentia;
1592 3255 1857 3327 scriptum
1912 3262 1993 3311 est

390 3345 587 3401 enim:
657 3369 675 3393 ι
732 3344 1134 3402 Pcenitentibus
1189 3343 1340 3400 dedit
1385 3351 1589 3416 partem
1641 3343 1895 3415 justitiae,
1939 3353 1992 3402 et

388 3434 702 3504 corrogavit
732 3433 1052 3488 deﬁcientes
1086 3432 1378 3500 sustinere,
1422 3441 1477 3488 et
1521 3431 1821 3488 destinavit
1867 3433 1993 3489 illos

391 3521 447 3575 in
479 3527 681 3574 sortem
712 3519 962 3574 veritatis
995 3519 1185 3589 (Eccli.
1219 3535 1361 3585 xvu,
1411 3519 1527 3588 20).
1577 3545 1596 3567 ι
1640 3523 1753 3590 Age
1802 3521 1988 3592 igitur,

391 3607 684 3680 paenitens,
719 3605 937 3676 propria
965 3607 1171 3661 scelera
1199 3605 1480 3672 conﬁtere,
1523 3606 1700 3675 pande
1742 3609 1854 3662 Deo
1884 3615 1992 3666 tute

393 3695 708 3768 iniquitatis
734 3709 952 3765 arcana,
986 3693 1206 3752 denuda
1249 3701 1457 3751 secreta
1494 3695 1737 3767 pectoris
1788 3697 1888 3768 tui,
1939 3708 1994 3757 et

393 3801 585 3842 amove
641 3785 871 3843 internae
928 3784 1399 3858 praevaricationis
1441 3785 1785 3856 operculum.
1853 3788 1994 3845 Nota

397 3883 526 3931 sunt
555 3877 917 3944 Deo-cuncta,
939 3892 1058 3950 quas
1081 3875 1139 3930 in
1172 3875 1390 3932 occulto
1410 3874 1590 3931 fecisti
1616 3893 1628 3931 :
1654 3892 1774 3948 quae
1803 3877 1850 3932 si
1880 3895 1990 3934 non

395 3965 600 4022 dixerit
631 3967 836 4040 lingua,
870 3983 980 4022 non
996 3973 1176 4039 potest
1204 3966 1380 4022 celare
1407 3965 1995 4024 conscientia.Frustra

394 4062 449 4110 te
489 4056 682 4111 latenti
718 4057 1097 4113 consolatione
1127 4053 1364 4124 deludis,
1402 4063 1456 4111 et
1481 4055 1809 4111 absconsum
1838 4065 1993 4128 putas

395 4164 512 4203 esse
538 4165 714 4218 posse,
749 4151 896 4220 quod
927 4152 1046 4206 sine
1092 4158 1230 4207 teste
1281 4150 1643 4208 commiseris.
1698 4151 1851 4208 Patet
1880 4153 1992 4208 Deo

396 4249 559 4291 omne
591 4236 737 4305 quod
758 4238 1003 4292 clausum
1026 4246 1128 4305 est,
1155 4248 1209 4294 et
1239 4239 1299 4293 in
1328 4247 1517 4310 aperto
1549 4241 1694 4295 lucet
1724 4239 1994 4312 quidquid

398 4339 510 4380 nox
541 4322 803 4378 abstrusas
833 4323 1182 4394 cogitationis
1213 4325 1542 4384 intenebrat.
1577 4329 1751 4384 Reum
1803 4337 1853 4386 te
1889 4329 1994 4386 tibi

397 4415 580 4472 oﬁicio
608 4413 970 4471 confessionis
1006 4415 1256 4482 institue,
1289 4431 1510 4471 causam
1555 4424 1708 4472 tuam
1756 4418 1814 4473 in
1848 4435 1994 4474 con-

396 4513 586 4578 spectu
624 4512 740 4571 tuo,
787 4503 1077 4575 temetipso
1134 4511 1442 4573 accusante,
1476 4522 1791 4578 compone:
1847 4507 1996 4565 dicta

397 4601 457 4655 in
509 4602 564 4650 te
614 4593 716 4649 sub
773 4592 1067 4649 severitate
1122 4592 1473 4663 sententiam,
1522 4599 1665 4656 590
1706 4604 1998 4668 antequam

390 4690 598 4763 judicis
628 4691 832 4748 sentias
875 4690 1219 4748 iracundiam
1255 4708 1267 4747 :
1318 4700 1371 4748 et
1425 4701 1488 4749 ut
1540 4695 1785 4766 mulgeas
1823 4695 1998 4751 mise-

398 4781 718 4849 ricordiam,
763 4797 957 4838 exerce
995 4780 1147 4853 prior
1192 4780 1250 4836 in
1278 4781 1453 4854 teipso
1484 4799 1791 4842 censuram.
1827 4785 1998 4844 Crede

400 4869 562 4938 mihi,
595 4877 770 4926 totum
813 4887 921 4944 quo
951 4879 1233 4943 suspectus
1285 4887 1362 4941 es,
1417 4872 1480 4928 ﬁt
1520 4873 1672 4931 illico
1701 4875 1996 4942 veniabile,

397 4975 525 5015 cum
559 4960 785 5015 inventa
812 4960 980 5016 fuerit
1008 4960 1067 5016 in
1101 4970 1155 5017 te
1185 4960 1503 5034 hujusmodi
1535 4965 1820 5036 pcenitudo
1838 4964 1997 5037 justi-

399 5046 511 5115 tiaa,
540 5046 823 5119 Scriptura
846 5048 1062 5104 dicente
1097 5066 1109 5103 :
1152 5073 1170 5096 ι
1192 5049 1592 5107 Pmnitentibus
1634 5061 1816 5108 autem
1847 5053 2000 5110 dedit

398 5145 610 5210 partem
645 5138 900 5210 justitiae,
931 5149 986 5196 et
1013 5140 1324 5211 corrogavit
1352 5141 1671 5199 deﬁcientes
1702 5144 1995 5214 sustinere,

399 5233 454 5281 et
484 5226 788 5284 destinavit
817 5228 944 5284 illos
988 5229 1046 5284 in
1078 5237 1280 5285 sortem
1311 5231 1578 5288 veritatis.
1614 5257 1633 5280 ι
1702 5233 2000 5306 Exspectat

397 5331 524 5373 ecce
553 5319 825 5374 Dominus
881 5318 1243 5376 confessionis
1289 5336 1512 5390 munus,
1560 5323 1606 5378 si
1645 5325 2001 5382 conﬁtentem

397 5421 510 5462 non
542 5408 784 5466 involvit
821 5415 1003 5466 reatus
1031 5429 1044 5468 :
1073 5419 1128 5468 et
1154 5427 1282 5468 cum
1313 5413 1385 5470 sit
1424 5420 1556 5470 nota
1581 5413 1790 5472 divinis
1818 5417 2004 5474 sensi-

394 5639 459 5710 in
478 5585 780 5714 (83,33th
803 5586 945 5658 quod
971 5605 1079 5646 non
1097 5590 1326 5661 punitur
1345 5589 1558 5663 infmw
1579 5611 1603 5661 ,'
1631 5609 1735 5652 ms.
1767 5594 2000 5655 Rom....

2103 3238 2345 3293 oﬁicium
2374 3238 2630 3296 videatur
2663 3258 2916 3298 exercere
2945 3245 3380 3303 terroris.Lucra
3406 3255 3547 3302 sunt
3560 3247 3703 3302 enim

2102 3327 2179 3398 pii
2206 3325 2412 3398 judicis
2445 3331 2682 3401 gemitus
2713 3331 3050 3402 conﬁtentis,
3072 3341 3126 3389 et
3155 3335 3420 3406 gaudium
3447 3337 3704 3408 cognito-

2101 3415 2180 3470 ris
2209 3423 2290 3470 est
2319 3416 2439 3472 sine
2468 3420 2768 3490 quaestione
2789 3422 3093 3480 confessio:
3123 3423 3436 3496 acquiritur
3456 3424 3700 3494 domino,

2101 3504 2247 3576 quod
2274 3520 2383 3559 non
2415 3507 2643 3576 punitur
2670 3508 2729 3564 in
2754 3527 2912 3567 servo
2936 3512 3016 3584 (1)
3038 3531 3051 3580 ;
3085 3520 3139 3568 et
3159 3514 3400 3570 multum
3421 3515 3704 3571 confertur

2101 3593 2334 3661 auctori,
2391 3595 2437 3651 si
2498 3597 2794 3669 deputatus
2848 3616 3042 3672 pcenae,
3106 3601 3282 3659 veniae
3334 3603 3699 3660 condonetur.

2101 3683 2269 3756 Cupit
2305 3685 2454 3741 enim
2483 3687 2746 3746 damnum
2777 3707 2893 3748 esse
2929 3691 3211 3762 vindictae,
3245 3694 3395 3766 quod
3445 3712 3565 3751 non
3591 3695 3700 3750 vult

2102 3773 2280 3844 perire
2308 3775 2660 3836 clementiae:
2717 3797 2819 3838 nec
2875 3788 3028 3853 optat
3066 3782 3281 3852 ulcisci,
3330 3783 3429 3856 qui
3490 3793 3700 3858 paratus

2101 3871 2189 3918 est
2247 3869 2386 3926 591
2459 3868 2729 3939 misereri,
2809 3870 2928 3944 ipso
2999 3872 3066 3928 de
3120 3889 3177 3930 se
3234 3890 3332 3946 per
3384 3876 3698 3948 prophetam

2101 3956 2318 4017 dicente
2351 3981 2364 4020 :
2410 3986 2429 4009 ι
2459 3963 2599 4020 Nolo
2631 3973 2860 4024 mortem
2893 3969 3200 4038 morientis,
3221 3985 3388 4042 quam
3432 3981 3497 4028 ut
3519 3987 3700 4027 rever-

2105 4055 2249 4108 tatur
2272 4061 2327 4109 et
2356 4054 2512 4111 vivat
2547 4059 2764 4129 (Ezech.
2800 4076 2964 4129 xvm,
2997 4059 3112 4132 32).
3136 4085 3154 4108 ι
3189 4059 3407 4127 Quibus
3430 4061 3697 4134 Sapientia

2101 4142 2399 4200 concinens
2429 4145 2743 4204 Salomonis
2777 4167 2788 4206 :
2835 4173 2854 4196 ‹
2882 4151 3048 4219 Deus,
3104 4151 3310 4224 inquit,
3327 4161 3566 4208 mortem
3595 4169 3694 4209 nou

2103 4228 2253 4300 fecit,
2288 4247 2389 4290 nec
2446 4235 2663 4291 laetatur
2724 4236 2783 4293 in
2831 4238 3140 4310 perditione
3181 4239 3444 4297 vivorum
3477 4243 3628 4314 (Sap.
3658 4258 3693 4310 ι,

2105 4319 2218 4392 13).
2260 4347 2277 4368 ι
2321 4322 2532 4380 Iudicis
2555 4341 2683 4398 ergo
2720 4327 2895 4383 nostri
2925 4329 3217 4384 clementia
3265 4345 3380 4386 non
3408 4338 3562 4403 optat
3589 4347 3694 4386 reos

2103 4410 2282 4481 perire
2320 4410 2472 4482 vitae,
2530 4415 2625 4470 sed
2688 4416 2864 4487 perire
2914 4417 3243 4474 sententiae:
3280 4435 3386 4475 nec
3437 4418 3694 4475 desiderat

2105 4498 2394 4555 morientis
2417 4501 2677 4572 exitium,
2709 4503 2805 4560 sed
2835 4504 3058 4560 festinat
3096 4507 3268 4580 magis
3315 4523 3534 4563 servare
3563 4524 3693 4564 con-

2107 4587 2310 4644 fessum
2345 4607 2356 4644 :
2413 4615 2432 4638 σ
2458 4592 2618 4660 Nolo,
2650 4592 2851 4667 inquit,
2883 4602 3117 4651 mortem
3173 4596 3485 4666 morientis,
3525 4597 3614 4653 sed
3640 4607 3692 4652 ut

2104 4687 2408 4735 revertatur
2437 4687 2490 4737 et
2517 4682 2688 4740 vivat.
2739 4709 2757 4733 ι
2828 4686 2969 4742 Ecce
2998 4702 3162 4742 verus
3193 4687 3324 4742 vita:
3353 4697 3569 4756 auctor,
3607 4687 3690 4761 qui

2105 4782 2217 4823 non
2247 4770 2368 4825 vult
2400 4771 2687 4829 morientis
2716 4784 2971 4843 mortem,
3003 4773 3098 4829 sed
3136 4775 3378 4831 lamenta
3407 4775 3648 4832 conversi
3675 4793 3686 4830 :

2107 4870 2160 4918 et
2199 4864 2323 4919 vult
2352 4881 2410 4921 se
2470 4883 2683 4939 semper
2710 4867 2769 4923 in
2799 4867 3152 4924 miseratione
3181 4884 3299 4926 esse
3351 4869 3685 4938 beneﬁcium,

2107 4969 2176 5009 ne
2197 4953 2416 5025 justitia
2450 4963 2629 5012 teneat
2651 4957 2982 5029 iudicatum.

2183 5051 2411 5109 CAPUT
2442 5055 2859 5112 II.—Damnum
2881 5073 3009 5130 ergo
3036 5058 3093 5113 in
3116 5057 3386 5114 moriente
3405 5057 3684 5130 experitur,

2111 5143 2204 5217 qui
2236 5145 2293 5201 in
2323 5162 2438 5202 uno
2464 5147 2678 5218 perdito
2729 5149 2811 5220 (2)
2844 5163 2955 5204 non
3002 5150 3244 5216 latatur;
3280 5149 3415 5223 quia
3459 5150 3516 5204 in
3543 5150 3686 5207 dona.

2109 5241 2228 5290 tore
2256 5236 2385 5292 vitae
2413 5251 2630 5293 necesse
2660 5243 2739 5292 est
2769 5245 2830 5292 ut
2858 5253 2929 5293 ex
2958 5245 3134 5293 morte
3161 5238 3353 5294 veniat
3400 5255 3564 5295 causa
3607 5236 3686 5294 tri-

2111 5325 2277 5381 stitiae
2308 5369 2323 5395 ,
2380 5344 2494 5383 non
2542 5327 2697 5400 quasi
2753 5343 2822 5383 ex
2866 5329 3241 5401 corporolium
3302 5343 3562 5383 sensuum
3589 5327 3684 5399 lege

2111 5413 2426 5486 descendat,
2461 5417 2608 5491 quod
2660 5431 2785 5474 eum
2841 5416 2900 5473 in
2931 5416 3258 5491 perdito‘ac
3285 5415 3557 5474 moriente
3577 5430 3682 5474 con-

2188 5596 2271 5671 (2)
2295 5596 2484 5659 Codex
2517 5598 2698 5668 Bem.,
2727 5597 2895 5670 quiin
2922 5597 3040 5656 vivo
3063 5598 3295 5672 perdito.
