3902 6198
84 291 222 347 1061

1190 287 1287 345 DE
1324 285 1786 344 PCENITENTIA
1823 284 2031 341 LIBER
2071 283 2272 342 UNUS.

3264 280 3402 349 1062

80 417 303 483 tristat;
337 431 466 472 cum
497 415 556 471 in
582 424 802 472 auctore
826 414 1149 486 incorporeo
1180 430 1292 469 non
1323 412 1481 469 cadat
1508 428 1692 480 omne,
1727 413 1777 472 A
1805 417 2084 481 peccatore
2121 407 2442 480 judicetur?
2487 407 2666 466 Absit.
2709 408 3047 479 Judicemur,
3093 410 3295 484 inquit,
3343 423 3406 472 tu

80 505 231 579 quod
264 507 423 562 venit
458 521 487 560 e
521 522 748 577 corpore
783 522 793 559 :
837 504 932 560 sed
985 521 1111 561 cum
1155 503 1364 559 nullam
1412 503 1590 574 capiat
1629 518 1698 557 ex

81 595 374 668 pereuntis
402 604 578 651 morte
610 596 878 661 laetitiam,
897 594 1139 650 tristitiae
1171 601 1323 649 actus
1352 592 1408 647 in
1439 601 1698 664 promptu

83 691 195 749 est;
232 691 297 738 ut
331 685 378 740 si
413 686 724 740 miserantis
753 685 990 753 affectio,
1013 702 1125 739 non
1155 683 1396 739 dolentis
1425 681 1693 736 anxietas:

84 781 136 828 et
166 772 472 829 decurrens
499 790 566 829 ex
598 774 797 846 pietate
828 775 1058 832 tristitia
1081 774 1185 846 (3),
1211 789 1319 828 non
1353 771 1419 826 de
1448 769 1699 841 passione

87 863 206 918 ulla
235 872 469 918 externa
484 863 778 934 perpessio.
800 862 1152 935 Consequens
1173 878 1300 933 ergo
1323 868 1404 916 est
1432 869 1493 916 ut
1519 860 1701 917 doleat

91 954 399 1026 perditum,
433 955 525 1026 qui
557 954 754 1025 gaudet
785 955 1073 1010 inventum
1109 972 1120 1008 ε
1154 961 1210 1010 et
1246 970 1356 1009 non
1387 953 1602 1008 laetetur
1629 967 1699 1007 ex

89 1052 336 1110 mortuo,
373 1045 467 1117 qui
496 1045 799 1117 gratulatur
835 1061 905 1100 ex
934 1045 1086 1100 vivo.
1114 1045 1227 1101 Hoc
1261 1059 1357 1116 per
1385 1043 1698 1116 parabolam

95 1133 376 1190 Dominus
415 1135 471 1189 in
500 1135 801 1206 Evangelio
832 1135 1149 1190 manifestat
1177 1134 1366 1191 dicens
1400 1151 1410 1187 :
1455 1156 1473 1181 ι
1503 1133 1696 1189 Gratu-

91 1223 196 1278 lari
227 1232 416 1279 autem
466 1231 520 1279 et
569 1223 803 1296 gaudere
844 1233 897 1280 te
937 1231 1174 1296 oportet,
1223 1223 1486 1296 quoniam
1532 1223 1700 1279 frater

91 1321 221 1369 tuus
250 1321 506 1370 mortuus
531 1313 729 1383 fuerat,
773 1323 827 1371 et
856 1314 1097 1372 revixit:
1130 1314 1384 1386 perierat,
1417 1321 1471 1369 et
1507 1314 1697 1369 inven-

89 1409 178 1458 tus
207 1410 291 1458 est
325 1403 480 1471 (Luc.
507 1420 606 1471 xv,
634 1403 726 1475 32)
754 1423 767 1473 ;
799 1411 890 1460 :et
911 1405 1110 1462 iterum
1142 1420 1192 1458 ;‹
1214 1404 1304 1461 Sic
1332 1403 1458 1468 erit,
1493 1403 1696 1476 inquit,

92 1491 356 1563 gaudium
389 1492 450 1548 in
479 1492 618 1550 caelo
647 1510 832 1551 coram
870 1495 1028 1550 Patre
1053 1501 1235 1550 vestro
1263 1503 1318 1552 et
1347 1492 1554 1565 angelis
1570 1492 1701 1564 ‘ejus

93 1596 257 1652 super
313 1595 440 1636 uno
501 1591 785 1655 peccatore
857 1583 1233 1656 paenitentiam
1290 1590 1482 1656 agente
1532 1581 1694 1653 (Ibid.

95 1675 170 1746 7).
195 1699 213 1722 ι
251 1675 414 1732 Unde
439 1692 536 1749 per
562 1675 757 1732 Isaiam
789 1677 1110 1749 prophetam
1140 1676 1412 1732 Dominus
1441 1681 1702 1748 provocat

1807 498 2097 565 conﬁtens,
2133 514 2231 569 ego
2275 497 2562 554 dimittens
2610 516 2621 553 :
2676 505 2734 552 tu
2782 498 3014 554 offerens
3055 499 3261 570 debita,
3307 519 3406 576 ego

1807 587 2064 643 donando
2096 595 2312 659 peccata
2345 605 2355 641 :
2393 596 2450 642 tu
2482 587 2670 643 dicens
2704 587 3024 660 iniquitates
3052 598 3194 659 tuas,
3225 607 3323 664 ego
3351 599 3406 648 te

1808 677 2059 732 absoluta
2097 677 2298 749 pietate
2324 675 2654 747 justiﬁcans.
2701 677 2950 750 Denique
2978 678 3104 735 vide
3135 680 3281 752 quod
3309 697 3406 737 se-

1809 766 2000 839 quitur
2034 784 2045 821 :
2091 791 2108 812 ‹
2138 767 2238 822 Dic
2285 775 2344 822 tu
2387 765 2556 838 prior,
2590 766 2792 838 inquit,
2826 766 3144 838 iniquitates
3173 777 3313 838 tuas,
3345 777 3406 826 ut

1803 853 2125 926 justiﬁceris
2145 855 2382 927 (Ιὺιά.),ι
2401 871 2509 910 non
2533 863 2594 911 ut
2608 856 2990 912 condemneris
3007 875 3020 923 ;
3039 864 3100 912 ut
3120 866 3334 914 maneat
3348 858 3406 914 in

1807 949 1861 998 te
1893 944 2179 1015 praemium
2211 944 2487 1010 conversi,
2519 960 2630 1000 non
2669 944 2906 1000 confessi
2941 946 3273 1017 supplicium
3299 965 3312 1014 ;
3345 955 3408 1003 ut

1804 1035 2082 1108 judicium
2114 1045 2294 1093 tecum
2325 1036 2622 1094 comitetur
2646 1031 2805 1108 justi,
2838 1053 2950 1092 non
2981 1046 3112 1094 nota
3139 1037 3404 1094 damnati.

1808 1125 1881 1180 Et
1928 1132 2062 1183 tunc
2115 1125 2326 1182 carebis
2375 1125 2589 1182 cunctis
2639 1124 3030 1198 iniquitatibus
3083 1126 3214 1194 tuis,
3275 1142 3406 1184 cum

1808 1212 2099 1269 adversum
2147 1222 2200 1270 te
2255 1215 2408 1270 testis
2456 1223 2510 1270 et
2546 1222 2830 1271 accusator
2868 1213 3164 1270 exstiteris.
3231 1238 3249 1261 ι
3306 1213 3408 1272 Dic

1809 1302 2256 1376 tu,inquit,prior
2279 1304 2601 1378 iniquitates
2625 1303 3164 1375 tuas,utjustiﬁceris
3178 1303 3392 1375 (Ibid).-
3412 1361 3416 1366 _

1808 1391 1909 1448 Sed
1938 1393 2215 1466 numquid
2245 1402 2504 1467 tanquam
2534 1394 2793 1466 ignorans
2818 1401 3082 1465 provocat
3111 1401 3183 1461 te,
3215 1391 3406 1464 frater,

1809 1489 1872 1537 ut
1907 1481 2223 1538 conﬁtearis
2273 1481 2594 1556 iniquitates
2638 1490 2779 1550 tuas,
2818 1482 2914 1554 qui
2961 1481 3066 1539 scit
3115 1487 3408 1554 antequam

1809 1568 1945 1624 ﬁant
1965 1569 1992 1625 ?
2035 1577 2089 1625 et
2134 1579 2393 1645 tanquam
2445 1570 2663 1628 nescius
2707 1587 2778 1627 ex
2807 1579 2859 1627 te
2889 1578 3042 1643 optat
3070 1569 3280 1640 audire,
3311 1567 3409 1643 qui

1809 1658 2044 1715 necdum
2087 1667 2242 1716 natos
2294 1660 2432 1716 solet
2477 1677 2545 1717 ex
2594 1660 2940 1732 praescientia
2969 1659 3219 1732 judicare
3240 1659 3268 1715 ?
3297 1659 3410 1716 Aut

98 1747 482 1836 pmnitentem,
531 1765 721 1823 dicens
757 1747 844 1820 (ι
889 1747 1006 1837 Ego
1036 1782 1157 1821 sum
1187 1764 1281 1836 qui
1311 1747 1468 1821 deleo
1498 1761 1698 1838 injqui-
1733 1772 1779 1833 Β
1810 1747 1986 1803 nescis
2031 1747 2090 1802 in
2133 1756 2290 1805 Πιθΐο
2328 1756 2527 1806 εὸηθῑω
2574 1748 2829 1806 Rebeccae
2873 1749 3154 1821 εεωίῐιιιω
3187 1755 3408 1838 Partum

94 1861 233 1910 tates
291 1863 440 1923 tuas,
488 1863 542 1910 et
587 1871 699 1910 non
745 1854 1198 1911 rememorabor:
1243 1861 1304 1910 tu
1350 1858 1532 1909 autem
1584 1850 1701 1908 noli

98 1943 371 2011 oblivisci,
435 1951 489 2000 et
539 1943 871 2015 judicemur.
921 1944 1025 2000 Dic
1079 1952 1142 1998 tu
1199 1941 1351 2014 prior
1380 1940 1702 2016 iniquitates

95 2040 233 2100 tuas,
257 2041 319 2088 ut
342 2031 670 2103 justiﬁceris
701 2033 836 2104 (Isa.
867 2049 1032 2102 xmn,
1057 2032 1147 2100 25,
1173 2031 1288 2102 26).
1323 2056 1342 2082 ι
1371 2030 1538 2100 Quid,
1580 2047 1698 2098 oro,

96 2119 195 2177 hac
220 2120 523 2192 sponsione
555 2120 906 2192 jucundius?
945 2119 1080 2192 quid
1121 2129 1299 2192 potest
1332 2121 1438 2177 hoc
1486 2121 1704 2176 invita-

97 2217 280 2265 mento
309 2209 540 2267 dulcius
570 2207 860 2264 inveniri?
887 2225 1186 2280 provocare
1220 2207 1488 2280 judicem,
1518 2211 1701 2266 dicere

99 2297 388 2354 adversum
424 2314 481 2353 se
511 2314 663 2353 reum
707 2315 806 2370 pro
845 2313 922 2364 se,
973 2313 1085 2352 non
1128 2305 1190 2354 ut
1247 2298 1459 2368 puniat,
1499 2299 1593 2354 sed
1641 2307 1705 2355 ut

103 2386 344 2444 absolvat
377 2405 388 2442 :
426 2403 538 2442 non
587 2394 648 2442 ut
703 2385 1104 2441 animadvertat
1141 2385 1199 2461 in
1246 2386 1578 2454 confessum,
1610 2387 1704 2443 sed

106 2484 164 2532 ut
189 2475 462 2548 justiﬁcet
492 2491 523 2530 a
552 2493 608 2531 se
639 2475 758 2547 ipso
801 2475 1117 2531 convictum
1144 2474 1172 2530 7
1219 2474 1334 2548 Ego
1377 2482 1558 2530 autem
1590 2492 1704 2531 non

109 2565 472 2633 memorabor,
502 2573 562 2621 tu
591 2573 773 2620 autem
804 2565 918 2620 noli
944 2564 1236 2632 oblivisci;
1272 2563 1376 2621 hoc
1395 2574 1476 2620 est
1501 2564 1698 2621 dicere:

108 2655 222 2710 Non
252 2654 560 2711 remanebit
589 2671 752 2727 penes
800 2671 886 2709 me
933 2655 1200 2710 memoria
1244 2654 1375 2711 facti
1429 2655 1534 2723 tui,
1568 2654 1706 2709 situ

113 2746 312 2817 proprii
351 2761 466 2800 non
489 2743 837 2800 obliviscaris
865 2745 1031 2800 errati
1061 2763 1072 2800 :
1095 2753 1149 2800 et
1173 2743 1448 2801 delebitur
1476 2744 1706 2800 infamia

111 2834 354 2891 criminis
385 2836 494 2904 tui,
543 2835 589 2891 si
639 2835 757 2906 ejus
796 2835 1174 2892 recordatione
1220 2837 1552 2908 compulsus,
1594 2851 1706 2891 non

112 2939 279 2980 cesses
322 2924 464 2980 meis
503 2924 730 2980 auribus
758 2925 1028 2981 conﬁteri.
1062 2925 1232 2981 Vides
1267 2942 1395 2997 ergo
1424 2927 1596 2981 Deum
1648 2925 1706 2980 in

115 3011 314 3084 ﬂagitia
361 3014 667 3086 peccatoris
714 3013 1012 3082 intentum,
1044 3016 1090 3070 si
1121 3016 1337 3071 nullum
1369 3016 1705 3088 pmnitentize

115 3103 331 3158 exsistat
392 3103 683 3159 oﬂicium:
735 3113 788 3160 et
831 3103 1214 3160 imminentem
1275 3105 1586 3161 cervicibus
1627 3105 1706 3160 rei

117 3189 246 3246 iram
272 3191 410 3264 justi
431 3191 662 3264 judicis,
710 3191 800 3248 cui
827 3209 939 3248 non
971 3193 1237 3264 placuerit
1266 3194 1500 3265 gemitus
1524 3193 1710 3250 conﬁ-

117 3281 319 3348 tentis;
370 3281 475 3337 illa
524 3289 706 3338 autem
752 3281 809 3336 in
858 3281 1197 3338 oblivionem
1238 3281 1457 3351 ducere,
1498 3299 1620 3355 qua
1649 3290 1708 3338 tu

117 3384 220 3424 non
252 3371 502 3442 quiveris
536 3371 817 3442 publicare
850 3389 860 3425 :
898 3380 951 3427 et
979 3371 1185 3427 aboleri
1216 3372 1468 3428 criminis
1497 3380 1705 3441 notam,

118 3458 161 3513 si
188 3476 294 3516 non
325 3461 589 3517 vulneres
632 3461 853 3517 silentio
891 3461 1307 3518 conscientiam.
1352 3486 1370 3508 ‹
1400 3462 1516 3534 Ego
1564 3478 1707 3530 sum,

120 3547 313 3623 inquit,
342 3553 439 3626 qui
472 3551 629 3608 deleo
657 3552 978 3625 iniquitates
1007 3559 1148 3620 tuas,
1179 3561 1232 3608 et
1275 3567 1386 3608 non
1431 3567 1710 3607 rememo-

122 3639 318 3708 rabor,:
367 3651 429 3698 tu
479 3651 660 3698 autem
710 3643 826 3698 noli
874 3641 1148 3698 oblivisci.
1203 3666 1221 3690 ι
1263 3641 1492 3697 Nullum
1530 3641 1712 3697 voluit

122 3743 228 3784 esse
247 3730 514 3803 temporis
552 3739 843 3802 punctum,
887 3732 1102 3786 nullum
1148 3731 1416 3786 momenti
1466 3747 1708 3786 momen-

121 3823 256 3888 tum,
284 3838 392 3894 quo
424 3822 485 3876 in
533 3830 722 3892 pectus
776 3828 936 3876 tuum
983 3820 1186 3892 irrepat
1216 3820 1425 3876 oblivio
1454 3829 1710 3892 peccato-

124 3921 237 3962 rum
273 3925 283 3962 :
335 3909 430 3966 sed
471 3917 534 3964 ut
563 3911 864 3966 exsecreris
890 3927 1010 3984 qua:
1039 3917 1166 3966 ante
1197 3910 1567 3976 commiseras,
1601 3924 1712 3964 non

126 4003 182 4051 ut
208 3999 565 4069 pristinorum
597 3999 963 4056 oblectatione
983 3999 1248 4072 capiaris;
1281 4009 1335 4055 et
1351 3999 1422 4055 sit
1438 3998 1495 4054 in
1521 4005 1577 4053 te
1601 4013 1713 4052 non

127 4099 188 4139 ex
215 4086 485 4144 desiderio
513 4089 938 4159 praeteritorum,
967 4088 1062 4144 sed
1091 4105 1162 4144 ex
1207 4088 1414 4144 doloris
1464 4085 1712 4144 recorda-

128 4171 264 4231 tione
292 4176 614 4248 suspirium.
663 4175 859 4231 Casum
903 4184 1061 4230 tuum
1100 4193 1314 4248 semper
1358 4184 1484 4232 ante
1527 4175 1716 4231 oculos

128 4277 390 4336 proponas
420 4272 473 4320 et
507 4265 714 4336 lugeas,
758 4274 812 4319 et
853 4265 1048 4320 funera
1089 4272 1185 4320 tua
1215 4265 1510 4320 momentis
1540 4265 1714 4319 omni-

128 4348 221 4408 bus
246 4357 491 4428 plangas,
525 4361 808 4408 mortuum
851 4361 904 4410 te
946 4353 1152 4425 jugiter
1199 4355 1421 4422 sentias,
1468 4353 1714 4408 moritu-

128 4454 347 4516 rumque
396 4444 516 4500 sine
558 4443 901 4499 dubitatione
939 4460 1252 4515 cognoscas.
1291 4444 1418 4500 Hzec
1445 4443 1715 4499 Dominus

129 4542 230 4585 non
258 4532 554 4604 imputabit
579 4532 648 4589 ad
675 4548 912 4603 pmnam,
969 4532 1062 4588 sed
1102 4532 1452 4605 detorquebit
1491 4533 1559 4589 ad
1603 4533 1713 4604 glo-

130 4617 278 4676 riam:
308 4630 362 4677 et
391 4622 469 4679 ita
501 4621 896 4679 memorabitur
921 4622 1026 4691 tui,
1043 4630 1104 4678 ut
1123 4621 1480 4679 obliviscatur
1499 4639 1709 4692 eorum,

131 4718 242 4776 qua:
283 4721 406 4768 ante
454 4712 511 4767 in
560 4712 795 4785 peccatis
841 4712 1023 4784 egisti,
1076 4711 1428 4788 praebiturus
1457 4711 1561 4768 tibi
1615 4727 1714 4783 pro

131 4798 408 4867 temporali
454 4802 606 4857 luctu
638 4808 840 4857 aeterna
875 4809 1035 4873 atque
1065 4799 1284 4856 inﬁnita
1313 4801 1540 4867 solatia;
1588 4817 1712 4856 cum

132 4895 341 4951 peccata
391 4899 486 4945 tua
540 4890 815 4946 evaserint
881 4889 1182 4962 impunita,
1250 4889 1369 4961 ipso
1447 4889 1709 4945 dicente:

143 4991 161 5016 ι
195 4971 342 5030 Beati
372 4978 466 5050 qui
498 4996 649 5036 nunc
677 4980 886 5052 lugent,
924 4979 1180 5051 quoniam
1219 4979 1324 5050 ipsi
1353 4979 1715 5035 consolabun-

133 5062 217 5114 tur
245 5065 452 5133 (Matth.
487 5085 542 5137 v,
575 5069 656 5139 ὅ).
693 5069 774 5124 Tu
814 5076 996 5124 autem
1037 5067 1152 5124 noli
1183 5066 1461 5137 oblivisci,
1493 5076 1545 5124 et
1568 5067 1715 5140 judi-

133 5164 310 5208 cemur
340 5156 474 5226 (Isa.
503 5176 665 5225 XLIII,
695 5160 812 5231 26).
844 5186 862 5210 ι
908 5161 1120 5216 Interea
1144 5157 1478 5230 judicemur,
1509 5157 1605 5213 ait.
1628 5157 1715 5213 An

136 5245 396 5316 numquid
424 5248 694 5307 Dominus
735 5247 1098 5322 judicabitur,
1149 5249 1244 5323 qui
1284 5247 1443 5318 dicit,
1489 5255 1552 5304 ut
1589 5263 1714 5306 cum

207 5497 285 5588 (3)
314 5503 402 5588 Sit}
429 5506 654 5588 edit._et_
681 5506 842 5588 _Sorb.
873 5527 978 5568 ms.
1013 5526 1026 5566 :
1061 5506 1219 5569 Rem.
1242 5524 1397 5579 vero,
1435 5511 1484 5564 et
1523 5507 1718 5564 decur-

138 5582 251 5624 τετυ
274 5581 484 5640 “ditata
514 5581 750 5640 tristitia.

208 5641 287 5714 (4)
317 5641 468 5708 Rem.
498 5652 672 5713 codex
699 5661 754 5717 et
779 5653 961 5726 Sorb.,
987 5653 1154 5727 juxta
1182 5650 1578 5714 aestimationem
1593 5666 1721 5725 pen-

1809 1851 1922 1890 uno
1973 1843 2218 1908 tempore
2273 1845 2620 1910 conceptum,
2677 1838 2976 1910 eodemque
3040 1837 3408 1910 progenitum,

1810 1931 2168 2003 praescientiae
2221 1932 2448 1989 notione
2494 1933 2745 1990 retulisse
2784 1931 3062 2005 judicium
3106 1932 3410 2006 disparium

1812 2019 2135 2076 meritorum
2162 2020 2192 2076 ‘P

1883 2110 2127 2168 CAPUT.
2157 2111 2252 2166 III.
2280 2143 2352 2155 —
2375 2111 2512 2170 Vult
2557 2128 2683 2184 ergo
2742 2120 2796 2169 te
2855 2111 3028 2184 magis
3077 2128 3235 2169 nosse
3277 2111 3413 2186 quid

1811 2208 2000 2271 agatur
2032 2201 2088 2255 in
2128 2208 2203 2269 te,
2246 2209 2309 2256 ut
2336 2218 2461 2258 cum
2493 2201 2725 2274 exponis
2754 2201 2970 2259 medico
2998 2201 3201 2259 vitium
3231 2210 3410 2272 tuum,

1813 2291 2180 2347 necessarium
2227 2292 2332 2348 tibi
2377 2294 2631 2366 propinet
2677 2293 3020 2364 antidotum;
3079 2304 3214 2353 tunc
3262 2295 3409 2351 enim

1813 2383 2017 2453 poteris
2064 2381 2366 2452 perfectum
2411 2383 2672 2455 consequi
2713 2383 3039 2441 beneﬁcium
3098 2385 3409 2456 medicinae,

1813 2468 1859 2525 si
1890 2486 2001 2525 non
2031 2471 2174 2526 celes
2215 2469 2428 2527 medico
2461 2480 2568 2527 tua:
2599 2473 2830 2528 vulnera
2872 2473 3240 2531 conscientiae.
3283 2475 3411 2532 Cm-

1811 2566 1992 2614 terum
2023 2560 2258 2633 qualiter
2286 2559 2562 2616 curandus
2591 2561 2718 2628 eris,
2751 2561 2844 2632 qui
2873 2577 2936 2616 ea
2963 2579 3082 2634 qua
3111 2572 3239 2619 sunt
3272 2565 3327 2619 in
3357 2573 3412 2620 te

1814 2647 2079 2704 absconsa
2108 2665 2218 2704 non
2249 2649 2443 2720 pandis
2468 2649 2496 2704 7
2539 2649 2749 2719 Opinor
2794 2649 2964 2718 enim,
2998 2651 3103 2706 nisi
3139 2653 3410 2724 interpel-

1817 2738 1961 2794 letur
1991 2738 2256 2807 medicus,
2287 2755 2400 2795 non
2427 2748 2651 2795 curatur
2674 2746 2929 2810 aegrotus.
2966 2740 3263 2812 Exspectat
3283 2757 3412 2813 ergo

1817 2827 1914 2883 diu
1967 2828 2076 2884 sibi
2127 2830 2343 2885 ostendi
2393 2829 2602 2884 doloris
2648 2828 2731 2883 tui
2780 2845 2990 2895 causas,
3023 2838 3086 2885 ut
3124 2829 3410 2887 medicinae

1815 2919 2121 2974 remedium
2164 2917 2276 2990 jam
2322 2928 2545 2975 curatus
2591 2918 2907 2991 intelligas;
2945 2920 3079 2992 quid
3108 2920 3256 2975 enim
3287 2937 3414 2977 me-

1815 3011 1940 3066 dico
1984 3009 2264 3079 debeatur,
2309 3010 2458 3083 justa
2499 3011 2862 3067 astimatione
2909 3010 3161 3082 pensabis
3210 3011 3317 3083 (4),
3365 3013 3412 3068 si

1742 3137 1784 3196 Ο
1819 3101 2072 3157 morbum
2101 3110 2257 3158 tuum
2284 3101 2343 3156 in
2375 3108 2427 3157 te
2457 3109 2582 3158 ante
2610 3100 2953 3174 cognoveris.
2978 3103 3048 3156 Et
3069 3110 3130 3158 ut
3158 3101 3414 3173 pluribus

1817 3199 1871 3246 te
1919 3207 2031 3248 non
2080 3199 2315 3261 teneam,
2368 3193 2638 3250 confessio
2679 3199 2773 3247 tua
2811 3191 3081 3264 paenitens
3137 3192 3413 3248 medicina

1817 3287 1918 3349 est,
1952 3280 2068 3352 ipsa
2097 3288 2148 3336 te
2178 3289 2350 3350 curat,
2381 3281 2498 3354 ipsa
2528 3291 2580 3337 te
2610 3281 2858 3337 viviﬁcat
2882 3299 2894 3348 ;
2930 3297 3032 3337 nec
3061 3281 3268 3352 patitur
3292 3282 3412 3338 vul-

1816 3388 1921 3428 nus
1951 3380 2107 3428 tuum
2140 3381 2325 3428 tenere
2363 3372 2729 3447 putredinem,
2761 3371 2857 3428 sed
2886 3389 3016 3428 mox
3045 3380 3108 3428 ut
3138 3374 3414 3445 ingemue-

1817 3463 1911 3530 ris,
1971 3462 2350 3535 superinducit
2397 3464 2526 3521 inde
2577 3462 2892 3520 nodabilem
2943 3461 3253 3518 cicatricem
3305 3462 3414 3534 (5).

1818 3555 1991 3612 Hodie
2048 3557 2095 3613 si
2143 3557 2434 3630 quisquam
2488 3564 2541 3612 te
2586 3553 2810 3610 morbus
2851 3555 3155 3626 corporalis
3190 3553 3413 3623 afﬁciet,

1817 3659 1870 3706 et
1911 3649 2116 3706 sentias
2160 3655 2312 3704 artus
2366 3656 2490 3704 tuos
2547 3647 2814 3703 intestino
2862 3646 3076 3719 gravari
3131 3646 3415 3718 languore,

1818 3746 1912 3794 aut
1938 3740 2143 3796 vulnus
2172 3745 2328 3795 tuum
2363 3738 2637 3810 intelligas
2674 3738 2802 3794 tabo
2832 3745 2886 3792 et
2919 3737 3078 3793 sorde
3107 3735 3418 3808 putredinis

1819 3843 2126 3896 cancerare,
2165 3827 2352 3884 statim
2399 3827 2580 3883 curris
2629 3826 2698 3882 ad
2749 3825 3048 3893 medicum,
3093 3823 3294 3896 quaeris
3348 3824 3417 3880 de

1819 3924 1936 3973 arte
1966 3917 2293 3984 remedium,
2318 3915 2556 3971 excubas
2582 3923 2708 3970 ante
2731 3912 2958 3984 januam
2989 3913 3337 3981 dormientis,
3363 3921 3419 3970 et

1823 4015 1947 4062 ante
1976 4007 2122 4062 fores
2151 4005 2268 4077 ejus
2297 4005 2603 4061 matutinus
2640 4005 2904 4060 salutator
2933 4001 3142 4058 assistis
3165 4021 3180 4069 ;
3230 4003 3418 4074 preci-

1822 4095 1925 4152 bus
1955 4111 2132 4164 orare,
2162 4093 2309 4149 dona
2353 4093 2693 4165 promittere,
2722 4107 2953 4148 munera
2987 4092 3203 4160 offerre,
3229 4099 3283 4147 et
3320 4099 3420 4148 to-

1822 4191 1942 4240 tum
1973 4181 2367 4254 patrimonium
2412 4198 2510 4254 pro
2555 4189 2652 4236 tua
2698 4180 2854 4252 cupis
2881 4180 3114 4236 sanitate
3139 4179 3366 4253 prodere
3400 4198 3414 4238 :

1823 4281 1878 4330 et
1905 4290 2030 4330 cum
2063 4273 2386 4344 plerumque
2429 4270 2705 4343 imperitia
2737 4266 2856 4343 ejus
2881 4279 2978 4327 aut
3006 4279 3262 4343 gravetur
3288 4271 3422 4326 lan-

1824 4379 1978 4435 guor,
2013 4370 2106 4418 aut
2134 4370 2278 4418 certe
2328 4362 2385 4418 in
2436 4361 2597 4432 longa
2626 4368 2874 4432 tempora
2901 4359 3216 4427 differatur;
3259 4357 3420 4414 nihi-

1825 4453 2068 4509 lominus
2093 4461 2276 4524 tamen
2308 4454 2366 4509 in
2398 4453 2778 4510 observatione
2807 4453 3025 4509 assidua
3057 4467 3367 4523 perseveras
3402 4468 3415 4506 :

1825 4549 1880 4598 et
1923 4541 2089 4598 homo
2133 4541 2202 4598 ab
2241 4543 2466 4599 homine
2493 4559 2680 4615 speras
2711 4542 2868 4598 tarda
2893 4539 3154 4608 remedia,
3185 4554 3287 4594 nec
3313 4536 3420 4593 de—

1829 4647 2012 4704 speras
2039 4630 2372 4703 adjutorium
2403 4632 2775 4704 profuturum,
2805 4646 2929 4686 cum
2961 4627 3142 4683 adhuc
3169 4641 3280 4680 non
3302 4641 3422 4682 sen-

1824 4721 1932 4776 tias
1973 4721 2438 4778 corroborationis
2484 4722 2776 4786 effectum;
2835 4726 2888 4774 et
2941 4733 3054 4773 non
3113 4715 3290 4772 curris
3351 4714 3423 4772 ad

1828 4812 2001 4867 Deum
2032 4821 2188 4868 tuum
2232 4812 2530 4884 gratuitum
2563 4809 2861 4876 medicum,
2888 4807 2956 4863 ad
2982 4807 3296 4862 ultroneum
3326 4806 3424 4878 pi-

1831 4904 2215 4976 gmentarium,
2247 4905 2342 4977 qui
2376 4905 2433 4959 in
2475 4902 2735 4960 curandis
2763 4901 2962 4957 animai
2996 4908 3105 4957 tute
3138 4899 3423 4956 valetudi-

1830 4993 1993 5050 nibus
2021 4993 2237 5049 nullum
2267 4992 2427 5049 novit
2455 4992 2566 5065 pati
2598 4991 2904 5060 fastidium,
2928 5007 3028 5046 nec
3048 4997 3329 5062 exspectat
3352 5005 3424 5046 ex

1829 5084 2060 5140 sanitate
2087 5091 2183 5139 tua
2225 5082 2535 5155 praemium,
2567 5081 2660 5138 sed
2691 5081 2862 5154 magis
2894 5080 3169 5138 desiderat
3198 5071 3425 5152 praemio

1831 5190 2118 5231 munerare
2158 5182 2431 5232 curatum.
2464 5175 2537 5229 Et
2577 5173 2768 5246 utique
2812 5172 3130 5246 temporalis
3179 5170 3427 5228 medicus

1831 5254 1938 5314 hoc
1989 5252 2133 5312 592
2163 5255 2343 5314 solum
2409 5262 2584 5324 curat,
2643 5253 2790 5328 quod
2847 5253 2916 5310 ad
2957 5269 3157 5327 corpus
3205 5251 3423 5320 attinet,

2017 5576 2169 5634 Edit.
2203 5583 2258 5632 et
2282 5573 2405 5633 cod.
2427 5572 2618 5648 δεξιοὶ»,
2650 5571 3075 5648 indemmpizem
3097 5564 3388 5625 cicatricem
3407 5581 3441 5631 ,ο

1832 5642 2032 5711 melius
2051 5649 2176 5711 cod.
2206 5649 2387 5720 Bem.,
2415 5645 2536 5706 inde
2565 5642 2863 5706 nodabilem
