3902 6198
454 302 591 360 1063

1496 300 1589 354 AD
1629 296 1863 353 OPERA
1901 294 1959 352 S.
1985 291 2318 351 AMBROSII
2356 286 2736 347 APPENDIX.

3646 281 3783 340 1064

456 443 736 492 caeterum.
784 432 930 485 Deus
977 444 1214 484 animam
1264 435 1439 495 sanat,
1471 443 1637 500 quam
1667 434 1887 498 peccata
1914 440 2055 481 con—
2083 433 2133 491 Α
2162 421 2430 496 quidquid
2459 426 2688 493 putatur
2713 417 3061 474 absconsum.
3108 413 3215 471 Sed
3264 428 3389 469 non
3435 411 3640 480 habeo,
3690 413 3778 468 in-

456 525 755 579 vulnerant
792 537 802 574 :
834 526 888 574 et
918 519 1011 573 ille
1042 517 1251 590 profert
1287 516 1355 571 ad
1385 532 1623 588 prasens
1647 514 1931 586 profutura
1958 530 2056 569 re-

454 612 658 679 media,
708 608 800 665 hic
843 616 1026 664 autem
1084 606 1311 663 adhibet
1352 612 1669 676 perpetuam
1702 602 2052 660 medicinam.

453 704 525 759 Et
553 709 738 757 tamen
762 698 932 753 homo
956 712 1057 752 nec
1083 712 1139 751 se
1166 695 1347 767 ipsum
1368 700 1549 765 potest
1571 691 1764 763 juvare
1786 692 2053 759 medicus,
2091 707 2098 715 '

454 791 563 848 nisi
610 787 931 846 subvenerit
982 788 1171 852 Deus;
1213 800 1340 840 nam
1383 783 1658 839 incassum
1694 782 1902 838 laborat
1931 783 2055 854 ple-

455 896 686 951 rumque
726 877 931 933 astutia
979 874 1290 937 medicina,
1321 872 1365 928 si
1414 874 1560 929 Deus
1594 881 1797 943 agroto
1828 871 2055 927 vivendi

456 980 672 1041 tempus
713 967 959 1023 noluerit
986 967 1334 1039 prolongare.
1367 964 1518 1032 Quos
1556 980 1659 1020 nec
1696 964 1802 1019 sibi
1832 963 2057 1020 videbi-

454 1080 577 1119 mus
620 1075 1022 1133 nonnunquam
1064 1074 1223 1130 posse
1251 1071 1587 1124 succurrere,
1622 1071 1749 1110 cum
1789 1053 2056 1127 praeventi

453 1148 831 1221 corporalibus
874 1147 1029 1204 vitiis
1082 1145 1409 1203 fraudantur
1450 1144 1721 1202 beneﬁcio
1751 1143 2049 1216 sospitatis.

453 1240 680 1297 Nullum
724 1254 853 1311 ergo
910 1236 1242 1293 beneﬁcium
1298 1234 1587 1291 medicina
1654 1232 1778 1301 erit,
1835 1232 2055 1305 quando

455 1329 677 1386 medico
701 1328 805 1401 ipsi
838 1326 1114 1383 medicina
1135 1341 1250 1380 non
1279 1322 1557 1381 subvenit.
1592 1322 1762 1378 Nemo
1790 1328 1864 1389 te,
1894 1320 2053 1377 crede

454 1418 617 1487 mihi,
671 1417 870 1473 melius
922 1415 1120 1483 reﬁcit,
1178 1430 1344 1486 quam
1396 1413 1491 1485 qui
1530 1410 1705 1467 fecit:
1764 1425 1866 1465 nec
1911 1409 2055 1465 alius

445 1506 743 1580 justiﬁcat,
785 1505 895 1561 nisi
944 1503 1040 1577 qui
1088 1502 1326 1575 ﬂagellat
1367 1510 1421 1557 et
1468 1508 1641 1556 curat.
1692 1499 1854 1555 Solus
1894 1498 2054 1557 novit

450 1596 631 1671 operis
680 1594 768 1652 sui
813 1593 1015 1651 sarcire
1060 1600 1338 1665 rupturas,
1366 1598 1421 1646 et
1449 1589 1570 1645 limi
1606 1589 1778 1646 nostri
1820 1605 2054 1662 quassa—

451 1695 563 1744 tam
611 1684 850 1759 speciem
898 1683 958 1739 in
1000 1690 1173 1739 status
1220 1679 1442 1754 pristini
1480 1678 1843 1736 substantiam
1873 1677 2051 1735 refor-

450 1792 618 1845 mare,
650 1775 771 1848 ipso
816 1790 913 1847 per
956 1772 1278 1846 prophetam
1330 1771 1548 1827 dicente
1581 1786 1594 1825 :
1637 1792 1655 1816 ι
1686 1768 1841 1826 Sicut
1871 1768 2047 1825 lutum
2080 1805 2125 1866 Β

450 1864 625 1938 ﬁguli,
654 1864 735 1922 sic
764 1881 862 1922 vos
886 1864 1017 1920 estis
1046 1863 1105 1919 in
1136 1877 1303 1917 manu
1334 1876 1454 1916 mea
1485 1859 1700 1930 (larem.
1732 1875 1896 1928 xvm,
1929 1859 2037 1930 6).-

449 1958 637 2031 Neque
665 1957 771 2015 hoc
808 1956 991 2029 ipsum
1024 1954 1210 2027 aliquo
1238 1950 1532 2007 intervallo
1564 1950 1825 2023 temporis
1853 1966 2046 2021 opera-

449 2061 582 2111 tur:
620 2070 749 2109 mox
792 2061 854 2109 ut
889 2050 1098 2108 dixeris
1142 2048 1341 2104 vitium
1388 2053 1569 2111 tuum,
1603 2044 1756 2101 illico
1802 2044 2049 2116 impertit

450 2152 503 2201 et
530 2142 904 2217 adjutorium;
938 2137 1284 2212 imploranda
1330 2135 1577 2194 subsidia
1623 2142 1677 2191 et
1716 2132 2048 2191 conferenda

449 2232 693 2290 remedia
741 2231 956 2288 nullum
1007 2225 1406 2302 propemodum
1450 2231 1669 2296 tempus
1696 2222 2044 2279 intervenit:

449 2321 555 2380 hoc
585 2329 802 2379 tantum
834 2324 1132 2391 exspectat,
1162 2324 1226 2371 ut
1268 2314 1520 2382 fatearis;
1567 2328 1722 2369 mora
1762 2329 1875 2368 non
1919 2312 2043 2380 erit,

447 2422 510 2470 ut
538 2412 764 2469 saneris.
810 2434 827 2457 ι
858 2408 960 2465 Dic
997 2415 1080 2474 tu,
1114 2405 1319 2479 inquit,
1350 2405 1500 2477 prior
1536 2401 1857 2476 iniquitates
1902 2408 2045 2470 tuas,

448 2510 511 2560 ut
549 2498 891 2574 justiﬁceris.
932 2523 952 2547 ο
1007 2497 1125 2552 Hoc
1175 2511 1271 2566 per
1321 2492 1665 2550 Ezechielem
1724 2491 2045 2564 prophetam

448 2587 594 2648 idem
639 2589 876 2663 Spiritus
921 2584 1257 2659 repromittit
1306 2582 1565 2655 injustis:
1614 2606 1633 2631 ι
1666 2581 1875 2653 Impius
1904 2596 2049 2654 qua-

447 2698 663 2754 cunque
725 2678 816 2736 die
889 2693 1187 2734 conversus
1253 2673 1421 2730 fuerit
1485 2673 1555 2729 ab
1623 2670 1918 2743 injustitia,
1994 2678 2047 2726 et

443 2770 715 2845 justitiam
746 2769 959 2835 fecerit,
991 2766 1108 2838 ipsa
1133 2765 1224 2821 die
1255 2763 1513 2835 peribunt
1541 2777 1732 2817 omnes
1760 2760 2047 2833 injustitia

448 2861 610 2932 ejus:
650 2862 709 2915 in
757 2875 856 2915 sua
902 2855 1181 2927 injustitia
1227 2869 1389 2925 quam
1436 2852 1587 2920 fecit,
1620 2868 1732 2907 non
1781 2852 2048 2908 morietur

449 2950 667 3020 (Ezech.
698 2964 862 3013 xvm,
893 2946 983 3011 27,
1008 2943 1100 3014 28)
1126 2962 1140 3012 ;
1172 2968 1191 2990 ι
1228 2950 1281 2997 et
1302 2942 1435 2997 alibi
1466 2960 1477 2997 :
1510 2964 1531 2992 ι
1565 2941 1705 2999 Cum
1750 2958 2047 2999 conversus

446 3037 617 3092 fueris
640 3043 693 3091 et
716 3033 1067 3105 ingemueris,
1091 3042 1227 3089 tunc
1247 3031 1548 3089 salvaberis
1570 3032 1704 3099 (Isa.
1728 3048 1867 3101 xxx,
1896 3034 2031 3103 15).»

515 3126 745 3185 CAPUT
784 3125 881 3185 IV.
913 3156 985 3167 —
1014 3125 1121 3183 Sed
1168 3124 1400 3182 forsitan
1448 3124 1598 3182 dicas
1649 3142 1661 3180 :
1713 3126 1832 3181 Non
1871 3124 2044 3180 habeo

442 3219 751 3290 conscium,
775 3225 829 3276 et
851 3218 993 3275 nulli
1017 3217 1248 3275 omnino
1269 3216 1560 3273 manifesta
1580 3223 1730 3284 sunt,
1753 3232 1873 3288 qua
1893 3231 2040 3272 com-

442 3311 590 3367 misi.
643 3309 789 3380 Quid
835 3326 982 3382 ergo,
1030 3309 1075 3366 si
1125 3324 1237 3365 non
1283 3307 1451 3365 habes
1490 3305 1798 3374 conscium,
1846 3305 2039 3361 saltem

440 3402 622 3458 nescis
670 3401 960 3473 praescium
1005 3400 1178 3454 Deum
1220 3396 1572 3455 conscientia
1614 3404 1719 3452 tua
1749 3394 2039 3450 inevitabi-

442 3492 548 3547 lem
578 3490 859 3547 conscium
885 3490 913 3544 ‘I
940 3488 1013 3543 Et
1041 3487 1087 3543 si
1118 3487 1259 3543 facta
1302 3493 1399 3542 tua
1426 3500 1591 3543 nemo
1624 3484 1915 3541 hominum
1944 3500 2038 3539 no-

440 3580 542 3645 vit,
594 3592 791 3649 nempe
837 3580 985 3631 Deus
1022 3576 1166 3630 facta
1212 3583 1307 3629 tua
1354 3581 1409 3629 et
1453 3573 1635 3629 adhuc
1670 3573 1860 3629 futura
1889 3588 2037 3645 pra-

438 3665 637 3723 noscit.
672 3663 819 3731 Quid
861 3662 1011 3718 enim
1056 3676 1168 3716 non
1207 3659 1383 3726 videt,
1414 3661 1511 3731 qui
1544 3660 1748 3731 ubique
1776 3669 1830 3715 et
1857 3668 2035 3717 totum

437 3752 608 3822 videt,
657 3752 777 3826 ipso
813 3751 883 3808 ad
925 3749 1027 3808 Job
1063 3749 1282 3807 dicente
1315 3766 1327 3805 :
1360 3747 1496 3815 Quis
1526 3756 1680 3820 putet
1708 3748 1919 3822 aliquid
1949 3767 2037 3807 me

435 3843 653 3901 latere?
700 3844 781 3899 Da
826 3840 966 3899 mihi
1015 3841 1222 3908 locum,
1250 3841 1309 3897 in
1356 3856 1467 3914 quo
1495 3856 1608 3896 non
1633 3838 1706 3895 sit
1733 3841 1898 3910 Deus,
1938 3843 2034 3915 qui

436 3944 586 3993 totus
622 3944 705 3992 est
746 3933 1032 4002 occultus;
1068 3939 1124 3988 et
1168 3931 1276 3988 eris
1308 3931 1368 3987 in
1413 3929 1574 3987 factis
1610 3929 1724 3985 tuis
1756 3930 1838 4003 (6)
1867 3937 1921 3987 et
1950 3938 2031 4002 tu,

433 4026 579 4084 sicut
623 4024 928 4095 arbitraris,
961 4022 1229 4082 occultus.
1267 4022 1373 4080 Sed
1419 4022 1567 4078 Deus
1611 4019 1817 4094 ubique
1845 4030 1946 4091 est,
1979 4029 2035 4079 et

431 4124 581 4172 totus
611 4115 671 4171 in
698 4123 820 4172 toto
839 4121 941 4183 est,
971 4113 1093 4187 ipso
1118 4113 1334 4171 dicente
1363 4131 1376 4170 :
1424 4136 1443 4160 σ
1463 4110 1675 4170 Caelum
1706 4111 1849 4168 mihi
1878 4111 2032 4169 sedes

430 4210 535 4269 est,
553 4211 701 4259 terra
728 4219 863 4259 vero
889 4203 1189 4260 scabellum
1212 4203 1416 4275 pedum
1445 4219 1693 4260 meorum
1721 4202 1856 4275 (Isa.
1880 4218 2026 4271 var,

430 4293 486 4365 1)
514 4310 529 4361 ;
560 4317 580 4341 ι
622 4299 722 4348 et:
773 4315 793 4340 ι
824 4292 1039 4350 Caelum
1067 4304 1121 4351 et
1165 4302 1363 4350 terram
1410 4310 1509 4366 ego
1554 4294 1759 4366 impleo
1809 4294 2025 4367 (larem.

428 4397 593 4450 nm,
626 4380 741 4454 24).
778 4406 798 4431 ι
840 4381 998 4438 Unde
1028 4391 1083 4439 et
1122 4381 1470 4439 beatissimus
1508 4384 1775 4455 propheta
1800 4384 1979 4441 David
2011 4402 2024 4442 :

2166 513 2339 587 quies,
2390 511 2697 569 conscium.
2745 508 2862 565 Hoc
2902 514 3047 564 recte
3077 505 3348 572 dixisses,
3383 503 3432 559 si
3461 504 3779 575 exemplum

2165 602 2301 659 Cain
2331 599 2731 673 parricidarum
2779 595 3045 669 principis
3086 610 3198 650 non
3243 591 3506 648 haberes.
3540 592 3779 648 Persua-

2166 698 2308 746 serat
2335 690 2415 745 ire
2452 706 2637 746 secum
2684 688 2744 744 in
2788 702 3043 757 campum
3086 684 3179 757 pio
3224 682 3389 739 fratri
3430 680 3780 754 parricidalis

2165 780 2442 851 impietas,
2477 789 2531 835 et
2558 778 2703 835 nihil
2749 777 2817 834 de
2857 777 3023 835 fratre
3062 790 3120 831 se
3160 772 3452 831 custodire
3499 773 3778 829 aestimans

2163 870 2318 926 rudis
2361 869 2543 926 adhuc
2585 877 2640 925 et
2686 885 2830 926 nova
2873 865 3246 939 germanitas,
3304 864 3608 936 praceptis
3670 863 3781 935 ejus

2162 960 2309 1017 bono
2341 959 2715 1033 simplicitatis
2743 958 3107 1029 obtemperat.
3146 954 3500 1012 Gradiuntur
3528 970 3649 1010 uno
3697 970 3780 1026 pa-

2164 1050 2298 1107 riter
2338 1050 2605 1107 comitatu
2648 1048 2813 1106 ambo
2857 1045 3126 1121 germani,
3175 1054 3231 1101 et
3272 1044 3559 1117 parricida
3605 1045 3780 1099 iniam

2163 1150 2280 1199 stus
2306 1142 2374 1197 ad
2405 1140 2800 1213 perﬁciendum
2830 1137 3028 1195 nefarii
3049 1135 3273 1193 sceleris
3286 1135 3603 1208 cogitatum
3626 1136 3779 1208 quasi

2164 1234 2345 1289 locum
2376 1233 2539 1305 elegit
2565 1232 2684 1288 sine
2709 1238 2867 1286 teste.
2903 1228 3070 1297 Quasi
3100 1243 3234 1283 vero
3264 1226 3313 1282 si
3343 1225 3453 1282 sibi
3486 1225 3779 1281 hominem

2162 1322 2446 1379 conscium
2495 1337 2609 1378 non
2638 1319 2883 1384 haberet,
2933 1317 3102 1373 latere
3144 1314 3359 1388 aliquid
3418 1314 3531 1371 Dei
3589 1315 3779 1371 oculos

2162 1412 2431 1484 potuisset
2468 1426 2479 1465 :
2514 1420 2613 1467 aut
2639 1410 2816 1467 celare
2842 1414 3025 1479 posset
3047 1404 3233 1462 studio
3261 1402 3619 1472 solitudinis,
3654 1421 3777 1461 cum

2161 1500 2306 1557 nihil
2340 1499 2630 1559 obtutibus
2661 1499 2873 1557 celetur
2897 1494 3177 1553 Auctoris.
3207 1495 3283 1550 At
3312 1491 3413 1549 ubi
3455 1492 3687 1549 infandi
3708 1492 3777 1548 fa-

2160 1594 2368 1653 cinoris
2421 1595 2621 1652 artifex
2668 1592 2991 1668 primitivus
3036 1598 3225 1664 aptum
3266 1588 3559 1663 judicavit
3597 1590 3775 1647 locum

2159 1685 2522 1759 perpetrando
2550 1683 2779 1757 ﬂagitio,
2804 1681 3005 1739 insiliit
3026 1680 3083 1738 in
3104 1680 3368 1749 furorem,
3397 1686 3455 1736 et
3480 1679 3776 1752 patientis-

2158 1777 2360 1836 simum
2401 1779 2621 1835 fratrem
2652 1794 2715 1836 ac
2740 1775 2972 1834 minime
2991 1781 3413 1847 repugnantem,
3431 1772 3671 1830 diabolo
3700 1775 3773 1829 in-

2157 1869 2412 1941 stigante,
2466 1867 2766 1925 interfecit.
2813 1866 2919 1924 Res
2969 1862 3192 1938 quidem
3225 1862 3285 1918 in
3310 1862 3520 1919 effectu
3547 1863 3774 1919 evidens

2156 1966 2291 2026 erat,
2310 1957 2406 2014 sed
2435 1965 2703 2029 quantum
2724 1956 2861 2014 Cain
2884 1961 3034 2011 ratus
3052 1953 3229 2010 fuerat
3252 1952 3360 2025 (7),
3388 1952 3515 2009 sine
3547 1953 3772 2009 conscio

2157 2049 2401 2107 admissa
2429 2048 2650 2105 latebat.
2673 2048 2747 2104 Et
2765 2045 3019 2104 credebat
3037 2041 3458 2100 crudelissimus
3473 2040 3769 2096 hominum

2156 2138 2275 2195 sine
2304 2145 2441 2195 teste
2469 2137 2681 2193 aditum
2711 2135 2936 2194 crimini
2983 2149 3099 2190 non
3138 2130 3322 2199 fateri,
3367 2148 3517 2201 cum,
3549 2130 3624 2186 ob
3671 2130 3770 2186 hoc

2156 2226 2334 2298 ipsum
2367 2226 2579 2283 crimen
2606 2229 2948 2297 agnosceret,
2979 2220 3128 2295 quod
3156 2219 3439 2276 occultare
3485 2218 3764 2291 cupiebat.

2155 2316 2259 2373 Sed
2294 2332 2419 2373 ecce
2444 2332 2629 2372 rerum
2669 2314 2962 2382 Dominus,
2989 2312 3079 2368 cui
3127 2308 3405 2384 quidquid
3434 2309 3762 2367 absconsum

2156 2413 2397 2479 putatur,
2430 2405 2490 2461 in
2542 2412 2803 2478 promptu
2830 2410 2933 2472 est,
2964 2410 3020 2458 et
3045 2416 3209 2474 quem
3239 2416 3351 2455 non
3384 2406 3575 2471 potest
3604 2400 3765 2455 latere

2156 2496 2303 2568 quod
2330 2495 2389 2551 in
2419 2495 2819 2567 cogitationum
2849 2490 3082 2549 occultis
3108 2489 3313 2561 agitur,
3338 2488 3634 2560 Scriptura
3672 2488 3758 2544 di-

2155 2594 2311 2642 cente
2340 2602 2351 2640 :
2405 2608 2423 2633 ι
2467 2584 2742 2657 Cogitatio
2773 2581 3016 2639 hominis
3050 2578 3413 2637 conﬁtebitur
3444 2578 3551 2633 tibi
3588 2579 3752 2650 (Pml.

2155 2692 2329 2740 Lxxv,
2363 2674 2489 2745 li);
2519 2681 2609 2729 »ει
2632 2674 2837 2729 iterum
2873 2688 2885 2725 :
2930 2695 2949 2718 ι
2978 2669 3367 2742 Imperfectum
3398 2684 3592 2723 meum
3620 2666 3757 2722 vide-

2155 2773 2285 2820 runt
2315 2764 2463 2820 oculi
2494 2763 2599 2830 tui,
2622 2770 2678 2819 et
2696 2763 2755 2818 in
2775 2761 2916 2818 libro
2929 2769 3026 2817 tuo
3042 2776 3235 2816 omnes
3262 2758 3750 2829 scribentur(Psal.

2155 2870 2428 2921 cxxxvm,
2480 2853 2611 2925 l6);
2663 2878 2682 2901 ι
2735 2860 2788 2909 et
2834 2852 3037 2908 iterum
3073 2866 3086 2905 :
3139 2875 3159 2899 ‹
3188 2849 3457 2906 Scrutans
3497 2848 3675 2905 corda
3707 2855 3755 2903 et

2154 2958 2311 2999 renes
2339 2944 2486 2999 Deus
2531 2944 2705 3015 (Psal.
2740 2959 2844 3010 vn,
2877 2941 3004 3011 10);
3040 2966 3057 2989 -
3104 2940 3253 2997 unde
3294 2940 3443 2996 idem
3492 2939 3754 3012 propheta

2153 3032 2330 3089 David
2362 3048 2373 3086 :
2420 3055 2439 3080 ‹
2486 3032 2878 3105 Cogitationes,
2910 3030 3113 3104 inquit,
3144 3045 3293 3085 meas
3320 3030 3539 3101 alonge
3569 3027 3755 3083 vidisti

2157 3123 2330 3193 (Psal.
2365 3137 2640 3190 cxxxvm,
2672 3121 2755 3194 3),
2783 3146 2802 3170 ι
2860 3118 3191 3192 parricidam
3233 3135 3370 3176 voce
3413 3116 3754 3189 indignantis

2151 3212 2409 3283 appellat.
2443 3212 2515 3267 Et
2562 3211 2740 3269 sciens
2781 3209 2980 3266 ferocis
3025 3208 3157 3266 facti
3201 3216 3448 3265 atrocem
3496 3206 3753 3279 spiritum

2150 3317 2311 3374 quem
2340 3308 2599 3373 gesserat,
2642 3308 3008 3373 negaturum;
3060 3307 3124 3355 ut
3176 3306 3391 3354 reatum
3446 3297 3755 3354 cumularet

2148 3388 2307 3460 impii
2337 3389 2643 3461 parricida,
2696 3388 2924 3445 simulat
2965 3403 3023 3443 se
3058 3385 3233 3443 veluti
3267 3383 3421 3457 quod
3450 3383 3751 3440 admissum

2149 3477 2347 3547 fuerat,
2400 3478 2672 3551 ignorare.
2718 3502 2739 3525 ι
2777 3478 2850 3534 Ει
2895 3476 3059 3545 dixit,
3108 3475 3315 3548 inquit,
3367 3473 3653 3531 Dominus
3690 3471 3752 3529 ad

2148 3568 2323 3626 Cain:
2353 3568 2457 3625 Ubi
2490 3576 2574 3626 est
2615 3569 2755 3626 Abel
2806 3568 2974 3624 frater
3014 3573 3146 3623 tuus
3174 3566 3204 3622 ‘I
3245 3565 3320 3621 Et
3363 3564 3518 3621 dixit
3564 3563 3701 3622 Cain
3735 3576 3746 3615 :

2144 3657 2359 3726 Nescio,
2399 3657 2674 3732 numquid
2713 3666 2900 3716 custos
2944 3656 3134 3713 fratris
3161 3654 3272 3712 mei
3299 3671 3427 3711 sum
3459 3670 3563 3727 ego
3597 3654 3745 3726 (Gen.

2144 3766 2227 3815 1v,
2268 3749 2376 3822 9)?
2422 3774 2440 3797 ι
2484 3749 2530 3806 Ο
2579 3748 2853 3806 insaniam
2897 3745 3321 3805 detestabilem!
3379 3761 3416 3801 ο
3455 3743 3739 3800 audaciam

2144 3839 2477 3912 singularem
2502 3838 2516 3895 i
2555 3840 2727 3897 Fidus
2755 3846 2937 3912 negat,
2973 3836 3120 3912 quod
3145 3836 3266 3893 sine
3293 3843 3435 3893 teste
3463 3835 3743 3891 commise-

2143 3939 2227 3988 rat
2258 3949 2270 3988 :
2300 3939 2354 3988 et
2382 3931 2619 3990 credidit
2650 3932 2769 3989 sine
2795 3930 3017 3988 conscio
3051 3928 3260 3986 crimen
3305 3925 3588 4000 publicari
3639 3939 3742 3981 non

2142 4037 2319 4094 posse,
2352 4036 2481 4078 cum
2512 4022 2635 4094 ipso
2672 4022 2895 4095 negotio
2926 4020 3008 4093 (8)
3041 4026 3258 4076 reatum
3288 4017 3467 4089 magis
3491 4016 3741 4090 proderet

2139 4107 2512 4167 conscientia.
2560 4110 2707 4178 Quid
2747 4110 2881 4184 agis,
2924 4109 3064 4169 Cain
3097 4106 3348 4164 infelix?
3395 4105 3522 4163 Non
3578 4103 3740 4161 habes

2139 4199 2317 4256 ullum
2372 4199 2655 4258 hominem
2709 4209 2945 4258 testem:
3000 4216 3124 4258 ecce
3156 4200 3327 4257 habes
3354 4199 3598 4256 effusum
3626 4214 3737 4254 san-

2139 4290 2359 4361 guinem
2411 4290 2748 4362 proditorem
2794 4310 2806 4348 :
2851 4292 2967 4364 ipse
3008 4300 3066 4347 te
3110 4289 3363 4363 publicat
3406 4296 3463 4345 et
3500 4293 3735 4344 accusat.

2137 4379 2264 4438 Vox
2294 4382 2413 4453 ejus
2441 4380 2732 4437 adversum
2757 4387 2813 4439 te
2833 4380 3149 4455 interpellat
3173 4383 3501 4449 Auctorem,
3529 4386 3589 4434 et
3609 4376 3737 4433 facit

441 4497 461 4523 ι
497 4472 619 4541 Quo
666 4472 777 4542 ibo,
829 4472 1033 4545 inquit,
1081 4488 1113 4528 a
1158 4473 1370 4545 Spiritu
1413 4480 1531 4541 tuo,
1581 4481 1635 4528 et
1682 4491 1714 4530 a
1760 4475 1899 4532 facie
1933 4485 2028 4533 tua
2054 4540 2093 4547 _
2134 4488 2300 4530 cruor
2354 4474 2589 4535 diffusus
2643 4476 2953 4545 invidiam;
3011 4492 3081 4533 ne
3140 4477 3405 4533 latentem
3455 4479 3734 4547 praetereat

426 4580 536 4637 quo
564 4540 770 4636 fugiam
793 4562 823 4619 ?
869 4540 926 4618 Si
957 4540 1251 4619 escendero
1281 4562 1340 4618 in
1371 4540 1593 4633 coelum,
1620 4570 1683 4618 tu
1720 4562 1799 4618 ibi
1846 4581 1903 4620 es
1931 4583 1943 4622 :
1977 4566 2023 4621 si
2054 4540 2103 4601 Ῑ)
2133 4564 2272 4621 ultio
2310 4568 2660 4637 parricidam.
2700 4592 2719 4616 ι
2747 4567 2916 4637 Quid,
2938 4540 3151 4641 inquit,
3201 4564 3426 4622 fecisti?
3629 4579 3732 4618 vox

424 4653 755 4710 descendero
807 4652 865 4708 in
914 4650 1140 4721 inferos,
1171 4657 1237 4707 tu
1285 4650 1363 4707 ibi
1409 4650 1614 4707 venies.
1665 4651 1723 4707 Si
1766 4666 2019 4726 recepero

422 4758 629 4815 pennas
666 4758 818 4798 meas
862 4740 1119 4810 directas,
1167 4750 1230 4798 ut
1277 4740 1579 4799 inhabitem
1629 4742 1687 4798 in
1714 4744 2018 4802 novissimo

2129 4655 2413 4726 sanguinis
2436 4656 2622 4714 fratris
2661 4658 2741 4714 tui
2790 4658 2991 4715 clamat
3028 4655 3097 4712 ad
3143 4670 3233 4711 me
3272 4653 3340 4711 de
3384 4661 3530 4709 terra
3570 4651 3727 4724 (Ibid.

2128 4741 2241 4815 10).
2271 4770 2290 4793 ι
2334 4746 2541 4803 Verum
2571 4746 2669 4803 ubi
2720 4747 2994 4820 parricida
3023 4745 3198 4803 sensit
3243 4743 3553 4818 proditum,
3588 4739 3733 4815 quod

422 4832 626 4901 maris;
673 4832 876 4888 etenim
927 4832 1064 4888 illuc
1110 4848 1305 4889 manus
1345 4839 1460 4902 tua,
1500 4832 1755 4903 Domine,
1786 4833 2019 4892 deducet
2126 4834 2350 4906 putabat
2379 4837 2685 4906 occultum,
2725 4844 2779 4893 et
2821 4836 3087 4910 sanguine
3111 4842 3251 4891 teste
3276 4834 3594 4900 convictus,
3622 4830 3729 4886 fru-

422 4939 531 4991 me,
563 4929 617 4978 et
651 4922 960 4979 continebit
998 4938 1086 4979 me
1123 4922 1351 4980 dextera
1388 4931 1483 4980 tua
1533 4923 1705 4995 (Psal.
1738 4941 2013 4996 cxxxvm,

421 5019 611 5092 7-10).
644 5043 662 5067 ι
709 5021 935 5077 Frustra
963 5035 1090 5092 ergo
1118 5020 1262 5077 dicis
1282 5037 1391 5076 non
1415 5020 1615 5077 habere
1634 5028 1688 5078 te
1707 5022 2012 5093 conscium,

2125 4931 2234 4980 stra
2276 4925 2504 4982 ﬁnxisse
2566 4933 2919 4984 contumaces
2949 4925 3201 4994 insidias,
3242 4923 3461 4981 facinus
3509 4920 3726 4978 conﬁte-

2122 5022 2243 5071 tur:
2268 5022 2492 5089 exoptat
2519 5016 2580 5071 in
2604 5033 2659 5074 se
2679 5017 2860 5074 acrius
2888 5016 3081 5074 dictari
3096 5014 3401 5087 judicium,
3417 5028 3549 5070 cum
3570 5025 3725 5067 excu-

420 5126 547 5167 cum
576 5109 767 5166 audias
794 5111 968 5166 Deum
995 5116 1173 5166 totum
1214 5110 1438 5184 ubique,
1470 5117 1525 5166 et
1548 5126 1645 5183 per
1673 5112 1860 5169 omnia
1887 5128 2016 5168 ma—
2121 5119 2242 5161 sare
2268 5121 2379 5161 non
2395 5113 2576 5178 posset
2590 5106 2929 5163 conscientia
2942 5104 3305 5179 parricidium
3328 5109 3718 5176 perpetratum.

408 5197 627 5272 jestatis
682 5215 794 5256 sua
849 5198 1154 5255 ambitione
1206 5199 1493 5270 diffusum,
1544 5200 1635 5258 cui
1694 5201 1767 5257 sit
1819 5210 2010 5258 notum
2122 5192 2228 5250 Sed
2256 5193 2512 5252 differtur
2537 5195 2761 5253 interim
2807 5194 3050 5252 severior
3103 5209 3286 5267 poena,
3325 5199 3392 5248 ut
3422 5192 3569 5248 tanti
3600 5189 3722 5247 Ῑὸετὶ·

488 5392 570 5476 (6)
607 5392 756 5476 Qill._
786 5404 842 5476 et
878 5393 1025 5476 _cod._
1053 5392 1241 5476 Sorb,
1265 5394 1375 5476 qui
1407 5400 1544 5476 totus
1585 5401 1659 5476 est
1684 5396 1936 5476 occultus,
1964 5401 2013 5451 et

286 5465 309 5487 ⁴
412 5463 513 5520 erit
537 5463 597 5520 in
625 5463 785 5534 factis
812 5466 937 5531 tuis,
969 5472 1029 5519 ut
1060 5471 1118 5519 tu
1155 5463 1463 5534 arbitraris,
1494 5467 1749 5533 occultus;
1783 5469 1841 5522 in
1870 5482 2010 5522 mar-

2195 5398 2277 5471 (7)
2306 5398 2482 5466 Edit.,
2508 5413 2641 5471 sunt
2684 5401 2838 5452 ratus
2879 5394 3302 5471 fueratinﬁem.
3353 5391 3557 5471 codex,
3593 5390 3717 5471 Cain

2118 5462 2272 5523 ratus
2301 5462 2522 5540 fuerat?
2552 5468 2699 5523 Infra
2726 5462 2888 5540 vero:
2903 5466 3001 5523 ubi
3052 5466 3184 5540 Gill.
3214 5481 3359 5540 cum
3408 5465 3569 5540 Rem.
3599 5462 3713 5522 md.

413 5534 539 5620 gine
567 5546 750 5593 autem
777 5554 806 5592 e
836 5538 1058 5620 regione
1087 5536 1286 5617 prioris
1310 5538 1541 5620 occultus
1570 5538 1748 5620 ponit,
1779 5538 2012 5620 fortasse
2121 5534 2388 5620 etnSorb”
2423 5538 2895 5620 editumfrimini.
2915 5554 3030 5620 neat
3060 5536 3242 5609 fateri,
3272 5536 3411 5593 edit.
3446 5537 3612 5593 Rom.
3652 5547 3713 5591 ex

413 5607 618 5679 oculus,
642 5622 807 5679 quam
841 5607 1211 5679 conjecturam
1240 5607 1299 5662 in
1338 5614 1552 5679 textum
1572 5607 1820 5679 'admisit
1847 5611 2006 5667 Rom.

414 5674 549 5734 edit.
574 5674 748 5735 Nobis
775 5693 906 5734 vero
932 5674 1117 5749 potior
1146 5678 1270 5735 visa
1294 5685 1375 5736 est
1403 5678 1567 5738 lectio
1592 5678 1748 5738 Rem.
1777 5695 1881 5739 ms.

2123 5610 2267 5684 Gill.,
2291 5610 2787 5684 margine,gaditum
2814 5609 3044 5684 cri_mz'm'_

3187 5615 3374 5681 Ραίενξ

2196 5683 2279 5756 (8)
2310 5677 2469 5742 Rom.
2491 5677 2625 5742 edit.
2639 5699 2710 5741 ex
2734 5682 2980 5755 margine
3003 5680 3162 5753 Gill.,
3187 5677 3315 5738 eum
3341 5680 3467 5753 ipsa
3492 5677 3713 5754 negatio.
