  <div class='ocr_page' id='page_1' title='image "/cluster/home/n/w/nwhite01/storage/ocr_20150623/17/uva.x000826553/541.png"; bbox 0 0 3902 6198; ppageno 0'>
   <div class='ocr_carea' id='block_1_1' title="bbox 458 375 597 434">
    <p class='ocr_par' dir='ltr' id='par_1_1' title="bbox 458 375 597 434">
     <span class='ocr_line' id='line_1_1' title="bbox 458 375 597 434; baseline 0.014 -2"><span class='ocrx_word' id='word_1_1' title='bbox 458 375 597 434; x_wconf 84' lang='grc'>1067</span> 
     </span>
    </p>
   </div>
   <div class='ocr_carea' id='block_1_2' title="bbox 1485 318 2743 424">
    <p class='ocr_par' dir='ltr' id='par_1_2' title="bbox 1485 318 2743 424">
     <span class='ocr_line' id='line_1_2' title="bbox 1485 318 2743 424; baseline -0.006 0"><span class='ocrx_word' id='word_1_2' title='bbox 1485 370 1582 424; x_wconf 84' lang='grc' dir='ltr'>ΑΙ)</span> <span class='ocrx_word' id='word_1_3' title='bbox 1620 318 1854 424; x_wconf 75' lang='grc' dir='ltr'>ΟΙἚΒΑ</span> <span class='ocrx_word' id='word_1_4' title='bbox 1891 365 1948 424; x_wconf 92' lang='lat' dir='ltr'>S.</span> <span class='ocrx_word' id='word_1_5' title='bbox 1991 362 2324 422; x_wconf 83' lang='lat' dir='ltr'>AMBROSII</span> <span class='ocrx_word' id='word_1_6' title='bbox 2361 357 2743 417; x_wconf 81' lang='lat' dir='ltr'>APPENDIX.</span> 
     </span>
    </p>
   </div>
   <div class='ocr_carea' id='block_1_3' title="bbox 3658 352 3787 409">
    <p class='ocr_par' dir='ltr' id='par_1_3' title="bbox 3658 352 3787 409">
     <span class='ocr_line' id='line_1_3' title="bbox 3658 352 3787 409; baseline 0.008 -1"><span class='ocrx_word' id='word_1_7' title='bbox 3658 352 3787 409; x_wconf 76' lang='grc'>1068</span> 
     </span>
    </p>
   </div>
   <div class='ocr_carea' id='block_1_4' title="bbox 456 477 3787 574">
    <p class='ocr_par' dir='ltr' id='par_1_4' title="bbox 456 477 3787 574">
     <span class='ocr_line' id='line_1_4' title="bbox 456 477 3787 574; baseline -0.009 -13"><span class='ocrx_word' id='word_1_8' title='bbox 456 504 634 572; x_wconf 90' lang='lat' dir='ltr'>nium,</span> <span class='ocrx_word' id='word_1_9' title='bbox 682 501 742 558; x_wconf 92' lang='lat' dir='ltr'>in</span> <span class='ocrx_word' id='word_1_10' title='bbox 791 500 926 574; x_wconf 86' lang='lat' dir='ltr'>ipsis</span> <span class='ocrx_word' id='word_1_11' title='bbox 965 497 1288 572; x_wconf 84' lang='lat' dir='ltr'>corporibus</span> <span class='ocrx_word' id='word_1_12' title='bbox 1315 495 1528 552; x_wconf 89' lang='lat' dir='ltr'>animas</span> <span class='ocrx_word' id='word_1_13' title='bbox 1559 491 1893 550; x_wconf 77' lang='lat' dir='ltr'>humilitatis</span> <span class='ocrx_word' id='word_1_14' title='bbox 1939 490 2048 547; x_wconf 86' lang='lat' dir='ltr'>ﬂa-</span> <span class='ocrx_word' id='word_1_15' title='bbox 2077 493 2125 551; x_wconf 87' lang='lat' dir='ltr'><strong>A</strong></span> <span class='ocrx_word' id='word_1_16' title='bbox 2155 488 2363 544; x_wconf 90' lang='lat' dir='ltr'>nudare</span> <span class='ocrx_word' id='word_1_17' title='bbox 2404 493 2693 552; x_wconf 90' lang='lat' dir='ltr'>secretum,</span> <span class='ocrx_word' id='word_1_18' title='bbox 2742 490 2796 540; x_wconf 92' lang='lat' dir='ltr'>et</span> <span class='ocrx_word' id='word_1_19' title='bbox 2813 481 3070 574; x_wconf 74' lang='lat' dir='ltr'>facinora</span> <span class='ocrx_word' id='word_1_20' title='bbox 3102 478 3367 574; x_wconf 76' lang='lat' dir='ltr'>prodere</span> <span class='ocrx_word' id='word_1_21' title='bbox 3389 477 3787 574; x_wconf 61' lang='lat' dir='ltr'>conscientia,</span> 
     </span>
    </p>
   </div>
   <div class='ocr_carea' id='block_1_5' title="bbox 457 581 2058 668">
    <p class='ocr_par' dir='ltr' id='par_1_5' title="bbox 457 581 2058 668">
     <span class='ocr_line' id='line_1_5' title="bbox 457 581 2058 668; baseline -0.01 -18"><span class='ocrx_word' id='word_1_22' title='bbox 457 593 598 668; x_wconf 86' lang='lat' dir='ltr'>gello</span> <span class='ocrx_word' id='word_1_23' title='bbox 638 590 905 662; x_wconf 81' lang='lat' dir='ltr'>castigant</span> <span class='ocrx_word' id='word_1_24' title='bbox 936 607 950 656; x_wconf 90' lang='lat'><strong>;</strong></span> <span class='ocrx_word' id='word_1_25' title='bbox 985 586 1228 643; x_wconf 90' lang='lat' dir='ltr'>induunt</span> <span class='ocrx_word' id='word_1_26' title='bbox 1267 601 1368 656; x_wconf 90' lang='lat' dir='ltr'>pro</span> <span class='ocrx_word' id='word_1_27' title='bbox 1395 591 1546 639; x_wconf 86' lang='lat' dir='ltr'>veste</span> <span class='ocrx_word' id='word_1_28' title='bbox 1575 581 1848 649; x_wconf 87' lang='lat' dir='ltr'>cilicium,</span> <span class='ocrx_word' id='word_1_29' title='bbox 1875 587 1928 635; x_wconf 91' lang='lat' dir='ltr'>et</span> <span class='ocrx_word' id='word_1_30' title='bbox 1959 595 2058 652; x_wconf 89' lang='lat' dir='ltr'>pro</span> 
     </span>
    </p>
   </div>
   <div class='ocr_carea' id='block_1_6' title="bbox 457 672 2060 760">
    <p class='ocr_par' dir='ltr' id='par_1_6' title="bbox 457 672 2060 760">
     <span class='ocr_line' id='line_1_6' title="bbox 457 672 2060 760; baseline -0.011 -16"><span class='ocrx_word' id='word_1_31' title='bbox 457 684 754 760; x_wconf 78' lang='lat' dir='ltr'>unguentis</span> <span class='ocrx_word' id='word_1_32' title='bbox 781 682 965 739; x_wconf 91' lang='lat' dir='ltr'>cinere</span> <span class='ocrx_word' id='word_1_33' title='bbox 1013 695 1068 734; x_wconf 91' lang='lat' dir='ltr'>se</span> <span class='ocrx_word' id='word_1_34' title='bbox 1115 685 1430 749; x_wconf 81' lang='lat' dir='ltr'>aspergunt,</span> <span class='ocrx_word' id='word_1_35' title='bbox 1481 693 1545 732; x_wconf 91' lang='lat' dir='ltr'>ac</span> <span class='ocrx_word' id='word_1_36' title='bbox 1591 673 1848 748; x_wconf 83' lang='lat' dir='ltr'>prostrati</span> <span class='ocrx_word' id='word_1_37' title='bbox 1888 672 2060 727; x_wconf 90' lang='lat' dir='ltr'>humo</span> 
     </span>
    </p>
   </div>
   <div class='ocr_carea' id='block_1_7' title="bbox 457 763 2060 850">
    <p class='ocr_par' dir='ltr' id='par_1_7' title="bbox 457 763 2060 850">
     <span class='ocr_line' id='line_1_7' title="bbox 457 763 2060 850; baseline -0.011 -18"><span class='ocrx_word' id='word_1_38' title='bbox 457 777 741 850; x_wconf 87' lang='lat' dir='ltr'>pulverem</span> <span class='ocrx_word' id='word_1_39' title='bbox 770 770 1042 826; x_wconf 90' lang='lat' dir='ltr'>lambunt.</span> <span class='ocrx_word' id='word_1_40' title='bbox 1066 768 1296 822; x_wconf 89' lang='lat' dir='ltr'>Mortem</span> <span class='ocrx_word' id='word_1_41' title='bbox 1319 782 1474 822; x_wconf 87' lang='lat' dir='ltr'>suam</span> <span class='ocrx_word' id='word_1_42' title='bbox 1499 763 1760 837; x_wconf 85' lang='lat' dir='ltr'>lacrymis</span> <span class='ocrx_word' id='word_1_43' title='bbox 1781 763 2060 832; x_wconf 88' lang='lat' dir='ltr'>funerant,</span> 
     </span>
    </p>
   </div>
   <div class='ocr_carea' id='block_1_8' title="bbox 458 857 2062 934">
    <p class='ocr_par' dir='ltr' id='par_1_8' title="bbox 458 857 2062 934">
     <span class='ocr_line' id='line_1_8' title="bbox 458 857 2062 934; baseline -0.01 -12"><span class='ocrx_word' id='word_1_44' title='bbox 458 873 513 922; x_wconf 89' lang='lat' dir='ltr'>et</span> <span class='ocrx_word' id='word_1_45' title='bbox 537 865 707 920; x_wconf 89' lang='lat' dir='ltr'>vitam</span> <span class='ocrx_word' id='word_1_46' title='bbox 740 857 1134 934; x_wconf 87' lang='lat' dir='ltr'>plangimoniis</span> <span class='ocrx_word' id='word_1_47' title='bbox 1176 865 1583 929; x_wconf 89' lang='lat' dir='ltr'>prosequuntur</span> <span class='ocrx_word' id='word_1_48' title='bbox 1614 874 1625 910; x_wconf 92' lang='lat'><strong>:</strong></span> <span class='ocrx_word' id='word_1_49' title='bbox 1661 863 1867 910; x_wconf 85' lang='lat' dir='ltr'>reatum</span> <span class='ocrx_word' id='word_1_50' title='bbox 1899 868 2062 908; x_wconf 90' lang='lat' dir='ltr'>suum</span> 
     </span>
    </p>
   </div>
   <div class='ocr_carea' id='block_1_9' title="bbox 460 941 2064 1028">
    <p class='ocr_par' dir='ltr' id='par_1_9' title="bbox 460 941 2064 1028">
     <span class='ocr_line' id='line_1_9' title="bbox 460 941 2064 1028; baseline -0.009 -18"><span class='ocrx_word' id='word_1_51' title='bbox 460 953 755 1028; x_wconf 80' lang='lat' dir='ltr'>gemitibus</span> <span class='ocrx_word' id='word_1_52' title='bbox 800 948 1108 1023; x_wconf 82' lang='lat' dir='ltr'>publicant,</span> <span class='ocrx_word' id='word_1_53' title='bbox 1159 953 1212 1002; x_wconf 89' lang='lat' dir='ltr'>et</span> <span class='ocrx_word' id='word_1_54' title='bbox 1255 953 1478 1003; x_wconf 86' lang='lat' dir='ltr'>actuum</span> <span class='ocrx_word' id='word_1_55' title='bbox 1537 960 1763 1001; x_wconf 91' lang='lat' dir='ltr'>suorum</span> <span class='ocrx_word' id='word_1_56' title='bbox 1813 941 2064 1015; x_wconf 85' lang='lat' dir='ltr'>pandunt</span> 
     </span>
    </p>
   </div>
   <div class='ocr_carea' id='block_1_10' title="bbox 461 1031 2064 1102">
    <p class='ocr_par' dir='ltr' id='par_1_10' title="bbox 461 1031 2064 1102">
     <span class='ocr_line' id='line_1_10' title="bbox 461 1031 2064 1102; baseline -0.011 0"><span class='ocrx_word' id='word_1_57' title='bbox 461 1059 659 1102; x_wconf 87' lang='lat' dir='ltr'>arcana</span> <span class='ocrx_word' id='word_1_58' title='bbox 705 1038 969 1096; x_wconf 84' lang='lat' dir='ltr'>facinora.</span> <span class='ocrx_word' id='word_1_59' title='bbox 1017 1035 1211 1093; x_wconf 91' lang='lat' dir='ltr'>Omnis</span> <span class='ocrx_word' id='word_1_60' title='bbox 1259 1042 1390 1090; x_wconf 86' lang='lat' dir='ltr'>atas</span> <span class='ocrx_word' id='word_1_61' title='bbox 1445 1041 1498 1090; x_wconf 88' lang='lat' dir='ltr'>et</span> <span class='ocrx_word' id='word_1_62' title='bbox 1554 1051 1720 1090; x_wconf 87' lang='lat' dir='ltr'>sexus</span> <span class='ocrx_word' id='word_1_63' title='bbox 1768 1031 2064 1088; x_wconf 89' lang='lat' dir='ltr'>indiscrete</span> 
     </span>
    </p>
   </div>
   <div class='ocr_carea' id='block_1_11' title="bbox 463 1121 2065 1205">
    <p class='ocr_par' dir='ltr' id='par_1_11' title="bbox 463 1121 2065 1205">
     <span class='ocr_line' id='line_1_11' title="bbox 463 1121 2065 1205; baseline -0.009 -16"><span class='ocrx_word' id='word_1_64' title='bbox 463 1129 790 1205; x_wconf 81' lang='lat' dir='ltr'>lugubribus</span> <span class='ocrx_word' id='word_1_65' title='bbox 819 1145 875 1185; x_wconf 90' lang='lat' dir='ltr'>se</span> <span class='ocrx_word' id='word_1_66' title='bbox 893 1133 1044 1200; x_wconf 89' lang='lat' dir='ltr'>aptat</span> <span class='ocrx_word' id='word_1_67' title='bbox 1069 1124 1264 1182; x_wconf 84' lang='lat' dir='ltr'>oﬂiciis</span> <span class='ocrx_word' id='word_1_68' title='bbox 1296 1142 1307 1180; x_wconf 91' lang='lat'><strong>:</strong></span> <span class='ocrx_word' id='word_1_69' title='bbox 1344 1123 1625 1196; x_wconf 88' lang='lat' dir='ltr'>depositus</span> <span class='ocrx_word' id='word_1_70' title='bbox 1649 1122 1831 1178; x_wconf 89' lang='lat' dir='ltr'>omnis</span> <span class='ocrx_word' id='word_1_71' title='bbox 1859 1121 2065 1193; x_wconf 78' lang='lat' dir='ltr'>cultus,</span> 
     </span>
    </p>
   </div>
   <div class='ocr_carea' id='block_1_12' title="bbox 464 1209 2064 1295">
    <p class='ocr_par' dir='ltr' id='par_1_12' title="bbox 464 1209 2064 1295">
     <span class='ocr_line' id='line_1_12' title="bbox 464 1209 2064 1295; baseline -0.012 -16"><span class='ocrx_word' id='word_1_72' title='bbox 464 1220 710 1295; x_wconf 89' lang='lat' dir='ltr'>dejectus</span> <span class='ocrx_word' id='word_1_73' title='bbox 752 1226 978 1274; x_wconf 90' lang='lat' dir='ltr'>ornatus</span> <span class='ocrx_word' id='word_1_74' title='bbox 1027 1233 1038 1271; x_wconf 92' lang='lat'>:</span> <span class='ocrx_word' id='word_1_75' title='bbox 1090 1215 1184 1272; x_wconf 91' lang='lat' dir='ltr'>sed</span> <span class='ocrx_word' id='word_1_76' title='bbox 1234 1215 1394 1286; x_wconf 88' lang='lat' dir='ltr'>plane</span> <span class='ocrx_word' id='word_1_77' title='bbox 1441 1213 1551 1269; x_wconf 91' lang='lat' dir='ltr'>illa</span> <span class='ocrx_word' id='word_1_78' title='bbox 1599 1211 1786 1269; x_wconf 88' lang='lat' dir='ltr'>sordes</span> <span class='ocrx_word' id='word_1_79' title='bbox 1819 1209 2064 1282; x_wconf 90' lang='lat' dir='ltr'>corporis</span> 
     </span>
    </p>
   </div>
   <div class='ocr_carea' id='block_1_13' title="bbox 467 1299 2067 1378">
    <p class='ocr_par' dir='ltr' id='par_1_13' title="bbox 467 1299 2067 1378">
     <span class='ocr_line' id='line_1_13' title="bbox 467 1299 2067 1378; baseline -0.009 -9"><span class='ocrx_word' id='word_1_80' title='bbox 467 1318 788 1369; x_wconf 87' lang='lat' dir='ltr'>ornamenta</span> <span class='ocrx_word' id='word_1_81' title='bbox 818 1307 1042 1364; x_wconf 91' lang='lat' dir='ltr'>fuerunt</span> <span class='ocrx_word' id='word_1_82' title='bbox 1087 1305 1443 1378; x_wconf 80' lang='lat' dir='ltr'>pcnnitentia,</span> <span class='ocrx_word' id='word_1_83' title='bbox 1485 1312 1540 1360; x_wconf 91' lang='lat' dir='ltr'>et</span> <span class='ocrx_word' id='word_1_84' title='bbox 1571 1303 1750 1358; x_wconf 88' lang='lat' dir='ltr'>virtus</span> <span class='ocrx_word' id='word_1_85' title='bbox 1788 1299 2067 1356; x_wconf 87' lang='lat' dir='ltr'>habitudi-</span> 
     </span>
    </p>
   </div>
   <div class='ocr_carea' id='block_1_14' title="bbox 466 1392 2069 1463">
    <p class='ocr_par' dir='ltr' id='par_1_14' title="bbox 466 1392 2069 1463">
     <span class='ocr_line' id='line_1_14' title="bbox 466 1392 2069 1463; baseline -0.008 -6"><span class='ocrx_word' id='word_1_86' title='bbox 466 1401 556 1458; x_wconf 90' lang='lat' dir='ltr'>nis</span> <span class='ocrx_word' id='word_1_87' title='bbox 584 1414 863 1456; x_wconf 90' lang='lat' dir='ltr'>summum</span> <span class='ocrx_word' id='word_1_88' title='bbox 909 1397 1016 1452; x_wconf 89' lang='lat' dir='ltr'>fuit</span> <span class='ocrx_word' id='word_1_89' title='bbox 1056 1394 1222 1451; x_wconf 89' lang='lat' dir='ltr'>decus</span> <span class='ocrx_word' id='word_1_90' title='bbox 1260 1393 1641 1450; x_wconf 84' lang='lat' dir='ltr'>confessionis.</span> <span class='ocrx_word' id='word_1_91' title='bbox 1690 1392 1892 1463; x_wconf 80' lang='lat' dir='ltr'>Negata</span> <span class='ocrx_word' id='word_1_92' title='bbox 1922 1406 2069 1463; x_wconf 89' lang='lat' dir='ltr'>quo-</span> 
     </span>
    </p>
   </div>
   <div class='ocr_carea' id='block_1_15' title="bbox 469 1483 2069 1565">
    <p class='ocr_par' dir='ltr' id='par_1_15' title="bbox 469 1483 2069 1565">
     <span class='ocr_line' id='line_1_15' title="bbox 469 1483 2069 1565; baseline -0.008 -18"><span class='ocrx_word' id='word_1_93' title='bbox 469 1505 574 1565; x_wconf 91' lang='lat' dir='ltr'>que</span> <span class='ocrx_word' id='word_1_94' title='bbox 613 1494 742 1544; x_wconf 91' lang='lat' dir='ltr'>sunt</span> <span class='ocrx_word' id='word_1_95' title='bbox 783 1485 916 1558; x_wconf 89' lang='lat' dir='ltr'>ipsis</span> <span class='ocrx_word' id='word_1_96' title='bbox 953 1484 1216 1540; x_wconf 86' lang='lat' dir='ltr'>alimenta</span> <span class='ocrx_word' id='word_1_97' title='bbox 1261 1483 1612 1551; x_wconf 82' lang='lat' dir='ltr'>lactentibus,</span> <span class='ocrx_word' id='word_1_98' title='bbox 1663 1489 1716 1538; x_wconf 89' lang='lat' dir='ltr'>et</span> <span class='ocrx_word' id='word_1_99' title='bbox 1763 1490 1894 1536; x_wconf 80' lang='lat' dir='ltr'>atas</span> <span class='ocrx_word' id='word_1_100' title='bbox 1948 1495 2069 1536; x_wconf 89' lang='lat' dir='ltr'>nec-</span> 
     </span>
    </p>
   </div>
   <div class='ocr_carea' id='block_1_16' title="bbox 470 1571 2067 1652">
    <p class='ocr_par' dir='ltr' id='par_1_16' title="bbox 470 1571 2067 1652">
     <span class='ocr_line' id='line_1_16' title="bbox 470 1571 2067 1652; baseline -0.008 -15"><span class='ocrx_word' id='word_1_101' title='bbox 470 1581 601 1637; x_wconf 90' lang='lat' dir='ltr'>dum</span> <span class='ocrx_word' id='word_1_102' title='bbox 633 1576 872 1652; x_wconf 86' lang='lat' dir='ltr'>propriis</span> <span class='ocrx_word' id='word_1_103' title='bbox 897 1574 1136 1649; x_wconf 87' lang='lat' dir='ltr'>peccatis</span> <span class='ocrx_word' id='word_1_104' title='bbox 1164 1573 1368 1630; x_wconf 85' lang='lat' dir='ltr'>infecta</span> <span class='ocrx_word' id='word_1_105' title='bbox 1388 1589 1553 1630; x_wconf 89' lang='lat' dir='ltr'>onera</span> <span class='ocrx_word' id='word_1_106' title='bbox 1576 1571 1841 1629; x_wconf 88' lang='lat' dir='ltr'>sustinuit</span> <span class='ocrx_word' id='word_1_107' title='bbox 1869 1571 2067 1626; x_wconf 89' lang='lat' dir='ltr'>aliena.</span> 
     </span>
    </p>
   </div>
   <div class='ocr_carea' id='block_1_17' title="bbox 471 1657 2073 1736">
    <p class='ocr_par' dir='ltr' id='par_1_17' title="bbox 471 1657 2073 1736">
     <span class='ocr_line' id='line_1_17' title="bbox 471 1657 2073 1736; baseline -0.01 -8"><span class='ocrx_word' id='word_1_108' title='bbox 471 1668 673 1728; x_wconf 87' lang='lat' dir='ltr'>Cibum</span> <span class='ocrx_word' id='word_1_109' title='bbox 716 1681 876 1722; x_wconf 89' lang='lat' dir='ltr'>suum</span> <span class='ocrx_word' id='word_1_110' title='bbox 922 1671 1138 1720; x_wconf 92' lang='lat' dir='ltr'>mutum</span> <span class='ocrx_word' id='word_1_111' title='bbox 1187 1679 1352 1736; x_wconf 90' lang='lat' dir='ltr'>pecus</span> <span class='ocrx_word' id='word_1_112' title='bbox 1400 1661 1653 1729; x_wconf 88' lang='lat' dir='ltr'>esurivit,</span> <span class='ocrx_word' id='word_1_113' title='bbox 1703 1668 1756 1716; x_wconf 91' lang='lat' dir='ltr'>et</span> <span class='ocrx_word' id='word_1_114' title='bbox 1801 1657 2073 1716; x_wconf 82' lang='lat' dir='ltr'>naturalia</span> 
     </span>
    </p>
   </div>
   <div class='ocr_carea' id='block_1_18' title="bbox 472 1749 2072 1833">
    <p class='ocr_par' dir='ltr' id='par_1_18' title="bbox 472 1749 2072 1833">
     <span class='ocr_line' id='line_1_18' title="bbox 472 1749 2072 1833; baseline -0.008 -17"><span class='ocrx_word' id='word_1_115' title='bbox 472 1758 672 1833; x_wconf 88' lang='lat' dir='ltr'>pabula</span> <span class='ocrx_word' id='word_1_116' title='bbox 699 1757 922 1814; x_wconf 91' lang='lat' dir='ltr'>brutum</span> <span class='ocrx_word' id='word_1_117' title='bbox 957 1754 1162 1811; x_wconf 88' lang='lat' dir='ltr'>animal</span> <span class='ocrx_word' id='word_1_118' title='bbox 1191 1770 1302 1809; x_wconf 90' lang='lat' dir='ltr'>non</span> <span class='ocrx_word' id='word_1_119' title='bbox 1322 1753 1550 1825; x_wconf 87' lang='lat' dir='ltr'>accepit.</span> <span class='ocrx_word' id='word_1_120' title='bbox 1577 1752 1727 1808; x_wconf 92' lang='lat' dir='ltr'>Unus</span> <span class='ocrx_word' id='word_1_121' title='bbox 1747 1749 2072 1806; x_wconf 88' lang='lat' dir='ltr'>audiebatur</span> 
     </span>
    </p>
   </div>
   <div class='ocr_carea' id='block_1_19' title="bbox 472 1841 2149 1923">
    <p class='ocr_par' dir='ltr' id='par_1_19' title="bbox 472 1841 2149 1923">
     <span class='ocr_line' id='line_1_19' title="bbox 472 1841 2149 1923; baseline -0.008 -18"><span class='ocrx_word' id='word_1_122' title='bbox 472 1865 568 1923; x_wconf 91' lang='lat' dir='ltr'>per</span> <span class='ocrx_word' id='word_1_123' title='bbox 598 1847 800 1903; x_wconf 76' lang='lat' dir='ltr'>mania</span> <span class='ocrx_word' id='word_1_124' title='bbox 824 1845 1073 1903; x_wconf 85' lang='lat' dir='ltr'>civitatis</span> <span class='ocrx_word' id='word_1_125' title='bbox 1103 1843 1338 1916; x_wconf 90' lang='lat' dir='ltr'>ejulatus</span> <span class='ocrx_word' id='word_1_126' title='bbox 1382 1841 1685 1914; x_wconf 89' lang='lat' dir='ltr'>disparium</span> <span class='ocrx_word' id='word_1_127' title='bbox 1726 1847 2069 1906; x_wconf 86' lang='lat' dir='ltr'>naturarum,</span> <span class='ocrx_word' id='word_1_128' title='bbox 2102 1862 2149 1923; x_wconf 83' lang='lat' dir='ltr'><strong>B</strong></span> 
     </span>
    </p>
   </div>
   <div class='ocr_carea' id='block_1_20' title="bbox 472 1931 2068 2016">
    <p class='ocr_par' dir='ltr' id='par_1_20' title="bbox 472 1931 2068 2016">
     <span class='ocr_line' id='line_1_20' title="bbox 472 1931 2068 2016; baseline -0.01 -17"><span class='ocrx_word' id='word_1_129' title='bbox 472 1952 527 2001; x_wconf 92' lang='lat' dir='ltr'>et</span> <span class='ocrx_word' id='word_1_130' title='bbox 558 1959 654 2016; x_wconf 92' lang='lat' dir='ltr'>per</span> <span class='ocrx_word' id='word_1_131' title='bbox 682 1938 872 1996; x_wconf 86' lang='lat' dir='ltr'>omnia</span> <span class='ocrx_word' id='word_1_132' title='bbox 900 1945 1045 1995; x_wconf 88' lang='lat' dir='ltr'>tecta</span> <span class='ocrx_word' id='word_1_133' title='bbox 1074 1937 1228 1993; x_wconf 88' lang='lat' dir='ltr'>urbis</span> <span class='ocrx_word' id='word_1_134' title='bbox 1258 1935 1467 1990; x_wconf 87' lang='lat' dir='ltr'>ﬂebilia</span> <span class='ocrx_word' id='word_1_135' title='bbox 1506 1931 1833 1988; x_wconf 84' lang='lat' dir='ltr'>resonabant</span> <span class='ocrx_word' id='word_1_136' title='bbox 1860 1931 2068 1985; x_wconf 86' lang='lat' dir='ltr'>lamen-</span> 
     </span>
    </p>
   </div>
   <div class='ocr_carea' id='block_1_21' title="bbox 472 2019 2069 2104">
    <p class='ocr_par' dir='ltr' id='par_1_21' title="bbox 472 2019 2069 2104">
     <span class='ocr_line' id='line_1_21' title="bbox 472 2019 2069 2104; baseline -0.01 -15"><span class='ocrx_word' id='word_1_137' title='bbox 472 2041 529 2089; x_wconf 87' lang='lat' dir='ltr'>ta</span> <span class='ocrx_word' id='word_1_138' title='bbox 561 2028 938 2104; x_wconf 86' lang='lat' dir='ltr'>plangentium</span> <span class='ocrx_word' id='word_1_139' title='bbox 971 2045 984 2094; x_wconf 89' lang='lat'><strong>;</strong></span> <span class='ocrx_word' id='word_1_140' title='bbox 1028 2035 1082 2082; x_wconf 93' lang='lat' dir='ltr'>et</span> <span class='ocrx_word' id='word_1_141' title='bbox 1122 2032 1185 2081; x_wconf 91' lang='lat' dir='ltr'>ut</span> <span class='ocrx_word' id='word_1_142' title='bbox 1223 2025 1392 2081; x_wconf 88' lang='lat' dir='ltr'>semel</span> <span class='ocrx_word' id='word_1_143' title='bbox 1431 2021 1692 2090; x_wconf 81' lang='lat' dir='ltr'>dixerim,</span> <span class='ocrx_word' id='word_1_144' title='bbox 1725 2027 1865 2076; x_wconf 88' lang='lat' dir='ltr'>terra</span> <span class='ocrx_word' id='word_1_145' title='bbox 1897 2019 2069 2090; x_wconf 87' lang='lat' dir='ltr'>mugi-</span> 
     </span>
    </p>
   </div>
   <div class='ocr_carea' id='block_1_22' title="bbox 471 2111 2071 2184">
    <p class='ocr_par' dir='ltr' id='par_1_22' title="bbox 471 2111 2071 2184">
     <span class='ocr_line' id='line_1_22' title="bbox 471 2111 2071 2184; baseline -0.008 -6"><span class='ocrx_word' id='word_1_146' title='bbox 471 2129 564 2180; x_wconf 86' lang='lat' dir='ltr'>tus</span> <span class='ocrx_word' id='word_1_147' title='bbox 609 2118 996 2178; x_wconf 89' lang='lat' dir='ltr'>conﬁtentium</span> <span class='ocrx_word' id='word_1_148' title='bbox 1035 2114 1362 2184; x_wconf 86' lang='lat' dir='ltr'>sustinebat,</span> <span class='ocrx_word' id='word_1_149' title='bbox 1399 2113 1491 2170; x_wconf 89' lang='lat' dir='ltr'>sed</span> <span class='ocrx_word' id='word_1_150' title='bbox 1536 2123 1589 2170; x_wconf 92' lang='lat' dir='ltr'>et</span> <span class='ocrx_word' id='word_1_151' title='bbox 1617 2121 1762 2169; x_wconf 89' lang='lat' dir='ltr'>astra</span> <span class='ocrx_word' id='word_1_152' title='bbox 1791 2111 1910 2184; x_wconf 89' lang='lat' dir='ltr'>ipsa</span> <span class='ocrx_word' id='word_1_153' title='bbox 1938 2125 2071 2167; x_wconf 90' lang='lat' dir='ltr'>voce</span> 
     </span>
    </p>
   </div>
   <div class='ocr_carea' id='block_1_23' title="bbox 473 2199 2070 2286">
    <p class='ocr_par' dir='ltr' id='par_1_23' title="bbox 473 2199 2070 2286">
     <span class='ocr_line' id='line_1_23' title="bbox 473 2199 2070 2286; baseline -0.008 -19"><span class='ocrx_word' id='word_1_154' title='bbox 473 2208 812 2286; x_wconf 72' lang='lat' dir='ltr'>pauitantia</span> <span class='ocrx_word' id='word_1_155' title='bbox 861 2205 1247 2278; x_wconf 87' lang='lat' dir='ltr'>personabant.</span> <span class='ocrx_word' id='word_1_156' title='bbox 1298 2204 1590 2276; x_wconf 88' lang='lat' dir='ltr'>Impletum</span> <span class='ocrx_word' id='word_1_157' title='bbox 1625 2209 1707 2258; x_wconf 91' lang='lat' dir='ltr'>est</span> <span class='ocrx_word' id='word_1_158' title='bbox 1752 2200 1900 2274; x_wconf 91' lang='lat' dir='ltr'>quod</span> <span class='ocrx_word' id='word_1_159' title='bbox 1941 2199 2070 2256; x_wconf 92' lang='lat' dir='ltr'>scri-</span> 
     </span>
    </p>
   </div>
   <div class='ocr_carea' id='block_1_24' title="bbox 475 2291 2074 2374">
    <p class='ocr_par' dir='ltr' id='par_1_24' title="bbox 475 2291 2074 2374">
     <span class='ocr_line' id='line_1_24' title="bbox 475 2291 2074 2374; baseline -0.006 -18"><span class='ocrx_word' id='word_1_160' title='bbox 475 2307 631 2374; x_wconf 84' lang='lat' dir='ltr'>ptum</span> <span class='ocrx_word' id='word_1_161' title='bbox 659 2304 740 2353; x_wconf 90' lang='lat' dir='ltr'>est</span> <span class='ocrx_word' id='word_1_162' title='bbox 772 2314 784 2353; x_wconf 91' lang='lat'>:</span> <span class='ocrx_word' id='word_1_163' title='bbox 833 2320 852 2343; x_wconf 76' lang='grc' dir='ltr'>ι</span> <span class='ocrx_word' id='word_1_164' title='bbox 879 2295 1067 2352; x_wconf 88' lang='lat' dir='ltr'>Oratio</span> <span class='ocrx_word' id='word_1_165' title='bbox 1093 2292 1445 2350; x_wconf 89' lang='lat' dir='ltr'>bumiliantis</span> <span class='ocrx_word' id='word_1_166' title='bbox 1474 2309 1530 2348; x_wconf 92' lang='lat' dir='ltr'>se</span> <span class='ocrx_word' id='word_1_167' title='bbox 1559 2292 1733 2348; x_wconf 90' lang='lat' dir='ltr'>nubes</span> <span class='ocrx_word' id='word_1_168' title='bbox 1765 2291 2074 2363; x_wconf 88' lang='lat' dir='ltr'>penetravit</span> 
     </span>
    </p>
   </div>
   <div class='ocr_carea' id='block_1_25' title="bbox 479 2380 2071 2464">
    <p class='ocr_par' dir='ltr' id='par_1_25' title="bbox 479 2380 2071 2464">
     <span class='ocr_line' id='line_1_25' title="bbox 479 2380 2071 2464; baseline -0.008 -17"><span class='ocrx_word' id='word_1_169' title='bbox 479 2389 671 2464; x_wconf 62' lang='lat' dir='ltr'>(Eucti.</span> <span class='ocrx_word' id='word_1_170' title='bbox 703 2403 882 2453; x_wconf 81' lang='lat' dir='ltr'>xxxv,</span> <span class='ocrx_word' id='word_1_171' title='bbox 913 2384 1029 2456; x_wconf 79' lang='lat' dir='ltr'>2i).</span> <span class='ocrx_word' id='word_1_172' title='bbox 1061 2409 1080 2432; x_wconf 75' lang='grc' dir='ltr'>ι</span> <span class='ocrx_word' id='word_1_173' title='bbox 1132 2383 1380 2456; x_wconf 89' lang='lat' dir='ltr'>Denique</span> <span class='ocrx_word' id='word_1_174' title='bbox 1411 2382 1490 2439; x_wconf 91' lang='lat' dir='ltr'>sic</span> <span class='ocrx_word' id='word_1_175' title='bbox 1531 2381 1771 2455; x_wconf 87' lang='lat' dir='ltr'>placavit</span> <span class='ocrx_word' id='word_1_176' title='bbox 1799 2380 2071 2436; x_wconf 81' lang='lat' dir='ltr'>offensum</span> 
     </span>
    </p>
   </div>
   <div class='ocr_carea' id='block_1_26' title="bbox 478 2469 2071 2546">
    <p class='ocr_par' dir='ltr' id='par_1_26' title="bbox 478 2469 2071 2546">
     <span class='ocr_line' id='line_1_26' title="bbox 478 2469 2071 2546; baseline -0.008 -9"><span class='ocrx_word' id='word_1_177' title='bbox 478 2481 675 2546; x_wconf 91' lang='lat' dir='ltr'>Deum,</span> <span class='ocrx_word' id='word_1_178' title='bbox 706 2476 786 2533; x_wconf 91' lang='lat' dir='ltr'>sic</span> <span class='ocrx_word' id='word_1_179' title='bbox 811 2473 999 2531; x_wconf 91' lang='lat' dir='ltr'>mitem</span> <span class='ocrx_word' id='word_1_180' title='bbox 1033 2472 1164 2530; x_wconf 89' lang='lat' dir='ltr'>fecit</span> <span class='ocrx_word' id='word_1_181' title='bbox 1186 2471 1448 2544; x_wconf 87' lang='lat' dir='ltr'>rigidum,</span> <span class='ocrx_word' id='word_1_182' title='bbox 1471 2471 1548 2527; x_wconf 91' lang='lat' dir='ltr'>sic</span> <span class='ocrx_word' id='word_1_183' title='bbox 1568 2470 1826 2526; x_wconf 90' lang='lat' dir='ltr'>demulsit</span> <span class='ocrx_word' id='word_1_184' title='bbox 1848 2469 2071 2538; x_wconf 89' lang='lat' dir='ltr'>iratum,</span> 
     </span>
    </p>
   </div>
   <div class='ocr_carea' id='block_1_27' title="bbox 478 2559 2072 2633">
    <p class='ocr_par' dir='ltr' id='par_1_27' title="bbox 478 2559 2072 2633">
     <span class='ocr_line' id='line_1_27' title="bbox 478 2559 2072 2633; baseline -0.006 -8"><span class='ocrx_word' id='word_1_185' title='bbox 478 2577 535 2626; x_wconf 90' lang='lat' dir='ltr'>et</span> <span class='ocrx_word' id='word_1_186' title='bbox 550 2581 869 2623; x_wconf 88' lang='lat' dir='ltr'>mucronem</span> <span class='ocrx_word' id='word_1_187' title='bbox 890 2562 1122 2619; x_wconf 86' lang='lat' dir='ltr'>ultionis</span> <span class='ocrx_word' id='word_1_188' title='bbox 1143 2561 1202 2617; x_wconf 92' lang='lat' dir='ltr'>in</span> <span class='ocrx_word' id='word_1_189' title='bbox 1227 2561 1386 2617; x_wconf 88' lang='lat' dir='ltr'>theca</span> <span class='ocrx_word' id='word_1_190' title='bbox 1407 2559 1722 2617; x_wconf 91' lang='lat' dir='ltr'>recondidit</span> <span class='ocrx_word' id='word_1_191' title='bbox 1755 2579 1766 2616; x_wconf 87' lang='lat'>:</span> <span class='ocrx_word' id='word_1_192' title='bbox 1799 2560 1929 2633; x_wconf 89' lang='lat' dir='ltr'>quia</span> <span class='ocrx_word' id='word_1_193' title='bbox 1948 2577 2072 2616; x_wconf 92' lang='lat' dir='ltr'>con-</span> 
     </span>
    </p>
   </div>
   <div class='ocr_carea' id='block_1_28' title="bbox 480 2649 2077 2726">
    <p class='ocr_par' dir='ltr' id='par_1_28' title="bbox 480 2649 2077 2726">
     <span class='ocr_line' id='line_1_28' title="bbox 480 2649 2077 2726; baseline -0.005 -11"><span class='ocrx_word' id='word_1_194' title='bbox 480 2657 712 2717; x_wconf 88' lang='lat' dir='ltr'>scientia</span> <span class='ocrx_word' id='word_1_195' title='bbox 766 2655 833 2712; x_wconf 89' lang='lat' dir='ltr'>de</span> <span class='ocrx_word' id='word_1_196' title='bbox 898 2669 955 2710; x_wconf 82' lang='lat' dir='ltr'>se</span> <span class='ocrx_word' id='word_1_197' title='bbox 999 2652 1274 2726; x_wconf 90' lang='lat' dir='ltr'>judicium</span> <span class='ocrx_word' id='word_1_198' title='bbox 1327 2651 1620 2723; x_wconf 85' lang='lat' dir='ltr'>judicavit.</span> <span class='ocrx_word' id='word_1_199' title='bbox 1678 2649 1898 2722; x_wconf 89' lang='lat' dir='ltr'>Eripuit</span> <span class='ocrx_word' id='word_1_200' title='bbox 1957 2667 2077 2707; x_wconf 90' lang='lat' dir='ltr'>reos</span> 
     </span>
    </p>
   </div>
   <div class='ocr_carea' id='block_1_29' title="bbox 481 2739 2080 2822">
    <p class='ocr_par' dir='ltr' id='par_1_29' title="bbox 481 2739 2080 2822">
     <span class='ocr_line' id='line_1_29' title="bbox 481 2739 2080 2822; baseline -0.007 -17"><span class='ocrx_word' id='word_1_201' title='bbox 481 2765 656 2822; x_wconf 80' lang='lat' dir='ltr'>pana</span> <span class='ocrx_word' id='word_1_202' title='bbox 705 2743 1000 2809; x_wconf 81' lang='lat' dir='ltr'>confessio,</span> <span class='ocrx_word' id='word_1_203' title='bbox 1031 2751 1085 2799; x_wconf 91' lang='lat' dir='ltr'>et</span> <span class='ocrx_word' id='word_1_204' title='bbox 1117 2742 1378 2798; x_wconf 83' lang='lat' dir='ltr'>vindictae</span> <span class='ocrx_word' id='word_1_205' title='bbox 1404 2739 1518 2812; x_wconf 90' lang='lat' dir='ltr'>jam</span> <span class='ocrx_word' id='word_1_206' title='bbox 1550 2739 1761 2796; x_wconf 90' lang='lat' dir='ltr'>deditos</span> <span class='ocrx_word' id='word_1_207' title='bbox 1796 2741 2080 2812; x_wconf 74' lang='lat' dir='ltr'>paniten-</span> 
     </span>
    </p>
   </div>
   <div class='ocr_carea' id='block_1_30' title="bbox 482 2832 2076 2895">
    <p class='ocr_par' dir='ltr' id='par_1_30' title="bbox 482 2832 2076 2895">
     <span class='ocr_line' id='line_1_30' title="bbox 482 2832 2076 2895; baseline -0.005 0"><span class='ocrx_word' id='word_1_208' title='bbox 482 2839 560 2895; x_wconf 88' lang='lat' dir='ltr'>tia</span> <span class='ocrx_word' id='word_1_209' title='bbox 614 2836 839 2893; x_wconf 87' lang='lat' dir='ltr'>sibimet</span> <span class='ocrx_word' id='word_1_210' title='bbox 892 2833 1218 2890; x_wconf 88' lang='lat' dir='ltr'>vindicavit.</span> <span class='ocrx_word' id='word_1_211' title='bbox 1281 2834 1531 2889; x_wconf 90' lang='lat' dir='ltr'>Deletum</span> <span class='ocrx_word' id='word_1_212' title='bbox 1587 2840 1667 2888; x_wconf 91' lang='lat' dir='ltr'>est</span> <span class='ocrx_word' id='word_1_213' title='bbox 1712 2832 1898 2887; x_wconf 87' lang='lat' dir='ltr'>statim</span> <span class='ocrx_word' id='word_1_214' title='bbox 1949 2847 2076 2888; x_wconf 84' lang='lat' dir='ltr'>con-</span> 
     </span>
    </p>
   </div>
   <div class='ocr_carea' id='block_1_31' title="bbox 483 2924 2078 2998">
    <p class='ocr_par' dir='ltr' id='par_1_31' title="bbox 483 2924 2078 2998">
     <span class='ocr_line' id='line_1_31' title="bbox 483 2924 2078 2998; baseline -0.003 -13"><span class='ocrx_word' id='word_1_215' title='bbox 483 2926 854 2985; x_wconf 90' lang='lat' dir='ltr'>demnationis</span> <span class='ocrx_word' id='word_1_216' title='bbox 889 2926 1128 2998; x_wconf 88' lang='lat' dir='ltr'>elogium</span> <span class='ocrx_word' id='word_1_217' title='bbox 1165 2925 1422 2996; x_wconf 86' lang='lat' dir='ltr'>lacrymis</span> <span class='ocrx_word' id='word_1_218' title='bbox 1460 2925 1866 2994; x_wconf 86' lang='lat' dir='ltr'>conﬁtentium,</span> <span class='ocrx_word' id='word_1_219' title='bbox 1896 2933 1949 2981; x_wconf 92' lang='lat' dir='ltr'>et</span> <span class='ocrx_word' id='word_1_220' title='bbox 1987 2924 2078 2980; x_wconf 88' lang='lat' dir='ltr'>ab-</span> 
     </span>
    </p>
   </div>
   <div class='ocr_carea' id='block_1_32' title="bbox 483 3013 2078 3086">
    <p class='ocr_par' dir='ltr' id='par_1_32' title="bbox 483 3013 2078 3086">
     <span class='ocr_line' id='line_1_32' title="bbox 483 3013 2078 3086; baseline -0.002 -13"><span class='ocrx_word' id='word_1_221' title='bbox 483 3017 653 3074; x_wconf 86' lang='lat' dir='ltr'>solvit</span> <span class='ocrx_word' id='word_1_222' title='bbox 698 3014 969 3072; x_wconf 89' lang='lat' dir='ltr'>obnoxios</span> <span class='ocrx_word' id='word_1_223' title='bbox 1017 3030 1190 3086; x_wconf 72' lang='lat' dir='ltr'>pana</span> <span class='ocrx_word' id='word_1_224' title='bbox 1234 3013 1549 3086; x_wconf 87' lang='lat' dir='ltr'>astipulatio</span> <span class='ocrx_word' id='word_1_225' title='bbox 1591 3014 1838 3070; x_wconf 88' lang='lat' dir='ltr'>confessa</span> <span class='ocrx_word' id='word_1_226' title='bbox 1880 3014 1947 3070; x_wconf 92' lang='lat' dir='ltr'>de</span> <span class='ocrx_word' id='word_1_227' title='bbox 1977 3013 2078 3070; x_wconf 85' lang='lat' dir='ltr'>cri-</span> 
     </span>
    </p>
   </div>
   <div class='ocr_carea' id='block_1_33' title="bbox 484 3100 2078 3175">
    <p class='ocr_par' dir='ltr' id='par_1_33' title="bbox 484 3100 2078 3175">
     <span class='ocr_line' id='line_1_33' title="bbox 484 3100 2078 3175; baseline -0.003 -14"><span class='ocrx_word' id='word_1_228' title='bbox 484 3106 652 3162; x_wconf 90' lang='lat' dir='ltr'>mine.</span> <span class='ocrx_word' id='word_1_229' title='bbox 685 3103 843 3161; x_wconf 86' lang='lat' dir='ltr'>Vidit</span> <span class='ocrx_word' id='word_1_230' title='bbox 894 3103 1018 3175; x_wconf 85' lang='lat' dir='ltr'>pius</span> <span class='ocrx_word' id='word_1_231' title='bbox 1055 3104 1200 3159; x_wconf 89' lang='lat' dir='ltr'>Deus</span> <span class='ocrx_word' id='word_1_232' title='bbox 1245 3103 1436 3160; x_wconf 90' lang='lat' dir='ltr'>tulisse</span> <span class='ocrx_word' id='word_1_233' title='bbox 1477 3103 1536 3158; x_wconf 89' lang='lat' dir='ltr'>in</span> <span class='ocrx_word' id='word_1_234' title='bbox 1582 3119 1638 3158; x_wconf 92' lang='lat' dir='ltr'>se</span> <span class='ocrx_word' id='word_1_235' title='bbox 1665 3100 1938 3174; x_wconf 89' lang='lat' dir='ltr'>judicium</span> <span class='ocrx_word' id='word_1_236' title='bbox 1970 3119 2078 3174; x_wconf 89' lang='lat' dir='ltr'>poe-</span> 
     </span>
    </p>
   </div>
   <div class='ocr_carea' id='block_1_34' title="bbox 481 3191 2161 3292">
    <p class='ocr_par' dir='ltr' id='par_1_34' title="bbox 481 3191 2161 3292">
     <span class='ocr_line' id='line_1_34' title="bbox 481 3191 2161 3292; baseline -0.004 -40"><span class='ocrx_word' id='word_1_237' title='bbox 481 3195 741 3262; x_wconf 91' lang='lat' dir='ltr'>nitentes,</span> <span class='ocrx_word' id='word_1_238' title='bbox 774 3199 829 3248; x_wconf 89' lang='lat' dir='ltr'>et</span> <span class='ocrx_word' id='word_1_239' title='bbox 857 3201 1034 3250; x_wconf 88' lang='lat' dir='ltr'>errata</span> <span class='ocrx_word' id='word_1_240' title='bbox 1067 3209 1177 3249; x_wconf 86' lang='lat' dir='ltr'>sua</span> <span class='ocrx_word' id='word_1_241' title='bbox 1211 3193 1560 3250; x_wconf 85' lang='lat' dir='ltr'>conscientia</span> <span class='ocrx_word' id='word_1_242' title='bbox 1601 3207 1664 3247; x_wconf 88' lang='lat' dir='ltr'>ea</span> <span class='ocrx_word' id='word_1_243' title='bbox 1691 3191 2078 3263; x_wconf 89' lang='lat' dir='ltr'>astipulatione</span> <span class='ocrx_word' id='word_1_244' title='bbox 2113 3229 2161 3292; x_wconf 67' lang='grc' dir='ltr'>Ο</span> 
     </span>
    </p>
   </div>
   <div class='ocr_carea' id='block_1_35' title="bbox 484 3281 2078 3355">
    <p class='ocr_par' dir='ltr' id='par_1_35' title="bbox 484 3281 2078 3355">
     <span class='ocr_line' id='line_1_35' title="bbox 484 3281 2078 3355; baseline -0.003 -15"><span class='ocrx_word' id='word_1_245' title='bbox 484 3284 809 3341; x_wconf 88' lang='lat' dir='ltr'>damnantes</span> <span class='ocrx_word' id='word_1_246' title='bbox 837 3283 1102 3340; x_wconf 91' lang='lat' dir='ltr'>continuo</span> <span class='ocrx_word' id='word_1_247' title='bbox 1132 3281 1362 3339; x_wconf 90' lang='lat' dir='ltr'>donavit</span> <span class='ocrx_word' id='word_1_248' title='bbox 1408 3284 1605 3350; x_wconf 86' lang='lat' dir='ltr'>venia,</span> <span class='ocrx_word' id='word_1_249' title='bbox 1646 3298 1783 3355; x_wconf 92' lang='lat' dir='ltr'>quos</span> <span class='ocrx_word' id='word_1_250' title='bbox 1826 3281 2078 3336; x_wconf 90' lang='lat' dir='ltr'>destina—</span> 
     </span>
    </p>
   </div>
   <div class='ocr_carea' id='block_1_36' title="bbox 484 3369 2080 3446">
    <p class='ocr_par' dir='ltr' id='par_1_36' title="bbox 484 3369 2080 3446">
     <span class='ocr_line' id='line_1_36' title="bbox 484 3369 2080 3446; baseline -0.005 -15"><span class='ocrx_word' id='word_1_251' title='bbox 484 3382 642 3432; x_wconf 84' lang='lat' dir='ltr'>verat</span> <span class='ocrx_word' id='word_1_252' title='bbox 687 3389 881 3446; x_wconf 76' lang='lat' dir='ltr'>pana,</span> <span class='ocrx_word' id='word_1_253' title='bbox 921 3381 975 3429; x_wconf 90' lang='lat' dir='ltr'>et</span> <span class='ocrx_word' id='word_1_254' title='bbox 1023 3373 1173 3430; x_wconf 89' lang='lat' dir='ltr'>illico</span> <span class='ocrx_word' id='word_1_255' title='bbox 1200 3372 1440 3446; x_wconf 90' lang='lat' dir='ltr'>pepercit</span> <span class='ocrx_word' id='word_1_256' title='bbox 1469 3372 1709 3440; x_wconf 84' lang='lat' dir='ltr'>afflictis,</span> <span class='ocrx_word' id='word_1_257' title='bbox 1751 3378 1812 3427; x_wconf 95' lang='lat' dir='ltr'>ut</span> <span class='ocrx_word' id='word_1_258' title='bbox 1840 3369 2080 3442; x_wconf 84' lang='lat' dir='ltr'>exempti</span> 
     </span>
    </p>
   </div>
   <div class='ocr_carea' id='block_1_37' title="bbox 488 3461 2082 3534">
    <p class='ocr_par' dir='ltr' id='par_1_37' title="bbox 488 3461 2082 3534">
     <span class='ocr_line' id='line_1_37' title="bbox 488 3461 2082 3534; baseline -0.004 -15"><span class='ocrx_word' id='word_1_259' title='bbox 488 3463 761 3534; x_wconf 85' lang='lat' dir='ltr'>supplicio</span> <span class='ocrx_word' id='word_1_260' title='bbox 799 3463 951 3518; x_wconf 89' lang='lat' dir='ltr'>lucra</span> <span class='ocrx_word' id='word_1_261' title='bbox 1004 3461 1198 3517; x_wconf 86' lang='lat' dir='ltr'>ﬁerent</span> <span class='ocrx_word' id='word_1_262' title='bbox 1253 3463 1492 3534; x_wconf 87' lang='lat' dir='ltr'>pietatis.</span> <span class='ocrx_word' id='word_1_263' title='bbox 1552 3461 1846 3516; x_wconf 89' lang='lat' dir='ltr'>Probatum</span> <span class='ocrx_word' id='word_1_264' title='bbox 1887 3467 1967 3516; x_wconf 90' lang='lat' dir='ltr'>est</span> <span class='ocrx_word' id='word_1_265' title='bbox 2007 3465 2082 3512; x_wconf 90' lang='lat' dir='ltr'>te-</span> 
     </span>
    </p>
   </div>
   <div class='ocr_carea' id='block_1_38' title="bbox 489 3547 2083 3622">
    <p class='ocr_par' dir='ltr' id='par_1_38' title="bbox 489 3547 2083 3622">
     <span class='ocr_line' id='line_1_38' title="bbox 489 3547 2083 3622; baseline -0.003 -16"><span class='ocrx_word' id='word_1_266' title='bbox 489 3551 811 3606; x_wconf 88' lang='lat' dir='ltr'>stimonium</span> <span class='ocrx_word' id='word_1_267' title='bbox 843 3550 1163 3621; x_wconf 83' lang='lat' dir='ltr'>prophetia,</span> <span class='ocrx_word' id='word_1_268' title='bbox 1214 3550 1360 3622; x_wconf 86' lang='lat' dir='ltr'>quod</span> <span class='ocrx_word' id='word_1_269' title='bbox 1409 3551 1467 3605; x_wconf 90' lang='lat' dir='ltr'>in</span> <span class='ocrx_word' id='word_1_270' title='bbox 1505 3549 1880 3621; x_wconf 86' lang='lat' dir='ltr'>superioribus</span> <span class='ocrx_word' id='word_1_271' title='bbox 1922 3547 2083 3620; x_wconf 86' lang='lat' dir='ltr'>paulo</span> 
     </span>
    </p>
   </div>
   <div class='ocr_carea' id='block_1_39' title="bbox 488 3635 2081 3708">
    <p class='ocr_par' dir='ltr' id='par_1_39' title="bbox 488 3635 2081 3708">
     <span class='ocr_line' id='line_1_39' title="bbox 488 3635 2081 3708; baseline -0.002 -15"><span class='ocrx_word' id='word_1_272' title='bbox 488 3644 614 3693; x_wconf 89' lang='lat' dir='ltr'>ante</span> <span class='ocrx_word' id='word_1_273' title='bbox 649 3636 1023 3708; x_wconf 89' lang='lat' dir='ltr'>disposuimus</span> <span class='ocrx_word' id='word_1_274' title='bbox 1055 3654 1068 3690; x_wconf 87' lang='lat'><strong>:</strong></span> <span class='ocrx_word' id='word_1_275' title='bbox 1124 3660 1142 3681; x_wconf 81' lang='lat'><strong>-</strong></span> <span class='ocrx_word' id='word_1_276' title='bbox 1183 3636 1299 3706; x_wconf 86' lang='lat' dir='ltr'>Ego</span> <span class='ocrx_word' id='word_1_277' title='bbox 1340 3652 1462 3690; x_wconf 91' lang='lat' dir='ltr'>sum</span> <span class='ocrx_word' id='word_1_278' title='bbox 1492 3637 1585 3708; x_wconf 90' lang='lat' dir='ltr'>qui</span> <span class='ocrx_word' id='word_1_279' title='bbox 1634 3637 1789 3691; x_wconf 91' lang='lat' dir='ltr'>deleo</span> <span class='ocrx_word' id='word_1_280' title='bbox 1825 3635 2081 3708; x_wconf 87' lang='lat' dir='ltr'>iniquita-</span> 
     </span>
    </p>
   </div>
   <div class='ocr_carea' id='block_1_40' title="bbox 493 3723 2083 3796">
    <p class='ocr_par' dir='ltr' id='par_1_40' title="bbox 493 3723 2083 3796">
     <span class='ocr_line' id='line_1_40' title="bbox 493 3723 2083 3796; baseline -0.004 -11"><span class='ocrx_word' id='word_1_281' title='bbox 493 3735 578 3786; x_wconf 88' lang='lat' dir='ltr'>tes</span> <span class='ocrx_word' id='word_1_282' title='bbox 605 3734 748 3796; x_wconf 90' lang='lat' dir='ltr'>tuas,</span> <span class='ocrx_word' id='word_1_283' title='bbox 780 3735 835 3782; x_wconf 90' lang='lat' dir='ltr'>et</span> <span class='ocrx_word' id='word_1_284' title='bbox 872 3741 982 3781; x_wconf 92' lang='lat' dir='ltr'>non</span> <span class='ocrx_word' id='word_1_285' title='bbox 1013 3723 1418 3781; x_wconf 89' lang='lat' dir='ltr'>rememorabor</span> <span class='ocrx_word' id='word_1_286' title='bbox 1451 3741 1462 3779; x_wconf 92' lang='lat'>:</span> <span class='ocrx_word' id='word_1_287' title='bbox 1496 3730 1558 3778; x_wconf 89' lang='lat' dir='ltr'>tu</span> <span class='ocrx_word' id='word_1_288' title='bbox 1588 3731 1768 3779; x_wconf 87' lang='lat' dir='ltr'>autem</span> <span class='ocrx_word' id='word_1_289' title='bbox 1801 3724 1915 3779; x_wconf 89' lang='lat' dir='ltr'>noli</span> <span class='ocrx_word' id='word_1_290' title='bbox 1947 3723 2083 3778; x_wconf 84' lang='lat' dir='ltr'>obli-</span> 
     </span>
    </p>
   </div>
   <div class='ocr_carea' id='block_1_41' title="bbox 487 3812 2088 3887">
    <p class='ocr_par' dir='ltr' id='par_1_41' title="bbox 487 3812 2088 3887">
     <span class='ocr_line' id='line_1_41' title="bbox 487 3812 2088 3887; baseline -0.003 -12"><span class='ocrx_word' id='word_1_291' title='bbox 487 3817 649 3886; x_wconf 89' lang='lat' dir='ltr'>visci,</span> <span class='ocrx_word' id='word_1_292' title='bbox 693 3823 748 3872; x_wconf 89' lang='lat' dir='ltr'>et</span> <span class='ocrx_word' id='word_1_293' title='bbox 786 3813 1120 3887; x_wconf 90' lang='lat' dir='ltr'>judicemur.</span> <span class='ocrx_word' id='word_1_294' title='bbox 1161 3814 1264 3871; x_wconf 90' lang='lat' dir='ltr'>Dic</span> <span class='ocrx_word' id='word_1_295' title='bbox 1311 3823 1394 3882; x_wconf 90' lang='lat' dir='ltr'>tu,</span> <span class='ocrx_word' id='word_1_296' title='bbox 1438 3812 1640 3886; x_wconf 90' lang='lat' dir='ltr'>inquit,</span> <span class='ocrx_word' id='word_1_297' title='bbox 1699 3812 1848 3885; x_wconf 89' lang='lat' dir='ltr'>prior</span> <span class='ocrx_word' id='word_1_298' title='bbox 1885 3813 2088 3886; x_wconf 89' lang='lat' dir='ltr'>iniqui-</span> 
     </span>
    </p>
   </div>
   <div class='ocr_carea' id='block_1_42' title="bbox 487 3902 2084 3977">
    <p class='ocr_par' dir='ltr' id='par_1_42' title="bbox 487 3902 2084 3977">
     <span class='ocr_line' id='line_1_42' title="bbox 487 3902 2084 3977; baseline -0.004 -11"><span class='ocrx_word' id='word_1_299' title='bbox 487 3916 627 3967; x_wconf 89' lang='lat' dir='ltr'>tates</span> <span class='ocrx_word' id='word_1_300' title='bbox 642 3916 783 3974; x_wconf 90' lang='lat' dir='ltr'>tuas,</span> <span class='ocrx_word' id='word_1_301' title='bbox 807 3902 1357 3977; x_wconf 78' lang='lat' dir='ltr'>utjustiﬁcerisUsa.</span> <span class='ocrx_word' id='word_1_302' title='bbox 1383 3920 1542 3972; x_wconf 79' lang='lat' dir='ltr'>xuii,</span> <span class='ocrx_word' id='word_1_303' title='bbox 1574 3902 1760 3974; x_wconf 78' lang='lat'>25,26)</span> <span class='ocrx_word' id='word_1_304' title='bbox 1797 3921 1810 3970; x_wconf 78' lang='lat'>,</span> <span class='ocrx_word' id='word_1_305' title='bbox 1844 3927 1862 3950; x_wconf 73' lang='grc' dir='ltr'>ι</span> <span class='ocrx_word' id='word_1_306' title='bbox 1906 3911 1961 3958; x_wconf 91' lang='lat' dir='ltr'>et</span> <span class='ocrx_word' id='word_1_307' title='bbox 1989 3903 2084 3959; x_wconf 88' lang='lat' dir='ltr'>ite-</span> 
     </span>
    </p>
   </div>
   <div class='ocr_carea' id='block_1_43' title="bbox 489 3993 2087 4066">
    <p class='ocr_par' dir='ltr' id='par_1_43' title="bbox 489 3993 2087 4066">
     <span class='ocr_line' id='line_1_43' title="bbox 489 3993 2087 4066; baseline -0.003 -11"><span class='ocrx_word' id='word_1_308' title='bbox 489 4016 612 4055; x_wconf 92' lang='lat' dir='ltr'>rum</span> <span class='ocrx_word' id='word_1_309' title='bbox 647 4016 659 4054; x_wconf 87' lang='lat'>:</span> <span class='ocrx_word' id='word_1_310' title='bbox 703 4021 722 4046; x_wconf 75' lang='grc' dir='ltr'>ι</span> <span class='ocrx_word' id='word_1_311' title='bbox 753 3995 890 4054; x_wconf 88' lang='lat' dir='ltr'>Cum</span> <span class='ocrx_word' id='word_1_312' title='bbox 920 4011 1218 4052; x_wconf 89' lang='lat' dir='ltr'>conversus</span> <span class='ocrx_word' id='word_1_313' title='bbox 1259 3994 1431 4051; x_wconf 91' lang='lat' dir='ltr'>fueris</span> <span class='ocrx_word' id='word_1_314' title='bbox 1471 4002 1525 4050; x_wconf 89' lang='lat' dir='ltr'>et</span> <span class='ocrx_word' id='word_1_315' title='bbox 1567 3993 1923 4066; x_wconf 86' lang='lat' dir='ltr'>ingemueris,</span> <span class='ocrx_word' id='word_1_316' title='bbox 1955 4000 2087 4050; x_wconf 89' lang='lat' dir='ltr'>tunc</span> 
     </span>
    </p>
   </div>
   <div class='ocr_carea' id='block_1_44' title="bbox 488 4083 2086 4157">
    <p class='ocr_par' dir='ltr' id='par_1_44' title="bbox 488 4083 2086 4157">
     <span class='ocr_line' id='line_1_44' title="bbox 488 4083 2086 4157; baseline -0.004 -14"><span class='ocrx_word' id='word_1_317' title='bbox 488 4085 790 4144; x_wconf 83' lang='lat' dir='ltr'>salvaberis</span> <span class='ocrx_word' id='word_1_318' title='bbox 820 4085 954 4157; x_wconf 86' lang='lat' dir='ltr'>(Isa.</span> <span class='ocrx_word' id='word_1_319' title='bbox 993 4100 1134 4152; x_wconf 85' lang='lat' dir='ltr'><strong>xxx,</strong></span> <span class='ocrx_word' id='word_1_320' title='bbox 1167 4085 1254 4157; x_wconf 79' lang='lat' dir='ltr'>l5)</span> <span class='ocrx_word' id='word_1_321' title='bbox 1293 4103 1306 4152; x_wconf 91' lang='lat'><strong>;</strong></span> <span class='ocrx_word' id='word_1_322' title='bbox 1340 4109 1357 4132; x_wconf 78' lang='grc' dir='ltr'>ι</span> <span class='ocrx_word' id='word_1_323' title='bbox 1401 4091 1455 4140; x_wconf 90' lang='lat' dir='ltr'>et</span> <span class='ocrx_word' id='word_1_324' title='bbox 1505 4083 1705 4138; x_wconf 88' lang='lat' dir='ltr'>iterum</span> <span class='ocrx_word' id='word_1_325' title='bbox 1741 4099 1751 4137; x_wconf 95' lang='lat'>:</span> <span class='ocrx_word' id='word_1_326' title='bbox 1802 4108 1820 4129; x_wconf 78' lang='grc' dir='ltr'>ι</span> <span class='ocrx_word' id='word_1_327' title='bbox 1851 4083 2086 4139; x_wconf 82' lang='lat' dir='ltr'>Conver-</span> 
     </span>
    </p>
   </div>
   <div class='ocr_carea' id='block_1_45' title="bbox 489 4171 2086 4244">
    <p class='ocr_par' dir='ltr' id='par_1_45' title="bbox 489 4171 2086 4244">
     <span class='ocr_line' id='line_1_45' title="bbox 489 4171 2086 4244; baseline -0.003 -14"><span class='ocrx_word' id='word_1_328' title='bbox 489 4175 678 4230; x_wconf 89' lang='lat' dir='ltr'>timini</span> <span class='ocrx_word' id='word_1_329' title='bbox 721 4174 790 4229; x_wconf 89' lang='lat' dir='ltr'>ad</span> <span class='ocrx_word' id='word_1_330' title='bbox 831 4173 1131 4229; x_wconf 91' lang='lat' dir='ltr'>Dominum</span> <span class='ocrx_word' id='word_1_331' title='bbox 1170 4175 1344 4229; x_wconf 91' lang='lat' dir='ltr'>Deum</span> <span class='ocrx_word' id='word_1_332' title='bbox 1388 4179 1635 4228; x_wconf 88' lang='lat' dir='ltr'>vestrum</span> <span class='ocrx_word' id='word_1_333' title='bbox 1680 4189 1693 4240; x_wconf 91' lang='lat'>;</span> <span class='ocrx_word' id='word_1_334' title='bbox 1745 4172 1874 4244; x_wconf 90' lang='lat' dir='ltr'>quia</span> <span class='ocrx_word' id='word_1_335' title='bbox 1929 4171 2086 4226; x_wconf 87' lang='lat' dir='ltr'>mise-</span> 
     </span>
    </p>
   </div>
   <div class='ocr_carea' id='block_1_46' title="bbox 490 4260 2090 4333">
    <p class='ocr_par' dir='ltr' id='par_1_46' title="bbox 490 4260 2090 4333">
     <span class='ocr_line' id='line_1_46' title="bbox 490 4260 2090 4333; baseline -0.002 -15"><span class='ocrx_word' id='word_1_336' title='bbox 490 4262 663 4318; x_wconf 89' lang='lat' dir='ltr'>ricors</span> <span class='ocrx_word' id='word_1_337' title='bbox 720 4268 776 4315; x_wconf 89' lang='lat' dir='ltr'>et</span> <span class='ocrx_word' id='word_1_338' title='bbox 830 4260 954 4331; x_wconf 91' lang='lat' dir='ltr'>pius</span> <span class='ocrx_word' id='word_1_339' title='bbox 1011 4271 1112 4330; x_wconf 91' lang='lat' dir='ltr'>est,</span> <span class='ocrx_word' id='word_1_340' title='bbox 1170 4264 1383 4333; x_wconf 91' lang='lat' dir='ltr'>patiens</span> <span class='ocrx_word' id='word_1_341' title='bbox 1434 4269 1487 4317; x_wconf 89' lang='lat' dir='ltr'>et</span> <span class='ocrx_word' id='word_1_342' title='bbox 1542 4263 1728 4320; x_wconf 89' lang='lat' dir='ltr'>multa</span> <span class='ocrx_word' id='word_1_343' title='bbox 1782 4260 2090 4316; x_wconf 91' lang='lat' dir='ltr'>misericor.</span> 
     </span>
    </p>
   </div>
   <div class='ocr_carea' id='block_1_47' title="bbox 489 4348 2089 4420">
    <p class='ocr_par' dir='ltr' id='par_1_47' title="bbox 489 4348 2089 4420">
     <span class='ocr_line' id='line_1_47' title="bbox 489 4348 2089 4420; baseline -0.001 -13"><span class='ocrx_word' id='word_1_344' title='bbox 489 4350 618 4419; x_wconf 86' lang='lat' dir='ltr'>dia,</span> <span class='ocrx_word' id='word_1_345' title='bbox 673 4357 726 4405; x_wconf 90' lang='lat' dir='ltr'>et</span> <span class='ocrx_word' id='word_1_346' title='bbox 777 4348 872 4420; x_wconf 89' lang='lat' dir='ltr'>qui</span> <span class='ocrx_word' id='word_1_347' title='bbox 921 4350 1218 4404; x_wconf 86' lang='lat' dir='ltr'>sententias</span> <span class='ocrx_word' id='word_1_348' title='bbox 1269 4350 1451 4406; x_wconf 88' lang='lat' dir='ltr'>ﬂectat</span> <span class='ocrx_word' id='word_1_349' title='bbox 1498 4350 1789 4406; x_wconf 87' lang='lat' dir='ltr'>adversum</span> <span class='ocrx_word' id='word_1_350' title='bbox 1850 4349 2089 4406; x_wconf 87' lang='lat' dir='ltr'>malitias</span> 
     </span>
    </p>
   </div>
   <div class='ocr_carea' id='block_1_48' title="bbox 491 4437 2089 4510">
    <p class='ocr_par' dir='ltr' id='par_1_48' title="bbox 491 4437 2089 4510">
     <span class='ocr_line' id='line_1_48' title="bbox 491 4437 2089 4510; baseline -0.001 -14"><span class='ocrx_word' id='word_1_351' title='bbox 491 4440 756 4510; x_wconf 87' lang='lat' dir='ltr'>irrogatas</span> <span class='ocrx_word' id='word_1_352' title='bbox 788 4437 944 4508; x_wconf 84' lang='lat' dir='ltr'>(Joel.</span> <span class='ocrx_word' id='word_1_353' title='bbox 996 4453 1057 4505; x_wconf 90' lang='grc' dir='ltr'>ιι,</span> <span class='ocrx_word' id='word_1_354' title='bbox 1101 4437 1188 4506; x_wconf 75' lang='grc'>12,</span> <span class='ocrx_word' id='word_1_355' title='bbox 1231 4438 1342 4508; x_wconf 85' lang='grc'>13).</span> <span class='ocrx_word' id='word_1_356' title='bbox 1374 4462 1392 4484; x_wconf 79' lang='grc' dir='ltr'>ι</span> <span class='ocrx_word' id='word_1_357' title='bbox 1440 4438 1595 4494; x_wconf 90' lang='lat' dir='ltr'>Unde</span> <span class='ocrx_word' id='word_1_358' title='bbox 1641 4447 1694 4494; x_wconf 93' lang='lat' dir='ltr'>et</span> <span class='ocrx_word' id='word_1_359' title='bbox 1739 4437 2089 4495; x_wconf 86' lang='lat' dir='ltr'>beatissimus</span> 
     </span>
    </p>
   </div>
   <div class='ocr_carea' id='block_1_49' title="bbox 490 4525 2088 4598">
    <p class='ocr_par' dir='ltr' id='par_1_49' title="bbox 490 4525 2088 4598">
     <span class='ocr_line' id='line_1_49' title="bbox 490 4525 2088 4598; baseline -0.003 -12"><span class='ocrx_word' id='word_1_360' title='bbox 490 4527 718 4586; x_wconf 89' lang='lat' dir='ltr'>David:</span> <span class='ocrx_word' id='word_1_361' title='bbox 773 4550 792 4574; x_wconf 79' lang='grc' dir='ltr'>ι</span> <span class='ocrx_word' id='word_1_362' title='bbox 841 4525 1150 4595; x_wconf 88' lang='lat' dir='ltr'>Peccatum,</span> <span class='ocrx_word' id='word_1_363' title='bbox 1203 4525 1406 4598; x_wconf 90' lang='lat' dir='ltr'>inquit,</span> <span class='ocrx_word' id='word_1_364' title='bbox 1454 4541 1636 4582; x_wconf 90' lang='lat' dir='ltr'>meum</span> <span class='ocrx_word' id='word_1_365' title='bbox 1689 4543 1788 4598; x_wconf 85' lang='lat' dir='ltr'>ego</span> <span class='ocrx_word' id='word_1_366' title='bbox 1834 4526 1993 4597; x_wconf 86' lang='lat' dir='ltr'>scivi,</span> <span class='ocrx_word' id='word_1_367' title='bbox 2034 4537 2088 4583; x_wconf 90' lang='lat' dir='ltr'>et</span> 
     </span>
    </p>
   </div>
   <div class='ocr_carea' id='block_1_50' title="bbox 490 4591 2168 4689">
    <p class='ocr_par' dir='ltr' id='par_1_50' title="bbox 490 4591 2168 4689">
     <span class='ocr_line' id='line_1_50' title="bbox 490 4591 2168 4689; baseline -0.004 -16"><span class='ocrx_word' id='word_1_368' title='bbox 490 4615 841 4689; x_wconf 89' lang='lat' dir='ltr'>iniquitatem</span> <span class='ocrx_word' id='word_1_369' title='bbox 882 4629 1057 4669; x_wconf 89' lang='lat' dir='ltr'>meam</span> <span class='ocrx_word' id='word_1_370' title='bbox 1105 4591 1218 4680; x_wconf 84' lang='lat' dir='ltr'>non</span> <span class='ocrx_word' id='word_1_371' title='bbox 1253 4591 1534 4686; x_wconf 74' lang='lat' dir='ltr'>cooperui.</span> <span class='ocrx_word' id='word_1_372' title='bbox 1586 4591 1749 4676; x_wconf 46' lang='lat'>594&#39;</span> <span class='ocrx_word' id='word_1_373' title='bbox 1772 4615 1924 4683; x_wconf 84' lang='lat' dir='ltr'>Dixi,</span> <span class='ocrx_word' id='word_1_374' title='bbox 1959 4591 2085 4672; x_wconf 82' lang='lat' dir='ltr'>con-</span> <span class='ocrx_word' id='word_1_375' title='bbox 2120 4591 2168 4648; x_wconf 78' lang='grc' dir='ltr'>Ῑ)</span> 
     </span>
    </p>
   </div>
   <div class='ocr_carea' id='block_1_51' title="bbox 492 4711 2088 4785">
    <p class='ocr_par' dir='ltr' id='par_1_51' title="bbox 492 4711 2088 4785">
     <span class='ocr_line' id='line_1_51' title="bbox 492 4711 2088 4785; baseline 0.001 -16"><span class='ocrx_word' id='word_1_376' title='bbox 492 4711 690 4769; x_wconf 88' lang='lat' dir='ltr'>ﬁtebor</span> <span class='ocrx_word' id='word_1_377' title='bbox 715 4711 1004 4770; x_wconf 88' lang='lat' dir='ltr'>adversum</span> <span class='ocrx_word' id='word_1_378' title='bbox 1033 4727 1121 4770; x_wconf 88' lang='lat' dir='ltr'>me</span> <span class='ocrx_word' id='word_1_379' title='bbox 1152 4711 1481 4785; x_wconf 91' lang='lat' dir='ltr'>injustitiam</span> <span class='ocrx_word' id='word_1_380' title='bbox 1533 4727 1710 4768; x_wconf 86' lang='lat' dir='ltr'>meam</span> <span class='ocrx_word' id='word_1_381' title='bbox 1741 4712 1998 4782; x_wconf 89' lang='lat' dir='ltr'>Domino,</span> <span class='ocrx_word' id='word_1_382' title='bbox 2034 4722 2088 4770; x_wconf 90' lang='lat' dir='ltr'>et</span> 
     </span>
    </p>
   </div>
   <div class='ocr_carea' id='block_1_52' title="bbox 491 4800 2084 4876">
    <p class='ocr_par' dir='ltr' id='par_1_52' title="bbox 491 4800 2084 4876">
     <span class='ocr_line' id='line_1_52' title="bbox 491 4800 2084 4876; baseline -0.001 -18"><span class='ocrx_word' id='word_1_383' title='bbox 491 4807 557 4858; x_wconf 87' lang='lat' dir='ltr'>tu</span> <span class='ocrx_word' id='word_1_384' title='bbox 598 4801 860 4860; x_wconf 90' lang='lat' dir='ltr'>remisisti</span> <span class='ocrx_word' id='word_1_385' title='bbox 903 4800 1252 4876; x_wconf 84' lang='lat' dir='ltr'>iniquitatem</span> <span class='ocrx_word' id='word_1_386' title='bbox 1300 4801 1507 4874; x_wconf 86' lang='lat' dir='ltr'>peccati</span> <span class='ocrx_word' id='word_1_387' title='bbox 1557 4801 1666 4858; x_wconf 89' lang='lat' dir='ltr'>mei</span> <span class='ocrx_word' id='word_1_388' title='bbox 1715 4803 1891 4874; x_wconf 84' lang='lat' dir='ltr'>(Psal.</span> <span class='ocrx_word' id='word_1_389' title='bbox 1923 4818 2084 4870; x_wconf 73' lang='lat' dir='ltr'><strong>xxxx,</strong></span> 
     </span>
    </p>
   </div>
   <div class='ocr_carea' id='block_1_53' title="bbox 493 4891 2088 4966">
    <p class='ocr_par' dir='ltr' id='par_1_53' title="bbox 493 4891 2088 4966">
     <span class='ocr_line' id='line_1_53' title="bbox 493 4891 2088 4966; baseline 0.001 -20"><span class='ocrx_word' id='word_1_390' title='bbox 493 4891 552 4963; x_wconf 80' lang='lat'>5)</span> <span class='ocrx_word' id='word_1_391' title='bbox 595 4910 610 4960; x_wconf 86' lang='lat'><strong>;</strong></span> <span class='ocrx_word' id='word_1_392' title='bbox 653 4915 672 4940; x_wconf 76' lang='grc' dir='ltr'>ι</span> <span class='ocrx_word' id='word_1_393' title='bbox 731 4899 785 4947; x_wconf 88' lang='lat' dir='ltr'>et</span> <span class='ocrx_word' id='word_1_394' title='bbox 831 4891 1032 4948; x_wconf 86' lang='lat' dir='ltr'>iterum</span> <span class='ocrx_word' id='word_1_395' title='bbox 1070 4909 1082 4948; x_wconf 93' lang='lat'><strong><em>:</em></strong></span> <span class='ocrx_word' id='word_1_396' title='bbox 1143 4916 1162 4942; x_wconf 76' lang='grc' dir='ltr'><strong>ε</strong></span> <span class='ocrx_word' id='word_1_397' title='bbox 1200 4891 1341 4960; x_wconf 88' lang='lat' dir='ltr'>Quia</span> <span class='ocrx_word' id='word_1_398' title='bbox 1378 4891 1725 4966; x_wconf 89' lang='lat' dir='ltr'>iniquitatem</span> <span class='ocrx_word' id='word_1_399' title='bbox 1777 4907 1952 4947; x_wconf 89' lang='lat' dir='ltr'>meam</span> <span class='ocrx_word' id='word_1_400' title='bbox 1990 4908 2088 4964; x_wconf 88' lang='lat' dir='ltr'>ego</span> 
     </span>
    </p>
   </div>
   <div class='ocr_carea' id='block_1_54' title="bbox 493 4979 2083 5056">
    <p class='ocr_par' dir='ltr' id='par_1_54' title="bbox 493 4979 2083 5056">
     <span class='ocr_line' id='line_1_54' title="bbox 493 4979 2083 5056; baseline 0.003 -20"><span class='ocrx_word' id='word_1_401' title='bbox 493 4979 628 5049; x_wconf 92' lang='lat' dir='ltr'>scio,</span> <span class='ocrx_word' id='word_1_402' title='bbox 650 4987 706 5036; x_wconf 90' lang='lat' dir='ltr'>et</span> <span class='ocrx_word' id='word_1_403' title='bbox 730 4989 1012 5052; x_wconf 89' lang='lat' dir='ltr'>peccatum</span> <span class='ocrx_word' id='word_1_404' title='bbox 1042 4997 1224 5037; x_wconf 89' lang='lat' dir='ltr'>meum</span> <span class='ocrx_word' id='word_1_405' title='bbox 1253 4999 1437 5039; x_wconf 90' lang='lat' dir='ltr'>coram</span> <span class='ocrx_word' id='word_1_406' title='bbox 1459 4999 1544 5039; x_wconf 91' lang='lat' dir='ltr'>me</span> <span class='ocrx_word' id='word_1_407' title='bbox 1565 4991 1646 5038; x_wconf 91' lang='lat' dir='ltr'>est</span> <span class='ocrx_word' id='word_1_408' title='bbox 1676 5000 1890 5056; x_wconf 85' lang='lat' dir='ltr'>semper</span> <span class='ocrx_word' id='word_1_409' title='bbox 1912 4984 2083 5056; x_wconf 81' lang='lat' dir='ltr'>(Psal.</span> 
     </span>
    </p>
   </div>
   <div class='ocr_carea' id='block_1_55' title="bbox 492 5069 2090 5145">
    <p class='ocr_par' dir='ltr' id='par_1_55' title="bbox 492 5069 2090 5145">
     <span class='ocr_line' id='line_1_55' title="bbox 492 5069 2090 5145; baseline 0.003 -21"><span class='ocrx_word' id='word_1_410' title='bbox 492 5085 544 5138; x_wconf 83' lang='lat'>1.,</span> <span class='ocrx_word' id='word_1_411' title='bbox 576 5069 658 5140; x_wconf 75' lang='grc' dir='ltr'>ὅ).</span> <span class='ocrx_word' id='word_1_412' title='bbox 691 5094 711 5118; x_wconf 74' lang='grc' dir='ltr'>ι</span> <span class='ocrx_word' id='word_1_413' title='bbox 755 5069 926 5126; x_wconf 85' lang='lat' dir='ltr'>Vides</span> <span class='ocrx_word' id='word_1_414' title='bbox 957 5087 1085 5142; x_wconf 87' lang='lat' dir='ltr'>ergo</span> <span class='ocrx_word' id='word_1_415' title='bbox 1113 5071 1438 5145; x_wconf 88' lang='lat' dir='ltr'>quotidiano</span> <span class='ocrx_word' id='word_1_416' title='bbox 1468 5071 1526 5126; x_wconf 93' lang='lat' dir='ltr'>in</span> <span class='ocrx_word' id='word_1_417' title='bbox 1570 5088 1627 5127; x_wconf 90' lang='lat' dir='ltr'>se</span> <span class='ocrx_word' id='word_1_418' title='bbox 1674 5073 1921 5145; x_wconf 89' lang='lat' dir='ltr'>peccanti</span> <span class='ocrx_word' id='word_1_419' title='bbox 1953 5089 2090 5144; x_wconf 90' lang='lat' dir='ltr'>opus</span> 
     </span>
    </p>
   </div>
   <div class='ocr_carea' id='block_1_56' title="bbox 493 5155 2090 5235">
    <p class='ocr_par' dir='ltr' id='par_1_56' title="bbox 493 5155 2090 5235">
     <span class='ocr_line' id='line_1_56' title="bbox 493 5155 2090 5235; baseline 0.002 -23"><span class='ocrx_word' id='word_1_420' title='bbox 493 5172 609 5212; x_wconf 90' lang='lat' dir='ltr'>esse</span> <span class='ocrx_word' id='word_1_421' title='bbox 633 5155 871 5229; x_wconf 91' lang='lat' dir='ltr'>judicio,</span> <span class='ocrx_word' id='word_1_422' title='bbox 923 5175 1034 5231; x_wconf 90' lang='lat' dir='ltr'>quo</span> <span class='ocrx_word' id='word_1_423' title='bbox 1079 5175 1204 5215; x_wconf 89' lang='lat' dir='ltr'>cum</span> <span class='ocrx_word' id='word_1_424' title='bbox 1245 5160 1486 5216; x_wconf 90' lang='lat' dir='ltr'>nudatur</span> <span class='ocrx_word' id='word_1_425' title='bbox 1520 5162 1882 5235; x_wconf 87' lang='lat' dir='ltr'>conscientia,</span> <span class='ocrx_word' id='word_1_426' title='bbox 1915 5161 2090 5234; x_wconf 90' lang='lat' dir='ltr'>operi-</span> 
     </span>
    </p>
   </div>
   <div class='ocr_carea' id='block_1_57' title="bbox 494 5245 2088 5323">
    <p class='ocr_par' dir='ltr' id='par_1_57' title="bbox 494 5245 2088 5323">
     <span class='ocr_line' id='line_1_57' title="bbox 494 5245 2088 5323; baseline 0.003 -21"><span class='ocrx_word' id='word_1_427' title='bbox 494 5253 586 5302; x_wconf 85' lang='lat' dir='ltr'>tur</span> <span class='ocrx_word' id='word_1_428' title='bbox 603 5245 720 5319; x_wconf 87' lang='grc'>(13)</span> <span class='ocrx_word' id='word_1_429' title='bbox 746 5264 760 5314; x_wconf 90' lang='grc'>;</span> <span class='ocrx_word' id='word_1_430' title='bbox 793 5256 848 5304; x_wconf 90' lang='lat' dir='ltr'>et</span> <span class='ocrx_word' id='word_1_431' title='bbox 866 5265 991 5305; x_wconf 89' lang='lat' dir='ltr'>cum</span> <span class='ocrx_word' id='word_1_432' title='bbox 1014 5248 1348 5322; x_wconf 89' lang='lat' dir='ltr'>publicatur,</span> <span class='ocrx_word' id='word_1_433' title='bbox 1367 5251 1634 5323; x_wconf 89' lang='lat' dir='ltr'>operitur.</span> <span class='ocrx_word' id='word_1_434' title='bbox 1656 5252 1728 5307; x_wconf 91' lang='lat' dir='ltr'>Et</span> <span class='ocrx_word' id='word_1_435' title='bbox 1749 5250 1877 5307; x_wconf 88' lang='lat' dir='ltr'>licet</span> <span class='ocrx_word' id='word_1_436' title='bbox 1897 5260 2088 5308; x_wconf 92' lang='lat' dir='ltr'>notum</span> 
     </span>
    </p>
   </div>
   <div class='ocr_carea' id='block_1_58' title="bbox 494 5334 2089 5412">
    <p class='ocr_par' dir='ltr' id='par_1_58' title="bbox 494 5334 2089 5412">
     <span class='ocr_line' id='line_1_58' title="bbox 494 5334 2089 5412; baseline 0.004 -21"><span class='ocrx_word' id='word_1_437' title='bbox 494 5334 568 5392; x_wconf 90' lang='lat' dir='ltr'>sit</span> <span class='ocrx_word' id='word_1_438' title='bbox 605 5337 718 5393; x_wconf 93' lang='lat' dir='ltr'>Deo</span> <span class='ocrx_word' id='word_1_439' title='bbox 761 5354 925 5394; x_wconf 91' lang='lat' dir='ltr'>omne</span> <span class='ocrx_word' id='word_1_440' title='bbox 971 5340 1118 5412; x_wconf 88' lang='lat' dir='ltr'>quod</span> <span class='ocrx_word' id='word_1_441' title='bbox 1165 5339 1427 5412; x_wconf 87' lang='lat' dir='ltr'>gerimus,</span> <span class='ocrx_word' id='word_1_442' title='bbox 1474 5356 1576 5398; x_wconf 90' lang='lat' dir='ltr'>nec</span> <span class='ocrx_word' id='word_1_443' title='bbox 1619 5342 1927 5398; x_wconf 88' lang='lat' dir='ltr'>occultetur</span> <span class='ocrx_word' id='word_1_444' title='bbox 1970 5357 2089 5397; x_wconf 83' lang='lat' dir='ltr'>sen-</span> 
     </span>
    </p>
   </div>
   <div class='ocr_carea' id='block_1_59' title="bbox 495 5423 2090 5502">
    <p class='ocr_par' dir='ltr' id='par_1_59' title="bbox 495 5423 2090 5502">
     <span class='ocr_line' id='line_1_59' title="bbox 495 5423 2090 5502; baseline 0.002 -21"><span class='ocrx_word' id='word_1_445' title='bbox 495 5423 649 5482; x_wconf 87' lang='lat' dir='ltr'>sibus</span> <span class='ocrx_word' id='word_1_446' title='bbox 677 5425 815 5499; x_wconf 88' lang='lat' dir='ltr'>ejus,</span> <span class='ocrx_word' id='word_1_447' title='bbox 845 5432 1139 5502; x_wconf 87' lang='lat' dir='ltr'>antequam</span> <span class='ocrx_word' id='word_1_448' title='bbox 1171 5429 1268 5488; x_wconf 88' lang='lat' dir='ltr'>ﬁat</span> <span class='ocrx_word' id='word_1_449' title='bbox 1295 5447 1310 5499; x_wconf 84' lang='lat'><strong>;</strong></span> <span class='ocrx_word' id='word_1_450' title='bbox 1342 5430 1558 5487; x_wconf 88' lang='lat' dir='ltr'>mavult</span> <span class='ocrx_word' id='word_1_451' title='bbox 1585 5438 1769 5486; x_wconf 89' lang='lat' dir='ltr'>tamen</span> <span class='ocrx_word' id='word_1_452' title='bbox 1797 5429 1981 5487; x_wconf 89' lang='lat' dir='ltr'>cordis</span> <span class='ocrx_word' id='word_1_453' title='bbox 2005 5428 2090 5486; x_wconf 90' lang='lat' dir='ltr'>tui</span> 
     </span>
    </p>
   </div>
   <div class='ocr_carea' id='block_1_60' title="bbox 571 5638 2091 5722">
    <p class='ocr_par' dir='ltr' id='par_1_60' title="bbox 571 5638 2091 5722">
     <span class='ocr_line' id='line_1_60' title="bbox 571 5638 2091 5722; baseline 0.005 -27"><span class='ocrx_word' id='word_1_454' title='bbox 571 5638 689 5720; x_wconf 88' lang='grc'>(13)</span> <span class='ocrx_word' id='word_1_455' title='bbox 736 5641 816 5722; x_wconf 66' lang='lat' dir='ltr'>ita</span> <span class='ocrx_word' id='word_1_456' title='bbox 861 5641 1037 5722; x_wconf 77' lang='lat' dir='ltr'>codex</span> <span class='ocrx_word' id='word_1_457' title='bbox 1068 5644 1222 5722; x_wconf 82' lang='lat' dir='ltr'>Rem.</span> <span class='ocrx_word' id='word_1_458' title='bbox 1256 5662 1271 5712; x_wconf 91' lang='lat'><strong>;</strong></span> <span class='ocrx_word' id='word_1_459' title='bbox 1303 5645 1434 5702; x_wconf 90' lang='lat' dir='ltr'>edit.</span> <span class='ocrx_word' id='word_1_460' title='bbox 1477 5661 1613 5722; x_wconf 85' lang='lat' dir='ltr'>_vero</span> <span class='ocrx_word' id='word_1_461' title='bbox 1642 5646 1798 5722; x_wconf 83' lang='lat' dir='ltr'>Gill.,</span> <span class='ocrx_word' id='word_1_462' title='bbox 1842 5662 1945 5716; x_wconf 85' lang='lat' dir='ltr'>quo</span> <span class='ocrx_word' id='word_1_463' title='bbox 1973 5663 2091 5702; x_wconf 86' lang='lat' dir='ltr'>cum</span> 
     </span>
    </p>
   </div>
   <div class='ocr_carea' id='block_1_61' title="bbox 498 5715 2090 5790">
    <p class='ocr_par' dir='ltr' id='par_1_61' title="bbox 498 5715 2090 5790">
     <span class='ocr_line' id='line_1_61' title="bbox 498 5715 2090 5790; baseline 0.007 -27"><span class='ocrx_word' id='word_1_464' title='bbox 498 5715 809 5767; x_wconf 76' lang='lat' dir='ltr'>conscientia</span> <span class='ocrx_word' id='word_1_465' title='bbox 838 5715 1078 5783; x_wconf 76' lang='lat' dir='ltr'>operitur</span> <span class='ocrx_word' id='word_1_466' title='bbox 1108 5733 1123 5783; x_wconf 86' lang='lat'><strong>;</strong></span> <span class='ocrx_word' id='word_1_467' title='bbox 1156 5716 1213 5770; x_wconf 90' lang='lat' dir='ltr'>in</span> <span class='ocrx_word' id='word_1_468' title='bbox 1243 5731 1437 5788; x_wconf 73' lang='lat' dir='ltr'>marg,</span> <span class='ocrx_word' id='word_1_469' title='bbox 1469 5715 1609 5771; x_wconf 87' lang='lat' dir='ltr'>forte</span> <span class='ocrx_word' id='word_1_470' title='bbox 1636 5715 1879 5788; x_wconf 62' lang='lat' dir='ltr'>aperitur</span> <span class='ocrx_word' id='word_1_471' title='bbox 1910 5733 1925 5782; x_wconf 87' lang='lat'><strong>;</strong></span> <span class='ocrx_word' id='word_1_472' title='bbox 1968 5733 2090 5790; x_wconf 86' lang='lat' dir='ltr'>qua</span> 
     </span>
    </p>
   </div>
   <div class='ocr_carea' id='block_1_62' title="bbox 2167 568 3784 648">
    <p class='ocr_par' dir='ltr' id='par_1_62' title="bbox 2167 568 3784 648">
     <span class='ocr_line' id='line_1_62' title="bbox 2167 568 3784 648; baseline -0.006 -14"><span class='ocrx_word' id='word_1_473' title='bbox 2167 586 2230 634; x_wconf 91' lang='lat' dir='ltr'>ut</span> <span class='ocrx_word' id='word_1_474' title='bbox 2276 576 2630 648; x_wconf 65' lang='lat' dir='ltr'>indulgentia</span> <span class='ocrx_word' id='word_1_475' title='bbox 2659 592 2770 631; x_wconf 89' lang='lat' dir='ltr'>sua</span> <span class='ocrx_word' id='word_1_476' title='bbox 2797 572 2944 629; x_wconf 92' lang='lat' dir='ltr'>dono</span> <span class='ocrx_word' id='word_1_477' title='bbox 2967 570 3176 644; x_wconf 91' lang='lat' dir='ltr'>operiat</span> <span class='ocrx_word' id='word_1_478' title='bbox 3208 568 3599 642; x_wconf 85' lang='lat' dir='ltr'>turpitudinis</span> <span class='ocrx_word' id='word_1_479' title='bbox 3628 570 3784 626; x_wconf 86' lang='lat' dir='ltr'>nudi-</span> 
     </span>
    </p>
   </div>
   <div class='ocr_carea' id='block_1_63' title="bbox 2168 661 3781 737">
    <p class='ocr_par' dir='ltr' id='par_1_63' title="bbox 2168 661 3781 737">
     <span class='ocr_line' id='line_1_63' title="bbox 2168 661 3781 737; baseline -0.005 -11"><span class='ocrx_word' id='word_1_480' title='bbox 2168 679 2356 727; x_wconf 89' lang='lat' dir='ltr'>tatem.</span> <span class='ocrx_word' id='word_1_481' title='bbox 2427 667 2713 737; x_wconf 87' lang='lat' dir='ltr'>Quomodo</span> <span class='ocrx_word' id='word_1_482' title='bbox 2754 667 2878 722; x_wconf 87' lang='lat' dir='ltr'>vult</span> <span class='ocrx_word' id='word_1_483' title='bbox 2917 665 3211 737; x_wconf 85' lang='lat' dir='ltr'>spoliatnm</span> <span class='ocrx_word' id='word_1_484' title='bbox 3265 661 3439 718; x_wconf 87' lang='lat' dir='ltr'>venia</span> <span class='ocrx_word' id='word_1_485' title='bbox 3491 661 3781 718; x_wconf 83' lang='lat' dir='ltr'>dimittere</span> 
     </span>
    </p>
   </div>
   <div class='ocr_carea' id='block_1_64' title="bbox 2169 744 3786 826">
    <p class='ocr_par' dir='ltr' id='par_1_64' title="bbox 2169 744 3786 826">
     <span class='ocr_line' id='line_1_64' title="bbox 2169 744 3786 826; baseline -0.005 -10"><span class='ocrx_word' id='word_1_486' title='bbox 2169 759 2521 816; x_wconf 80' lang='lat' dir='ltr'>confitentem</span> <span class='ocrx_word' id='word_1_487' title='bbox 2550 759 2578 814; x_wconf 74' lang='lat' dir='ltr'>‘i’</span> <span class='ocrx_word' id='word_1_488' title='bbox 2616 759 2693 813; x_wconf 89' lang='lat' dir='ltr'>De</span> <span class='ocrx_word' id='word_1_489' title='bbox 2738 744 2940 812; x_wconf 76' lang='lat' dir='ltr'>talibus</span> <span class='ocrx_word' id='word_1_490' title='bbox 2983 753 3255 826; x_wconf 82' lang='lat' dir='ltr'>Propheta</span> <span class='ocrx_word' id='word_1_491' title='bbox 3302 749 3678 808; x_wconf 84' lang='lat' dir='ltr'>beatissimus</span> <span class='ocrx_word' id='word_1_492' title='bbox 3707 769 3786 808; x_wconf 77' lang='lat' dir='ltr'>ce-</span> 
     </span>
    </p>
   </div>
   <div class='ocr_carea' id='block_1_65' title="bbox 2171 841 3787 917">
    <p class='ocr_par' dir='ltr' id='par_1_65' title="bbox 2171 841 3787 917">
     <span class='ocr_line' id='line_1_65' title="bbox 2171 841 3787 917; baseline -0.007 -9"><span class='ocrx_word' id='word_1_493' title='bbox 2171 849 2309 908; x_wconf 89' lang='lat' dir='ltr'>cinit</span> <span class='ocrx_word' id='word_1_494' title='bbox 2331 847 2518 905; x_wconf 90' lang='lat' dir='ltr'>dicens</span> <span class='ocrx_word' id='word_1_495' title='bbox 2548 864 2560 902; x_wconf 89' lang='lat'>:</span> <span class='ocrx_word' id='word_1_496' title='bbox 2609 869 2628 893; x_wconf 75' lang='grc' dir='ltr'>ι</span> <span class='ocrx_word' id='word_1_497' title='bbox 2660 844 2811 901; x_wconf 88' lang='lat' dir='ltr'>Beati</span> <span class='ocrx_word' id='word_1_498' title='bbox 2855 859 3087 917; x_wconf 90' lang='lat' dir='ltr'>quorum</span> <span class='ocrx_word' id='word_1_499' title='bbox 3119 842 3366 898; x_wconf 85' lang='lat' dir='ltr'>remissa</span> <span class='ocrx_word' id='word_1_500' title='bbox 3397 849 3535 898; x_wconf 89' lang='lat' dir='ltr'>sunt</span> <span class='ocrx_word' id='word_1_501' title='bbox 3577 841 3787 915; x_wconf 83' lang='lat' dir='ltr'>iniqui-</span> 
     </span>
    </p>
   </div>
   <div class='ocr_carea' id='block_1_66' title="bbox 2173 933 3772 1010">
    <p class='ocr_par' dir='ltr' id='par_1_66' title="bbox 2173 933 3772 1010">
     <span class='ocr_line' id='line_1_66' title="bbox 2173 933 3772 1010; baseline -0.006 -16"><span class='ocrx_word' id='word_1_502' title='bbox 2173 947 2330 1006; x_wconf 87' lang='lat' dir='ltr'>tates,</span> <span class='ocrx_word' id='word_1_503' title='bbox 2357 947 2410 994; x_wconf 91' lang='lat' dir='ltr'>et</span> <span class='ocrx_word' id='word_1_504' title='bbox 2430 952 2665 1010; x_wconf 88' lang='lat' dir='ltr'>quorum</span> <span class='ocrx_word' id='word_1_505' title='bbox 2693 943 2835 991; x_wconf 86' lang='lat' dir='ltr'>tecta</span> <span class='ocrx_word' id='word_1_506' title='bbox 2862 942 2991 990; x_wconf 90' lang='lat' dir='ltr'>sunt</span> <span class='ocrx_word' id='word_1_507' title='bbox 3014 940 3231 1005; x_wconf 87' lang='lat' dir='ltr'>peccata</span> <span class='ocrx_word' id='word_1_508' title='bbox 3259 933 3445 1000; x_wconf 84' lang='lat' dir='ltr'>(Psal.</span> <span class='ocrx_word' id='word_1_509' title='bbox 3480 933 3772 999; x_wconf 50' lang='grc' dir='ltr'>λαιά).-</span> 
     </span>
    </p>
   </div>
   <div class='ocr_carea' id='block_1_67' title="bbox 2173 1019 3791 1099">
    <p class='ocr_par' dir='ltr' id='par_1_67' title="bbox 2173 1019 3791 1099">
     <span class='ocr_line' id='line_1_67' title="bbox 2173 1019 3791 1099; baseline -0.006 -15"><span class='ocrx_word' id='word_1_510' title='bbox 2173 1029 2495 1099; x_wconf 88' lang='lat' dir='ltr'>Quanquam</span> <span class='ocrx_word' id='word_1_511' title='bbox 2567 1025 2672 1082; x_wconf 93' lang='lat' dir='ltr'>hoc</span> <span class='ocrx_word' id='word_1_512' title='bbox 2721 1022 3032 1082; x_wconf 82' lang='lat' dir='ltr'>evidentius</span> <span class='ocrx_word' id='word_1_513' title='bbox 3109 1021 3351 1094; x_wconf 89' lang='lat' dir='ltr'>pertinet</span> <span class='ocrx_word' id='word_1_514' title='bbox 3404 1019 3474 1076; x_wconf 90' lang='lat' dir='ltr'>ad</span> <span class='ocrx_word' id='word_1_515' title='bbox 3537 1028 3791 1089; x_wconf 83' lang='lat' dir='ltr'>renatos,</span> 
     </span>
    </p>
   </div>
   <div class='ocr_carea' id='block_1_68' title="bbox 2175 1108 3790 1189">
    <p class='ocr_par' dir='ltr' id='par_1_68' title="bbox 2175 1108 3790 1189">
     <span class='ocr_line' id='line_1_68' title="bbox 2175 1108 3790 1189; baseline -0.005 -17"><span class='ocrx_word' id='word_1_516' title='bbox 2175 1133 2408 1189; x_wconf 90' lang='lat' dir='ltr'>quorum</span> <span class='ocrx_word' id='word_1_517' title='bbox 2448 1123 2502 1171; x_wconf 93' lang='lat' dir='ltr'>et</span> <span class='ocrx_word' id='word_1_518' title='bbox 2543 1113 2863 1187; x_wconf 84' lang='lat' dir='ltr'>iniquitates</span> <span class='ocrx_word' id='word_1_519' title='bbox 2901 1120 2954 1168; x_wconf 91' lang='lat' dir='ltr'>et</span> <span class='ocrx_word' id='word_1_520' title='bbox 2985 1110 3221 1166; x_wconf 89' lang='lat' dir='ltr'>crimina</span> <span class='ocrx_word' id='word_1_521' title='bbox 3265 1108 3551 1182; x_wconf 88' lang='lat' dir='ltr'>baptismo</span> <span class='ocrx_word' id='word_1_522' title='bbox 3604 1110 3790 1182; x_wconf 84' lang='lat' dir='ltr'>operi-</span> 
     </span>
    </p>
   </div>
   <div class='ocr_carea' id='block_1_69' title="bbox 2176 1199 3790 1275">
    <p class='ocr_par' dir='ltr' id='par_1_69' title="bbox 2176 1199 3790 1275">
     <span class='ocr_line' id='line_1_69' title="bbox 2176 1199 3790 1275; baseline -0.004 -14"><span class='ocrx_word' id='word_1_523' title='bbox 2176 1214 2346 1262; x_wconf 85' lang='lat' dir='ltr'>untur</span> <span class='ocrx_word' id='word_1_524' title='bbox 2399 1213 2453 1260; x_wconf 89' lang='lat' dir='ltr'>et</span> <span class='ocrx_word' id='word_1_525' title='bbox 2509 1211 2812 1275; x_wconf 84' lang='lat' dir='ltr'>teguntur;</span> <span class='ocrx_word' id='word_1_526' title='bbox 2874 1199 3090 1256; x_wconf 84' lang='lat' dir='ltr'>ﬁdelem</span> <span class='ocrx_word' id='word_1_527' title='bbox 3145 1200 3295 1255; x_wconf 88' lang='lat' dir='ltr'>enim</span> <span class='ocrx_word' id='word_1_528' title='bbox 3353 1199 3537 1255; x_wconf 79' lang='lat' dir='ltr'>venia</span> <span class='ocrx_word' id='word_1_529' title='bbox 3597 1199 3790 1255; x_wconf 85' lang='lat' dir='ltr'>locum</span> 
     </span>
    </p>
   </div>
   <div class='ocr_carea' id='block_1_70' title="bbox 2177 1287 3792 1360">
    <p class='ocr_par' dir='ltr' id='par_1_70' title="bbox 2177 1287 3792 1360">
     <span class='ocr_line' id='line_1_70' title="bbox 2177 1287 3792 1360; baseline -0.005 -8"><span class='ocrx_word' id='word_1_530' title='bbox 2177 1304 2325 1352; x_wconf 88' lang='lat' dir='ltr'>tenet</span> <span class='ocrx_word' id='word_1_531' title='bbox 2371 1311 2482 1350; x_wconf 92' lang='lat' dir='ltr'>non</span> <span class='ocrx_word' id='word_1_532' title='bbox 2515 1292 2686 1348; x_wconf 85' lang='lat' dir='ltr'>inﬁda</span> <span class='ocrx_word' id='word_1_533' title='bbox 2729 1289 3022 1358; x_wconf 88' lang='lat' dir='ltr'>confessio,</span> <span class='ocrx_word' id='word_1_534' title='bbox 3053 1296 3108 1345; x_wconf 90' lang='lat' dir='ltr'>et</span> <span class='ocrx_word' id='word_1_535' title='bbox 3137 1289 3194 1345; x_wconf 94' lang='lat' dir='ltr'>in</span> <span class='ocrx_word' id='word_1_536' title='bbox 3235 1296 3358 1344; x_wconf 91' lang='lat' dir='ltr'>tuto</span> <span class='ocrx_word' id='word_1_537' title='bbox 3387 1295 3469 1344; x_wconf 87' lang='lat' dir='ltr'>est</span> <span class='ocrx_word' id='word_1_538' title='bbox 3501 1287 3792 1360; x_wconf 65' lang='lat' dir='ltr'>paenitens</span> 
     </span>
    </p>
   </div>
   <div class='ocr_carea' id='block_1_71' title="bbox 2177 1377 3792 1452">
    <p class='ocr_par' dir='ltr' id='par_1_71' title="bbox 2177 1377 3792 1452">
     <span class='ocr_line' id='line_1_71' title="bbox 2177 1377 3792 1452; baseline -0.006 -10"><span class='ocrx_word' id='word_1_539' title='bbox 2177 1382 2532 1452; x_wconf 89' lang='lat' dir='ltr'>conscientia,</span> <span class='ocrx_word' id='word_1_540' title='bbox 2570 1381 2616 1438; x_wconf 92' lang='lat' dir='ltr'>si</span> <span class='ocrx_word' id='word_1_541' title='bbox 2667 1379 3023 1452; x_wconf 80' lang='lat' dir='ltr'>indulgentia</span> <span class='ocrx_word' id='word_1_542' title='bbox 3073 1378 3452 1435; x_wconf 89' lang='lat' dir='ltr'>remissionem</span> <span class='ocrx_word' id='word_1_543' title='bbox 3503 1394 3625 1433; x_wconf 90' lang='lat' dir='ltr'>non</span> <span class='ocrx_word' id='word_1_544' title='bbox 3697 1377 3792 1433; x_wconf 87' lang='lat' dir='ltr'>du-</span> 
     </span>
    </p>
   </div>
   <div class='ocr_carea' id='block_1_72' title="bbox 2179 1476 2334 1538">
    <p class='ocr_par' dir='ltr' id='par_1_72' title="bbox 2179 1476 2334 1538">
     <span class='ocr_line' id='line_1_72' title="bbox 2179 1476 2334 1538; baseline -0.006 -6"><span class='ocrx_word' id='word_1_545' title='bbox 2179 1476 2334 1538; x_wconf 80' lang='lat' dir='ltr'>bitet.</span> 
     </span>
    </p>
   </div>
   <div class='ocr_carea' id='block_1_73' title="bbox 2250 1559 3793 1632">
    <p class='ocr_par' dir='ltr' id='par_1_73' title="bbox 2250 1559 3793 1632">
     <span class='ocr_line' id='line_1_73' title="bbox 2250 1559 3793 1632; baseline -0.003 -11"><span class='ocrx_word' id='word_1_546' title='bbox 2250 1562 2478 1621; x_wconf 85' lang='lat' dir='ltr'>CAPUT</span> <span class='ocrx_word' id='word_1_547' title='bbox 2507 1562 2628 1621; x_wconf 80' lang='lat' dir='ltr'>VII.</span> <span class='ocrx_word' id='word_1_548' title='bbox 2678 1592 2749 1603; x_wconf 95' lang='lat'><strong>—</strong></span> <span class='ocrx_word' id='word_1_549' title='bbox 2776 1561 2849 1617; x_wconf 81' lang='lat' dir='ltr'>At</span> <span class='ocrx_word' id='word_1_550' title='bbox 2878 1577 2907 1616; x_wconf 94' lang='lat' dir='ltr'>e</span> <span class='ocrx_word' id='word_1_551' title='bbox 2933 1559 3211 1618; x_wconf 87' lang='lat' dir='ltr'>contrario</span> <span class='ocrx_word' id='word_1_552' title='bbox 3253 1559 3496 1632; x_wconf 87' lang='lat' dir='ltr'>peccatis</span> <span class='ocrx_word' id='word_1_553' title='bbox 3524 1560 3793 1617; x_wconf 84' lang='lat' dir='ltr'>cumulus</span> 
     </span>
    </p>
   </div>
   <div class='ocr_carea' id='block_1_74' title="bbox 2179 1648 3792 1726">
    <p class='ocr_par' dir='ltr' id='par_1_74' title="bbox 2179 1648 3792 1726">
     <span class='ocr_line' id='line_1_74' title="bbox 2179 1648 3792 1726; baseline -0.004 -16"><span class='ocrx_word' id='word_1_554' title='bbox 2179 1653 2430 1726; x_wconf 89' lang='lat' dir='ltr'>erigitur,</span> <span class='ocrx_word' id='word_1_555' title='bbox 2475 1651 2522 1708; x_wconf 91' lang='lat' dir='ltr'>si</span> <span class='ocrx_word' id='word_1_556' title='bbox 2567 1649 2714 1724; x_wconf 91' lang='lat' dir='ltr'>quod</span> <span class='ocrx_word' id='word_1_557' title='bbox 2759 1650 3094 1717; x_wconf 88' lang='lat' dir='ltr'>admittitur,</span> <span class='ocrx_word' id='word_1_558' title='bbox 3147 1648 3205 1706; x_wconf 91' lang='lat' dir='ltr'>id</span> <span class='ocrx_word' id='word_1_559' title='bbox 3234 1657 3465 1721; x_wconf 87' lang='lat' dir='ltr'>negatur</span> <span class='ocrx_word' id='word_1_560' title='bbox 3501 1665 3514 1702; x_wconf 91' lang='lat'><strong>:</strong></span> <span class='ocrx_word' id='word_1_561' title='bbox 3551 1649 3711 1722; x_wconf 86' lang='lat' dir='ltr'>quod</span> <span class='ocrx_word' id='word_1_562' title='bbox 3739 1651 3792 1704; x_wconf 91' lang='lat' dir='ltr'>in</span> 
     </span>
    </p>
   </div>
   <div class='ocr_carea' id='block_1_75' title="bbox 2179 1739 3792 1814">
    <p class='ocr_par' dir='ltr' id='par_1_75' title="bbox 2179 1739 3792 1814">
     <span class='ocr_line' id='line_1_75' title="bbox 2179 1739 3792 1814; baseline 0.001 -18"><span class='ocrx_word' id='word_1_563' title='bbox 2179 1739 2323 1797; x_wconf 90' lang='lat' dir='ltr'>facto</span> <span class='ocrx_word' id='word_1_564' title='bbox 2369 1739 2504 1798; x_wconf 87' lang='lat' dir='ltr'>Cain</span> <span class='ocrx_word' id='word_1_565' title='bbox 2551 1756 2716 1812; x_wconf 89' lang='lat' dir='ltr'>supra</span> <span class='ocrx_word' id='word_1_566' title='bbox 2757 1741 3206 1810; x_wconf 86' lang='lat' dir='ltr'>memoravimus,</span> <span class='ocrx_word' id='word_1_567' title='bbox 3254 1741 3346 1814; x_wconf 90' lang='lat' dir='ltr'>qui</span> <span class='ocrx_word' id='word_1_568' title='bbox 3397 1741 3536 1798; x_wconf 88' lang='lat' dir='ltr'>dum</span> <span class='ocrx_word' id='word_1_569' title='bbox 3571 1742 3792 1814; x_wconf 77' lang='lat' dir='ltr'>putavit</span> 
     </span>
    </p>
   </div>
   <div class='ocr_carea' id='block_1_76' title="bbox 2179 1829 3791 1904">
    <p class='ocr_par' dir='ltr' id='par_1_76' title="bbox 2179 1829 3791 1904">
     <span class='ocr_line' id='line_1_76' title="bbox 2179 1829 3791 1904; baseline 0.002 -18"><span class='ocrx_word' id='word_1_570' title='bbox 2179 1830 2408 1887; x_wconf 81' lang='lat' dir='ltr'>Auctori</span> <span class='ocrx_word' id='word_1_571' title='bbox 2434 1847 2534 1886; x_wconf 92' lang='lat' dir='ltr'>suo</span> <span class='ocrx_word' id='word_1_572' title='bbox 2581 1829 2796 1887; x_wconf 84' lang='lat' dir='ltr'>facinus</span> <span class='ocrx_word' id='word_1_573' title='bbox 2845 1829 3132 1903; x_wconf 88' lang='lat' dir='ltr'>abnegare,</span> <span class='ocrx_word' id='word_1_574' title='bbox 3161 1847 3219 1887; x_wconf 91' lang='lat' dir='ltr'>se</span> <span class='ocrx_word' id='word_1_575' title='bbox 3248 1830 3430 1904; x_wconf 90' lang='lat' dir='ltr'>ipsum</span> <span class='ocrx_word' id='word_1_576' title='bbox 3461 1848 3652 1904; x_wconf 65' lang='lat' dir='ltr'>[Krause</span> <span class='ocrx_word' id='word_1_577' title='bbox 3684 1849 3791 1889; x_wconf 90' lang='lat' dir='ltr'>non</span> 
     </span>
    </p>
   </div>
   <div class='ocr_carea' id='block_1_77' title="bbox 2179 1919 3791 1988">
    <p class='ocr_par' dir='ltr' id='par_1_77' title="bbox 2179 1919 3791 1988">
     <span class='ocr_line' id='line_1_77' title="bbox 2179 1919 3791 1988; baseline 0.001 -11"><span class='ocrx_word' id='word_1_578' title='bbox 2179 1929 2259 1977; x_wconf 92' lang='lat' dir='ltr'>est</span> <span class='ocrx_word' id='word_1_579' title='bbox 2306 1921 2566 1976; x_wconf 88' lang='lat' dir='ltr'>remissus</span> <span class='ocrx_word' id='word_1_580' title='bbox 2618 1919 2859 1975; x_wconf 84' lang='lat' dir='ltr'>eximere</span> <span class='ocrx_word' id='word_1_581' title='bbox 2895 1937 2909 1988; x_wconf 91' lang='lat'><strong>;</strong></span> <span class='ocrx_word' id='word_1_582' title='bbox 2952 1927 3013 1975; x_wconf 91' lang='lat' dir='ltr'>ut</span> <span class='ocrx_word' id='word_1_583' title='bbox 3060 1919 3400 1977; x_wconf 90' lang='lat' dir='ltr'>conscientia</span> <span class='ocrx_word' id='word_1_584' title='bbox 3429 1919 3486 1975; x_wconf 90' lang='lat' dir='ltr'>in</span> <span class='ocrx_word' id='word_1_585' title='bbox 3533 1921 3674 1977; x_wconf 87' lang='lat' dir='ltr'>facti</span> <span class='ocrx_word' id='word_1_586' title='bbox 3706 1923 3791 1978; x_wconf 88' lang='lat' dir='ltr'>sui</span> 
     </span>
    </p>
   </div>
   <div class='ocr_carea' id='block_1_78' title="bbox 2178 2009 3791 2083">
    <p class='ocr_par' dir='ltr' id='par_1_78' title="bbox 2178 2009 3791 2083">
     <span class='ocr_line' id='line_1_78' title="bbox 2178 2009 3791 2083; baseline -0.001 -15"><span class='ocrx_word' id='word_1_587' title='bbox 2178 2011 2465 2068; x_wconf 83' lang='lat' dir='ltr'>atrocitate</span> <span class='ocrx_word' id='word_1_588' title='bbox 2503 2009 2790 2083; x_wconf 89' lang='lat' dir='ltr'>publicum</span> <span class='ocrx_word' id='word_1_589' title='bbox 2834 2009 3122 2066; x_wconf 88' lang='lat' dir='ltr'>frustraret</span> <span class='ocrx_word' id='word_1_590' title='bbox 3157 2018 3211 2066; x_wconf 92' lang='lat' dir='ltr'>et</span> <span class='ocrx_word' id='word_1_591' title='bbox 3238 2027 3308 2066; x_wconf 86' lang='lat' dir='ltr'>ex</span> <span class='ocrx_word' id='word_1_592' title='bbox 3346 2011 3652 2083; x_wconf 86' lang='lat' dir='ltr'>negatione</span> <span class='ocrx_word' id='word_1_593' title='bbox 3681 2011 3791 2066; x_wconf 81' lang='lat' dir='ltr'>fru-</span> 
     </span>
    </p>
   </div>
   <div class='ocr_carea' id='block_1_79' title="bbox 2180 2101 3789 2174">
    <p class='ocr_par' dir='ltr' id='par_1_79' title="bbox 2180 2101 3789 2174">
     <span class='ocr_line' id='line_1_79' title="bbox 2180 2101 3789 2174; baseline 0.001 -16"><span class='ocrx_word' id='word_1_594' title='bbox 2180 2111 2328 2158; x_wconf 90' lang='lat' dir='ltr'>ctum</span> <span class='ocrx_word' id='word_1_595' title='bbox 2379 2101 2736 2174; x_wconf 84' lang='lat' dir='ltr'>poenitentia.</span> <span class='ocrx_word' id='word_1_596' title='bbox 2784 2101 2998 2173; x_wconf 84' lang='lat' dir='ltr'>Negans</span> <span class='ocrx_word' id='word_1_597' title='bbox 3030 2101 3178 2155; x_wconf 90' lang='lat' dir='ltr'>enim</span> <span class='ocrx_word' id='word_1_598' title='bbox 3209 2109 3290 2156; x_wconf 89' lang='lat' dir='ltr'>est</span> <span class='ocrx_word' id='word_1_599' title='bbox 3318 2101 3643 2171; x_wconf 83' lang='lat' dir='ltr'>convictus,</span> <span class='ocrx_word' id='word_1_600' title='bbox 3678 2119 3789 2159; x_wconf 89' lang='lat' dir='ltr'>non</span> 
     </span>
    </p>
   </div>
   <div class='ocr_carea' id='block_1_80' title="bbox 2181 2189 3790 2260">
    <p class='ocr_par' dir='ltr' id='par_1_80' title="bbox 2181 2189 3790 2260">
     <span class='ocr_line' id='line_1_80' title="bbox 2181 2189 3790 2260; baseline 0.001 -13"><span class='ocrx_word' id='word_1_601' title='bbox 2181 2207 2249 2248; x_wconf 90' lang='lat' dir='ltr'>ex</span> <span class='ocrx_word' id='word_1_602' title='bbox 2294 2193 2581 2247; x_wconf 89' lang='lat' dir='ltr'>voluntate</span> <span class='ocrx_word' id='word_1_603' title='bbox 2633 2189 2936 2256; x_wconf 90' lang='lat' dir='ltr'>confessus,</span> <span class='ocrx_word' id='word_1_604' title='bbox 2994 2198 3046 2246; x_wconf 93' lang='lat' dir='ltr'>et</span> <span class='ocrx_word' id='word_1_605' title='bbox 3101 2189 3298 2260; x_wconf 85' lang='lat' dir='ltr'>punita</span> <span class='ocrx_word' id='word_1_606' title='bbox 3328 2197 3425 2246; x_wconf 81' lang='lat' dir='ltr'>&#39;est</span> <span class='ocrx_word' id='word_1_607' title='bbox 3468 2191 3531 2246; x_wconf 90' lang='lat' dir='ltr'>in</span> <span class='ocrx_word' id='word_1_608' title='bbox 3580 2193 3790 2249; x_wconf 80' lang='lat' dir='ltr'>scelere</span> 
     </span>
    </p>
   </div>
   <div class='ocr_carea' id='block_1_81' title="bbox 2181 2277 3787 2352">
    <p class='ocr_par' dir='ltr' id='par_1_81' title="bbox 2181 2277 3787 2352">
     <span class='ocr_line' id='line_1_81' title="bbox 2181 2277 3787 2352; baseline 0.001 -15"><span class='ocrx_word' id='word_1_609' title='bbox 2181 2280 2545 2348; x_wconf 90' lang='lat' dir='ltr'>contumacia,</span> <span class='ocrx_word' id='word_1_610' title='bbox 2586 2278 2716 2352; x_wconf 88' lang='lat' dir='ltr'>quia</span> <span class='ocrx_word' id='word_1_611' title='bbox 2783 2277 3274 2351; x_wconf 89' lang='lat' dir='ltr'>interrogationem</span> <span class='ocrx_word' id='word_1_612' title='bbox 3323 2295 3436 2335; x_wconf 93' lang='lat' dir='ltr'>non</span> <span class='ocrx_word' id='word_1_613' title='bbox 3488 2281 3787 2338; x_wconf 72' lang='lat' dir='ltr'>subsecuta</span> 
     </span>
    </p>
   </div>
   <div class='ocr_carea' id='block_1_82' title="bbox 2182 2370 3784 2444">
    <p class='ocr_par' dir='ltr' id='par_1_82' title="bbox 2182 2370 3784 2444">
     <span class='ocr_line' id='line_1_82' title="bbox 2182 2370 3784 2444; baseline -0.001 -14"><span class='ocrx_word' id='word_1_614' title='bbox 2182 2381 2264 2430; x_wconf 89' lang='lat' dir='ltr'>est</span> <span class='ocrx_word' id='word_1_615' title='bbox 2313 2372 2580 2430; x_wconf 83' lang='lat' dir='ltr'>conﬁtens</span> <span class='ocrx_word' id='word_1_616' title='bbox 2631 2370 2972 2443; x_wconf 72' lang='lat' dir='ltr'>panitentia.</span> <span class='ocrx_word' id='word_1_617' title='bbox 3025 2371 3181 2427; x_wconf 90' lang='lat' dir='ltr'>Libet</span> <span class='ocrx_word' id='word_1_618' title='bbox 3227 2371 3399 2443; x_wconf 90' lang='lat' dir='ltr'>igitur</span> <span class='ocrx_word' id='word_1_619' title='bbox 3439 2371 3784 2444; x_wconf 88' lang='lat' dir='ltr'>pedetentim</span> 
     </span>
    </p>
   </div>
   <div class='ocr_carea' id='block_1_83' title="bbox 2185 2461 3782 2534">
    <p class='ocr_par' dir='ltr' id='par_1_83' title="bbox 2185 2461 3782 2534">
     <span class='ocr_line' id='line_1_83' title="bbox 2185 2461 3782 2534; baseline -0.001 -15"><span class='ocrx_word' id='word_1_620' title='bbox 2185 2462 2276 2520; x_wconf 90' lang='lat' dir='ltr'>hic</span> <span class='ocrx_word' id='word_1_621' title='bbox 2323 2463 2476 2518; x_wconf 88' lang='lat' dir='ltr'>illius</span> <span class='ocrx_word' id='word_1_622' title='bbox 2505 2461 2764 2517; x_wconf 90' lang='lat' dir='ltr'>vindicta</span> <span class='ocrx_word' id='word_1_623' title='bbox 2793 2461 3202 2534; x_wconf 90' lang='lat' dir='ltr'>septemplicem</span> <span class='ocrx_word' id='word_1_624' title='bbox 3233 2462 3447 2533; x_wconf 89' lang='lat' dir='ltr'>aperire</span> <span class='ocrx_word' id='word_1_625' title='bbox 3483 2463 3782 2530; x_wconf 76' lang='lat' dir='ltr'>rationem,</span> 
     </span>
    </p>
   </div>
   <div class='ocr_carea' id='block_1_84' title="bbox 2184 2550 3784 2625">
    <p class='ocr_par' dir='ltr' id='par_1_84' title="bbox 2184 2550 3784 2625">
     <span class='ocr_line' id='line_1_84' title="bbox 2184 2550 3784 2625; baseline 0 -16"><span class='ocrx_word' id='word_1_626' title='bbox 2184 2563 2234 2609; x_wconf 90' lang='lat' dir='ltr'>et</span> <span class='ocrx_word' id='word_1_627' title='bbox 2286 2567 2534 2625; x_wconf 84' lang='lat' dir='ltr'>quanam</span> <span class='ocrx_word' id='word_1_628' title='bbox 2583 2567 2740 2607; x_wconf 88' lang='lat' dir='ltr'>causa</span> <span class='ocrx_word' id='word_1_629' title='bbox 2795 2550 3034 2623; x_wconf 89' lang='lat' dir='ltr'>coegerit</span> <span class='ocrx_word' id='word_1_630' title='bbox 3078 2558 3192 2606; x_wconf 85' lang='lat' dir='ltr'>tam</span> <span class='ocrx_word' id='word_1_631' title='bbox 3238 2550 3438 2607; x_wconf 86' lang='lat' dir='ltr'>duram</span> <span class='ocrx_word' id='word_1_632' title='bbox 3467 2556 3784 2609; x_wconf 69' lang='lat' dir='ltr'>coacervari</span> 
     </span>
    </p>
   </div>
   <div class='ocr_carea' id='block_1_85' title="bbox 2185 2639 3784 2713">
    <p class='ocr_par' dir='ltr' id='par_1_85' title="bbox 2185 2639 3784 2713">
     <span class='ocr_line' id='line_1_85' title="bbox 2185 2639 3784 2713; baseline 0.001 -14"><span class='ocrx_word' id='word_1_633' title='bbox 2185 2643 2533 2707; x_wconf 89' lang='lat' dir='ltr'>sententiam,</span> <span class='ocrx_word' id='word_1_634' title='bbox 2553 2640 2830 2696; x_wconf 84' lang='lat' dir='ltr'>evidentis</span> <span class='ocrx_word' id='word_1_635' title='bbox 2859 2640 2938 2697; x_wconf 88' lang='lat' dir='ltr'>rei</span> <span class='ocrx_word' id='word_1_636' title='bbox 2977 2639 3304 2713; x_wconf 86' lang='lat' dir='ltr'>probatione</span> <span class='ocrx_word' id='word_1_637' title='bbox 3336 2651 3688 2711; x_wconf 89' lang='lat' dir='ltr'>monstrare;</span> <span class='ocrx_word' id='word_1_638' title='bbox 3722 2661 3784 2700; x_wconf 84' lang='lat' dir='ltr'>ne</span> 
     </span>
    </p>
   </div>
   <div class='ocr_carea' id='block_1_86' title="bbox 2185 2729 3784 2804">
    <p class='ocr_par' dir='ltr' id='par_1_86' title="bbox 2185 2729 3784 2804">
     <span class='ocr_line' id='line_1_86' title="bbox 2185 2729 3784 2804; baseline 0.001 -17"><span class='ocrx_word' id='word_1_639' title='bbox 2185 2731 2510 2788; x_wconf 90' lang='lat' dir='ltr'>enormitate</span> <span class='ocrx_word' id='word_1_640' title='bbox 2557 2729 2816 2786; x_wconf 86' lang='lat' dir='ltr'>vindicta</span> <span class='ocrx_word' id='word_1_641' title='bbox 2847 2737 3025 2803; x_wconf 88' lang='lat' dir='ltr'>pateat</span> <span class='ocrx_word' id='word_1_642' title='bbox 3057 2729 3123 2785; x_wconf 82' lang='lat' dir='ltr'>ad</span> <span class='ocrx_word' id='word_1_643' title='bbox 3153 2731 3526 2803; x_wconf 85' lang='lat' dir='ltr'>suspicionem</span> <span class='ocrx_word' id='word_1_644' title='bbox 3571 2730 3784 2804; x_wconf 83' lang='lat' dir='ltr'>injusti-</span> 
     </span>
    </p>
   </div>
   <div class='ocr_carea' id='block_1_87' title="bbox 2186 2819 3789 2893">
    <p class='ocr_par' dir='ltr' id='par_1_87' title="bbox 2186 2819 3789 2893">
     <span class='ocr_line' id='line_1_87' title="bbox 2186 2819 3789 2893; baseline -0.001 -15"><span class='ocrx_word' id='word_1_645' title='bbox 2186 2822 2275 2878; x_wconf 86' lang='lat' dir='ltr'>tia</span> <span class='ocrx_word' id='word_1_646' title='bbox 2306 2820 2398 2876; x_wconf 90' lang='lat' dir='ltr'>via</span> <span class='ocrx_word' id='word_1_647' title='bbox 2443 2819 2734 2877; x_wconf 88' lang='lat' dir='ltr'>calumnia</span> <span class='ocrx_word' id='word_1_648' title='bbox 2761 2837 2772 2874; x_wconf 86' lang='lat'><strong>:</strong></span> <span class='ocrx_word' id='word_1_649' title='bbox 2819 2835 3132 2893; x_wconf 87' lang='lat' dir='ltr'>quanquam</span> <span class='ocrx_word' id='word_1_650' title='bbox 3161 2821 3296 2875; x_wconf 83' lang='lat' dir='ltr'>novi</span> <span class='ocrx_word' id='word_1_651' title='bbox 3329 2821 3555 2876; x_wconf 88' lang='lat' dir='ltr'>sceleris</span> <span class='ocrx_word' id='word_1_652' title='bbox 3585 2823 3789 2877; x_wconf 79' lang='lat' dir='ltr'>inven-</span> 
     </span>
    </p>
   </div>
   <div class='ocr_carea' id='block_1_88' title="bbox 2185 2908 3789 2984">
    <p class='ocr_par' dir='ltr' id='par_1_88' title="bbox 2185 2908 3789 2984">
     <span class='ocr_line' id='line_1_88' title="bbox 2185 2908 3789 2984; baseline 0.001 -17"><span class='ocrx_word' id='word_1_653' title='bbox 2185 2919 2304 2967; x_wconf 90' lang='lat' dir='ltr'>tum</span> <span class='ocrx_word' id='word_1_654' title='bbox 2355 2909 2653 2966; x_wconf 87' lang='lat' dir='ltr'>vehemens</span> <span class='ocrx_word' id='word_1_655' title='bbox 2699 2908 2892 2965; x_wconf 89' lang='lat' dir='ltr'>debeat</span> <span class='ocrx_word' id='word_1_656' title='bbox 2940 2909 3194 2965; x_wconf 87' lang='lat' dir='ltr'>comitari</span> <span class='ocrx_word' id='word_1_657' title='bbox 3243 2910 3606 2983; x_wconf 86' lang='lat' dir='ltr'>supplicium,</span> <span class='ocrx_word' id='word_1_658' title='bbox 3645 2912 3789 2984; x_wconf 87' lang='lat' dir='ltr'>quod</span> 
     </span>
    </p>
   </div>
   <div class='ocr_carea' id='block_1_89' title="bbox 2187 2997 3787 3071">
    <p class='ocr_par' dir='ltr' id='par_1_89' title="bbox 2187 2997 3787 3071">
     <span class='ocr_line' id='line_1_89' title="bbox 2187 2997 3787 3071; baseline -0.001 -15"><span class='ocrx_word' id='word_1_659' title='bbox 2187 2998 2528 3071; x_wconf 87' lang='lat' dir='ltr'>longioribus</span> <span class='ocrx_word' id='word_1_660' title='bbox 2551 3005 2690 3054; x_wconf 90' lang='lat' dir='ltr'>esset</span> <span class='ocrx_word' id='word_1_661' title='bbox 2718 2997 2948 3070; x_wconf 89' lang='lat' dir='ltr'>posteris</span> <span class='ocrx_word' id='word_1_662' title='bbox 2976 2997 3034 3052; x_wconf 90' lang='lat' dir='ltr'>in</span> <span class='ocrx_word' id='word_1_663' title='bbox 3064 3000 3400 3071; x_wconf 80' lang='lat' dir='ltr'>exemplum.</span> <span class='ocrx_word' id='word_1_664' title='bbox 3439 2999 3605 3055; x_wconf 85' lang='lat' dir='ltr'>Errat</span> <span class='ocrx_word' id='word_1_665' title='bbox 3645 3000 3787 3056; x_wconf 88' lang='lat' dir='ltr'>enim</span> 
     </span>
    </p>
   </div>
   <div class='ocr_carea' id='block_1_90' title="bbox 2188 3085 3785 3161">
    <p class='ocr_par' dir='ltr' id='par_1_90' title="bbox 2188 3085 3785 3161">
     <span class='ocr_line' id='line_1_90' title="bbox 2188 3085 3785 3161; baseline 0.001 -17"><span class='ocrx_word' id='word_1_666' title='bbox 2188 3089 2280 3161; x_wconf 89' lang='lat' dir='ltr'>qui</span> <span class='ocrx_word' id='word_1_667' title='bbox 2312 3095 2464 3160; x_wconf 90' lang='lat' dir='ltr'>putat</span> <span class='ocrx_word' id='word_1_668' title='bbox 2494 3104 2605 3144; x_wconf 91' lang='lat' dir='ltr'>uno</span> <span class='ocrx_word' id='word_1_669' title='bbox 2632 3087 2804 3142; x_wconf 90' lang='lat' dir='ltr'>teneri</span> <span class='ocrx_word' id='word_1_670' title='bbox 2827 3085 3060 3144; x_wconf 90' lang='lat' dir='ltr'>crimine</span> <span class='ocrx_word' id='word_1_671' title='bbox 3092 3086 3451 3159; x_wconf 88' lang='lat' dir='ltr'>parricidam,</span> <span class='ocrx_word' id='word_1_672' title='bbox 3483 3106 3613 3145; x_wconf 91' lang='lat' dir='ltr'>cum</span> <span class='ocrx_word' id='word_1_673' title='bbox 3649 3089 3785 3160; x_wconf 57' lang='lat' dir='ltr'>ejus.</span> 
     </span>
    </p>
   </div>
   <div class='ocr_carea' id='block_1_91' title="bbox 2191 3177 3786 3249">
    <p class='ocr_par' dir='ltr' id='par_1_91' title="bbox 2191 3177 3786 3249">
     <span class='ocr_line' id='line_1_91' title="bbox 2191 3177 3786 3249; baseline 0.001 -16"><span class='ocrx_word' id='word_1_674' title='bbox 2191 3177 2339 3234; x_wconf 93' lang='lat' dir='ltr'>modi</span> <span class='ocrx_word' id='word_1_675' title='bbox 2386 3177 2606 3235; x_wconf 91' lang='lat' dir='ltr'>sceleris</span> <span class='ocrx_word' id='word_1_676' title='bbox 2653 3177 2970 3234; x_wconf 90' lang='lat' dir='ltr'>testimonio</span> <span class='ocrx_word' id='word_1_677' title='bbox 3015 3180 3324 3249; x_wconf 77' lang='lat' dir='ltr'>constipata</span> <span class='ocrx_word' id='word_1_678' title='bbox 3350 3179 3464 3234; x_wconf 92' lang='lat' dir='ltr'>sint</span> <span class='ocrx_word' id='word_1_679' title='bbox 3495 3181 3693 3236; x_wconf 90' lang='lat' dir='ltr'>omnia</span> <span class='ocrx_word' id='word_1_680' title='bbox 3719 3181 3786 3235; x_wconf 85' lang='lat' dir='ltr'>fa-</span> 
     </span>
    </p>
   </div>
   <div class='ocr_carea' id='block_1_92' title="bbox 2189 3266 3786 3343">
    <p class='ocr_par' dir='ltr' id='par_1_92' title="bbox 2189 3266 3786 3343">
     <span class='ocr_line' id='line_1_92' title="bbox 2189 3266 3786 3343; baseline 0.001 -19"><span class='ocrx_word' id='word_1_681' title='bbox 2189 3267 2378 3325; x_wconf 90' lang='lat' dir='ltr'>cinora</span> <span class='ocrx_word' id='word_1_682' title='bbox 2415 3283 2426 3322; x_wconf 95' lang='lat'>:</span> <span class='ocrx_word' id='word_1_683' title='bbox 2478 3267 2643 3323; x_wconf 88' lang='lat' dir='ltr'>audio</span> <span class='ocrx_word' id='word_1_684' title='bbox 2687 3266 2834 3324; x_wconf 90' lang='lat' dir='ltr'>enim</span> <span class='ocrx_word' id='word_1_685' title='bbox 2879 3268 3178 3322; x_wconf 89' lang='lat' dir='ltr'>Dominum</span> <span class='ocrx_word' id='word_1_686' title='bbox 3218 3267 3424 3324; x_wconf 83' lang='lat' dir='ltr'>dixisse</span> <span class='ocrx_word' id='word_1_687' title='bbox 3459 3285 3471 3323; x_wconf 94' lang='lat'><strong>:</strong></span> <span class='ocrx_word' id='word_1_688' title='bbox 3536 3295 3556 3315; x_wconf 82' lang='lat'><strong>-</strong></span> <span class='ocrx_word' id='word_1_689' title='bbox 3585 3270 3786 3343; x_wconf 81' lang='lat' dir='ltr'>Diliges</span> 
     </span>
    </p>
   </div>
   <div class='ocr_carea' id='block_1_93' title="bbox 2190 3366 3785 3437">
    <p class='ocr_par' dir='ltr' id='par_1_93' title="bbox 2190 3366 3785 3437">
     <span class='ocr_line' id='line_1_93' title="bbox 2190 3366 3785 3437; baseline 0.002 -16"><span class='ocrx_word' id='word_1_690' title='bbox 2190 3366 2487 3422; x_wconf 88' lang='lat' dir='ltr'>Dominum</span> <span class='ocrx_word' id='word_1_691' title='bbox 2520 3367 2692 3421; x_wconf 91' lang='lat' dir='ltr'>Deum</span> <span class='ocrx_word' id='word_1_692' title='bbox 2722 3372 2878 3421; x_wconf 90' lang='lat' dir='ltr'>tuum</span> <span class='ocrx_word' id='word_1_693' title='bbox 2905 3381 2974 3421; x_wconf 86' lang='lat' dir='ltr'>ex</span> <span class='ocrx_word' id='word_1_694' title='bbox 3007 3375 3123 3423; x_wconf 91' lang='lat' dir='ltr'>toto</span> <span class='ocrx_word' id='word_1_695' title='bbox 3152 3367 3316 3423; x_wconf 86' lang='lat' dir='ltr'>corde</span> <span class='ocrx_word' id='word_1_696' title='bbox 3342 3377 3463 3437; x_wconf 89' lang='lat' dir='ltr'>tuo,</span> <span class='ocrx_word' id='word_1_697' title='bbox 3495 3377 3552 3424; x_wconf 92' lang='lat' dir='ltr'>et</span> <span class='ocrx_word' id='word_1_698' title='bbox 3581 3386 3652 3424; x_wconf 82' lang='lat' dir='ltr'>ex</span> <span class='ocrx_word' id='word_1_699' title='bbox 3679 3378 3785 3426; x_wconf 80' lang='lat' dir='ltr'>tota</span> 
     </span>
    </p>
   </div>
   <div class='ocr_carea' id='block_1_94' title="bbox 2192 3454 3784 3531">
    <p class='ocr_par' dir='ltr' id='par_1_94' title="bbox 2192 3454 3784 3531">
     <span class='ocr_line' id='line_1_94' title="bbox 2192 3454 3784 3531; baseline 0.005 -25"><span class='ocrx_word' id='word_1_700' title='bbox 2192 3454 2397 3510; x_wconf 90' lang='lat' dir='ltr'>virtute</span> <span class='ocrx_word' id='word_1_701' title='bbox 2425 3461 2516 3510; x_wconf 89' lang='lat' dir='ltr'>tua</span> <span class='ocrx_word' id='word_1_702' title='bbox 2551 3470 2562 3508; x_wconf 89' lang='lat'>:</span> <span class='ocrx_word' id='word_1_703' title='bbox 2596 3461 2650 3509; x_wconf 90' lang='lat' dir='ltr'>et</span> <span class='ocrx_word' id='word_1_704' title='bbox 2677 3454 2872 3527; x_wconf 89' lang='lat' dir='ltr'>diliges</span> <span class='ocrx_word' id='word_1_705' title='bbox 2911 3455 3228 3526; x_wconf 87' lang='lat' dir='ltr'>proximum</span> <span class='ocrx_word' id='word_1_706' title='bbox 3259 3464 3422 3512; x_wconf 91' lang='lat' dir='ltr'>tuum</span> <span class='ocrx_word' id='word_1_707' title='bbox 3457 3465 3723 3531; x_wconf 86' lang='lat' dir='ltr'>tanquam</span> <span class='ocrx_word' id='word_1_708' title='bbox 3738 3467 3784 3514; x_wconf 88' lang='lat' dir='ltr'>te</span> 
     </span>
    </p>
   </div>
   <div class='ocr_carea' id='block_1_95' title="bbox 2192 3543 3781 3616">
    <p class='ocr_par' dir='ltr' id='par_1_95' title="bbox 2192 3543 3781 3616">
     <span class='ocr_line' id='line_1_95' title="bbox 2192 3543 3781 3616; baseline 0.004 -18"><span class='ocrx_word' id='word_1_709' title='bbox 2192 3543 2372 3616; x_wconf 87' lang='lat' dir='ltr'>ipsum</span> <span class='ocrx_word' id='word_1_710' title='bbox 2407 3544 2620 3613; x_wconf 83' lang='lat' dir='ltr'>(Matth.</span> <span class='ocrx_word' id='word_1_711' title='bbox 2651 3559 2790 3612; x_wconf 86' lang='lat' dir='ltr'>xxn,</span> <span class='ocrx_word' id='word_1_712' title='bbox 2825 3543 2912 3612; x_wconf 90' lang='lat'>37,</span> <span class='ocrx_word' id='word_1_713' title='bbox 2942 3544 3073 3616; x_wconf 90' lang='lat'>39);</span> <span class='ocrx_word' id='word_1_714' title='bbox 3108 3569 3125 3592; x_wconf 77' lang='grc' dir='ltr'>ι</span> <span class='ocrx_word' id='word_1_715' title='bbox 3169 3545 3315 3602; x_wconf 89' lang='lat' dir='ltr'>unde</span> <span class='ocrx_word' id='word_1_716' title='bbox 3355 3547 3416 3602; x_wconf 89' lang='lat' dir='ltr'>in</span> <span class='ocrx_word' id='word_1_717' title='bbox 3445 3545 3540 3602; x_wconf 86' lang='lat' dir='ltr'>his</span> <span class='ocrx_word' id='word_1_718' title='bbox 3568 3548 3781 3605; x_wconf 84' lang='lat' dir='ltr'>duobus</span> 
     </span>
    </p>
   </div>
   <div class='ocr_carea' id='block_1_96' title="bbox 2193 3630 3776 3711">
    <p class='ocr_par' dir='ltr' id='par_1_96' title="bbox 2193 3630 3776 3711">
     <span class='ocr_line' id='line_1_96' title="bbox 2193 3630 3776 3711; baseline 0.005 -24"><span class='ocrx_word' id='word_1_719' title='bbox 2193 3630 2466 3688; x_wconf 88' lang='lat' dir='ltr'>mandatis</span> <span class='ocrx_word' id='word_1_720' title='bbox 2508 3640 2623 3689; x_wconf 88' lang='lat' dir='ltr'>tota</span> <span class='ocrx_word' id='word_1_721' title='bbox 2665 3633 2754 3688; x_wconf 85' lang='lat' dir='ltr'>lex</span> <span class='ocrx_word' id='word_1_722' title='bbox 2804 3632 3002 3704; x_wconf 88' lang='lat' dir='ltr'>pendet</span> <span class='ocrx_word' id='word_1_723' title='bbox 3030 3644 3084 3690; x_wconf 90' lang='lat' dir='ltr'>et</span> <span class='ocrx_word' id='word_1_724' title='bbox 3122 3635 3422 3709; x_wconf 78' lang='lat' dir='ltr'>propheta.</span> <span class='ocrx_word' id='word_1_725' title='bbox 3477 3637 3621 3695; x_wconf 89' lang='lat' dir='ltr'>Cum</span> <span class='ocrx_word' id='word_1_726' title='bbox 3651 3655 3776 3711; x_wconf 86' lang='lat' dir='ltr'>ergo</span> 
     </span>
    </p>
   </div>
   <div class='ocr_carea' id='block_1_97' title="bbox 2193 3722 3780 3802">
    <p class='ocr_par' dir='ltr' id='par_1_97' title="bbox 2193 3722 3780 3802">
     <span class='ocr_line' id='line_1_97' title="bbox 2193 3722 3780 3802; baseline 0.004 -24"><span class='ocrx_word' id='word_1_727' title='bbox 2193 3722 2407 3780; x_wconf 89' lang='lat' dir='ltr'>duobus</span> <span class='ocrx_word' id='word_1_728' title='bbox 2448 3723 2536 3780; x_wconf 89' lang='lat' dir='ltr'>his</span> <span class='ocrx_word' id='word_1_729' title='bbox 2563 3723 2846 3797; x_wconf 88' lang='lat' dir='ltr'>praceptis</span> <span class='ocrx_word' id='word_1_730' title='bbox 2890 3725 3124 3799; x_wconf 86' lang='lat' dir='ltr'>pendeat</span> <span class='ocrx_word' id='word_1_731' title='bbox 3151 3744 3314 3783; x_wconf 89' lang='lat' dir='ltr'>omne</span> <span class='ocrx_word' id='word_1_732' title='bbox 3345 3727 3496 3801; x_wconf 89' lang='lat' dir='ltr'>quod</span> <span class='ocrx_word' id='word_1_733' title='bbox 3526 3729 3662 3802; x_wconf 82' lang='lat' dir='ltr'>legis</span> <span class='ocrx_word' id='word_1_734' title='bbox 3689 3739 3780 3796; x_wconf 85' lang='lat' dir='ltr'>est,</span> 
     </span>
    </p>
   </div>
   <div class='ocr_carea' id='block_1_98' title="bbox 2197 3811 3779 3890">
    <p class='ocr_par' dir='ltr' id='par_1_98' title="bbox 2197 3811 3779 3890">
     <span class='ocr_line' id='line_1_98' title="bbox 2197 3811 3779 3890; baseline 0.005 -24"><span class='ocrx_word' id='word_1_735' title='bbox 2197 3811 2520 3889; x_wconf 77' lang='lat' dir='ltr'>videamque</span> <span class='ocrx_word' id='word_1_736' title='bbox 2549 3812 2684 3869; x_wconf 87' lang='lat' dir='ltr'>Cain</span> <span class='ocrx_word' id='word_1_737' title='bbox 2715 3830 2815 3870; x_wconf 91' lang='lat' dir='ltr'>nec</span> <span class='ocrx_word' id='word_1_738' title='bbox 2847 3815 3021 3870; x_wconf 90' lang='lat' dir='ltr'>Deum</span> <span class='ocrx_word' id='word_1_739' title='bbox 3051 3813 3331 3884; x_wconf 86' lang='lat' dir='ltr'>dilexisse,</span> <span class='ocrx_word' id='word_1_740' title='bbox 3362 3815 3526 3889; x_wconf 88' lang='lat' dir='ltr'>cujus</span> <span class='ocrx_word' id='word_1_741' title='bbox 3549 3819 3779 3890; x_wconf 88' lang='lat' dir='ltr'>primum</span> 
     </span>
    </p>
   </div>
   <div class='ocr_carea' id='block_1_99' title="bbox 2196 3901 3782 3977">
    <p class='ocr_par' dir='ltr' id='par_1_99' title="bbox 2196 3901 3782 3977">
     <span class='ocr_line' id='line_1_99' title="bbox 2196 3901 3782 3977; baseline 0.006 -21"><span class='ocrx_word' id='word_1_742' title='bbox 2196 3901 2456 3958; x_wconf 88' lang='lat' dir='ltr'>fabricam</span> <span class='ocrx_word' id='word_1_743' title='bbox 2480 3901 2712 3960; x_wconf 84' lang='lat' dir='ltr'>violavit</span> <span class='ocrx_word' id='word_1_744' title='bbox 2739 3921 2751 3959; x_wconf 91' lang='lat'><strong><em>:</em></strong></span> <span class='ocrx_word' id='word_1_745' title='bbox 2785 3913 2839 3960; x_wconf 91' lang='lat' dir='ltr'>et</span> <span class='ocrx_word' id='word_1_746' title='bbox 2867 3919 3185 3975; x_wconf 86' lang='lat' dir='ltr'>germanum</span> <span class='ocrx_word' id='word_1_747' title='bbox 3208 3905 3568 3963; x_wconf 87' lang='lat' dir='ltr'>vehementer</span> <span class='ocrx_word' id='word_1_748' title='bbox 3594 3907 3782 3977; x_wconf 77' lang='lat' dir='ltr'>odisse,</span> 
     </span>
    </p>
   </div>
   <div class='ocr_carea' id='block_1_100' title="bbox 2195 3993 3783 4071">
    <p class='ocr_par' dir='ltr' id='par_1_100' title="bbox 2195 3993 3783 4071">
     <span class='ocr_line' id='line_1_100' title="bbox 2195 3993 3783 4071; baseline 0.005 -24"><span class='ocrx_word' id='word_1_749' title='bbox 2195 4009 2356 4065; x_wconf 90' lang='lat' dir='ltr'>quem</span> <span class='ocrx_word' id='word_1_750' title='bbox 2389 3993 2655 4050; x_wconf 88' lang='lat' dir='ltr'>instinctu</span> <span class='ocrx_word' id='word_1_751' title='bbox 2675 3994 2973 4066; x_wconf 88' lang='lat' dir='ltr'>impietatis</span> <span class='ocrx_word' id='word_1_752' title='bbox 2996 3996 3201 4053; x_wconf 88' lang='lat' dir='ltr'>occidit</span> <span class='ocrx_word' id='word_1_753' title='bbox 3225 4013 3237 4051; x_wconf 92' lang='lat'><em>:</em></span> <span class='ocrx_word' id='word_1_754' title='bbox 3261 4007 3490 4071; x_wconf 87' lang='lat' dir='ltr'>apparet</span> <span class='ocrx_word' id='word_1_755' title='bbox 3512 3998 3674 4054; x_wconf 90' lang='lat' dir='ltr'>illum</span> <span class='ocrx_word' id='word_1_756' title='bbox 3701 3999 3783 4055; x_wconf 80' lang='lat' dir='ltr'>ad-</span> 
     </span>
    </p>
   </div>
   <div class='ocr_carea' id='block_1_101' title="bbox 2195 4080 3788 4159">
    <p class='ocr_par' dir='ltr' id='par_1_101' title="bbox 2195 4080 3788 4159">
     <span class='ocr_line' id='line_1_101' title="bbox 2195 4080 3788 4159; baseline 0.004 -23"><span class='ocrx_word' id='word_1_757' title='bbox 2195 4080 2345 4138; x_wconf 90' lang='lat' dir='ltr'>hunc</span> <span class='ocrx_word' id='word_1_758' title='bbox 2378 4099 2580 4139; x_wconf 90' lang='lat' dir='ltr'>munus</span> <span class='ocrx_word' id='word_1_759' title='bbox 2607 4084 2835 4141; x_wconf 87' lang='lat' dir='ltr'>solvisse</span> <span class='ocrx_word' id='word_1_760' title='bbox 2852 4084 3130 4153; x_wconf 87' lang='lat' dir='ltr'>vindicta,</span> <span class='ocrx_word' id='word_1_761' title='bbox 3158 4085 3217 4141; x_wconf 91' lang='lat' dir='ltr'>in</span> <span class='ocrx_word' id='word_1_762' title='bbox 3242 4085 3404 4159; x_wconf 90' lang='lat' dir='ltr'>cujus</span> <span class='ocrx_word' id='word_1_763' title='bbox 3425 4088 3571 4144; x_wconf 89' lang='lat' dir='ltr'>facto</span> <span class='ocrx_word' id='word_1_764' title='bbox 3598 4096 3788 4145; x_wconf 82' lang='lat' dir='ltr'>cuncta</span> 
     </span>
    </p>
   </div>
   <div class='ocr_carea' id='block_1_102' title="bbox 2198 4171 3782 4247">
    <p class='ocr_par' dir='ltr' id='par_1_102' title="bbox 2198 4171 3782 4247">
     <span class='ocr_line' id='line_1_102' title="bbox 2198 4171 3782 4247; baseline 0.004 -20"><span class='ocrx_word' id='word_1_765' title='bbox 2198 4171 2560 4228; x_wconf 90' lang='lat' dir='ltr'>inveniuntur</span> <span class='ocrx_word' id='word_1_766' title='bbox 2603 4171 2836 4229; x_wconf 87' lang='lat' dir='ltr'>crimina</span> <span class='ocrx_word' id='word_1_767' title='bbox 2867 4174 3181 4232; x_wconf 91' lang='lat' dir='ltr'>convenire.</span> <span class='ocrx_word' id='word_1_768' title='bbox 3215 4175 3287 4232; x_wconf 90' lang='lat' dir='ltr'>Et</span> <span class='ocrx_word' id='word_1_769' title='bbox 3317 4173 3444 4247; x_wconf 87' lang='lat' dir='ltr'>jure</span> <span class='ocrx_word' id='word_1_770' title='bbox 3480 4177 3541 4232; x_wconf 90' lang='lat' dir='ltr'>in</span> <span class='ocrx_word' id='word_1_771' title='bbox 3571 4177 3670 4233; x_wconf 91' lang='lat' dir='ltr'>illo</span> <span class='ocrx_word' id='word_1_772' title='bbox 3697 4195 3782 4233; x_wconf 85' lang='lat' dir='ltr'>ex-</span> 
     </span>
    </p>
   </div>
   <div class='ocr_carea' id='block_1_103' title="bbox 2197 4261 3785 4336">
    <p class='ocr_par' dir='ltr' id='par_1_103' title="bbox 2197 4261 3785 4336">
     <span class='ocr_line' id='line_1_103' title="bbox 2197 4261 3785 4336; baseline 0.003 -19"><span class='ocrx_word' id='word_1_773' title='bbox 2197 4270 2375 4318; x_wconf 89' lang='lat' dir='ltr'>ertum</span> <span class='ocrx_word' id='word_1_774' title='bbox 2429 4261 2744 4334; x_wconf 90' lang='lat' dir='ltr'>septiforme</span> <span class='ocrx_word' id='word_1_775' title='bbox 2791 4261 3147 4335; x_wconf 90' lang='lat' dir='ltr'>supplicium,</span> <span class='ocrx_word' id='word_1_776' title='bbox 3179 4262 3236 4318; x_wconf 92' lang='lat' dir='ltr'>in</span> <span class='ocrx_word' id='word_1_777' title='bbox 3271 4280 3380 4336; x_wconf 89' lang='lat' dir='ltr'>quo</span> <span class='ocrx_word' id='word_1_778' title='bbox 3426 4265 3690 4322; x_wconf 80' lang='lat' dir='ltr'>universa</span> <span class='ocrx_word' id='word_1_779' title='bbox 3717 4274 3785 4322; x_wconf 84' lang='lat' dir='ltr'>te-</span> 
     </span>
    </p>
   </div>
   <div class='ocr_carea' id='block_1_104' title="bbox 2197 4349 3780 4426">
    <p class='ocr_par' dir='ltr' id='par_1_104' title="bbox 2197 4349 3780 4426">
     <span class='ocr_line' id='line_1_104' title="bbox 2197 4349 3780 4426; baseline 0.003 -21"><span class='ocrx_word' id='word_1_780' title='bbox 2197 4349 2399 4406; x_wconf 87' lang='lat' dir='ltr'>nebant</span> <span class='ocrx_word' id='word_1_781' title='bbox 2435 4350 2637 4406; x_wconf 91' lang='lat' dir='ltr'>scelera</span> <span class='ocrx_word' id='word_1_782' title='bbox 2684 4349 3072 4423; x_wconf 88' lang='lat' dir='ltr'>principatum.</span> <span class='ocrx_word' id='word_1_783' title='bbox 3114 4351 3187 4407; x_wconf 88' lang='lat' dir='ltr'>Et</span> <span class='ocrx_word' id='word_1_784' title='bbox 3233 4358 3420 4408; x_wconf 87' lang='lat' dir='ltr'>tamen</span> <span class='ocrx_word' id='word_1_785' title='bbox 3466 4355 3780 4426; x_wconf 85' lang='lat' dir='ltr'>specialiter</span> 
     </span>
    </p>
   </div>
   <div class='ocr_carea' id='block_1_105' title="bbox 2198 4437 3783 4515">
    <p class='ocr_par' dir='ltr' id='par_1_105' title="bbox 2198 4437 3783 4515">
     <span class='ocr_line' id='line_1_105' title="bbox 2198 4437 3783 4515; baseline 0.002 -20"><span class='ocrx_word' id='word_1_786' title='bbox 2198 4447 2402 4512; x_wconf 91' lang='lat' dir='ltr'>septem</span> <span class='ocrx_word' id='word_1_787' title='bbox 2432 4439 2491 4494; x_wconf 90' lang='lat' dir='ltr'>in</span> <span class='ocrx_word' id='word_1_788' title='bbox 2520 4437 2618 4494; x_wconf 86' lang='lat' dir='ltr'>illo</span> <span class='ocrx_word' id='word_1_789' title='bbox 2659 4437 3010 4511; x_wconf 86' lang='lat' dir='ltr'>deprehendo</span> <span class='ocrx_word' id='word_1_790' title='bbox 3057 4438 3283 4513; x_wconf 86' lang='lat' dir='ltr'>ﬂagitia,</span> <span class='ocrx_word' id='word_1_791' title='bbox 3316 4440 3522 4514; x_wconf 88' lang='lat' dir='ltr'>quibus</span> <span class='ocrx_word' id='word_1_792' title='bbox 3556 4443 3783 4515; x_wconf 81' lang='lat' dir='ltr'>singulis</span> 
     </span>
    </p>
   </div>
   <div class='ocr_carea' id='block_1_106' title="bbox 2198 4527 3783 4603">
    <p class='ocr_par' dir='ltr' id='par_1_106' title="bbox 2198 4527 3783 4603">
     <span class='ocr_line' id='line_1_106' title="bbox 2198 4527 3783 4603; baseline 0.003 -19"><span class='ocrx_word' id='word_1_793' title='bbox 2198 4529 2412 4601; x_wconf 90' lang='lat' dir='ltr'>singula</span> <span class='ocrx_word' id='word_1_794' title='bbox 2439 4535 2568 4584; x_wconf 90' lang='lat' dir='ltr'>sunt</span> <span class='ocrx_word' id='word_1_795' title='bbox 2596 4527 2852 4601; x_wconf 87' lang='lat' dir='ltr'>deputata</span> <span class='ocrx_word' id='word_1_796' title='bbox 2881 4536 3158 4586; x_wconf 88' lang='lat' dir='ltr'>tormenta</span> <span class='ocrx_word' id='word_1_797' title='bbox 3182 4548 3196 4598; x_wconf 88' lang='lat'><strong>;</strong></span> <span class='ocrx_word' id='word_1_798' title='bbox 3228 4529 3472 4603; x_wconf 90' lang='lat' dir='ltr'>primum</span> <span class='ocrx_word' id='word_1_799' title='bbox 3504 4532 3657 4589; x_wconf 88' lang='lat' dir='ltr'>enim</span> <span class='ocrx_word' id='word_1_800' title='bbox 3685 4533 3783 4590; x_wconf 84' lang='lat' dir='ltr'>cri-</span> 
     </span>
    </p>
   </div>
   <div class='ocr_carea' id='block_1_107' title="bbox 2198 4618 3784 4695">
    <p class='ocr_par' dir='ltr' id='par_1_107' title="bbox 2198 4618 3784 4695">
     <span class='ocr_line' id='line_1_107' title="bbox 2198 4618 3784 4695; baseline 0.003 -23"><span class='ocrx_word' id='word_1_801' title='bbox 2198 4634 2320 4673; x_wconf 91' lang='lat' dir='ltr'>men</span> <span class='ocrx_word' id='word_1_802' title='bbox 2359 4625 2459 4687; x_wconf 89' lang='lat' dir='ltr'>est,</span> <span class='ocrx_word' id='word_1_803' title='bbox 2505 4618 2634 4691; x_wconf 90' lang='lat' dir='ltr'>quia</span> <span class='ocrx_word' id='word_1_804' title='bbox 2662 4634 2774 4674; x_wconf 91' lang='lat' dir='ltr'>non</span> <span class='ocrx_word' id='word_1_805' title='bbox 2821 4627 2967 4676; x_wconf 89' lang='lat' dir='ltr'>recte</span> <span class='ocrx_word' id='word_1_806' title='bbox 2995 4619 3190 4675; x_wconf 88' lang='lat' dir='ltr'>divisit</span> <span class='ocrx_word' id='word_1_807' title='bbox 3222 4637 3238 4687; x_wconf 86' lang='lat'><strong>;</strong></span> <span class='ocrx_word' id='word_1_808' title='bbox 3293 4619 3400 4677; x_wconf 89' lang='lat' dir='ltr'>hoc</span> <span class='ocrx_word' id='word_1_809' title='bbox 3426 4627 3532 4690; x_wconf 91' lang='lat' dir='ltr'>est,</span> <span class='ocrx_word' id='word_1_810' title='bbox 3567 4620 3637 4677; x_wconf 91' lang='lat' dir='ltr'>de</span> <span class='ocrx_word' id='word_1_811' title='bbox 3667 4621 3784 4695; x_wconf 89' lang='lat' dir='ltr'>pri-</span> 
     </span>
    </p>
   </div>
   <div class='ocr_carea' id='block_1_108' title="bbox 2197 4708 3784 4787">
    <p class='ocr_par' dir='ltr' id='par_1_108' title="bbox 2197 4708 3784 4787">
     <span class='ocr_line' id='line_1_108' title="bbox 2197 4708 3784 4787; baseline 0.003 -22"><span class='ocrx_word' id='word_1_812' title='bbox 2197 4711 2407 4767; x_wconf 88' lang='lat' dir='ltr'>mitivis</span> <span class='ocrx_word' id='word_1_813' title='bbox 2451 4718 2608 4766; x_wconf 83' lang='lat' dir='ltr'>terra</span> <span class='ocrx_word' id='word_1_814' title='bbox 2655 4708 2928 4767; x_wconf 90' lang='lat' dir='ltr'>fructibus</span> <span class='ocrx_word' id='word_1_815' title='bbox 2959 4710 3138 4783; x_wconf 87' lang='lat' dir='ltr'>primo</span> <span class='ocrx_word' id='word_1_816' title='bbox 3177 4710 3450 4781; x_wconf 74' lang='lat' dir='ltr'>comedit,</span> <span class='ocrx_word' id='word_1_817' title='bbox 3488 4721 3784 4787; x_wconf 78' lang='lat' dir='ltr'>antequam</span> 
     </span>
    </p>
   </div>
   <div class='ocr_carea' id='block_1_109' title="bbox 2196 4799 3788 4873">
    <p class='ocr_par' dir='ltr' id='par_1_109' title="bbox 2196 4799 3788 4873">
     <span class='ocr_line' id='line_1_109' title="bbox 2196 4799 3788 4873; baseline 0.003 -17"><span class='ocrx_word' id='word_1_818' title='bbox 2196 4799 2396 4856; x_wconf 91' lang='lat' dir='ltr'>obtulit</span> <span class='ocrx_word' id='word_1_819' title='bbox 2429 4817 2440 4855; x_wconf 93' lang='lat'>:</span> <span class='ocrx_word' id='word_1_820' title='bbox 2473 4800 2772 4857; x_wconf 88' lang='lat' dir='ltr'>secundum</span> <span class='ocrx_word' id='word_1_821' title='bbox 2809 4807 2910 4869; x_wconf 89' lang='lat' dir='ltr'>est,</span> <span class='ocrx_word' id='word_1_822' title='bbox 2959 4799 3088 4873; x_wconf 87' lang='lat' dir='ltr'>quia</span> <span class='ocrx_word' id='word_1_823' title='bbox 3115 4817 3244 4857; x_wconf 92' lang='lat' dir='ltr'>cum</span> <span class='ocrx_word' id='word_1_824' title='bbox 3274 4801 3523 4858; x_wconf 91' lang='lat' dir='ltr'>muneris</span> <span class='ocrx_word' id='word_1_825' title='bbox 3571 4803 3659 4858; x_wconf 89' lang='lat' dir='ltr'>sui</span> <span class='ocrx_word' id='word_1_826' title='bbox 3696 4803 3788 4860; x_wconf 52' lang='lat' dir='ltr'>di-</span> 
     </span>
    </p>
   </div>
   <div class='ocr_carea' id='block_1_110' title="bbox 2197 4887 3786 4962">
    <p class='ocr_par' dir='ltr' id='par_1_110' title="bbox 2197 4887 3786 4962">
     <span class='ocr_line' id='line_1_110' title="bbox 2197 4887 3786 4962; baseline 0.004 -19"><span class='ocrx_word' id='word_1_827' title='bbox 2197 4905 2362 4960; x_wconf 89' lang='lat' dir='ltr'>gnum</span> <span class='ocrx_word' id='word_1_828' title='bbox 2406 4887 2684 4945; x_wconf 83' lang='lat' dir='ltr'>videretur</span> <span class='ocrx_word' id='word_1_829' title='bbox 2725 4889 2994 4962; x_wconf 87' lang='lat' dir='ltr'>accepisse</span> <span class='ocrx_word' id='word_1_830' title='bbox 3031 4888 3347 4961; x_wconf 88' lang='lat' dir='ltr'>repudium,</span> <span class='ocrx_word' id='word_1_831' title='bbox 3405 4899 3786 4949; x_wconf 85' lang='lat' dir='ltr'>contumacem</span> 
     </span>
    </p>
   </div>
   <div class='ocr_carea' id='block_1_111' title="bbox 2195 4978 3788 5052">
    <p class='ocr_par' dir='ltr' id='par_1_111' title="bbox 2195 4978 3788 5052">
     <span class='ocr_line' id='line_1_111' title="bbox 2195 4978 3788 5052; baseline 0.002 -16"><span class='ocrx_word' id='word_1_832' title='bbox 2195 4979 2446 5051; x_wconf 90' lang='lat' dir='ltr'>concepit</span> <span class='ocrx_word' id='word_1_833' title='bbox 2473 4978 2728 5051; x_wconf 90' lang='lat' dir='ltr'>spiritum</span> <span class='ocrx_word' id='word_1_834' title='bbox 2758 4997 2772 5046; x_wconf 91' lang='lat'>;</span> <span class='ocrx_word' id='word_1_835' title='bbox 2802 4991 2856 5036; x_wconf 89' lang='lat' dir='ltr'>et</span> <span class='ocrx_word' id='word_1_836' title='bbox 2901 4996 3028 5036; x_wconf 92' lang='lat' dir='ltr'>cum</span> <span class='ocrx_word' id='word_1_837' title='bbox 3058 4980 3214 5036; x_wconf 91' lang='lat' dir='ltr'>nulla</span> <span class='ocrx_word' id='word_1_838' title='bbox 3247 4979 3464 5052; x_wconf 80' lang='lat' dir='ltr'>reiecta</span> <span class='ocrx_word' id='word_1_839' title='bbox 3493 4981 3788 5040; x_wconf 81' lang='lat' dir='ltr'>oblationis</span> 
     </span>
    </p>
   </div>
   <div class='ocr_carea' id='block_1_112' title="bbox 2195 5067 3786 5141">
    <p class='ocr_par' dir='ltr' id='par_1_112' title="bbox 2195 5067 3786 5141">
     <span class='ocr_line' id='line_1_112' title="bbox 2195 5067 3786 5141; baseline 0.002 -17"><span class='ocrx_word' id='word_1_840' title='bbox 2195 5069 2355 5140; x_wconf 89' lang='lat' dir='ltr'>culpa</span> <span class='ocrx_word' id='word_1_841' title='bbox 2401 5067 2477 5140; x_wconf 92' lang='lat' dir='ltr'>pii</span> <span class='ocrx_word' id='word_1_842' title='bbox 2527 5067 2713 5124; x_wconf 86' lang='lat' dir='ltr'>fratris</span> <span class='ocrx_word' id='word_1_843' title='bbox 2753 5068 3060 5133; x_wconf 89' lang='lat' dir='ltr'>exsisteret,</span> <span class='ocrx_word' id='word_1_844' title='bbox 3102 5069 3258 5141; x_wconf 87' lang='lat' dir='ltr'>quasi</span> <span class='ocrx_word' id='word_1_845' title='bbox 3288 5068 3699 5128; x_wconf 89' lang='lat' dir='ltr'>vindicandum</span> <span class='ocrx_word' id='word_1_846' title='bbox 3733 5088 3786 5127; x_wconf 87' lang='lat' dir='ltr'>se</span> 
     </span>
    </p>
   </div>
   <div class='ocr_carea' id='block_1_113' title="bbox 2196 5155 3780 5232">
    <p class='ocr_par' dir='ltr' id='par_1_113' title="bbox 2196 5155 3780 5232">
     <span class='ocr_line' id='line_1_113' title="bbox 2196 5155 3780 5232; baseline 0.003 -19"><span class='ocrx_word' id='word_1_847' title='bbox 2196 5157 2468 5213; x_wconf 87' lang='lat' dir='ltr'>infaustus</span> <span class='ocrx_word' id='word_1_848' title='bbox 2513 5156 2749 5214; x_wconf 88' lang='lat' dir='ltr'>credidit</span> <span class='ocrx_word' id='word_1_849' title='bbox 2799 5155 2866 5212; x_wconf 90' lang='lat' dir='ltr'>de</span> <span class='ocrx_word' id='word_1_850' title='bbox 2911 5159 3171 5226; x_wconf 82' lang='lat' dir='ltr'>Auctore,</span> <span class='ocrx_word' id='word_1_851' title='bbox 3203 5157 3251 5214; x_wconf 92' lang='lat' dir='ltr'>si</span> <span class='ocrx_word' id='word_1_852' title='bbox 3294 5174 3396 5232; x_wconf 91' lang='lat' dir='ltr'>pro</span> <span class='ocrx_word' id='word_1_853' title='bbox 3427 5157 3540 5218; x_wconf 89' lang='lat' dir='ltr'>hoc</span> <span class='ocrx_word' id='word_1_854' title='bbox 3568 5161 3780 5218; x_wconf 83' lang='lat' dir='ltr'>fratrem</span> 
     </span>
    </p>
   </div>
   <div class='ocr_carea' id='block_1_114' title="bbox 2197 5246 3781 5319">
    <p class='ocr_par' dir='ltr' id='par_1_114' title="bbox 2197 5246 3781 5319">
     <span class='ocr_line' id='line_1_114' title="bbox 2197 5246 3781 5319; baseline 0.002 -16"><span class='ocrx_word' id='word_1_855' title='bbox 2197 5248 2308 5304; x_wconf 90' lang='lat' dir='ltr'>Deo</span> <span class='ocrx_word' id='word_1_856' title='bbox 2338 5246 2622 5319; x_wconf 87' lang='lat' dir='ltr'>probatum</span> <span class='ocrx_word' id='word_1_857' title='bbox 2673 5247 2952 5304; x_wconf 89' lang='lat' dir='ltr'>videretur</span> <span class='ocrx_word' id='word_1_858' title='bbox 2979 5247 3228 5305; x_wconf 87' lang='lat' dir='ltr'>occidere</span> <span class='ocrx_word' id='word_1_859' title='bbox 3257 5265 3270 5305; x_wconf 92' lang='lat'>:</span> <span class='ocrx_word' id='word_1_860' title='bbox 3323 5251 3559 5307; x_wconf 89' lang='lat' dir='ltr'>tertium</span> <span class='ocrx_word' id='word_1_861' title='bbox 3588 5252 3781 5309; x_wconf 88' lang='lat' dir='ltr'>crimen</span> 
     </span>
    </p>
   </div>
   <div class='ocr_carea' id='block_1_115' title="bbox 2197 5339 3780 5413">
    <p class='ocr_par' dir='ltr' id='par_1_115' title="bbox 2197 5339 3780 5413">
     <span class='ocr_line' id='line_1_115' title="bbox 2197 5339 3780 5413; baseline 0.002 -18"><span class='ocrx_word' id='word_1_862' title='bbox 2197 5347 2296 5410; x_wconf 90' lang='lat' dir='ltr'>est,</span> <span class='ocrx_word' id='word_1_863' title='bbox 2328 5339 2476 5413; x_wconf 90' lang='lat' dir='ltr'>quod</span> <span class='ocrx_word' id='word_1_864' title='bbox 2513 5341 2737 5396; x_wconf 80' lang='lat' dir='ltr'>invidia</span> <span class='ocrx_word' id='word_1_865' title='bbox 2767 5341 2894 5397; x_wconf 89' lang='lat' dir='ltr'>felle</span> <span class='ocrx_word' id='word_1_866' title='bbox 2941 5341 3224 5410; x_wconf 75' lang='lat' dir='ltr'>suffectus,</span> <span class='ocrx_word' id='word_1_867' title='bbox 3254 5351 3310 5399; x_wconf 88' lang='lat' dir='ltr'>et</span> <span class='ocrx_word' id='word_1_868' title='bbox 3354 5343 3556 5401; x_wconf 86' lang='lat' dir='ltr'>livoris</span> <span class='ocrx_word' id='word_1_869' title='bbox 3587 5343 3780 5401; x_wconf 80' lang='lat' dir='ltr'>amari-</span> 
     </span>
    </p>
   </div>
   <div class='ocr_carea' id='block_1_116' title="bbox 2195 5429 3778 5499">
    <p class='ocr_par' dir='ltr' id='par_1_116' title="bbox 2195 5429 3778 5499">
     <span class='ocr_line' id='line_1_116' title="bbox 2195 5429 3778 5499; baseline 0.003 -15"><span class='ocrx_word' id='word_1_870' title='bbox 2195 5429 2389 5485; x_wconf 91' lang='lat' dir='ltr'>tudine</span> <span class='ocrx_word' id='word_1_871' title='bbox 2437 5436 2757 5499; x_wconf 83' lang='lat' dir='ltr'>venenatus,</span> <span class='ocrx_word' id='word_1_872' title='bbox 2806 5429 3328 5488; x_wconf 86' lang='lat' dir='ltr'>innocentissimum</span> <span class='ocrx_word' id='word_1_873' title='bbox 3350 5433 3567 5490; x_wconf 75' lang='lat' dir='ltr'>zelavit</span> <span class='ocrx_word' id='word_1_874' title='bbox 3597 5441 3778 5491; x_wconf 47' lang='lat' dir='ltr'>trucu.</span> 
     </span>
    </p>
   </div>
   <div class='ocr_carea' id='block_1_117' title="bbox 2195 5641 3774 5731">
    <p class='ocr_par' dir='ltr' id='par_1_117' title="bbox 2195 5641 3774 5731">
     <span class='ocr_line' id='line_1_117' title="bbox 2195 5641 3774 5731; baseline 0.003 -28"><span class='ocrx_word' id='word_1_875' title='bbox 2195 5645 2512 5731; x_wconf 79' lang='lat' dir='ltr'>conjectura</span> <span class='ocrx_word' id='word_1_876' title='bbox 2574 5641 2833 5731; x_wconf 26' lang='grc' dir='ltr'>ἱιιᾼΒοιιιΣ</span> <span class='ocrx_word' id='word_1_877' title='bbox 2879 5641 3046 5731; x_wconf 55' lang='grc' dir='ltr'>ἐξᾷὶι.Δ</span> <span class='ocrx_word' id='word_1_878' title='bbox 3075 5653 3293 5731; x_wconf 73' lang='lat' dir='ltr'>textum</span> <span class='ocrx_word' id='word_1_879' title='bbox 3343 5649 3593 5711; x_wconf 88' lang='lat' dir='ltr'>admissa</span> <span class='ocrx_word' id='word_1_880' title='bbox 3643 5652 3774 5711; x_wconf 86' lang='lat' dir='ltr'>fuit:</span> 
     </span>
    </p>
   </div>
   <div class='ocr_carea' id='block_1_118' title="bbox 2195 5719 3350 5782">
    <p class='ocr_par' dir='ltr' id='par_1_118' title="bbox 2195 5719 3350 5782">
     <span class='ocr_line' id='line_1_118' title="bbox 2195 5719 3350 5782; baseline 0.004 -7"><span class='ocrx_word' id='word_1_881' title='bbox 2195 5719 2348 5777; x_wconf 85' lang='lat' dir='ltr'>abest</span> <span class='ocrx_word' id='word_1_882' title='bbox 2384 5726 2565 5777; x_wconf 87' lang='lat' dir='ltr'>autem</span> <span class='ocrx_word' id='word_1_883' title='bbox 2595 5720 2756 5779; x_wconf 88' lang='lat' dir='ltr'>etiam</span> <span class='ocrx_word' id='word_1_884' title='bbox 2785 5721 2854 5779; x_wconf 89' lang='lat' dir='ltr'>ab</span> <span class='ocrx_word' id='word_1_885' title='bbox 2874 5723 2972 5780; x_wconf 86' lang='lat' dir='ltr'>illa</span> <span class='ocrx_word' id='word_1_886' title='bbox 2997 5725 3058 5782; x_wconf 75' lang='grc' dir='ltr'>τὸ</span> <span class='ocrx_word' id='word_1_887' title='bbox 3085 5721 3350 5780; x_wconf 74' lang='lat' dir='ltr'>nudatur.</span> 
     </span>
    </p>
   </div>
  </div>
