3902 6198
131 365 262 426 1009

1223 366 1319 423 DE
1355 339 1820 425 PCEN'ITENTIA
1858 367 2067 425 LIBER
2104 368 2304 425 UNUS.

3279 370 3415 431 1070

129 497 269 553 lenta
302 492 651 550 animositate
692 508 1013 565 germanum
1038 511 1050 550 :
1108 501 1366 567 quartum
1410 503 1513 565 est,
1561 497 1711 569 quod
1740 499 1789 559 A
1823 495 2023 552 fabula
2053 496 2274 553 eliceret
2302 496 2371 553 de
2398 495 2674 553 nesciente
2696 495 2989 569 judicium.
3020 497 3126 555 Sed
3153 498 3251 557 ubi
3279 517 3417 574 pro—

120 584 247 641 dolo
273 580 470 638 fefellit
499 580 967 640 obsecundantem
1007 582 1135 651 sibi,
1184 592 1249 640 ut
1289 584 1496 657 pariter
1527 585 1713 643 comi-

127 679 364 730 tarentur
389 671 446 727 in
478 684 757 743 campum,
808 688 919 746 quo
952 670 1136 744 justus
1166 672 1415 730 initiaret
1450 674 1554 731 sub
1591 676 1713 732 ovis

126 759 469 833 simplicitate
502 763 851 834 martyrium,
896 762 1195 834 parricidio
1226 772 1427 821 terram
1460 765 1713 822 macula-

126 858 205 907 ret
243 848 521 921 injustas:
570 851 828 923 quintum
856 860 958 920 est,
1011 852 1160 926 quod
1199 853 1423 909 fratrem
1471 853 1714 911 nefarius

125 938 459 996 crudelitatis
485 949 678 997 auctor
704 940 910 997 occidit
935 959 950 1010 ;
984 950 1228 1012 sextum,
1260 943 1408 1016 quod
1436 960 1562 1000 cum
1587 959 1715 1001 sce-

125 1030 207 1087 lus
230 1029 530 1103 perﬁceret,
580 1031 807 1104 insuper
834 1039 889 1087 et
927 1032 1169 1105 negavit,
1212 1039 1268 1087 et
1294 1032 1509 1104 putavit
1539 1034 1713 1090 Deum

123 1118 348 1191 alicujus
391 1119 522 1177 facti
557 1119 834 1192 ignarum,
881 1136 1047 1195 quem
1085 1121 1434 1179 conscientia
1472 1139 1583 1179 sua
1618 1140 1716 1180 se-

122 1216 322 1266 cretum
367 1210 629 1266 multasse
670 1219 1047 1282 persenserat;
1101 1227 1227 1269 cum
1276 1220 1593 1284 competens
1635 1231 1716 1270 re-

122 1298 330 1355 tulisset
368 1300 428 1356 in
458 1298 761 1356 oblationis
797 1317 910 1357 sua
942 1300 1329 1373 reprobatione
1374 1302 1709 1375 repudium:

119 1387 409 1460 septimum
455 1389 669 1446 crimen
695 1398 797 1459 est,
858 1390 1006 1464 quod
1048 1400 1171 1463 post
1211 1399 1443 1449 mortem
1500 1409 1557 1449 se
1603 1409 1715 1449 non

120 1476 352 1535 credidit
406 1479 660 1551 proditus
689 1524 704 1549 ,
790 1479 1091 1553 parricidio
1153 1482 1386 1555 puniri,
1462 1499 1590 1540 cum
1644 1482 1715 1538 ob

119 1566 402 1623 infamiam
431 1567 685 1625 criminis
715 1568 984 1641 publicati
1005 1569 1073 1626 ad
1094 1587 1332 1643 prasens
1360 1578 1580 1644 tempus
1599 1587 1716 1628 esse

119 1657 417 1730 postulavit
451 1656 653 1715 occidi.
706 1658 902 1715 Merito
948 1674 1078 1732 ergo
1121 1660 1181 1716 in
1224 1660 1357 1718 Cain
1400 1661 1713 1733 septuplum

120 1744 460 1803 vindicatum
485 1752 587 1815 est,
620 1746 679 1802 in
710 1762 820 1820 quo
855 1748 1087 1804 totidem
1119 1757 1421 1821 prarogata
1446 1756 1579 1806 sunt
1607 1756 1713 1805 tor-

1821 592 1985 665 pheta
2018 593 2165 665 quod
2194 601 2573 667 proposuerat,
2601 594 2888 667 explicuit,
2922 596 3027 654 fert
3054 597 3149 652 ille
3178 602 3417 653 commoa

1825 689 1910 737 tus
1940 682 2337 755 indesignatam
2389 685 2446 740 in
2474 702 2530 741 se
2577 685 2679 741 sub
2712 686 2943 742 veritate
2989 686 3334 754 sententiam,
3365 692 3421 741 et

1822 773 2156 846 disceptator
2206 773 2432 846 ignarus
2479 776 2535 832 in
2585 791 2641 832 se
2685 777 2862 849 ipsum
2916 779 3090 834 exerit
3127 778 3416 834 ultionem.

1823 861 1990 917 Porro
2021 862 2113 918 ubi
2146 873 2460 935 praeventus
2487 864 2762 938 cognitor,
2783 869 3006 939 proprio
3035 884 3091 924 se
3120 867 3263 923 vidit
3288 883 3422 939 per-

1823 950 2018 1021 stringi
2064 956 2210 1014 595
2251 951 2488 1023 judicio,
2532 961 2587 1009 et
2630 970 2780 1010 reum
2831 971 2887 1011 se
2930 956 3035 1013 sibi
3079 956 3425 1012 examinator

1818 1045 2157 1119 justissimus
2215 1054 2565 1125 approbavit,
2623 1075 2723 1113 nec
2768 1074 2985 1130 panam
3028 1057 3198 1114 sensit
3248 1057 3423 1112 vitare

1823 1153 1979 1210 posse
2002 1137 2225 1212 judicii,
2259 1143 2317 1199 in
2349 1161 2458 1218 quo
2483 1145 2659 1217 judex
2689 1147 2804 1219 ipse
2834 1148 3184 1205 detinebatur
3218 1146 3425 1205 condi-

1823 1229 1976 1285 tione
2005 1229 2283 1301 damnati;
2309 1235 2505 1308 arripit
2526 1237 2952 1295 saluberrimum
2984 1240 3041 1295 in
3069 1248 3221 1296 tanta
3240 1254 3421 1294 rerum

1828 1319 2152 1376 necessitate
2180 1324 2476 1381 consilium
2508 1344 2519 1382 :
2554 1334 2605 1383 et
2637 1344 2761 1383 cum
2792 1345 2905 1385 non
2941 1339 3123 1402 posset
3155 1328 3221 1385 ad
3245 1327 3424 1400 justi—

1824 1406 1956 1463 tiam
1981 1407 2181 1480 judicii
2214 1427 2534 1483 provocare,
2557 1416 2808 1488 confugit
2838 1417 2905 1473 ad
2936 1416 3286 1474 secretarium
3318 1431 3422 1487 poe-

1825 1495 2096 1553 nitentia.
2121 1499 2409 1558 Peccatum
2433 1519 2591 1559 suum
2624 1505 2902 1578 proditum
2936 1507 3118 1574 scivit,
3148 1513 3201 1561 et
3226 1496 3425 1577 iniquié

1826 1592 1993 1642 tatem
2027 1604 2181 1643 suam
2234 1591 2391 1646 nulla
2425 1593 2730 1664 negationis
2767 1595 2913 1651 nube
2941 1594 3190 1652 contexit
3218 1604 3238 1649 ':
3281 1592 3429 1648 dixit

1824 1675 2116 1733 adversum
2156 1695 2214 1735 se
2238 1681 2492 1753 protinus
2530 1680 2931 1754 testimonium,
2965 1693 3019 1741 et
3045 1684 3428 1741 voce‘confes—

1826 1764 2001 1821 sionis
2036 1768 2254 1837 emissa,
2302 1771 2489 1826 statim
2528 1772 2757 1844 adeptus
2800 1782 2882 1830 est
2921 1774 3139 1830 veniam
3169 1783 3430 1846 peccato-

117 1842 320 1903 menta,
351 1844 490 1908 quot
527 1834 784 1893 crimina.
809 1835 912 1894 Cui
943 1844 1109 1892 tanta
1130 1837 1353 1895 inﬂicta
1374 1846 1503 1894 sunt
1522 1838 1713 1910 plaga,

1828 1871 1949 1910 rum
1980 1873 1992 1912 :
2042 1880 2061 1904 ‹
2090 1834 2320 1914 Peccavi
2351 1860 2522 1926 enim,
2570 1834 2754 1935 inquit
2781 1863 2894 1932 hic,
2925 1834 3285 1934 Domino-(II
3303 1865 3426 1935 Reg.

117 1930 330 1998 quanta
359 1934 728 1982 numerantur
754 1933 808 1981 et
834 1941 1014 1982 causa
1041 1942 1054 1993 ;
1103 1932 1168 1982 ut
1196 1942 1298 1982 nec
1317 1925 1540 1997 justitia
1584 1942 1715 1982 mo-

117 2012 243 2069 dum
288 2011 529 2068 ultionis
568 2012 879 2081 excederet,
928 2027 1031 2069 nec
1076 2029 1369 2071 numerum
1416 2015 1715 2072 criminum

118 2100 359 2158 vindicta
386 2109 706 2173 competens
729 2100 1054 2173 prateriret.
1085 2101 1242 2170 Quod
1275 2102 1484 2160 idcirco
1514 2103 1713 2160 iterum

117 2189 289 2264 posui,
317 2205 390 2246 ne
418 2189 712 2246 insinuata
750 2189 1117 2261 expositionis
1145 2191 1450 2262 prateriret
1479 2193 1713 2250 occasio.

182 2298 418 2355 CAPUT
452 2297 599 2355 VIII.
629 2327 701 2339 —
726 2298 948 2356 iamdiu
980 2315 1068 2355 me
1096 2303 1128 2355 a
1156 2303 1436 2374 proposito
1464 2302 1714 2360 inchoati

117 2386 290 2460 operis
316 2387 502 2443 sentio
529 2386 799 2456 deviasse,
858 2395 912 2444 et
955 2388 1015 2443 in
1043 2389 1206 2445 aliam
1253 2389 1544 2448 detersisse
1581 2408 1719 2465 par-

118 2487 221 2535 tem
246 2494 474 2537 cursum
523 2477 757 2536 celerem
800 2479 1100 2537 dictionis:
1151 2479 1246 2537 sed
1299 2481 1478 2538 facilis
1528 2490 1609 2537 est
1649 2480 1719 2537 ad

117 2569 313 2629 omissa
342 2571 611 2640 recursio,
662 2578 717 2628 et
758 2571 870 2629 cito
910 2571 1178 2645 repetitur
1206 2579 1407 2628 trames
1429 2572 1718 2630 declinata

117 2663 376 2730 materia,
428 2676 557 2717 cum
598 2676 630 2716 a
669 2659 875 2717 ﬁnibus
902 2660 1022 2733 ejus
1049 2660 1349 2733 interjecta
1377 2661 1719 2734 probationis

118 2766 224 2806 non
251 2749 537 2807 exorbitat
568 2758 973 2822 argumentum.
1038 2773 1058 2799 ι
1105 2751 1395 2808 Peccatum
1427 2767 1574 2824 ergo,
1621 2752 1720 2807 in-

115 2838 251 2912 quit,
279 2854 472 2895 meum
505 2838 667 2907 scivi,
707 2848 761 2896 et
784 2839 1132 2913 iniquitatem
1166 2855 1340 2896 meam
1370 2857 1483 2896 non
1512 2856 1720 2913 coope-

112 2926 217 2984 rui.
249 2928 408 2997 Dixi,
429 2927 740 2985 conﬁtebor
767 2928 1058 2985 adversum
1082 2945 1167 2985 me
1188 2928 1516 3001 injustitiam
1540 2946 1717 2986 meam

112 3018 375 3089 Domino,
429 3025 487 3074 et
531 3025 593 3074 tu
640 3017 903 3074 remisisti
953 3018 1301 3093 iniquitatem
1348 3018 1557 3091 peccati
1610 3019 1717 3075 mei

112 3108 279 3182 (Psal.
312 3126 488 3178 xxxr,
518 3109 577 3181 ὅ)
602 3126 617 3177 ;
662 3133 681 3157 ι
751 3115 806 3165 et
836 3108 1036 3164 iterum
1068 3127 1080 3164 :
1150 3132 1167 3156 ι
1198 3109 1339 3177 Quia
1364 3109 1716 3183 iniquitatem

1824 1944 2030 2016 xn,i3)
2043 1969 2079 2000 ,ι
2098 1945 2279 2002 Atille
2298 1949 2567 2020 propheta
2586 1966 2697 2006 non
2720 1951 3051 2023 interposuit
3069 1952 3431 2008 absolutionis

1826 2048 2028 2102 moras,
2057 2051 2171 2091 non
2199 2035 2453 2093 effectum
2484 2037 2704 2094 distulit
2732 2040 3048 2096 remittendi
3076 2058 3087 2096 :
3124 2050 3342 2111 repente
3370 2047 3434 2096 ut

1826 2122 2214 2181 manifestatus
2239 2144 2367 2183 reus
2387 2129 2789 2185 confessionem
2820 2128 2994 2195 dedit,
3033 2128 3431 2201 indulgentiam

1827 2212 2125 2270 criminum
2148 2232 2220 2270 ex
2242 2217 2340 2272 Dei
2363 2220 2649 2275 voluntate
2667 2219 3029 2292 deprompsit,
3044 2218 3232 2276 dicens
3249 2238 3273 2276 :‘
3288 2243 3305 2267 ι
3327 2222 3432 2276 Do-

1828 2301 2015 2357 minus
2037 2304 2265 2360 abstulit
2283 2315 2568 2377 peccatum
2585 2316 2743 2364 tuum
2768 2308 2982 2381 (Ibid).
3002 2333 3019 2356 ι
3038 2310 3328 2382 Impletum
3352 2316 3434 2365 est

1827 2388 1988 2455 illud,
2021 2392 2167 2463 quod
2199 2392 2257 2447 in
2295 2395 2505 2465 psalmo
2535 2397 2777 2451 cantavit
2806 2395 2994 2452 dicens
3031 2415 3041 2452 :
3091 2420 3109 2443 ε
3141 2398 3431 2454 Peccatum

1828 2496 2013 2535 meum
2059 2481 2223 2550 scivi,
2272 2492 2327 2538 et
2376 2483 2724 2556 iniquitatem
2774 2503 2949 2542 meam
2998 2502 3108 2542 non
3151 2486 3429 2560 cooperui.

1827 2568 1979 2636 Dixi,
2017 2570 2321 2627 conﬁtebor
2348 2572 2643 2628 adversum
2674 2590 2760 2630 me
2788 2574 3068 2645 injustiam
3105 2592 3277 2632 meam
3312 2579 3433 2632 Do—

1832 2656 2006 2725 mino,
2037 2666 2093 2714 et
2123 2667 2183 2714 tu
2212 2660 2473 2717 remisisti
2504 2661 2852 2734 iniquitatem
2887 2663 3093 2734 peccati
3124 2664 3228 2719 mei
3253 2665 3428 2735 (Psal.

1830 2762 1989 2814 xxxr,
2018 2748 2103 2817 5).
2142 2773 2160 2797 ι

1902 2835 2132 2892 CAPUT
2158 2838 2256 2893 IX.
2275 2868 2346 2879 —
2369 2839 2538 2895 Aliud
2567 2855 2784 2913 quoque
2813 2839 2871 2896 in
2900 2847 3088 2897 sancto
3117 2840 3293 2898 David
3322 2859 3431 2914 poe-

1830 2918 2086 2981 nitentia
2137 2928 2445 2999 aperiamus
2475 2930 2829 3000 exemplum;
2882 2930 2958 2986 ita
3003 2930 3150 2985 enim
3198 2947 3296 2986 rex
3338 2930 3432 2988 hic

1830 3011 2078 3084 egregius
2124 3015 2252 3070 vita
2296 3014 2584 3072 imitabilis
2632 3016 2888 3073 instituto
2929 3017 3070 3090 (Ui),
3121 3018 3330 3075 divinis
3374 3035 3431 3075 se

1830 3100 2074 3157 cultibus
2098 3101 2249 3159 ﬁdeli
2280 3104 2510 3161 servitio
2539 3105 2946 3179 mancipaverat
2971 3125 2983 3169 ;
3010 3116 3070 3163 ut
3098 3108 3432 3180 relinqueret

109 3216 282 3256 meam
314 3216 422 3274 ego
453 3199 595 3267 scio,
640 3207 695 3256 et
741 3205 1027 3272 peccatum
1061 3215 1242 3254 meum
1273 3214 1458 3256 coram
1500 3214 1586 3254 me
1634 3204 1719 3254 est
1757 3221 1800 3282 ο
1834 3188 1996 3245 nobis
2017 3206 2240 3247 suorum
2268 3208 2483 3248 morum
2505 3209 2617 3250 non
2637 3196 2908 3267 exempla,
2935 3195 3029 3251 sed
3050 3205 3425 3252 monumenta.

109 3303 322 3361 semper
354 3289 539 3361 (Psal.
565 3305 618 3356 ι,
641 3287 723 3358 5).
747 3310 767 3336 ι
797 3287 915 3349 Hoc
942 3303 1055 3343 non
1082 3287 1261 3344 solum
1292 3287 1477 3344 verbis
1503 3287 1713 3357 docuit,

109 3378 200 3434 sed
229 3384 286 3433 et
315 3376 490 3435 factis
519 3376 812 3448 implevit;
839 3375 970 3448 quia
999 3391 1112 3432 non
1137 3375 1341 3433 sufﬁcit
1366 3375 1433 3432 ad
1465 3392 1717 3433 consum-

109 3467 412 3524 mationem
458 3463 743 3537 sapientia
768 3465 1034 3537 spiritalis
1073 3465 1257 3522 verbis
1285 3465 1541 3538 praferre
1591 3465 1725 3521 vir--

106 3564 302 3628 tutem,
353 3556 471 3614 nisi
500 3553 756 3613 doctrina
783 3563 1012 3612 ornetur
1040 3574 1109 3615 ex
1139 3556 1338 3624 rebus;
1397 3564 1530 3613 tunc
1570 3556 1718 3612 enim

107 3644 331 3704 demum
363 3645 639 3703 tribuitur
674 3653 993 3718 competens
1036 3647 1338 3704 auctoritas
1378 3646 1716 3718 magisterio,

105 3734 150 3793 si
178 3735 413 3810 proprio
458 3735 725 3793 innititur
751 3736 1027 3806 exemplo.
1075 3736 1325 3810 Denique
1353 3734 1628 3791 Dominus
1658 3735 1717 3791 in

102 3824 412 3898 Evangelio
445 3841 461 3881 :
527 3848 546 3871 ε
575 3823 683 3891 Qui
714 3824 928 3893 fecerit,
973 3823 1179 3899 inquit,
1233 3831 1287 3880 et
1324 3823 1407 3881 sic
1440 3823 1715 3892 docuerit,

104 3913 387 3970 maximus
442 3912 738 3968 vocabitur
781 3912 840 3970 in
879 3929 1049 3986 regno
1090 3912 1369 3991 calorum
1410 3912 1621 3984 (Matth.
1655 3928 1713 3980 v,

106 4002 222 4074 l9);
253 4029 276 4054 ι
318 4012 383 4060 ut
404 4010 467 4059 et
490 4000 638 4059 facto
651 4001 905 4059 doctrina
926 4002 1196 4071 ﬁrmetur,
1216 4009 1270 4058 et
1290 4002 1561 4058 factorum
1580 4000 1715 4056 ﬁdes

101 4108 168 4149 ex
196 4093 472 4151 doctrina
500 4090 736 4163 accipiat
762 4090 1164 4147 testimonium.
1189 4091 1454 4166 Alioquin
1479 4107 1592 4147 non
1612 4090 1717 4148 erit

102 4184 250 4241 nixis
274 4182 510 4240 viribus
538 4178 766 4235 fundata
794 4179 1067 4247 doctrina,
1097 4194 1218 4251 qua
1247 4180 1544 4236 verborum
1570 4180 1718 4251 pha-

103 4270 228 4329 leris
266 4270 463 4346 gloria
490 4264 717 4322 virtutis
759 4263 1046 4334 abutitur;
1096 4266 1203 4322 erit
1247 4267 1394 4323 enim
1443 4268 1715 4324 facundia

102 4360 352 4435 locuples
384 4358 606 4430 lingua,
650 4369 764 4409 non
792 4352 899 4410 erit
926 4353 1090 4426 plena
1116 4356 1298 4427 operis
1326 4356 1548 4413 divitiis
1573 4373 1718 4413 con-

100 4449 359 4519 scientia,
410 4455 471 4504 et
519 4442 836 4519 privabitur
868 4440 1070 4499 merito
1109 4459 1230 4509 suo,
1283 4444 1377 4517 qui
1426 4444 1715 4518 privilegio

99 4537 308 4595 fruitur
327 4531 858 4595 alieno.Videamus
889 4547 1018 4605 ergo
1049 4532 1184 4605 quid
1214 4533 1459 4605 gesserit,
1493 4533 1586 4607 qui
1609 4535 1716 4590 ista

97 4628 371 4685 cantavit.
404 4624 533 4682 Uno
562 4622 735 4695 igitur
766 4628 1010 4693 tempore
1038 4619 1150 4676 duo
1181 4621 1294 4694 regi
1324 4630 1545 4695 peccata
1571 4623 1713 4680 sub—

98 4724 417 4790 repserant,
465 4720 522 4770 et
545 4713 851 4786 pellexerat
883 4709 1191 4784 principem
1220 4711 1280 4767 in
1309 4711 1573 4770 facinoris
1596 4729 1713 4787 per-

97 4806 485 4878 petrationem
517 4802 673 4875 regni
702 4800 961 4867 licentia;
1006 4815 1135 4857 cum
1163 4800 1313 4856 enim
1342 4803 1466 4858 vult
1491 4802 1715 4860 adulte—

96 4896 247 4951 rium
271 4890 593 4965 cooperire,
643 4890 856 4947 crimen
887 4887 1092 4945 indicit
1117 4887 1428 4947 homicidii.
1481 4891 1715 4949 Perfecit

94 4992 285 5041 tamen
317 4991 632 5052 utrumque
661 4994 775 5035 non
802 4977 1072 5034 violentia
1097 4977 1233 5050 regii
1258 4980 1581 5049 stemmatis,
1615 4997 1716 5038 nec

93 5074 421 5132 ambitione
453 5070 773 5143 potestatis;
827 5069 959 5143 quia
997 5069 1130 5127 licet
1163 5069 1231 5126 de
1260 5069 1454 5126 incesti
1493 5071 1716 5127 licentia

93 5163 477 5222 descenderet
501 5160 863 5226 adulterium,
901 5166 1089 5215 tamen
1131 5174 1244 5214 non
1284 5174 1354 5215 ex
1383 5159 1512 5215 odio
1539 5159 1716 5218 fuerat

91 5249 493 5310 homicidium
528 5255 920 5320 perpetratum.
972 5246 1213 5304 Mittitur
1247 5264 1374 5320 ergo
1411 5264 1443 5303 a
1478 5249 1715 5305 Domino

92 5339 405 5413 propheta,
460 5337 558 5409 qui
587 5336 733 5409 apud
763 5353 892 5393 eum
922 5351 1117 5393 causas
1142 5334 1401 5392 adulterii
1428 5342 1483 5391 et
1511 5337 1713 5393 cadem

92 5435 395 5503 peroraret
428 5424 627 5495 occisi;
672 5432 728 5483 et
766 5423 869 5483 sub
899 5425 1138 5500 quodam
1178 5425 1361 5483 colore
1398 5426 1715 5499 composita

169 5652 298 5729 (14)
342 5649 513 5729 Εᾶίι.
544 5659 599 5708 et
623 5649 782 5729 ξονι).
814 5667 941 5729 ms.,
970 5649 1091 5707 vita:
1116 5646 1394 5708 imitabilis
1419 5647 1716 5715 institutor;

96 5722 311 5785 melius
343 5726 515 5783 Rem.
548 5722 700 5791 cod.,
728 5731 792 5780 ut
820 5722 878 5779 in
906 5729 1084 5779 textu.

1744 4588 1791 4644 D

1833 3278 2037 3335 Contra
2059 3280 2413 3337 interdictum
2430 3299 2669 3355 namque
2693 3285 2957 3356 populum
2980 3285 3255 3360 numerari
3280 3301 3431 3340 man-

1827 3366 2073 3439 daverat,
2103 3377 2159 3425 et
2185 3371 2437 3427 voluerat
2471 3388 2632 3428 nosse
2657 3372 2844 3429 cuncti
2891 3374 3165 3431 exercitus
3199 3376 3428 3448 quanti-

1828 3463 2019 3515 tatem.
2050 3457 2498 3515 Obsecundatum
2519 3468 2599 3517 est
2619 3463 2895 3519 voluntati
2919 3465 3108 3536 regali,
3145 3473 3198 3521 et
3227 3479 3430 3522 renun-

1826 3546 1964 3604 tiata
1991 3554 2072 3603 est
2096 3548 2267 3605 totius
2296 3549 2534 3621 agminis
2565 3551 2913 3609 dinumerata
2952 3554 3227 3622 collectio,
3268 3562 3429 3627 atque

1828 3635 2041 3709 inclyte
2070 3639 2237 3710 capit
2265 3639 2424 3708 scire,
2462 3641 2610 3713 quod
2640 3644 2833 3699 nocuit
2865 3663 2876 3700 :
2923 3642 3242 3699 felicitatem
3274 3660 3427 3700 suam

1827 3727 2188 3799 popularibus
2210 3730 2415 3785 extulit
2436 3730 2810 3799 incrementis,
2830 3739 2883 3787 et
2904 3732 3055 3789 lucra
3076 3733 3430 3805 multiplicati

1826 3815 2103 3871 exercitus
2144 3816 2290 3873 inter
2320 3818 2646 3890 principalia
2676 3819 2873 3891 gaudia
2918 3820 3249 3877 numeravit.
3300 3822 3428 3875 Mox

1827 3902 1896 3959 ad
1925 3920 2049 3960 eum
2074 3906 2218 3960 alius
2236 3907 2504 3977 propheta
2532 3907 2812 3979 dirigitur,
2845 3916 2899 3963 et
2925 3924 3032 3963 non
3066 3909 3136 3976 ei,
3160 3918 3221 3964 ut
3249 3909 3429 3979 primo

1825 4000 2008 4048 actum
2038 4001 2142 4059 est,
2172 3993 2451 4049 subtiliter
2477 3996 2683 4065 peccati
2714 4011 2877 4052 causa
2905 3994 3299 4066 praetenditur:
3332 3996 3427 4052 sed

1820 4079 1935 4153 jam
1967 4098 2067 4153 pro
2093 4082 2239 4139 facto
2274 4084 2601 4154 proponitur
2631 4084 2862 4154 poenalis
2891 4085 3087 4141 electio
3120 4085 3270 4157 (15):
3309 4110 3327 4133 ι
3356 4088 3429 4143 Et

1825 4169 2031 4227 factum
2072 4179 2153 4227 est
2182 4172 2411 4227 verbum
2443 4173 2664 4229 Domini
2695 4174 2761 4229 ad
2800 4173 2917 4230 Gad
2957 4175 3299 4248 prophetam,
3330 4177 3427 4233 di-

1825 4277 1954 4318 cens
1986 4279 1998 4318 :
2030 4261 2185 4319 Vade
2213 4262 2282 4318 ad
2310 4262 2511 4329 David,
2542 4271 2597 4320 et
2622 4265 2875 4338 loquere:
2904 4266 3032 4323 Hae
3060 4267 3197 4323 dicit
3225 4268 3428 4323 Domi-

1825 4368 1951 4418 nus,
1982 4352 2088 4408 tria
2117 4368 2216 4424 ego
2236 4354 2374 4409 tollo
2403 4353 2462 4408 in
2492 4361 2564 4421 te,
2595 4355 2733 4427 elige
2765 4355 2864 4412 tibi
2895 4372 3066 4412 unum
3096 4373 3164 4413 ex
3194 4356 3349 4428 ipsis,
3371 4364 3426 4412 et

1824 4442 2021 4498 faciam
2056 4441 2181 4498 tibi.
2216 4444 2284 4499 Et
2313 4443 2467 4500 venit
2492 4444 2608 4501 Gad
2639 4445 2708 4501 ad
2737 4446 2937 4515 David,
2966 4456 3020 4504 et
3048 4447 3328 4504 nuntiavit
3350 4447 3421 4516 ei,

1823 4530 2014 4587 dicens
2040 4549 2051 4586 :
2086 4531 2241 4604 Elige
2270 4532 2374 4589 tibi
2401 4534 2535 4606 quid
2566 4534 2682 4590 ﬁeri
2715 4535 2855 4592 velis
2883 4551 2912 4590 e
2958 4535 3159 4602 tribus,
3203 4535 3319 4589 sive
3348 4534 3422 4589 fa-

1821 4636 1966 4676 mem
2005 4620 2249 4677 triennio
2295 4639 2460 4695 super
2499 4631 2719 4690 terram,
2769 4631 2863 4679 aut
2916 4623 3093 4678 tribus
3147 4622 3425 4678 mensibus

1824 4709 2010 4782 fugere
2038 4719 2092 4767 te
2120 4727 2152 4766 a
2178 4711 2318 4768 facie
2342 4707 2703 4769 inimicorum
2736 4720 2980 4780 tuorum,
3009 4719 3071 4765 ut
3099 4711 3204 4783 ipsi
3233 4715 3426 4782 perse-

1825 4808 2064 4872 quantur
2094 4807 2170 4867 te,
2201 4809 2298 4857 aut
2326 4800 2505 4856 tribus
2534 4798 2728 4855 diebus
2753 4800 2871 4855 fieri
2894 4808 3124 4854 mortem
3160 4800 3217 4854 in
3248 4807 3419 4869 terra;

1824 4896 1879 4945 et
1906 4906 2056 4946 nunc
2082 4890 2225 4947 scito
2255 4898 2310 4946 et
2349 4890 2477 4945 vide
2504 4889 2640 4962 quid
2680 4889 3035 4960 respondeam
3065 4889 3113 4944 ei
3145 4890 3241 4962 qui
3272 4890 3424 4947 misit

1824 4978 1892 5034 ad
1920 4986 1976 5033 te
2010 4978 2240 5034 verbum
2273 4980 2365 5051 (II
2386 4981 2512 5049 Reg.
2538 4994 2694 5047 xxxv,
2721 4978 2926 5050 11-13).
2950 5002 2968 5025 ι
3003 4979 3264 5045 Quanam
3296 4994 3424 5049 ergo

1824 5075 1905 5124 est
1935 5084 2083 5123 nunc
2110 5068 2167 5123 in
2197 5067 2384 5123 animo
2412 5067 2532 5139 ejus
2558 5076 2771 5125 versata
2799 5084 2977 5140 pugna
2994 5068 3212 5124 consilii
3235 5069 3263 5124 ‘l
3292 5068 3424 5135 Qua

1823 5158 2176 5230 cogitationis
2210 5158 2318 5214 fuit
2344 5160 2401 5214 in
2428 5159 2697 5215 electione
2731 5159 3013 5216 turbatio?
3053 5159 3195 5215 llinc
3222 5158 3424 5214 inimi—

1823 5264 2021 5305 corum
2050 5254 2247 5317 metus,
2283 5247 2416 5305 hinc
2445 5249 2608 5306 famis
2640 5249 2887 5316 vastitas,
2918 5249 3047 5305 inde
3070 5249 3277 5305 divina
3306 5248 3424 5303 ani-

1824 5337 2229 5394 madversionis
2284 5339 2443 5411 plaga
2486 5338 2741 5395 terrebat.
2798 5338 2951 5395 Nihil
3001 5338 3200 5393 horum
3251 5336 3424 5392 vellet

1823 5425 2091 5497 incidere,
2135 5426 2231 5484 sed
2260 5427 2466 5485 oﬁ‘ensa
2501 5444 2614 5485 non
2641 5434 2854 5500 poterat
2894 5426 3071 5483 inulta
3118 5440 3418 5482 remanere.

1898 5650 2016 5723 (15)
2048 5648 2234 5723 codex
2254 5651 2410 5709 Rom.
2434 5657 2486 5707 et
2512 5650 2692 5718 Sorb.,
2718 5648 2945 5722 punitur
2963 5645 3190 5720 pannus
3209 5643 3416 5706 electio;

1826 5722 2025 5779 melius
2055 5722 2213 5792 edit.,
2249 5725 2595 5794 proponitur,
2623 5728 2727 5779 etc.
3386 5743 3390 5747 η
