3902 6198
455 363 588 420 1071

1457 353 1552 407 AD
1592 348 1826 406 omna
1862 347 1918 404 s.
1959 343 2289 403 AMBROSII
2327 319 2705 399 APPENDIX.

3631 327 3763 384 1072

450 489 598 545 Inter
626 485 770 556 ipsas
803 487 1018 538 tantum
1062 477 1348 535 electionis
1388 474 1688 544 angustias,
1735 488 1859 528 cum
1892 471 2040 526 utri-
2074 473 2122 530 A
2149 475 2353 542 quanto
2387 472 2732 538 peccatorum
2761 459 2990 556 sarcinis
3033 474 3089 514 es
3125 463 3428 556 oneratus;
3463 461 3550 553 ⁹ιιι
3599 453 3751 556 quod

447 592 619 650 usque
647 573 879 647 periculi
913 571 1211 626 vallaretur
1251 565 1506 632 articulo,
1559 561 1914 636 praecedentis
1953 577 2040 615 ve-

447 667 554 724 nia:
584 665 779 721 doctus
799 660 1072 732 exemplo,
1097 657 1277 713 acrius
1306 654 1460 726 eligit
1484 653 1541 708 in
1565 651 1681 723 ipsa
1701 650 2044 706 volutatione

448 755 780 829 supplicium
815 751 958 822 (17),
989 755 1041 803 et
1068 744 1304 804 contulit
1337 761 1391 799 se
1415 742 1484 798 ad
1508 741 1766 814 majorem
1802 755 2042 812 poenam,

447 858 512 905 ut
539 851 725 918 posset
753 853 1048 914 provocare
1077 835 1445 894 clementiam.
1472 832 1700 889 Lenitur
1719 831 1865 887 enim
1899 830 2046 901 rigor

445 916 698 1010 justitize,
748 948 872 989 cum
920 929 987 986 de
1021 925 1370 983 miseratione
1418 923 1788 996 praesumitur,
1819 928 1874 975 et
1902 916 2046 992 apud

451 1023 944 1086 clementissimum
972 1019 1218 1092 judicem
1253 1016 1431 1088 prima
1476 1012 1693 1086 pietatis
1734 1028 1897 1068 causa
1925 1018 2047 1066 tra-

453 1125 664 1183 ctatur;
684 1111 778 1187 qui
808 1110 956 1168 enim
979 1117 1157 1164 errata
1179 1103 1572 1164 confitentibus
1596 1102 1782 1170 donat,
1806 1100 2046 1173 pervica-

453 1225 543 1266 ces
588 1221 699 1262 non
729 1202 796 1259 de
835 1200 1124 1256 voluntate
1167 1196 1516 1255 condemnat.
1565 1195 1637 1250 Et
1663 1193 1786 1249 ideo
1817 1209 1914 1249 rex
1947 1192 2048 1248 iste

455 1297 688 1355 devotus
717 1309 842 1350 cum
873 1287 1288 1346 deliberationis
1317 1285 1547 1343 ﬂuctuat
1574 1289 1917 1355 tempestate,
1939 1297 2049 1337 non

455 1384 671 1444 dimisit
705 1380 1016 1452 anchoram.
1051 1377 1429 1450 poenitentiae;
1474 1384 1528 1432 et
1567 1373 1710 1431 fidus
1739 1371 1806 1428 de
1853 1371 2051 1444 pietate

456 1472 732 1540 terrentis,
757 1466 1192 1542 magnitudinem
1223 1483 1334 1523 non
1353 1465 1755 1536 contemplatus
1782 1473 1864 1522 est
1889 1463 2052 1519 ultio-

457 1564 545 1620 nis
579 1581 591 1620 :
653 1586 671 1610 α
701 1561 771 1616 Ει
799 1557 965 1626 dixit,
1012 1556 1214 1630 inquit,
1261 1555 1440 1613 David
1473 1555 1542 1611 ad
1572 1555 1687 1611 Gad
1717 1574 1728 1611 :
1773 1552 2053 1627 Angustias

459 1652 597 1710 mihi
630 1651 789 1708 valde
817 1649 878 1705 in
909 1648 978 1704 iis
1007 1647 1204 1715 tribus,
1255 1645 1350 1702 sed
1381 1646 1580 1702 melius
1630 1643 1770 1700 mihi
1813 1641 2056 1700 incidere

458 1746 517 1801 in
576 1758 772 1800 manus
811 1739 1076 1807 Domini;
1127 1737 1255 1811 quia
1309 1753 1504 1808 magna
1549 1744 1630 1792 est
1682 1732 2058 1791 misericordia

2151 572 2246 628 per
2272 552 2570 610 amicitiam
2604 565 2712 606 non
2741 565 2798 604 es
2823 547 3024 620 dignus
3051 544 3291 618 exigere,
3331 561 3435 615 per
3459 542 3759 614 impuden-

2151 645 2284 700 tiam
2314 643 2495 698 valeas
2522 639 2786 696 obtinere.
2817 635 2991 692 Audis
3015 634 3164 691 enim
3195 633 3253 689 in
3289 632 3610 705 Evangelio
3638 633 3759 688 Do-

2154 733 2367 788 minum
2388 729 2593 787 dixisse
2604 727 2753 802 quia,
2775 750 2792 774 ε
2813 725 2902 782 cui
2919 725 3182 797 pusillum
3207 722 3549 791 dimittitur,
3571 721 3759 778 minus

2154 821 2338 893 diligit
2365 821 2518 891 (Luc.
2556 835 2657 886 vu,
2687 817 2802 888 47).
2829 841 2846 865 ι
2879 813 3090 871 Deinde
3120 812 3353 885 impium
3391 811 3535 868 facis
3554 812 3758 880 Deum,

2154 912 2199 967 si
2234 918 2393 982 putas
2421 925 2546 965 eum
2578 905 2865 979 repudiare
2895 920 3244 971 conversum,
3271 913 3325 960 et
3350 903 3623 959 affectum
3659 919 3762 958 ne-

2157 1017 2279 1073 gare
2308 998 2559 1055 redeunti
2583 998 2721 1070 (18),
2749 1012 2779 1052 a
2809 1012 2918 1068 quo
2947 995 3086 1051 scias
3115 993 3360 1067 perditos
3379 993 3590 1050 affectu
3613 1011 3764 1050 com-

2158 1087 2526 1146 miserationis
2556 1085 2783 1161 inquiri.
2817 1087 2933 1142 Hoc
2960 1085 3256 1158 Apostolus
3290 1083 3491 1158 probat
3521 1083 3725 1141 dicens
3751 1103 3762 1140 :

2162 1200 2188 1232 «
2222 1180 2292 1234 Et
2319 1179 2366 1235 si
2395 1195 2496 1234 nos
2522 1177 2772 1232 infideles
2801 1175 3199 1243 exstiterimus,
3223 1176 3336 1247 ipse
3365 1174 3554 1230 ﬁdelis
3585 1191 3770 1247 perse-

2159 1267 2392 1337 verabit,
2425 1282 2618 1340 negare
2649 1283 2705 1322 se
2734 1265 2916 1338 ipsum
2945 1280 3057 1321 non
3085 1273 3264 1338 potest
3285 1264 3377 1336 (II
3405 1263 3546 1322 Tim.
3581 1282 3652 1332 ιι,
3681 1264 3766 1333 12,

2163 1358 2276 1430 13).
2299 1383 2317 1407 ι
2346 1357 2431 1414 An
2462 1357 2639 1414 nescis
2655 1355 2848 1412 novies
2878 1363 3146 1412 tentatum
3170 1356 3227 1411 in
3247 1370 3431 1410 eremo
3450 1354 3768 1411 Dominum

2161 1446 2440 1503 distulisse
2478 1445 2805 1514 vindictam,
2833 1461 2935 1501 nec
2953 1445 3072 1517 ipsa
3088 1443 3303 1501 decima
3320 1444 3661 1500 tentationis
3689 1443 3768 1499 vi-

2162 1554 2222 1594 ce
2249 1536 2509 1592 damnare
2535 1535 2777 1608 potuisse
2809 1534 3096 1603 duritiam,
3122 1533 3168 1589 si
3200 1533 3497 1608 praeteritis
3521 1535 3650 1605 (19)
3675 1551 3770 1589 ιιο-

2163 1644 2289 1683 vem
2309 1627 2508 1699 culpis,
2529 1626 2726 1699 egisset
2745 1626 2981 1699 populus
3002 1623 3404 1698 pmnitentiam,
3431 1623 3558 1696 ipso
3579 1623 3768 1680 dicen-

2165 1724 2248 1772 te:
2284 1717 2462 1772 :Ecce
2483 1713 2599 1788 jam
2631 1715 2812 1772 decies
2840 1714 3171 1772 exacerbant
3200 1729 3286 1768 me
3316 1713 3378 1769 in
3403 1711 3632 1770 deserto
3663 1713 3770 1770 hoc

459 1832 576 1904 ejus
594 1829 775 1898 valde,
798 1843 960 1901 quam
993 1802 1280 1882 in'manus
1304 1802 1595 1880 hominum
1628 1821 1868 1878 incidam
1893 1820 2054 1892 (Ib-id.
2087 1835 2133 1895 Β
2167 1806 2353 1904 (Νυπξο
2386 1823 2503 1875 XIV,
2539 1805 2630 1904 2?)
2651 1805 2723 1904 7f
2754 1803 3159 1904 “Legenlibru'm
3185 1802 3465 1904 Iudicum,
3513 1808 3571 1904 et
3599 1803 3771 1900 inve—

461 1920 573 1992 14).
606 1943 624 1967 ι
668 1915 929 1990 Sequitur
958 1913 1113 1970 illico
1159 1912 1407 1969 vindicta
1451 1928 1777 1969 consensum
1813 1911 1954 1982 (17),
2004 1917 2058 1966 et

459 2009 782 2065 electionem
831 2002 1156 2078 placabilem
1199 2001 1483 2074 placabilis
1526 2017 1685 2074 paena
1711 2001 2052 2057 comitatur:

458 2099 522 2155 ﬂt
567 2105 773 2168 strages
819 2093 1110 2150 innumera
1161 2098 1591 2165 peremptorum,
1653 2100 1707 2148 et
1757 2089 2057 2147 multitudo

460 2187 651 2263 populi
680 2183 928 2258 angelica
966 2182 1318 2256 percussione
1350 2189 1641 2238 mactatur.
1668 2181 2060 2238 Percutiuntur

458 2275 804 2349 septuaginta
832 2272 1011 2330 millia
1039 2271 1106 2328 de
1136 2272 1406 2338 exercitu,
1446 2278 1501 2326 et
1527 2269 1777 2327 acerbius
1808 2285 2058 2342 perurge-

459 2372 552 2428 bat
581 2370 798 2427 dulcem
825 2367 1073 2423 animum
1120 2362 1452 2421 miserabilis
1498 2361 1661 2418 ruina
1705 2369 2007 2418 castrorum
2041 2379 2054 2417 :

460 2465 654 2539 objicit
701 2480 758 2520 se
803 2468 1084 2518 auctorem
1128 2458 1260 2514 facti
1312 2459 1422 2514 telo
1453 2455 1732 2528 supplicii,
1777 2464 1831 2511 et
1877 2455 2060 2511 induit

461 2563 654 2613 contra
691 2551 1010 2609 saevientem
1050 2548 1282 2621 justitim
1332 2547 1658 2604 machaeram
1697 2545 2058 2603 confessionis

465 2647 719 2714 loricam,
761 2641 1104 2717 puniendum
1134 2657 1191 2697 se
1220 2640 1393 2712 magis
1422 2639 1634 2694 instans
1661 2637 1806 2693 inter
1835 2636 2058 2710 punitos

461 2736 756 2803 exclamat,
785 2741 839 2789 et
858 2741 1010 2806 optat
1040 2732 1098 2788 in
1117 2747 1175 2787 se
1195 2729 1435 2786 derivari
1467 2728 1814 2795 sententiam,
1846 2735 1907 2782 ut
1936 2743 2054 2799 pos-

461 2827 535 2883 sit
561 2843 593 2881 a
637 2824 840 2896 populo
870 2837 1125 2880 revocare
1154 2821 1448 2877 fracturam
1481 2837 1500 2874 :
1561 2843 1579 2866 ι
1608 2818 1750 2875 Ecce
1783 2833 1904 2874 sum
1933 2833 2051 2888 ego,

462 2913 666 2985 inquit,
697 2928 796 2983 ego
824 2921 1007 2982 pastor
1035 2909 1280 2982 peccavi,
1333 2916 1387 2963 et
1415 2925 1512 2979 ego
1551 2907 1694 2963 male
1721 2906 1827 2963 feci
1861 2923 1873 2962 :
1923 2920 2055 2977 grex

459 3008 641 3057 autem
670 2998 763 3055 hic
785 2998 918 3070 quid
939 2997 1116 3055 fecit?
1137 2998 1199 3052 In
1221 3013 1310 3052 me
1338 3012 1562 3052 manum
1590 3004 1742 3052 tuam
1771 3003 2051 3063 converte,

459 3097 514 3144 et
541 3087 766 3143 domum
800 3087 972 3160 patris
1001 3085 1109 3142 mei
1143 3086 1231 3158 (II
1255 3088 1379 3157 Reg.
1411 3101 1572 3154 xxiv,
1607 3085 1718 3155 17).
1752 3108 1771 3134 ι
1803 3084 1945 3139 Ecce
1973 3099 2052 3139 sa-

2165 1895 2281 1952 nies
2318 1894 2625 1950 innumeris
2657 1893 2875 1952 vicibus
2914 1893 3060 1950 filios
3099 1892 3264 1950 Israel
3295 1907 3480 1948 coram
3521 1891 3772 1948 Domino

2166 1985 2356 2042 fecisse
2393 1985 2653 2058 maligna,
2693 1994 2748 2042 et
2789 1984 3024 2041 traditos
3069 1981 3388 2038 incursibus
3429 1982 3765 2038 nationum:

2165 2075 2259 2133 sed
2291 2075 2490 2133 iterum
2523 2091 2851 2133 conversum
2882 2074 3146 2147 populum
3169 2089 3266 2146 per
3285 2073 3488 2129 electos
3507 2071 3685 2129 duces
3701 2071 3770 2128 de

2165 2167 2579 2241 captivitatibus
2595 2167 3090 2235 variisliberatum,
3107 2182 3209 2222 nec
3228 2163 3504 2222 vindicari
3519 2164 3768 2237 potuisse

2166 2257 2476 2326 commissa,
2520 2256 2567 2314 si
2613 2255 2779 2313 toties
2823 2257 3033 2314 factum
3074 2263 3395 2329 sequeretur
3439 2261 3767 2326 competens

2167 2347 2522 2423 poenitentia:
2602 2352 2747 2411 596
2819 2346 2950 2420 quia
3004 2345 3134 2402 licet
3210 2343 3442 2416 poenalis
3489 2344 3768 2401 correctio

2167 2465 2279 2506 non
2322 2449 2552 2516 deesset,
2608 2461 2721 2502 non
2778 2451 2893 2500 erat
2939 2451 3123 2499 tamen
3174 2440 3509 2514 perditionis
3562 2440 3765 2497 abscis.

2165 2539 2247 2595 sio
2285 2538 2426 2610 (20),
2477 2535 2572 2593 sed
2595 2533 2973 2592 conversionis
3003 2533 3200 2590 oratio.
3253 2532 3396 2591 Cum
3423 2532 3579 2588 enim
3604 2530 3763 2587 casti-

2166 2637 2319 2703 gatus
2346 2629 2497 2685 filius
2534 2626 2800 2699 recipitur
2841 2625 2899 2680 in
2940 2624 3220 2692 affectum,
3243 2622 3597 2680 admonitum
3638 2637 3762 2677 eum

2163 2727 2378 2778 constat
2420 2718 2490 2774 ad
2526 2715 2921 2774 satisfactionis
2975 2714 3240 2782 ofﬁcium,
3291 2730 3405 2769 non
3449 2713 3760 2785 punitum:

2163 2825 2262 2867 nec
2304 2808 2420 2865 odii
2467 2808 2690 2863 videtur
2728 2822 2844 2862 esse
2871 2804 3160 2871 correctio,
3209 2802 3304 2859 sed
3336 2803 3580 2870 amoris;
3637 2818 3765 2858 cum

2162 2913 2382 2954 reverso
2441 2895 2744 2952 identidem
2795 2901 2916 2967 post
2968 2892 3247 2965 ﬂagellum
3318 2907 3431 2948 non
3489 2900 3768 2964 negantur

2156 2986 2283 3060 jura
2309 2986 2548 3059 pietatis.
2598 2985 2847 3057 Denique
2867 2984 2996 3040 audi
3027 2983 3327 3039 Dominum
3377 2998 3474 3055 per
3514 2983 3767 3055 prophe—

2161 3086 2273 3134 tam
2313 3077 2686 3149 increpantem
2730 3073 3050 3146 bujusmodi
3101 3073 3328 3130 verbere
3375 3073 3761 3143 fornicariam,

459 3176 790 3236 tisf'actionis
819 3177 1001 3234 oﬂicio
1028 3191 1187 3249 poena
1219 3175 1556 3248 percellitur,
1578 3182 1631 3230 et
1653 3175 1710 3229 in
1738 3172 1907 3228 armis
1925 3189 2051 3229 con-
2083 3201 2132 3265 Ο
2162 3177 2215 3225 et
2245 3167 2519 3265 probrossi
2548 3164 2813 3233 deditam,
2854 3164 3310 3264 inquinatamque
3334 3162 3613 3234 contagiis
3637 3181 3768 3265 ’γο-

465 3267 721 3324 fessionis
765 3265 1075 3339 indignatio
1123 3273 1501 3338 propugnatur
1525 3283 1540 3333 ;
1591 3271 1654 3320 ut
1697 3279 1798 3320 nec
1839 3262 1897 3317 in
1927 3278 2052 3318 eum

460 3359 696 3415 ulterius
719 3356 967 3414 vindicta
989 3355 1324 3430 procederet,
1356 3364 1410 3412 et
1434 3369 1559 3426 erga
1585 3353 1851 3426 populum
1883 3367 2056 3424 quas-

459 3446 599 3502 satio
629 3446 846 3503 caslitus
877 3446 1048 3502 effusa
1077 3446 1400 3517 quiesceret.
1457 3444 1577 3499 Uno
1620 3450 1746 3498 actu
1776 3441 2059 3514 paeniten—

459 3533 550 3590 tiae
579 3544 632 3590 et
662 3533 768 3589 sibi
799 3543 1070 3590 mercatus
1099 3543 1178 3589 est
1225 3535 1504 3605 pietatem,
1555 3540 1609 3588 et
1637 3549 1668 3586 a
1696 3532 1899 3604 populo
1929 3545 2058 3585 sus-

458 3620 651 3694 pendit
681 3621 935 3692 protinus
980 3621 1270 3688 ultionem,
1310 3628 1373 3676 ut
1401 3621 1598 3676 merito
1641 3620 1816 3675 venia:
1857 3618 2058 3676 condo-

459 3716 622 3765 natus
640 3708 947 3766 cantaverit
967 3708 1155 3765 dicens
1178 3727 1189 3766 :
1226 3735 1243 3757 ε
1266 3709 1418 3777 Dixi,
1441 3707 1745 3764 confitebor
1765 3707 2056 3765 adversum

459 3814 546 3854 me
574 3797 924 3872 iniquitatem
966 3814 1144 3854 meam
1171 3797 1430 3866 Domino,
1467 3804 1521 3853 et
1552 3806 1612 3854 tu
1647 3796 1908 3853 remisisti
1944 3797 2079 3852 im-'

463 3891 719 3964 pietatem
768 3891 977 3966 peccati
1016 3890 1126 3946 mei
1158 3891 1331 3962 (Psal.
1364 3906 1526 3958 xxxx,
1557 3888 1654 3960 5);
1689 3913 1708 3937 ι
1762 3888 1890 3962 quia
1931 3905 2057 3946 cum

464 3982 742 4040 assisteret
761 3981 862 4039 sub
883 3981 1265 4056 desperatione
1295 3980 1560 4050 convicti,
1590 3979 1789 4052 dignus
1819 3982 2058 4052 reputari

465 4075 668 4130 meruit
716 4075 949 4146 expiari.
1008 4074 1113 4131 Sed
1156 4073 1358 4147 premit
1399 4080 1453 4128 te
1495 4081 1716 4128 tuorum
1762 4071 2060 4128 enormitas

463 4170 850 4235 peccatorum;
903 4171 958 4219 et
986 4179 1175 4219 eorum
1212 4161 1426 4220 ditione
1453 4161 1725 4234 captivus,
1771 4161 1830 4217 in
1857 4161 2056 4218 caelum

464 4251 655 4306 oculos
683 4267 795 4306 non
825 4251 993 4308 audes
1021 4253 1290 4309 attollere.
1315 4253 1494 4308 Probo
1523 4253 1745 4325 quidem
1779 4252 2056 4309 conscien-

465 4338 555 4395 tias
584 4346 814 4407 metum,
845 4355 958 4395 non
989 4339 1153 4396 laudo
1179 4341 1473 4396 consilium
1498 4359 1512 4407 ;
1545 4341 1639 4397 sed
1661 4342 1806 4397 malo
1824 4349 1878 4397 te
1897 4357 2060 4414 super

465 4426 824 4500 indulgentiae
850 4427 1240 4485 consecutione
1268 4437 1605 4500 suspectum,
1632 4445 1745 4486 non
1771 4428 1838 4485 de
1867 4429 2059 4486 salutis

463 4516 806 4591 reparatione
836 4515 1055 4590 penitus
1084 4515 1451 4588 desperatum.

534 4606 762 4665 CAPUT
793 4606 864 4662 X.
897 4635 969 4647 —
993 4606 1163 4662 Tenet
1191 4605 1340 4662 enim
1377 4605 1667 4679 quamdam
1698 4606 2060 4664 confessionis

463 4705 671 4772 partem
702 4696 1052 4771 supplicandi
1094 4694 1367 4764 confusio,
1415 4711 1535 4768 quae
1583 4711 1804 4750 suorum
1834 4697 2052 4752 conscia

461 4797 809 4860 peccatorum
835 4802 948 4843 non
977 4785 1046 4843 de
1073 4784 1332 4843 Auctoris
1350 4784 1676 4841 remissione
1703 4785 1938 4855 dubitat,
1957 4785 2051 4842 sed

461 4877 528 4934 de
549 4876 926 4951 magnitudine
954 4875 1042 4932 sui
1067 4875 1289 4932 sceleris
1317 4873 1623 4944 erubescit;
1665 4882 1876 4931 reatum
1903 4875 2050 4932 enim

459 4966 746 5039 agnovisse
772 4964 1136 5024 confessionis
1163 4963 1388 5021 initium
1415 4971 1516 5034 est,
1565 4973 1620 5021 et
1644 4964 1960 5037 proximum
1988 4964 2051 5020 fit

460 5056 658 5125 veniae,
691 5054 840 5129 quod
885 5055 1135 5112 stimulat
1161 5054 1466 5127 pmnitudo.
1516 5053 1621 5110 Sed
1651 5061 1795 5109 retro
1824 5054 1936 5125 agit
1965 5070 2051 5110 me

459 5159 728 5214 meorum,
779 5144 1014 5217 inquies,
1071 5144 1409 5202 abundantia
1474 5151 1844 5216 peccatorum.
1904 5143 2050 5209 Quin

457 5237 570 5296 imo
594 5245 748 5296 tanto
768 5238 940 5310 magis
964 5237 1333 5295 insistendum
1362 5244 1444 5294 est
1463 5236 1825 5295 confessionis
1844 5235 2048 5305 officio,

527 5419 644 5500 (id)
670 5419 756 5500 _Ita
784 5416 959 5498 codex
1004 5417 1159 5474 Rem.
1191 5415 1324 5498 edit.
1356 5431 1510 5484 vero,
1554 5415 1611 5470 in
1641 5415 1757 5487 ipsa
1785 5416 2052 5471 voluntate

452 5488 769 5562 supplicium
795 5507 806 5543 :
839 5488 1025 5543 minus
1053 5488 1343 5562 concinne.

524 5557 642 5632 (17)
669 5559 820 5632 Edit.
851 5566 906 5614 et
933 5575 1034 5613 ms.
1059 5559 1239 5627 Sorb.,
1263 5558 1496 5615 vindicta
1516 5557 1842 5628 confessum;
1876 5558 2050 5614 codex

448 5627 630 5694 Rem,
659 5630 895 5685 vindicta
921 5645 1245 5684 consensum.

520 5700 640 5768 (18)
682 5701 841 5756 Rom.
867 5698 1009 5756 edit.
1040 5699 1178 5766 sola,
1216 5707 1264 5756 et
1291 5701 1523 5771 effectum
1551 5716 1740 5770 negare
1786 5699 2044 5754 redeunti.

2167 3257 2333 3312 luisse
2361 3255 2467 3312 sibi
2491 3255 2620 3328 jure
2647 3254 3030 3312 conversionis
3067 3254 3364 3310 asciscere:
3431 3276 3450 3300 ι
3497 3253 3572 3307 Et
3621 3251 3768 3322 dixi,

2167 3346 2369 3418 inquit,
2418 3354 2707 3418 postquam
2737 3342 3010 3399 fornicata
3043 3358 3101 3398 es
3139 3341 3258 3398 haec
3292 3341 3503 3410 omnia,
3564 3342 3639 3399 ad
3685 3361 3770 3400 me

2168 3441 2477 3502 revertere;
2537 3443 2592 3491 et
2651 3449 2764 3489 non
2819 3449 2878 3489 es
2931 3448 3149 3489 reversa
3205 3432 3577 3504 incomposita
3629 3433 3770 3490 Iuda

2170 3525 2386 3596 (Jerem.
2419 3540 2504 3592 III,
2531 3524 2605 3596 7).
2637 3547 2656 3572 ι
2710 3521 2869 3590 Quod
2898 3521 3044 3578 idem
3074 3522 3344 3578 Dominus
3370 3522 3431 3577 in
3459 3521 3770 3594 Evangelia

2167 3614 2502 3682 manifestat,
2543 3629 2670 3670 cum
2717 3612 3005 3669 induratos
3034 3611 3282 3683 increpat
3324 3610 3561 3667 dicens:
3628 3637 3650 3660 ι
3687 3612 3768 3667 Je-

2167 3703 2425 3772 rusalem,
2476 3702 2799 3770 Jerusalem,
2853 3717 2972 3774 quae
3022 3699 3289 3756 interficis
3335 3699 3661 3772 prophetas,
3715 3709 3770 3756 et

2170 3792 2378 3865 lapidas
2433 3793 2633 3849 missos
2685 3789 2756 3846 ad
2806 3797 2897 3857 te;
2953 3790 3170 3862 quoties
3225 3787 3379 3843 volui
3431 3803 3768 3861 congregare

2168 3882 2313 3938 filios
2340 3889 2485 3948 tuos,
2532 3881 2676 3938 sicut
2706 3878 2910 3950 gallina
2943 3884 3238 3950 congregat
3269 3878 3455 3949 pullos
3499 3894 3631 3933 suos
3666 3876 3764 3932 sub

2167 3972 2280 4028 alas
2307 3987 2450 4038 suas,
2475 3977 2529 4026 et
2552 3969 2780 4026 noluisti
2814 3967 3028 4039 (Matth.
3061 3983 3225 4034 xxm,
3248 3966 3342 4039 37)
3368 3967 3397 4022 ?
3415 3992 3434 4014 ι
3471 3968 3760 4034 Ultimum,

2166 4061 2347 4130 crede,
2379 4061 2509 4116 vita:
2545 4067 2747 4116 nostrai
2771 4065 2958 4114 actum
2985 4056 3259 4113 Dominus
3288 4066 3589 4130 exspectat,
3627 4067 3682 4113 et
3709 4058 3762 4112 in

2167 4169 2276 4226 quo
2304 4168 2405 4207 nos
2432 4151 2616 4208 exitus
2644 4149 2830 4206 ﬁnalis
2856 4149 3154 4217 invenerit,
3188 4149 3248 4204 in
3274 4165 3340 4205 eo
3364 4148 3677 4220 judicabit;
3717 4150 3763 4205 si

2166 4242 2376 4299 scilicet
2406 4239 2813 4312 multiplicibus
2841 4247 3028 4311 septus
3056 4239 3275 4306 erratis,
3319 4238 3767 4295 circumvolvent

2168 4347 2330 4404 supra
2366 4338 2530 4402 caput
2568 4336 2728 4384 tuum
2770 4328 2980 4384 umbrat
3019 4327 3358 4394 facinorum,
3405 4327 3597 4384 oculos
3642 4334 3764 4383 tuos

2168 4421 2434 4477 scelerum
2464 4418 2640 4490 caligo
2679 4416 3012 4490 pernubilet,
3057 4425 3113 4472 et
3144 4417 3359 4488 peccati
3381 4415 3579 4488 jugum
3614 4425 3764 4472 tuam

2168 4508 2438 4566 cervicem
2483 4507 2759 4572 incurvet,
2803 4512 2964 4578 atque
3009 4504 3156 4560 intra
3199 4504 3557 4561 conscientia:
3605 4519 3766 4575 pene-

2169 4599 2306 4654 trale
2335 4596 2670 4668 ﬂagitiorum
2712 4593 2972 4668 probrum
3003 4592 3240 4650 subinde
3279 4594 3490 4650 vulnus
3529 4593 3770 4649 exulce—

2165 4696 2283 4743 ret:
2333 4687 2381 4742 si
2418 4687 2659 4742 animam
2694 4693 2846 4741 tuam
2879 4700 2990 4740 non
3026 4684 3086 4740 in
3129 4683 3535 4756 desperationis
3589 4681 3769 4755 proje-

2161 4778 2302 4833 ccris
2329 4777 2622 4842 vilitatem,
2665 4791 2792 4833 cum
2820 4790 2992 4830 unum
3031 4772 3518 4831 circumcordialis
3562 4775 3769 4828 secreti

2161 4865 2420 4922 effuderis
2474 4867 2532 4922 in
2588 4864 2932 4922 confessione
2972 4878 3309 4930 sermonem,
3362 4877 3479 4918 non
3541 4861 3772 4934 negabit

2161 4958 2465 5016 remedium
2512 4959 2709 5026 veniae,
2757 4956 2852 5029 qui
2908 4955 3064 5012 venit
3111 4955 3326 5010 animas
3375 4955 3614 5022 salvare,
3657 4970 3772 5009 non

2161 5053 2384 5126 perdere
2407 5071 2420 5122 ;
2466 5055 2596 5126 quia
2625 5069 2738 5108 non
2765 5052 2887 5107 vult
2915 5059 3149 5108 mortem
3177 5049 3498 5118 morientis,
3539 5065 3769 5106 conver-

2161 5160 2282 5198 sum
2325 5143 2514 5215 procul
2549 5141 2719 5198 dubio
2761 5140 2953 5197 suadet
2989 5139 3060 5196 ad
3104 5140 3302 5209 vitam,
3355 5140 3486 5213 ipso
3528 5139 3767 5195 Domino

2161 5234 2404 5292 dicente:
2469 5259 2488 5283 ς
2531 5235 2708 5290 Filius
2734 5233 2976 5291 hominis
3006 5248 3118 5288 non
3148 5232 3310 5288 venit
3338 5232 3562 5290 animas
3591 5231 3764 5288 homi-

2234 5418 2349 5488 (19)
2391 5417 2540 5472 Edit.
2574 5424 2626 5473 et
2656 5417 2778 5474 cod.
2809 5416 3284 5488 Sorb.,,damnare
3303 5416 3569 5485 potuisse,
3620 5416 3668 5470 si
3706 5412 3765 5467 de

2153 5488 2479 5560 prceteritis;
2510 5488 2704 5545 codex.
2738 5490 2890 5545 Rem.
2909 5497 2974 5560 ut
3002 5487 3058 5542 in
3085 5493 3383 5560 contextu.

2194 5630 2205 5640 .
2232 5559 2349 5640 (2_O_)
2391 5556 2470 5615 Ita
2483 5560 2656 5640 codex
2680 5561 2831 5640 item.
2855 5576 2869 5627 ;
2891 5557 3024 5615 edit.
3051 5573 3203 5626 vero,
3220 5558 3565 5629 proditionis
3578 5556 3762 5616 abscis-

2158 5631 2256 5688 sio.
2283 5632 2403 5688 Non
2436 5631 2566 5687 satis
2596 5637 2761 5687 recte.
