3902 6198
164 237 315 295 1073

158 383 304 424 num
345 365 600 440 perdere,
649 364 745 422 sed
792 366 1003 422 salvare
1043 366 1193 437 (Luc.
1227 382 1306 433 ix,
1338 365 1471 437 56);
1511 389 1528 414 ι

159 474 288 514 rum
325 473 336 512 :
380 481 399 505 σ
419 455 589 513 Venit
617 456 765 511 enim
796 455 972 511 Filius
1015 453 1260 511 hominis
1287 471 1546 528 quatere,
1577 462 1632 511 et
1661 454 1761 510 sal-

164 563 298 604 vare
360 543 510 619 quod
552 544 787 617 perierat
835 545 987 616 (Luc.
1045 560 1168 613 xix,
1227 543 1340 615 I0).
1381 568 1400 591 ι
1469 543 1586 600 Nisi
1635 544 1765 616 quia

163 643 563 711 prapotentem
615 631 752 689 facis
791 632 1095 702 diabolum,
1131 633 1176 689 si
1204 641 1361 704 putas
1392 633 1520 706 quia
1543 632 1610 688 de
1642 632 1761 688 fau-

163 726 324 784 cibus
358 723 478 797 ejus
512 722 787 780 Dominus
814 738 925 778 non
955 729 1134 794 potest
1160 738 1348 778 eruere
1385 722 1720 794 captivatum
1747 740 1758 778 :

163 824 264 873 aut
309 813 776 888 quemadmodum
825 811 920 867 ille
967 811 1165 883 vigilat
1211 827 1424 885 semper
1452 820 1514 868 ut
1551 811 1761 884 perdat,

164 921 281 961 non
315 903 392 960 ita
419 901 616 974 satagit
639 900 909 958 Dominus
929 911 991 958 ut
1017 901 1284 974 acquirat.

240 992 470 1051 CAPUT
504 992 602 1047 XI.
657 1019 729 1032 —
765 991 826 1046 In
857 990 960 1046 hac
996 989 1164 1063 igitur
1191 998 1245 1046 te
1274 991 1447 1047 veluti
1483 992 1764 1064 praesentis

166 1083 277 1140 loci
327 1083 532 1139 ﬁducia
588 1081 785 1137 ultima
837 1081 1109 1138 confessio
1159 1083 1389 1140 latronis
1426 1085 1673 1154 inducat,
1709 1093 1763 1141 et

166 1191 324 1248 spem
376 1175 676 1230 maximam
727 1173 934 1231 tribuat
976 1176 1280 1232 novissima
1325 1176 1623 1250 desperatis
1651 1195 1762 1234 non

164 1262 511 1337 desperantis
563 1263 622 1320 in
668 1280 829 1321 cruce
877 1265 1166 1323 confessio.
1220 1267 1395 1324 Omne
1437 1267 1606 1340 igitur
1633 1269 1762 1326 vita

166 1369 283 1409 sua
320 1361 502 1408 actum
553 1351 650 1408 ille
680 1354 987 1410 latrociniis
1029 1363 1433 1424 cruentaverat,
1482 1365 1536 1412 et
1582 1367 1762 1431 egerat

163 1459 384 1515 semper
438 1443 494 1498 in
551 1443 750 1499 saculo
801 1443 1085 1501 diabolica
1132 1445 1368 1503 feritatis
1409 1449 1760 1520 armigerum,

162 1547 452 1604 nunquam
512 1532 610 1588 Dei
677 1531 1041 1601 meminerat,
1113 1533 1267 1590 nulla
1322 1535 1456 1609 legis
1518 1537 1765 1596 audierat

162 1621 446 1690 mandata,
476 1629 572 1679 aut
599 1630 746 1679 certe
775 1623 822 1679 si
862 1621 1129 1692 audierat,
1168 1625 1470 1697 proclivior
1517 1627 1584 1682 ad
1619 1627 1765 1684 faci-

1282 238 1376 295 DE
1414 236 1876 294 POENITENTIA
1914 237 2118 298 LIBER
2156 243 2348 303 UNUS.

3363 250 3500 308 1074

1572 375 1626 422 et
1660 366 1772 423 ite—
1795 368 1846 428 Α
1876 365 2038 435 ravit,
2065 369 2335 426 medicum
2359 388 2467 430 non
2499 377 2754 438 mutabis.
2779 383 2897 441 Non
2939 383 3246 444 laborabit
3284 379 3491 451 explo-

1872 471 1990 510 rare
2037 459 2371 516 valetudinis
2409 470 2516 520 tua
2564 484 2797 540 causam,
2829 491 2929 532 nec
2967 475 3236 534 tentabit
3271 485 3400 542 erga
3432 476 3484 525 te

1873 544 2090 599 noviter
2133 547 2510 607 medicaminis
2550 555 2805 614 virtutem
2855 565 3207 632 examinare,
3243 565 3384 616 noto
3425 565 3478 614 te

1872 633 2086 688 sanabit
2149 634 2416 692 antidoto.
2491 639 2938 712 Experimentum
3009 648 3291 724 adjutorii
3363 662 3472 702 non

1872 729 2170 792 exspectat,
2207 724 2301 795 qui
2331 725 2610 797 languoris
2652 731 2734 784 tui
2781 737 2938 789 novit
2978 740 3281 808 originem.
3318 735 3470 790 Unde

1873 809 2080 866 dudum
2113 820 2334 868 curatus
2363 813 2564 882 fueras,
2597 815 2723 873 inde
2769 819 2967 876 iterum
3005 822 3295 877 curaberis
3327 839 3338 875 :
3370 811 3469 883 nec

1873 909 1935 956 tu
1963 901 2071 957 eris
2099 902 2165 958 de
2195 903 2437 959 remedio
2470 905 2693 961 medela
2722 918 3028 980 suspectus,
3049 919 3104 965 et
3130 909 3384 965 medicus
3402 913 3467 970 de

1873 991 2213 1062 reparatione
2256 1001 2350 1048 tua
2390 1008 2635 1049 securus.
2670 994 2968 1068 Castigabit
2996 999 3157 1068 plane
3188 998 3468 1068 intempe~

1872 1081 2104 1137 rantiam
2152 1090 2325 1151 tuam,
2363 1069 2437 1140 et.
2461 1084 2598 1140 dura
2644 1085 3024 1159 objurgatione
3062 1085 3466 1160 impatientiam

1871 1170 2182 1228 verberabit
2231 1190 2244 1229 :
2295 1173 2389 1230 sed
2435 1190 2545 1229 non
2593 1176 2814 1248 negabit
2860 1176 3154 1245 auxilium,
3216 1175 3313 1247 qui
3358 1192 3464 1235 non

1871 1261 2177 1318 contemnit
2220 1272 2506 1334 agrotum.
2552 1263 2700 1320 Audi
2748 1265 3073 1337 Prophetam
3123 1265 3398 1322 dicentem
3449 1283 3461 1320 :

1888 1373 1906 1397 ι
1948 1350 2227 1423 Numquid
2273 1351 2364 1424 qui
2411 1351 2638 1422 dormit,
2689 1370 2801 1409 non
2843 1353 3068 1426 adjiciet
3110 1362 3173 1410 ut
3224 1364 3468 1426 resurgat

1875 1438 2048 1510 (Psal.
2083 1456 2173 1507 ιιι,
2221 1439 2278 1511 9)
2307 1441 2335 1495 ‘i
2365 1465 2382 1487 ι
2446 1442 2559 1498 Aut
2606 1442 2701 1514 qui
2733 1443 3096 1516 naufragavit,
3131 1459 3244 1499 non
3275 1441 3464 1500 itidem

1874 1528 2144 1600 navigat?
2174 1536 2267 1584 aut
2296 1529 2389 1601 qui
2440 1546 2669 1586 messem
2713 1531 2974 1602 perdidit,
3006 1530 3277 1604 numquid
3303 1532 3468 1586 semel

1873 1617 2211 1690 desperatus,
2269 1635 2382 1674 non
2442 1618 2641 1675 iterum
2714 1629 2808 1676 aut
2870 1629 2987 1677 arat
3040 1629 3134 1676 aut
3186 1619 3469 1677 seminat?

160 1727 305 1767 nora
359 1727 471 1769 non
531 1712 788 1780 curabat,
848 1721 1017 1769 totam
1068 1730 1217 1786 spem
1274 1715 1332 1770 in
1392 1717 1769 1790 desperatione
1797 1727 1844 1789 Β
1875 1710 2082 1770 Cursus
2122 1711 2215 1768 hic
2251 1720 2438 1769 noster
2467 1713 2523 1768 in
2565 1713 2802 1785 quodam
2829 1713 2944 1769 salo
2972 1713 3164 1769 mundi
3186 1714 3463 1787 jactatur:

162 1799 442 1870 versabat,
501 1809 555 1858 et
601 1800 888 1858 exercebat
916 1802 1296 1860 crudelitatem
1329 1822 1478 1864 more
1523 1813 1764 1868 scelera-

159 1900 351 1950 torum
397 1893 731 1961 satellitum;
781 1894 852 1950 ob
899 1894 1004 1952 hoc
1047 1911 1284 1970 namque
1337 1897 1629 1959 damnatus
1705 1905 1764 1961 in

159 1998 348 2052 cruce,
399 1991 454 2040 et
492 2001 618 2041 cum
666 1983 802 2057 ipsis
855 1984 1183 2042 criminibus
1227 1988 1342 2044 suis
1388 1991 1586 2048 aﬂixus
1615 1992 1765 2066 ligno

160 2071 457 2147 pendebat.
524 2072 766 2129 Tandem
825 2074 1073 2146 perditus
1125 2075 1378 2149 resipuit,
1427 2087 1481 2134 et
1531 2079 1590 2136 in
1648 2082 1767 2155 ipso

159 2163 438 2237 supplicio
483 2163 840 2232 constitutus,
891 2180 1150 2235 magnum
1205 2166 1310 2222 sibi
1359 2177 1635 2226 mercatus
1684 2179 1767 2228 est

160 2269 234 2309 ex
265 2260 444 2309 morte
473 2251 861 2324 compendium
887 2271 900 2321 ;
934 2255 1106 2310 Deum
1143 2255 1290 2311 enim
1330 2274 1455 2315 cum
1487 2277 1595 2333 quo
1623 2277 1768 2334 pen-

161 2341 350 2410 debat,
406 2342 676 2415 agnovit:
722 2341 967 2414 judicem
997 2343 1251 2401 futurum
1288 2347 1378 2403 cui
1431 2349 1762 2422 adharebat,

165 2433 462 2492 intremuit
507 2449 521 2490 :
579 2432 930 2491 conscientia
969 2451 1081 2491 sua
1135 2436 1375 2495 crimina
1438 2441 1766 2512 publicavit,

173 2523 513 2596 baptismum
570 2523 854 2595 sanguinis
897 2523 1212 2596 perfusione
1242 2529 1494 2599 protinus
1523 2531 1770 2604 acquisi—

169 2615 278 2683 vit,
308 2623 361 2671 et
387 2630 514 2671 cum
545 2614 783 2670 Domino
821 2613 880 2669 in
923 2615 1235 2687 paradisum
1266 2626 1599 2690 purpuratus
1627 2637 1770 2676 con—

169 2704 347 2762 fessor
372 2703 613 2760 intravit.
687 2704 812 2760 Hac
853 2720 982 2760 vera
1029 2706 1364 2763 consultatio
1406 2709 1768 2781 pauitantia,

166 2793 280 2850 hoc
337 2793 670 2867 pracipuum
727 2794 1125 2868 pragmaticum
1196 2797 1519 2867 conﬁtendi,
1579 2799 1625 2855 si
1668 2801 1770 2856 Fi-

170 2885 312 2941 lium
359 2886 458 2942 Dei
509 2903 670 2959 quem
711 2902 819 2941 non
870 2886 1089 2959 ignoras
1139 2898 1440 2959 auctorem,
1475 2891 1662 2947 credas
1716 2899 1770 2947 et

161 2972 435 3047 judicem,
467 2973 587 3048 ipso
634 2975 851 3032 dicente
885 2995 898 3032 :
963 3000 981 3023 ι
1019 2977 1178 3034 Pater
1220 2980 1497 3036 neminem
1533 2980 1768 3052 judicat,

167 3062 266 3120 sed
318 3079 480 3119 omne
502 3063 776 3136 judciium
812 3065 964 3122 dedit
1007 3066 1151 3123 Filio
1185 3068 1372 3140 (Joan.
1425 3087 1482 3136 v,
1510 3070 1625 3141 22);
1656 3096 1674 3119 ›

166 3155 240 3210 ad
289 3171 438 3227 spem
467 3155 660 3211 salutis
712 3165 984 3228 perpetua
1031 3159 1415 3231 capessendam
1465 3177 1575 3215 non
1619 3176 1769 3232 pra-

169 3244 318 3301 senti
347 3244 474 3299 vita
513 3246 819 3315 consulere,
843 3247 938 3304 sed
969 3249 1036 3304 de
1051 3249 1239 3305 futuro
1262 3248 1478 3322 judicio
1505 3252 1763 3324 cogitare.

166 3332 358 3390 Primo
405 3335 549 3391 enim
602 3335 660 3391 in
699 3345 995 3409 conspectu
1047 3338 1254 3410 judicis
1307 3357 1421 3396 sese
1477 3342 1768 3398 damnatus

165 3423 448 3494 exposuit,
486 3431 538 3478 et
569 3421 851 3479 confessus
877 3423 945 3480 de
973 3424 1301 3482 criminibus
1350 3427 1484 3494 suis,
1517 3429 1769 3500 implevit

166 3511 417 3568 oﬁicium
465 3513 784 3583 panitentis
822 3531 834 3568 :
880 3513 1079 3570 deinde
1126 3531 1252 3570 cum
1311 3515 1491 3572 crucis
1522 3525 1768 3573 cerneret

167 3618 414 3676 poenam,
447 3600 723 3658 intellexit
760 3601 1033 3674 judicium
1085 3603 1250 3660 afﬁxo
1299 3621 1591 3662 commune
1629 3623 1763 3673 esse,

167 3710 287 3750 non
315 3707 571 3760 causam;
621 3693 794 3748 Deum
846 3700 1029 3748 tamen
1071 3701 1206 3750 tunc
1250 3692 1504 3763 credidit,
1547 3696 1767 3766 quando

165 3799 297 3839 eum
327 3781 512 3837 Judaa
541 3780 896 3852 pertinaciter
937 3781 1272 3854 abnegavit:
1327 3791 1381 3838 et
1433 3784 1606 3840 futuri
1655 3801 1765 3839 non

167 3873 464 3928 immemor
489 3870 545 3925 in
576 3886 734 3927 cruce
757 3870 978 3942 judicii,
1011 3871 1329 3928 memoriam
1363 3872 1448 3928 sui
1475 3889 1766 3929 commen—

165 3964 335 4022 dabat
380 3961 595 4036 judicio
649 3964 946 4036 regnaturi.
983 3964 1098 4019 Hoc
1124 3963 1489 4034 Evangelium
1522 3964 1766 4020 manife-

165 4061 276 4111 stat
329 4069 341 4106 :
405 4077 424 4100 ε
479 4051 834 4125 Respondens
889 4060 1093 4120 autem,
1153 4053 1356 4126 inquit,
1415 4052 1556 4109 alius
1601 4055 1760 4122 latro,

164 4141 506 4215 corripiebat
535 4141 715 4208 illum,
748 4140 936 4197 dicens
970 4160 980 4197 :
1010 4143 1131 4199 Non
1159 4142 1318 4198 times
1345 4144 1541 4212 Deum,
1579 4143 1672 4215 qui
1704 4144 1763 4199 in

165 4233 357 4288 eadem
391 4229 747 4286 damnatione
781 4231 881 4287 es?
929 4231 1038 4287 Nos
1064 4230 1284 4304 quidem
1314 4231 1460 4304 juste
1507 4231 1761 4304 quemad-

164 4322 395 4379 modum
454 4320 687 4392 egimus,
749 4327 803 4374 et
841 4321 1172 4393 percipimus
1206 4338 1218 4375 :
1278 4321 1371 4377 hic
1407 4329 1588 4378 autem
1617 4322 1760 4378 nihil

1717 3079 1840 3148 etc

1873 1801 2243 1873 navigandum
2289 1803 2450 1860 nobis
2495 1811 2594 1872 est,
2629 1811 2682 1859 et
2711 1803 2982 1859 malorum
3025 1805 3319 1862 tendiculis
3348 1807 3472 1862 vela

1874 1891 2205 1949 insinuanda
2249 1903 2398 1951 sunt.
2447 1897 2692 1953 Procella
2719 1897 2899 1966 savit,
2932 1905 3129 1954 ventus
3166 1900 3468 1972 consurgit,

1875 1989 2168 2054 tempestas
2209 1981 2415 2040 insanit
2448 2001 2460 2040 :
2492 1985 2539 2040 si
2569 1985 2647 2040 ita
2674 1986 2892 2042 clavum
2922 1987 3186 2056 tenueris,
3224 1995 3286 2044 ut
3314 1989 3473 2044 navis

1875 2079 1984 2128 tua
2027 2071 2328 2130 retinacula
2372 2073 2488 2146 (2i)
2540 2091 2650 2132 non
2696 2075 2938 2145 amittas,
2968 2076 3037 2132 ad
3077 2085 3317 2149 portum,
3348 2077 3472 2133 illi-

1875 2161 2020 2216 batis
2066 2161 2361 2231 mercibus,
2397 2161 2589 2220 tendes
2621 2181 2634 2220 :
2681 2164 2766 2220 sin
2803 2181 2934 2220 vero
2973 2164 3232 2222 ﬂuctibus
3265 2165 3470 2223 adver—

1877 2251 1952 2306 sis
1979 2251 2160 2306 illisus
2190 2252 2433 2324 scopulis
2463 2252 2900 2325 implicantibus,
2932 2272 2996 2312 ac
3019 2254 3242 2313 ﬂatibus
3271 2273 3472 2329 prape-

1877 2339 2045 2408 ditus,
2079 2339 2223 2395 inter
2250 2341 2389 2396 freta
2418 2341 2660 2399 rixantia
2690 2343 2892 2400 tumidi
2933 2344 3164 2417 gurgitis
3191 2345 3472 2418 naufraga-

1878 2426 2042 2493 veris,
2072 2425 2413 2482 redeundum
2447 2435 2530 2484 est
2559 2427 2866 2499 saburram,
2899 2430 3259 2489 reficiendum
3295 2431 3475 2504 prima

1878 2517 2183 2589 navigium,
2232 2533 2438 2574 merces
2483 2519 2732 2588 emenda,
2785 2538 2974 2577 rursus
3036 2523 3280 2595 pericula
3333 2523 3475 2579 sub-

1876 2605 2076 2675 eunda,
2127 2613 2180 2662 et
2236 2606 2498 2677 praeteriti
2556 2624 2714 2665 casus
2761 2610 3034 2666 referendi
3089 2628 3186 2684 per
3238 2627 3470 2680 causas;

1877 2704 1931 2754 et
1960 2704 2022 2752 ut
2049 2697 2210 2753 liceat
2235 2695 2448 2768 perdita
2476 2713 2744 2769 reparare,
2768 2717 2879 2756 non
2909 2700 3189 2759 dubitabis
3217 2712 3270 2760 te
3294 2704 3474 2776 prisco

1877 2785 2188 2842 discrimini
2220 2784 2321 2842 sub
2352 2802 2445 2858 spe
2477 2786 2686 2843 incerta
2713 2789 3080 2846 committere.
3112 2791 3248 2847 Nam
3281 2793 3474 2864 procul

1878 2877 2049 2933 dubio
2080 2874 2439 2944 mendicabis,
2463 2875 2509 2931 si
2532 2883 2654 2948 post
2682 2877 3028 2950 naufragium
3059 2880 3129 2936 ad
3158 2881 3475 2953 negotiandi

1877 2983 2035 3022 usum
2071 2966 2273 3022 reverti
2301 2964 2543 3022 nolueris
2573 2984 2584 3021 :
2619 2983 2720 3023 nec
2747 2967 2813 3022 de
2844 2975 3077 3041 egestate
3098 2977 3260 3043 atque
3279 2987 3474 3026 arum-

1877 3057 1965 3113 nis
1997 3059 2108 3113 tuis
2147 3058 2298 3131 queri
2341 3058 2688 3131 postmodum
2738 3060 2961 3131 poteris,
2997 3060 3044 3116 si
3092 3068 3283 3133 captus
3328 3070 3475 3118 sorte

1877 3148 2145 3220 naufragii
2188 3150 2289 3206 sub
2334 3149 2569 3222 ignavia
2619 3158 2841 3222 stupore
2887 3151 3138 3209 eﬁiciaris
3163 3152 3474 3209 calamitate

1877 3237 2138 3303 mendici.
2171 3239 2242 3293 Et
2289 3238 2334 3294 si
2386 3237 2649 3293 mundani
2681 3239 3038 3312 negotiatoris
3065 3239 3182 3297 hac
3210 3257 3343 3298 cura
3369 3250 3472 3310 est,

1876 3333 1938 3383 ut
1966 3327 2290 3399 plerumque
2319 3335 2441 3399 post
2478 3327 2750 3400 naufragii
2774 3326 3046 3399 jacturam
3083 3345 3195 3385 non
3225 3328 3474 3402 desperet

1876 3415 2149 3488 praeterita
2176 3431 2274 3471 sua
2301 3415 2500 3471 damna
2529 3415 2817 3472 industria
2837 3417 3210 3474 emolumento
3238 3419 3464 3477 sarciri:

1876 3520 1976 3560 nec
2008 3505 2344 3576 exspoliatus
2383 3504 2696 3561 incursibus
2725 3505 2903 3578 detegi
2933 3523 3088 3562 suam
3119 3507 3328 3579 patitur
3356 3525 3474 3565 nu-

1875 3591 2125 3661 ditatem,
2158 3594 2252 3650 sed
2295 3595 2478 3650 studet
2522 3595 2697 3666 magis
2743 3611 2772 3650 e
2819 3611 2989 3667 parvo
3017 3612 3389 3666 concrescere,
3419 3604 3474 3652 et

1875 3682 2074 3754 spebus
2107 3683 2294 3740 dubiis
2332 3685 2450 3756 (22)
2479 3691 2786 3757 aucupatur
2823 3685 3036 3756 potiora
3070 3685 3240 3754 lucra,
3273 3702 3474 3758 pecca-

1873 3777 1932 3826 to
1963 3772 2332 3842 lenocinante,
2364 3774 2720 3846 conquirere;
2764 3781 2970 3846 quanto
2999 3774 3172 3846 magis
3210 3773 3310 3830 tibi
3342 3774 3474 3830 ani-

1875 3877 1976 3916 ma
2026 3868 2134 3916 tua
2169 3861 2368 3918 damna
2412 3863 2703 3934 cogitanda
2749 3870 2896 3931 sunt,
2938 3870 2991 3918 et
3022 3863 3079 3917 in
3111 3863 3345 3934 vestigio
3377 3879 3472 3919 re-

1873 3949 2112 4022 paranda
2157 3950 2412 4022 perditio,
2459 3951 2515 4005 in
2558 3967 2666 4023 qua
2709 3951 2907 4006 futura
2946 3950 3059 4022 spei
3107 3950 3312 4006 damna
3356 3967 3471 4006 nu-

1873 4045 2155 4095 merantur
2188 4038 2329 4111 (23),
2360 4045 2414 4094 et
2443 4037 2573 4093 vitae
2601 4045 2871 4111 perpetua
2903 4036 3202 4096 infeliciter
3229 4047 3470 4111 quastus

1871 4129 2147 4186 amittitur
2171 4130 2182 4185 l

1952 4233 2096 4289 597
2128 4227 2354 4285 CAPUT
2380 4227 2530 4284 XIII.
2557 4256 2629 4268 —
2655 4223 2916 4281 Eundum
2956 4224 3062 4282 tibi
3091 4231 3172 4281 est
3200 4225 3268 4280 ad
3296 4241 3468 4281 arma-

1871 4325 2014 4380 rium
2065 4324 2248 4381 idonei
2296 4323 2601 4397 largitoris;
2655 4330 2709 4378 et
2757 4322 2964 4378 fanore
3012 4321 3352 4394 panitentia
3406 4340 3470 4380 ac

162 4411 300 4467 mali
332 4409 576 4466 admisit.
608 4409 679 4466 Et
711 4409 929 4466 dicebat
974 4411 1041 4466 ad
1071 4411 1252 4466 Jesum
1292 4429 1302 4466 :
1339 4410 1592 4479 Domine,
1637 4427 1760 4466 me-
1791 4448 1838 4507 D
1870 4413 2262 4470 satisfactionis
2309 4413 2507 4469 oblatis
2559 4412 2741 4468 usuris
2789 4410 3074 4468 conscribe
3131 4411 3466 4507 syngrapha,

162 4517 290 4556 mor
316 4507 434 4556 esto
473 4498 601 4567 mei,
649 4515 774 4556 cum
813 4499 1029 4555 veneris
1058 4498 1115 4553 in
1146 4516 1372 4571 regnum
1408 4506 1561 4554 tuum
1607 4501 1758 4570 (Luc.

159 4605 334 4655 xxm,
369 4587 596 4661 150-42).
628 4612 646 4636 ι
691 4587 792 4644 Sed
827 4588 952 4644 vide
977 4597 1196 4659 repente
1222 4588 1356 4660 quid
1377 4589 1597 4658 meruit,
1629 4590 1763 4662 quid

157 4694 233 4734 ex
261 4693 360 4733 ore
391 4677 656 4733 Veritatis
697 4677 930 4744 audivit,
981 4676 1113 4748 quid
1145 4678 1318 4749 gratia
1347 4676 1649 4749 judicantis
1679 4694 1761 4735 ac-

155 4768 315 4839 cepit
351 4785 362 4822 :
415 4791 433 4814 ς
464 4767 642 4822 Amen
679 4765 805 4823 dico
837 4766 957 4836 tibi,
991 4765 1154 4823 hodie
1184 4783 1398 4824 mecum
1427 4769 1535 4826 eris
1564 4769 1622 4824 in
1659 4786 1763 4843 pa-

157 4854 356 4914 radiso
389 4855 552 4927 (Ibid.
593 4855 709 4928 43).
744 4881 762 4902 ι

239 4945 482 5005 CAPUT
509 4946 633 5001 XII.
664 4975 734 4986 —
777 4943 882 5001 Sed
928 4945 1008 5002 ais
1037 4946 1175 5003 mihi
1213 4963 1224 5002 :
1268 4947 1493 5003 Peccata
1530 4949 1764 5019 peccatis

156 5037 369 5111 adjeci,
403 5045 458 5093 et
509 5035 602 5108 qui
652 5033 765 5107 jam
797 5034 995 5091 cadens
1043 5045 1255 5092 erectus
1287 5037 1514 5104 fueram,
1566 5037 1764 5093 iterum

157 5127 375 5193 cecidi,
421 5135 474 5183 et
524 5123 875 5181 conscientia
917 5140 1050 5181 mea
1079 5127 1283 5182 vulnus
1306 5126 1417 5197 jam
1440 5143 1577 5198 pene
1613 5144 1765 5182 cura-

158 5228 287 5276 tum
339 5215 549 5292 peccati
599 5215 1008 5273 exulceratione
1062 5217 1364 5274 recruduit.
1413 5214 1558 5284 Quid
1604 5217 1767 5288 trepi-

158 5309 314 5367 das?
360 5307 494 5382 quid
524 5305 730 5364 vereris
766 5306 795 5361 ?
839 5305 988 5363 Idem
1018 5323 1230 5379 semper
1258 5312 1357 5372 est,
1390 5305 1482 5376 qui
1514 5312 1638 5359 ante
1676 5321 1766 5360 cu-

246 5455 368 5527 (21)
401 5455 552 5512 Edit.
583 5463 639 5512 et
668 5471 771 5527 ms.
805 5454 986 5521 Sorb.,
1017 5459 1078 5527 ut
1102 5467 1290 5527 manus
1321 5456 1422 5505 tua:
1449 5451 1769 5518 retinacula;

168 5525 301 5584 cod.
334 5524 518 5594 Rom.,
548 5533 607 5582 ut
633 5526 787 5581 navis
816 5534 918 5583 tua
949 5524 1264 5581 retinacula.

249 5599 370 5671 (22)
399 5589 589 5657 Codex
617 5598 773 5654 Rem.
794 5607 851 5655 et
876 5597 1059 5665 Sorb.,
1089 5603 1139 5651 et
1160 5589 1420 5665 speciebus
1449 5591 1641 5650 dubiis.

1872 4503 2027 4560 mitte
2057 4501 2440 4574 chirographa,
2474 4516 2592 4557 eme
2635 4500 2736 4556 tibi
2776 4499 2844 4555 ab
2873 4500 2973 4556 illo
3001 4516 3197 4555 aurum
3229 4499 3463 4573 ignitum

1869 4593 1970 4648 Dei
2018 4591 2184 4660 dono,
2233 4591 2708 4664 qualibuscunque
2751 4587 2798 4644 si
2841 4604 2953 4644 non
2999 4588 3277 4662 pretiosis,
3312 4605 3468 4644 mer-

1871 4681 2027 4737 cibus
2047 4680 2216 4753 imple
2245 4679 2548 4752 navigium,
2577 4694 2802 4734 censum
2831 4683 2987 4732 tuum
3012 4677 3070 4733 in
3097 4677 3467 4750 comparando

1870 4770 2023 4826 illam
2070 4769 2362 4842 pretiosam
2415 4767 2763 4840 margaritam
2806 4765 3071 4838 depende,
3102 4782 3172 4821 ex
3215 4781 3324 4840 qua
3353 4765 3467 4822 ani-

1875 4876 1975 4915 ma
2019 4866 2126 4915 tua
2174 4856 2574 4931 turpitudinem
2617 4855 2790 4929 possis
2837 4871 3062 4923 ornare;
3113 4863 3175 4910 ut
3221 4871 3347 4911 cum
3399 4854 3468 4911 ad

1872 4947 2153 5004 civitatem
2205 4963 2478 5018 magnam,
2518 4945 2714 5002 delatis
2759 4944 3055 5013 mercibus,
3098 4944 3337 5012 veneris,
3371 4945 3469 4999 lu-

1873 5037 1982 5094 cris
2036 5035 2380 5108 dignioribus
2430 5044 2485 5093 et
2537 5033 2812 5090 mercibus
2851 5033 3187 5089 beatissimis
3232 5032 3470 5106 amplior

1873 5127 1968 5183 sis.
2014 5127 2150 5182 Nam
2201 5126 2244 5181 si
2291 5134 2343 5181 te
2390 5125 2635 5198 segnitia
2671 5131 2864 5195 stupor
2893 5123 3176 5194 invaserit,
3211 5132 3265 5180 et
3293 5121 3469 5178 domi-

1875 5219 1996 5274 nari
2042 5216 2293 5274 sensibus
2343 5218 2568 5290 caperit
2612 5217 2859 5290 corporis
2908 5216 3147 5289 ignavia,
3203 5231 3306 5272 nec
3355 5215 3472 5271 ulla

1875 5307 2073 5363 anima
2122 5315 2229 5363 tua
2267 5305 2576 5362 reﬁcienda
2615 5313 2935 5377 argumenta
2981 5302 3284 5379 quasieris,
3331 5302 3472 5360 sub-

1951 5453 2069 5524 (23)
2103 5452 2276 5520 Edit.,
2308 5453 2504 5507 damna
2533 5456 2846 5514 munerant;
2875 5448 3073 5504 melius
3094 5465 3249 5518 mss,
3278 5447 3475 5504 damna

1879 5529 2242 5580 numerentur.
