3902 6198
478 231 619 288 1075
1488 230 1583 285 AD
1622 230 1857 286 OPEBA
1892 228 1947 285 s.
1992 226 2325 287 mnaosu
2363 225 2742 284 APPENDlX.
3398 180 3401 185 ’
3672 225 3801 284 ιοτσ

466 358 682 429 jicieris
727 358 1067 415 cruciatibus
1112 356 1422 425 creditoris,
1456 356 1731 412 obnoxius
1771 355 1951 411 fenori
1978 355 2070 412 de-
2101 362 2153 421 Α
2181 355 2322 413 dicis
2364 371 2475 411 non
2522 355 2628 411 erit
2656 354 3022 423 verecundia,
3053 352 3148 411 sed
3177 352 3420 427 pudoris
3450 371 3464 409 :
3498 353 3639 426 quia
3676 352 3797 410 licet

474 447 753 504 tineberis.
784 449 1009 505 Dicetur
1040 448 1283 505 liberalis
1313 447 1404 503 illa
1434 447 1725 513 sententia,
1760 463 1924 519 quam
1955 463 2069 502 non
2179 445 2435 517 frequens
2486 445 2558 501 sit
2604 444 2866 517 peccandi
2913 444 3160 509 licentia,
3208 441 3570 500 excusabilis
3610 451 3792 499 tamen

475 538 682 593 valebis
731 539 811 594 tui
864 538 1117 595 conscius
1151 536 1400 603 evadere,
1432 543 1526 590 aut
1559 535 1944 607 appellationis
1973 534 2072 590 in-
2179 534 2418 589 efﬁcitur
2454 534 2810 602 conscientia,
2858 550 3022 607 quam
3070 532 3309 606 pertulit
3354 532 3417 589 in
3467 532 3691 605 peccati
3723 550 3797 590 re-

473 627 699 698 terjecta
730 644 864 682 voce
893 626 1224 697 suspendere
1258 642 1269 679 :
1315 649 1331 670 -
1362 624 1525 680 Omni
1558 623 1784 680 habenti
1823 624 2068 691 dabitur,
2180 622 2497 679 cordatione
2583 623 2874 680 timiditas.
2950 623 3289 695 Exemplum
3378 621 3583 679 Achab
3644 622 3795 679 illius

471 726 525 771 et
554 715 878 781 abundabit,
915 715 982 769 ab
1013 732 1077 769 eo
1106 722 1289 769 autem
1321 712 1415 785 qui
1448 729 1559 768 non
1605 713 1789 781 habet,
1828 721 1885 770 et
1922 713 2069 787 quod
2181 713 2496 785 impiissimi
2533 713 2675 785 regis
2711 722 2765 769 te
2815 713 3009 771 doceat
3059 730 3072 770 :
3138 712 3232 770 hic
3280 728 3529 786 namque
3572 712 3793 770 Naboth

472 805 655 871 habet,
707 804 985 858 auferetur
1027 802 1095 857 ab
1148 819 1211 857 eo
1264 803 1476 871 (Matth.
1532 819 1669 870 xxv,
1719 804 1848 875 29);
1886 828 1904 851 ι
1967 812 2065 860 et:
2179 803 2474 858 Jezraelitze
2520 802 2738 859 vineam
2761 803 3193 875 concupiverat,
3251 801 3408 875 quod
3475 818 3595 859 suae
3658 813 3798 859 esset

486 915 501 935 -
533 891 763 945 Servum
815 905 1213 959 supervacuum
1267 890 1480 961 expelle
1528 889 1673 946 foras
1720 890 1777 946 in
1823 890 2072 947 tenebras
2181 891 2508 963 possessioni
2537 891 2790 948 conﬁnis.
2824 892 2996 948 Oﬁ'ert
3033 892 3301 965 pretium,
3353 899 3451 948 aut
3496 899 3657 949 certe
3703 893 3795 948 vi-

470 983 809 1049 exteriores;
859 982 936 1038 ibi
976 983 1083 1038 erit
1114 982 1272 1039 fletus
1301 990 1356 1037 et
1385 982 1588 1040 stridor
1615 983 1864 1040 dentium
1903 984 2069 1055 (Ibid.
2180 980 2383 1036 cariam
2411 981 2587 1038 vineas
2615 981 2978 1054 quantitatem
3012 999 3024 1038 :
3074 981 3171 1039 ille
3216 980 3491 1053 neglexit,
3543 997 3796 1037 asserens

471 1072 587 1143 30).
648 1095 666 1119 ι
730 1070 995 1127 Tunicam
1053 1079 1203 1126 tuam
1261 1070 1519 1127 vilissimi
1578 1072 1759 1143 operis
1827 1071 2071 1128 laniﬁcio
2183 1068 2669 1126 haereditariamse
2701 1086 2813 1127 rem
2836 1069 3066 1126 nullaiu
3098 1071 3343 1127 alterum
3376 1070 3790 1141 posset-alioue

471 1160 774 1217 confectam
826 1177 938 1216 non
979 1160 1179 1232 pateris
1227 1159 1455 1217 induere
1490 1179 1501 1216 :
1538 1161 1725 1218 horret
1770 1161 1873 1218 tibi
1905 1160 2072 1217 vestis
2183 1159 2561 1216 transcribere.
2603 1160 2717 1218 Hac
2742 1161 2962 1232 repulsa
3010 1166 3403 1232 compunctus,
3459 1159 3654 1216 tristis
3702 1158 3794 1216 do-

475 1258 589 1319 tua,
619 1267 740 1323 qua:
775 1251 846 1305 sit
870 1249 1137 1305 deformis
1161 1266 1229 1305 ex
1253 1252 1471 1306 macula
1496 1269 1508 1317 ;
1544 1260 1597 1307 et
1618 1268 1728 1306 non
1756 1251 1859 1307 tibi
1885 1251 2073 1307 horret
2182 1266 2335 1305 mum
2365 1249 2678 1315 revertitur,
2710 1249 2860 1323 quod
2884 1249 3164 1322 appetitus
3213 1250 3301 1306 sui
3349 1247 3531 1306 libido
3562 1248 3793 1306 recidis-

472 1340 658 1394 anima
689 1348 804 1405 tua,
836 1355 955 1411 quae
986 1339 1049 1395 fit
1087 1338 1291 1410 peccati
1326 1340 1485 1395 sorde
1534 1348 1587 1395 et
1629 1340 1849 1397 sceleris
1879 1340 2075 1413 inqui-
2184 1345 2265 1394 set
2302 1338 2596 1395 incassum.
2642 1339 2783 1395 Tum
2823 1337 2944 1411 ejus
2997 1339 3200 1397 mulier
3245 1338 3514 1412 sacrilega
3566 1339 3788 1397 Iezabel

472 1428 697 1484 natione
743 1429 1005 1501 polluta?
1043 1429 1159 1484 Nisi
1207 1429 1337 1502 quia
1373 1430 1564 1486 eodem
1606 1438 1886 1487 momento
1928 1429 2076 1486 tuni-
2184 1426 2425 1483 tristitia
2456 1426 2640 1483 mariti
2689 1443 2879 1485 causas
2934 1427 3189 1501 requirit,
3230 1428 3434 1501 quibus
3463 1429 3794 1501 compertis,

472 1534 591 1574 cam
622 1518 851 1573 festinas
884 1518 1089 1587 eluere,
1131 1527 1192 1574 ut
1221 1518 1395 1591 possis
1421 1536 1541 1575 eam
1584 1517 1843 1575 mundam
1875 1528 1929 1576 et
1956 1520 2074 1577 sine
2184 1516 2359 1573 veluti
2398 1515 2584 1575 saucio
2615 1515 2770 1574 cordi
2802 1514 2920 1589 ejus
2966 1516 3222 1574 fomitem
3250 1517 3666 1576 consolationis
3694 1517 3792 1574 in-

470 1606 588 1661 ullo
616 1623 774 1663 naevo
803 1606 1070 1663 foeditatis
1100 1607 1328 1664 induere
1357 1626 1368 1664 :
1401 1607 1599 1665 animae
1631 1625 1760 1664 vero
1793 1618 1899 1665 tua:
1938 1608 2074 1665 infe-
2176 1606 2313 1679 jecit
2344 1625 2356 1663 :
2390 1623 2498 1680 qua
2542 1613 2679 1676 arte,
2720 1606 3103 1680 compluribus
3141 1608 3500 1667 concinnatis
3548 1608 3791 1666 falsitate

470 1706 621 1754 ctum
650 1698 903 1771 squalore
946 1698 1245 1755 criminum
1289 1716 1403 1755 non
1447 1699 1725 1756 desideras
1754 1716 2073 1773 recuperare
2106 1720 2153 1782 Β
2183 1696 2478 1754 calumniis
2505 1695 2741 1754 consilio
2771 1697 3002 1770 impura;
3056 1697 3330 1766 mulieris,
3361 1697 3585 1756 Naboth
3616 1699 3793 1755 inno-

471 1784 765 1841 candorem
819 1803 831 1842 :
887 1802 990 1843 nec
1034 1795 1189 1858 optas
1244 1786 1387 1842 dilui
1440 1787 1834 1844 conscientiam
1899 1795 2069 1857 tuam,
2182 1803 2312 1844 cens
2357 1786 2632 1859 lapidatus
2673 1787 2964 1845 occiditur.
3007 1788 3234 1846 Funesti
3278 1788 3398 1844 voti
3444 1790 3537 1845 sui
3585 1789 3790 1846 mulier

471 1892 635 1948 quam
680 1875 820 1931 scias
866 1875 1202 1948 ﬂagitiorum
1249 1877 1445 1933 illuvie
1493 1887 1547 1934 et
1601 1878 2072 1935 contaminatione
2183 1876 2414 1949 impleto
2442 1875 2678 1950 ﬂagitio,
2730 1878 2887 1934 velut
2922 1877 3127 1936 victrix
3153 1877 3224 1934 ad
3251 1878 3518 1935 maritum
3546 1878 3788 1951 ingredi-

469 1964 733 2021 scelerum
787 1967 1205 2023 omnulentam?
1250 1966 1407 2034 Quis,
1458 1983 1610 2040 rogo,
1658 1967 1828 2036 cadit,
1862 1976 1917 2024 et
1960 1985 2071 2025 non
2180 1972 2292 2034 tur,
2324 1966 2642 2038 interempti
2702 1965 2877 2022 exitio
2907 1975 3198 2023 narratura
3226 1967 3481 2025 laetitiam
3516 1985 3686 2042 :quaa
3720 1985 3790 2025 ne

470 2055 666 2126 qumrit
712 2058 982 2127 surgere?
1013 2056 1135 2129 quis
1180 2056 1514 2125 infirmatur,
1555 2064 1608 2113 et
1648 2074 1759 2113 non
1797 2058 2072 2116 desiderat
2182 2054 2299 2111 sola
2318 2062 2599 2112 teneretur
2628 2056 2687 2112 in
2716 2056 2970 2126 crimine,
3010 2057 3123 2129 egit
3144 2058 3351 2114 astutia
3390 2057 3652 2114 mulieris
3681 2058 3789 2131 pri-

470 2146 851 2202 convalescere
872 2147 900 2202 ?
931 2147 1056 2219 quis
1103 2148 1466 2218 periclitatur,
1497 2155 1551 2203 et
1590 2164 1702 2204 non
1747 2156 1899 2221 optat
1946 2166 2069 2207 eva-
2182 2144 2412 2215 mitiva,
2441 2153 2504 2203 ut
2550 2146 2811 2203 maritum
2854 2146 2924 2204 ad
2950 2146 3346 2204 conscientiam
3374 2148 3603 2205 sceleris
3632 2147 3788 2204 obii-

470 2234 597 2290 dere
620 2236 647 2291 ?
675 2235 797 2308 quis
829 2253 1031 2308 pauper
1060 2236 1306 2304 effectus,
1336 2236 1732 2308 patrimonium
1774 2255 1884 2293 non
1917 2240 2071 2312 cupit
2183 2242 2352 2307 geret,
2389 2243 2443 2292 et
2489 2244 2753 2309 utrosque
2795 2236 3009 2309 jugales
3055 2236 3306 2294 conscios
3357 2253 3471 2293 una
3520 2237 3788 2295 facinoris

471 2344 717 2400 reparare
741 2329 768 2384 ’ἲ
816 2329 943 2385 Haec
986 2328 1031 2385 si
1078 2345 1260 2385 rerum
1307 2328 1514 2401 patitur
1543 2336 1759 2397 natura,
1781 2337 1841 2386 ut
1872 2329 2070 2387 istius-
2180 2332 2373 2382 catena
2414 2325 2674 2382 vinciret.
2749 2350 2767 2373 ι
2804 2325 2995 2398 Surge,
3046 2325 3247 2398 inquit,
3300 2326 3520 2399 posside
3561 2327 3781 2385 vineam

472 2416 623 2472 modi
679 2417 1083 2489 emergentibus
1128 2418 1365 2485 casibus,
1423 2417 1696 2490 quispiam
1754 2417 1935 2475 redire
1982 2435 2071 2475 ne-
2180 2413 2398 2469 Naboth
2428 2413 2744 2484 Jezraelitaa,
2771 2414 2867 2488 qui
2906 2414 3088 2471 uoluit
3117 2414 3219 2471 tibi
3247 2431 3366 2472 eam
3399 2415 3533 2473 dare
3564 2417 3777 2488 pretio;

472 2516 633 2579 queat
675 2506 745 2563 ad
789 2516 963 2564 status
996 2507 1217 2580 pristini
1248 2507 1592 2581 qualitatem,
1627 2508 1883 2564 simulare
1928 2509 2071 2580 prio-
2182 2502 2312 2574 quia
2336 2519 2460 2559 ecce
2485 2510 2736 2559 mortuus
2771 2513 2855 2560 est
2898 2504 3019 2575 (ΙΙΙ
3047 2505 3172 2575 Reg.
3213 2521 3331 2573 xvi,
3368 2506 3483 2577 15).
3518 2529 3538 2553 ι
3582 2508 3663 2563 At
3690 2507 3779 2563 ille

469 2612 554 2664 ra,
602 2604 665 2652 ut
713 2596 984 2654 deteriora
1026 2597 1313 2670 percipias,
1363 2596 1580 2652 dimitte
1628 2613 1843 2664 manus,
1889 2604 1943 2654 et
1991 2614 2069 2653 se-
2180 2591 2374 2646 dolens
2416 2591 2698 2647 materiam
2748 2608 2806 2648 se
2859 2591 3155 2664 pt'tebuisse
3197 2594 3391 2650 mortis
3445 2595 3643 2665 occisi,
3692 2596 3780 2653 fa-

470 2686 750 2757 mivigiles
806 2688 995 2743 oculos
1049 2686 1353 2742 stoliditate
1409 2686 1655 2750 involve,
1723 2685 2070 2743 obdormisce
2183 2680 2392 2737 cineris
2420 2680 2616 2738 nuntia
2644 2680 3032 2754 perhorrescit,
3078 2691 3134 2739 et
3173 2681 3370 2739 mortis
3411 2682 3534 2756 ejus
3558 2701 3777 2742 causam

470 2791 752 2848 nunquam
804 2776 1181 2847 evigilaturns,
1205 2774 1326 2847 jace
1369 2791 1651 2848 nunquam
1701 2784 2065 2843 surrecturus,
2179 2769 2351 2826 ﬂebili
2381 2770 2572 2827 dolore
2600 2771 2912 2840 lucrificat;
2949 2770 3195 2829 discissis
3223 2771 3372 2827 enim
3401 2772 3685 2845 regalibus
3701 2774 3776 2830 in-

470 2873 524 2919 et
572 2862 824 2920 hebetem
854 2872 1090 2920 mentem
1136 2872 1358 2935 stupore
1391 2866 1604 2937 soporis
1631 2865 1794 2922 elide.
1834 2864 2069 2922 Paenite-
2179 2858 2459 2917 dumentis
2484 2860 2723 2934 accingit
2754 2877 2811 2917 se
2839 2862 3044 2918 vestitu
3072 2861 3321 2931 funereo,
3363 2877 3473 2918 non
3508 2868 3624 2918 tam
3654 2879 3778 2920 con-

467 2953 549 3009 bit
602 2960 657 3008 te
705 2954 1053 3024 postmodum
1092 2954 1393 3022 tarditatis,
1424 2970 1551 3011 cum
1598 2954 1739 3010 nihil
1786 2954 1933 3028 quod
1962 2955 2070 3013 uti-
2183 2948 2425 3005 scientiae
2474 2950 2674 3020 reatui,
2704 2967 2867 3024 quam
2899 2949 3238 3025 preuitentize
3272 2949 3465 3024 prima:
3492 2950 3778 3023 cogitatio-

468 3039 612 3097 litati
647 3040 844 3097 anima;
881 3050 988 3099 tuae
1020 3042 1287 3115 proficiat,
1319 3041 1667 3113 cogitaveris.
1698 3044 1826 3099 Eris
1854 3060 2068 3117 semper
2098 3086 2141 3148 Ο
2179 3039 2266 3096 nis
2296 3047 2576 3098 attestans.
2638 3065 2657 3091 ι
2707 3042 2780 3099 Ει
2825 3041 3033 3098 factum
3087 3048 3169 3099 est
3216 3038 3495 3115 quomodo
3533 3039 3774 3109 audivit,

461 3131 649 3205 jacens
692 3134 966 3203 infirmus,
1011 3134 1213 3202 nudus,
1263 3139 1580 3206 paupertate
1631 3132 1936 3202 confectus,
1985 3144 2059 3204 et,
2099 3130 2141 3148 υ
2178 3130 2379 3204 inquit,
2404 3130 2596 3188 Achab
2626 3132 2757 3206 quia
2786 3139 3037 3190 mortuus
3083 3139 3167 3188 est
3189 3130 3408 3189 Naboth
3438 3131 3776 3201 Jezraelites,

466 3230 530 3278 ut
562 3222 638 3278 ita
667 3223 929 3293 dixerim,
957 3224 1136 3280 somni
1158 3222 1420 3280 ebrietate
1442 3223 1798 3292 temulentus,
1822 3224 2061 3297 elogium
2174 3222 2416 3297 disrupit
2444 3224 2774 3281 vestimenta
2801 3240 2917 3292 sua,
2958 3232 3014 3281 et
3040 3221 3285 3281 accinxit
3316 3238 3375 3278 se
3403 3238 3564 3278 sacco
3611 3223 3756 3290 (Ibid

470 3311 609 3369 illud
654 3330 763 3385 quo
812 3331 1095 3388 nunquam
1143 3329 1348 3381 careas,
1393 3312 1729 3370 auditurus:
1770 3336 1789 3360 ι
1816 3313 2063 3370 Dormie-
2176 3312 2289 3384 l6).
2349 3336 2368 3361 ι
2434 3312 2641 3371 Vacare
2692 3329 2820 3386 ergo
2853 3311 3036 3386 potuit
3068 3310 3259 3369 Achab
3297 3311 3459 3368 eﬂ'usi
3486 3313 3778 3385 sanguinis

466 3410 597 3457 runt
640 3420 895 3460 somnum
947 3421 1132 3472 suum,
1181 3413 1236 3461 et
1291 3403 1435 3459 nihil
1489 3404 1825 3461 invenerunt
1885 3404 2058 3477 (Psal.
2174 3402 2373 3474 culpa;
2438 3402 2565 3476 quia
2615 3401 2683 3459 de
2740 3410 3003 3476 concepto
3042 3402 3186 3475 (25),
3234 3417 3346 3458 non
3378 3401 3447 3458 de
3476 3403 3777 3474 parricidio

468 3507 635 3557 Lxxv,
667 3493 747 3561 6).
780 3517 799 3540 ι
852 3494 1123 3562 Exsurge,
1168 3492 1358 3560 frater,
1405 3510 1659 3565 exsurge,
1704 3502 1758 3551 et
1801 3495 2063 3551 malesani
2172 3498 2353 3563 egerat
2382 3491 2786 3564 pmnitentiam,
2846 3498 2899 3547 et
2927 3499 3263 3548 remanserat
3293 3491 3351 3546 in
3379 3491 3614 3564 profana
3644 3510 3777 3550 mu-

465 3578 685 3634 consilii
734 3581 873 3649 pelle
919 3588 1197 3649 torporem
1232 3598 1245 3635 :
1279 3581 1470 3653 vigila,
1509 3598 1724 3654 semper
1774 3583 1963 3654 vigila,
2009 3590 2063 3640 et
2172 3579 2304 3636 liere
2332 3580 2587 3653 impietas
2615 3579 2925 3651 homicidii,
2954 3596 3077 3654 qua)
3105 3580 3282 3653 pretio
3306 3580 3549 3653 quodam
3598 3599 3772 3640 cruo-

465 3672 581 3720 esto
624 3682 721 3737 pro
767 3674 860 3721 tua
888 3666 1063 3723 salute
1106 3667 1398 3736 sollicitus,
1436 3685 1546 3725 non
1595 3678 1656 3725 ut
1695 3670 1936 3729 dormias
1974 3671 2063 3730 do-
2171 3669 2248 3725 ris
2277 3669 2435 3725 effusi
2465 3671 2684 3743 putavit
2714 3687 2769 3727 se
2823 3670 3039 3727 vineam
3076 3669 3329 3726 debuisse
3373 3669 3634 3727 mercari.
3670 3669 3773 3728 Sed

463 3762 731 3827 speratus.
773 3754 915 3813 Cave
963 3765 1295 3813 nocturnum
1344 3757 1546 3827 furem,
1589 3774 1657 3815 ne
1710 3758 1907 3817 domus
1951 3770 2060 3820 tuae
2169 3774 2293 3815 ecce
2320 3758 2465 3815 sicut
2492 3759 2645 3817 canis
2688 3776 2940 3816 reversus
2982 3758 3051 3815 ad
3099 3758 3372 3815 vomitum
3418 3775 3611 3829 suum,
3660 3760 3769 3817 odi-

462 3843 735 3916 perfodiat
767 3845 1050 3917 parietem,
1073 3853 1129 3903 et
1172 3847 1546 3904 meridianum
1576 3846 1935 3920 jaculatorem
1980 3868 2061 3908 sa-
2169 3846 2299 3904 bilis
2352 3847 2415 3906 fit
2448 3866 2459 3904 :
2494 3849 2701 3906 oblitus
2750 3848 2940 3906 Achab
2980 3847 3344 3923 paenitudinis
3390 3865 3529 3918 suae,
3583 3851 3764 3907 statim

463 3936 612 4005 gittaa
659 3934 897 3991 volantis
955 3934 1140 4004 evita;
1192 3944 1342 4008 patet
1396 3938 1543 3995 enim
1601 3937 1917 3996 incursibus
1972 3941 2059 3997 in-
2168 3936 2418 4010 deposito
2463 3937 2636 4007 luctu,
2668 3940 2842 4012 pergit
2879 3938 3148 4012 perempti
3184 3938 3406 3995 vineam
3454 3938 3761 4012 possidere.

461 4031 622 4079 cauta
650 4026 936 4095 securitas,
969 4034 1023 4083 et
1067 4026 1230 4084 facile
1271 4027 1572 4086 dormienti
1608 4027 1949 4101 subrepitur,
1998 4038 2061 4089 ut
2167 4026 2240 4083 Et
2268 4028 2451 4099 perdit
2478 4028 2807 4086 innocentiae
2826 4028 3108 4098 meritum,
3134 4026 3231 4101 qui
3251 4028 3432 4085 Vinea
3460 4027 3766 4102 cupiditate

464 4111 739 4168 lethaliter
785 4114 1034 4171 feriatur.
1065 4116 1129 4171 In
1178 4116 1442 4188 vigilante
1482 4117 1686 4175 ﬁducia
1712 4127 1813 4187 est,
1847 4120 1905 4175 in
1935 4119 2058 4177 dor-
2169 4116 2456 4188 pellectus,
2490 4117 2747 4175 innexuit
2772 4118 3052 4177 interfecti
3106 4118 3380 4176 occisioni
3407 4135 3758 4177 consensum.

463 4202 665 4258 miente
712 4205 855 4259 nihil
906 4215 1087 4262 tutum
1124 4226 1136 4265 :
1170 4210 1431 4266 convenit
1477 4211 1674 4268 sobriae
1704 4212 1879 4268 menti
1918 4230 2059 4270 som-
2168 4204 2297 4262 Mox
2324 4205 2390 4262 ad
2420 4223 2545 4265 eum
2575 4208 2919 4267 venerandus
2944 4207 3095 4265 Elias
3142 4207 3415 4282 propheta
3446 4207 3759 4278 mandatur,

462 4307 596 4347 num
625 4308 843 4349 servum
877 4294 1099 4365 habere,
1128 4314 1240 4353 non
1269 4299 1580 4358 dominum.
1607 4302 1828 4376 Refugit
1861 4302 2057 4376 hostis,
2167 4304 2220 4352 θι
2249 4298 2520 4356 sententia
2548 4300 2606 4356 ill
2636 4316 2763 4358 eum
2800 4316 2928 4358 cum
2965 4299 3355 4373 ίιιαίεηδιίοηθ
3388 4299 3756 4374 depromunt.

461 4397 621 4454 quem
652 4397 763 4437 non
808 4381 1083 4441 invenerit
1112 4385 1480 4444 dormientem
1514 4407 1526 4445 :
1579 4415 1597 4438 ι
1626 4392 1699 4448 Et
1726 4391 1920 4452 beatus
1946 4411 2002 4451 se

2223 4427 2228 4441 .
2257 4398 2377 4446 acta
2422 4388 2630 4447 dudum
2656 4389 2979 4464 poenitentia
3004 4390 3388 4460 frustraretur,
3418 4399 3473 4448 et
3502 4391 3764 4450 vindicta

475 4444 494 4454 -
1627 4444 1697 4448 _-
1727 4444 1918 4452 νη--
1946 4444 2026 4451 η-
2430 4444 2629 4447 "ww
2657 4444 2977 4464 επη-ηηπ
3005 4444 3388 4460 --πη-νη-.
3424 4444 3470 4448 --
3518 4444 3763 4450 ψὴν--

460 4486 562 4526 vus
590 4470 715 4540 erit,
757 4487 920 4543 quem
946 4473 1244 4531 adveniens
1289 4476 1550 4535 dominus
1591 4478 1873 4540 invenerit
1916 4484 2053 4559 vigi-
2083 4444 2132 4504 D
2161 4478 2503 4536 occasionem
2533 4480 2799 4538 tribueret
2827 4480 3049 4541 sceleris
3072 4480 3351 4555 geminata
3370 4481 3764 4556 praesumptio.

459 4563 659 4619 lantem
690 4563 901 4633 (Matth.
934 4580 1092 4633 xxiv,
1115 4563 1207 4637 46)
1233 4583 1248 4633 ;
1279 4590 1297 4613 ι
1335 4565 1467 4640 quia
1495 4567 1634 4627 dicit
1666 4586 1679 4626 :
1728 4571 1935 4646 «Surge
1956 4577 2052 4650 qui
2180 4593 2198 4617 ι
2241 4569 2313 4626 Et
2356 4570 2434 4627 ait
2470 4570 2623 4627 Elias
2666 4570 2735 4627 ad
2776 4570 2967 4630 Achab
3015 4589 3028 4628 :
3061 4572 3191 4628 Haec
3238 4571 3378 4629 dicit
3433 4570 3714 4629 Dominus
3745 4589 3760 4628 :

456 4650 684 4721 dormis,
733 4669 964 4726 exsurge
1007 4670 1039 4710 a
1080 4655 1315 4712 mortuis
1362 4657 1581 4729 (Ephes.
1634 4675 1689 4729 v,
1750 4660 1881 4733 l5);
1928 4688 1948 4713 ι
1997 4675 2052 4724 et
2158 4658 2301 4716 Ecce
2338 4675 2437 4732 ego
2487 4658 2853 4732 superinduco
2905 4675 3069 4733 super
3096 4667 3150 4717 te
3200 4660 3367 4729 mala,
3414 4667 3472 4717 et
3516 4659 3763 4718 incidam

457 4742 661 4815 attinge
690 4741 972 4801 Christum
1006 4744 1147 4817 (24).
1240 4792 1245 4797 .
2158 4754 2281 4818 post
2333 4754 2406 4817 te,
2458 4756 2513 4806 et
2561 4748 2942 4806 exterminaho
2985 4750 3053 4807 de
3083 4747 3277 4806 Achab
3316 4749 3667 4821 mingentem
3696 4747 3766 4805 ad

525 4829 753 4888 CAPUT
776 4832 927 4891 XIV.
953 4865 1025 4876 —
1047 4834 1154 4892 Sed
1195 4852 1308 4893 non
1353 4838 1549 4909 audeo,
1589 4839 1830 4914 inquies,
1864 4861 2042 4917 οι-ειι-θ,
2156 4837 2440 4908 parietem,
2493 4846 2548 4895 et
2576 4847 2951 4912 contemptum
2989 4846 3045 4896 et
3072 4838 3404 4896 derelictum
3440 4838 3503 4895 in
3542 4839 3715 4895 Israel
3747 4854 3761 4893 :

454 4919 582 4991 quia
625 4936 712 4976 me
750 4930 969 4980 revocat
1011 4923 1376 4993 conscientia;
1408 4941 1518 4982 non
1550 4927 1698 4985 enim
1733 4932 1924 5001 semel,
1952 4950 1995 4991 St

2235 4924 2378 4981 dabo
2418 4926 2644 4984 domum
2672 4927 2863 4985 Achab
2889 4927 3036 4986 sicut
3063 4926 3295 4984 domum
3325 4927 3621 4986 Jeroboam
3656 4928 3759 4986 ﬁlii

454 5008 652 5079 saepius
698 5016 753 5064 et
796 5009 1113 5083 frequenter
1155 5014 1358 5071 erravi.
1409 5016 1483 5071 At
1514 5033 1612 5089 ego
1642 5016 1822 5076 dicam
1857 5037 1871 5076 :
1904 5021 1962 5078 Si
1993 5031 2046 5079 te
2152 5011 2348 5083 Nabat,
2394 5023 2449 5072 et
2494 5016 2771 5090 quomodo
2802 5017 3032 5074 domum
3079 5018 3251 5074 Baasa
3298 5016 3407 5073 ﬁlii
3445 5017 3628 5086 Abire,
3661 5034 3762 5091 pro

452 5095 643 5152 orandi
687 5106 908 5155 revocat
937 5100 1287 5171 verecundia,
1333 5105 1595 5176 peccandi
1625 5105 1838 5164 desinat
1866 5114 1993 5181 perti

2213 5103 2412 5161 nnibus
2439 5104 2642 5179 quibus
2669 5105 2902 5162 irritasti
2931 5107 3129 5175 Deum,
3177 5112 3231 5162 et
3270 5106 3457 5163 fecisti
3513 5106 3754 5165 declina-

450 5186 627 5255 nacia,
659 5195 713 5244 et
750 5187 844 5245 ﬁet
877 5189 1206 5249 beneﬁcium
1235 5192 1469 5266 timoris,
1502 5213 1615 5254 non
1646 5197 2044 5271 desperationis
2151 5211 2210 5252 1'6
2254 5196 2421 5254 Israel
2464 5196 2626 5269 (Ῑῦἱά-
2675 5197 2763 5266 21.
2816 5196 2931 5269 2‘3)-
2976 5221 2996 5245 ³
3054 5197 3263 5255 verum
3309 5197 3410 5255 i110
3461 5215 3587 5257 cum
3637 5216 3753 5257 εω-

447 5289 629 5343 causa,
677 5275 823 5349 quod
864 5279 1080 5336 metuis.
1113 5281 1371 5339 Revereri
1391 5352 1395 5357 θ
1417 5283 1565 5342 enim
1604 5295 1929 5360 potestatem
1953 5290 2043 5364 ju-
2150 5286 2337 5345 tentias
2366 5286 2540 5346 ictum
2578 5303 2690 5345 non
2713 5287 2921 5346 valeret
2948 5286 3208 5362 effugere,
3237 5284 3311 5345 ad
3336 5288 3584 5363 priorem
3614 5307 3738 5364 pm-

517 5499 635 5587 ί24)
688 5500 841 5587 liqut
872 5502 1047 5587 .Gm"
1099 5511 1146 5560 ⁸³
1184 5507 1389 5587 “ﬂint?”
1422 5511 1693 5587 ωινίέίῑιΐη
1730 5532 1742 5573 ε
1774 5515 1958 5587 Rom.,
1990 5526 2039 5575 et
2150 5522 2438 5582 Christum.
2594 5558 2597 5561 -

435 5572 660 5639 ettinges
705 5572 975 5627 Christum
1008 5592 1019 5630 :
1059 5592 1187 5632 mss.
1244 5572 1398 5637 Rem.
1444 5590 1499 5640 et
1540 5582 1720 5656 Sorb.,
1752 5572 2035 5663 et'attiitqc'
2583 5599 2738 5660 Rem.
2769 5607 2825 5659 et
2850 5600 3033 5671 Sorb.,
3061 5600 3196 5675 quia
3221 5601 3289 5661 de
3316 5611 3604 5679 comta.
