  <div class='ocr_page' id='page_1' title='image "/cluster/home/n/w/nwhite01/storage/ocr_20150623/17/uva.x000826553/546.png"; bbox 0 0 3902 6198; ppageno 0'>
   <div class='ocr_carea' id='block_1_1' title="bbox 76 201 218 261">
    <p class='ocr_par' dir='ltr' id='par_1_1' title="bbox 76 201 218 261">
     <span class='ocr_line' id='line_1_1' title="bbox 76 201 218 261; baseline 0.028 -4"><span class='ocrx_word' id='word_1_1' title='bbox 76 201 218 261; x_wconf 78' lang='grc'>1077</span> 
     </span>
    </p>
   </div>
   <div class='ocr_carea' id='block_1_2' title="bbox 1178 207 2259 271">
    <p class='ocr_par' dir='ltr' id='par_1_2' title="bbox 1178 207 2259 271">
     <span class='ocr_line' id='line_1_2' title="bbox 1178 207 2259 271; baseline 0.005 -6"><span class='ocrx_word' id='word_1_2' title='bbox 1178 208 1273 265; x_wconf 92' lang='lat' dir='ltr'><strong>DE</strong></span> <span class='ocrx_word' id='word_1_3' title='bbox 1311 207 1771 267; x_wconf 80' lang='grc' dir='ltr'>ΡΟΕΝΙΤΕΝΤΙΑ</span> <span class='ocrx_word' id='word_1_4' title='bbox 1809 210 2017 268; x_wconf 83' lang='lat' dir='ltr'><strong>LIBER</strong></span> <span class='ocrx_word' id='word_1_5' title='bbox 2055 211 2259 271; x_wconf 70' lang='lat' dir='ltr'>UNUS.</span> 
     </span>
    </p>
   </div>
   <div class='ocr_carea' id='block_1_3' title="bbox 3247 213 3387 272">
    <p class='ocr_par' dir='ltr' id='par_1_3' title="bbox 3247 213 3387 272">
     <span class='ocr_line' id='line_1_3' title="bbox 3247 213 3387 272; baseline 0.021 -3"><span class='ocrx_word' id='word_1_6' title='bbox 3247 213 3387 272; x_wconf 84' lang='grc'>1078</span> 
     </span>
    </p>
   </div>
   <div class='ocr_carea' id='block_1_4' title="bbox 72 332 3386 412">
    <p class='ocr_par' dir='ltr' id='par_1_4' title="bbox 72 332 3386 412">
     <span class='ocr_line' id='line_1_4' title="bbox 72 332 3386 412; baseline 0.003 -25"><span class='ocrx_word' id='word_1_7' title='bbox 72 332 366 388; x_wconf 89' lang='lat' dir='ltr'>nitentiam</span> <span class='ocrx_word' id='word_1_8' title='bbox 433 333 706 390; x_wconf 75' lang='lat' dir='ltr'>convertit</span> <span class='ocrx_word' id='word_1_9' title='bbox 771 343 991 408; x_wconf 91' lang='lat' dir='ltr'>repente</span> <span class='ocrx_word' id='word_1_10' title='bbox 1058 334 1391 404; x_wconf 86' lang='lat' dir='ltr'>consilium,</span> <span class='ocrx_word' id='word_1_11' title='bbox 1459 343 1670 393; x_wconf 84' lang='lat' dir='ltr'>reatum</span> <span class='ocrx_word' id='word_1_12' title='bbox 1700 353 1751 412; x_wconf 76' lang='grc' dir='ltr'>Α</span> <span class='ocrx_word' id='word_1_13' title='bbox 1783 337 1853 392; x_wconf 88' lang='lat' dir='ltr'>Et</span> <span class='ocrx_word' id='word_1_14' title='bbox 1884 338 2100 394; x_wconf 91' lang='lat' dir='ltr'>locutus</span> <span class='ocrx_word' id='word_1_15' title='bbox 2131 345 2232 406; x_wconf 90' lang='lat' dir='ltr'>est,</span> <span class='ocrx_word' id='word_1_16' title='bbox 2274 337 2478 412; x_wconf 86' lang='lat' dir='ltr'>inquit,</span> <span class='ocrx_word' id='word_1_17' title='bbox 2527 340 2796 396; x_wconf 90' lang='lat' dir='ltr'>Dominus</span> <span class='ocrx_word' id='word_1_18' title='bbox 2832 339 3123 396; x_wconf 89' lang='lat' dir='ltr'>adversum</span> <span class='ocrx_word' id='word_1_19' title='bbox 3155 340 3386 398; x_wconf 86' lang='lat' dir='ltr'>Manas-</span> 
     </span>
    </p>
   </div>
   <div class='ocr_carea' id='block_1_5' title="bbox 71 422 1673 498">
    <p class='ocr_par' dir='ltr' id='par_1_5' title="bbox 71 422 1673 498">
     <span class='ocr_line' id='line_1_5' title="bbox 71 422 1673 498; baseline 0.004 -21"><span class='ocrx_word' id='word_1_20' title='bbox 71 422 296 479; x_wconf 87' lang='lat' dir='ltr'>ﬂetibus</span> <span class='ocrx_word' id='word_1_21' title='bbox 323 422 637 492; x_wconf 91' lang='lat' dir='ltr'>conﬁtetur,</span> <span class='ocrx_word' id='word_1_22' title='bbox 678 424 864 482; x_wconf 90' lang='lat' dir='ltr'>cilicio</span> <span class='ocrx_word' id='word_1_23' title='bbox 909 424 1108 498; x_wconf 91' lang='lat' dir='ltr'>dejecit</span> <span class='ocrx_word' id='word_1_24' title='bbox 1152 425 1363 496; x_wconf 89' lang='lat' dir='ltr'>regium</span> <span class='ocrx_word' id='word_1_25' title='bbox 1410 434 1673 498; x_wconf 88' lang='lat' dir='ltr'>potenta-</span> 
     </span>
    </p>
   </div>
   <div class='ocr_carea' id='block_1_6' title="bbox 71 513 1672 586">
    <p class='ocr_par' dir='ltr' id='par_1_6' title="bbox 71 513 1672 586">
     <span class='ocr_line' id='line_1_6' title="bbox 71 513 1672 586; baseline 0.001 -16"><span class='ocrx_word' id='word_1_26' title='bbox 71 522 216 580; x_wconf 89' lang='lat' dir='ltr'>tum,</span> <span class='ocrx_word' id='word_1_27' title='bbox 248 529 464 569; x_wconf 87' lang='lat' dir='ltr'>saccum</span> <span class='ocrx_word' id='word_1_28' title='bbox 496 513 680 570; x_wconf 84' lang='lat' dir='ltr'>induit</span> <span class='ocrx_word' id='word_1_29' title='bbox 708 513 1067 586; x_wconf 73' lang='lat' dir='ltr'>poenitentiae,</span> <span class='ocrx_word' id='word_1_30' title='bbox 1096 521 1148 569; x_wconf 91' lang='lat' dir='ltr'>et</span> <span class='ocrx_word' id='word_1_31' title='bbox 1175 515 1444 570; x_wconf 79' lang='lat' dir='ltr'>reveritus</span> <span class='ocrx_word' id='word_1_32' title='bbox 1475 514 1672 571; x_wconf 83' lang='lat' dir='ltr'>faciem</span> 
     </span>
    </p>
   </div>
   <div class='ocr_carea' id='block_1_7' title="bbox 71 601 1670 676">
    <p class='ocr_par' dir='ltr' id='par_1_7' title="bbox 71 601 1670 676">
     <span class='ocr_line' id='line_1_7' title="bbox 71 601 1670 676; baseline 0.001 -19"><span class='ocrx_word' id='word_1_33' title='bbox 71 601 485 669; x_wconf 83' lang='lat' dir='ltr'>comminantis,</span> <span class='ocrx_word' id='word_1_34' title='bbox 541 601 710 658; x_wconf 88' lang='lat' dir='ltr'>tacito</span> <span class='ocrx_word' id='word_1_35' title='bbox 761 603 968 676; x_wconf 79' lang='lat' dir='ltr'>gemitu</span> <span class='ocrx_word' id='word_1_36' title='bbox 1023 602 1339 675; x_wconf 87' lang='lat' dir='ltr'>publicabat</span> <span class='ocrx_word' id='word_1_37' title='bbox 1387 604 1670 671; x_wconf 78' lang='lat' dir='ltr'>offensam,</span> 
     </span>
    </p>
   </div>
   <div class='ocr_carea' id='block_1_8' title="bbox 73 693 1668 766">
    <p class='ocr_par' dir='ltr' id='par_1_8' title="bbox 73 693 1668 766">
     <span class='ocr_line' id='line_1_8' title="bbox 73 693 1668 766; baseline -0.001 -18"><span class='ocrx_word' id='word_1_38' title='bbox 73 710 189 749; x_wconf 91' lang='lat' dir='ltr'>non</span> <span class='ocrx_word' id='word_1_39' title='bbox 222 693 516 750; x_wconf 82' lang='lat' dir='ltr'>excusabat</span> <span class='ocrx_word' id='word_1_40' title='bbox 546 693 963 749; x_wconf 86' lang='lat' dir='ltr'>conscientiam.</span> <span class='ocrx_word' id='word_1_41' title='bbox 1019 718 1037 740; x_wconf 79' lang='grc' dir='ltr'>ι</span> <span class='ocrx_word' id='word_1_42' title='bbox 1068 694 1294 749; x_wconf 87' lang='lat' dir='ltr'>Factum</span> <span class='ocrx_word' id='word_1_43' title='bbox 1324 702 1426 762; x_wconf 90' lang='lat' dir='ltr'>est,</span> <span class='ocrx_word' id='word_1_44' title='bbox 1466 693 1668 766; x_wconf 86' lang='lat' dir='ltr'>inquit,</span> 
     </span>
    </p>
   </div>
   <div class='ocr_carea' id='block_1_9' title="bbox 73 782 1673 856">
    <p class='ocr_par' dir='ltr' id='par_1_9' title="bbox 73 782 1673 856">
     <span class='ocr_line' id='line_1_9' title="bbox 73 782 1673 856; baseline 0.001 -18"><span class='ocrx_word' id='word_1_45' title='bbox 73 783 352 856; x_wconf 87' lang='lat' dir='ltr'>quomodo</span> <span class='ocrx_word' id='word_1_46' title='bbox 397 782 614 839; x_wconf 87' lang='lat' dir='ltr'>audivit</span> <span class='ocrx_word' id='word_1_47' title='bbox 659 783 848 838; x_wconf 84' lang='lat' dir='ltr'>Achab</span> <span class='ocrx_word' id='word_1_48' title='bbox 899 799 1177 840; x_wconf 79' lang='lat' dir='ltr'>sermones</span> <span class='ocrx_word' id='word_1_49' title='bbox 1232 783 1351 850; x_wconf 89' lang='lat' dir='ltr'>hos,</span> <span class='ocrx_word' id='word_1_50' title='bbox 1403 785 1673 839; x_wconf 80' lang='lat' dir='ltr'>reveritus</span> 
     </span>
    </p>
   </div>
   <div class='ocr_carea' id='block_1_10' title="bbox 72 877 1674 950">
    <p class='ocr_par' dir='ltr' id='par_1_10' title="bbox 72 877 1674 950">
     <span class='ocr_line' id='line_1_10' title="bbox 72 877 1674 950; baseline 0.001 -14"><span class='ocrx_word' id='word_1_51' title='bbox 72 889 158 936; x_wconf 89' lang='lat' dir='ltr'>est</span> <span class='ocrx_word' id='word_1_52' title='bbox 201 898 232 936; x_wconf 92' lang='lat' dir='ltr'>a</span> <span class='ocrx_word' id='word_1_53' title='bbox 265 879 404 936; x_wconf 89' lang='lat' dir='ltr'>facie</span> <span class='ocrx_word' id='word_1_54' title='bbox 452 879 696 948; x_wconf 86' lang='lat' dir='ltr'>Domini,</span> <span class='ocrx_word' id='word_1_55' title='bbox 748 888 802 935; x_wconf 88' lang='lat' dir='ltr'>et</span> <span class='ocrx_word' id='word_1_56' title='bbox 849 879 962 936; x_wconf 86' lang='lat' dir='ltr'>ibat</span> <span class='ocrx_word' id='word_1_57' title='bbox 1016 879 1169 950; x_wconf 86' lang='lat' dir='ltr'>flens,</span> <span class='ocrx_word' id='word_1_58' title='bbox 1221 877 1364 936; x_wconf 88' lang='lat'>598</span> <span class='ocrx_word' id='word_1_59' title='bbox 1411 887 1465 936; x_wconf 89' lang='lat' dir='ltr'>et</span> <span class='ocrx_word' id='word_1_60' title='bbox 1509 880 1674 938; x_wconf 80' lang='lat' dir='ltr'>scidit</span> 
     </span>
    </p>
   </div>
   <div class='ocr_carea' id='block_1_11' title="bbox 71 968 1671 1035">
    <p class='ocr_par' dir='ltr' id='par_1_11' title="bbox 71 968 1671 1035">
     <span class='ocr_line' id='line_1_11' title="bbox 71 968 1671 1035; baseline -0.002 -9"><span class='ocrx_word' id='word_1_61' title='bbox 71 969 402 1026; x_wconf 86' lang='lat' dir='ltr'>vestimenta</span> <span class='ocrx_word' id='word_1_62' title='bbox 441 986 562 1035; x_wconf 90' lang='lat' dir='ltr'>sua,</span> <span class='ocrx_word' id='word_1_63' title='bbox 609 977 662 1025; x_wconf 90' lang='lat' dir='ltr'>et</span> <span class='ocrx_word' id='word_1_64' title='bbox 708 970 953 1026; x_wconf 87' lang='lat' dir='ltr'>accinxit</span> <span class='ocrx_word' id='word_1_65' title='bbox 997 986 1054 1025; x_wconf 89' lang='lat' dir='ltr'>se</span> <span class='ocrx_word' id='word_1_66' title='bbox 1097 985 1273 1027; x_wconf 87' lang='lat' dir='ltr'>sacco.</span> <span class='ocrx_word' id='word_1_67' title='bbox 1323 971 1476 1027; x_wconf 90' lang='lat' dir='ltr'>Tunc</span> <span class='ocrx_word' id='word_1_68' title='bbox 1526 968 1671 1025; x_wconf 79' lang='lat' dir='ltr'>dixit</span> 
     </span>
    </p>
   </div>
   <div class='ocr_carea' id='block_1_12' title="bbox 73 1058 1672 1132">
    <p class='ocr_par' dir='ltr' id='par_1_12' title="bbox 73 1058 1672 1132">
     <span class='ocr_line' id='line_1_12' title="bbox 73 1058 1672 1132; baseline -0.001 -17"><span class='ocrx_word' id='word_1_69' title='bbox 73 1060 347 1115; x_wconf 88' lang='lat' dir='ltr'>Dominus</span> <span class='ocrx_word' id='word_1_70' title='bbox 390 1058 458 1113; x_wconf 91' lang='lat' dir='ltr'>ad</span> <span class='ocrx_word' id='word_1_71' title='bbox 488 1059 668 1114; x_wconf 89' lang='lat' dir='ltr'>Eliam</span> <span class='ocrx_word' id='word_1_72' title='bbox 703 1077 714 1114; x_wconf 90' lang='lat'>:</span> <span class='ocrx_word' id='word_1_73' title='bbox 752 1059 954 1114; x_wconf 85' lang='lat' dir='ltr'>Vidisti</span> <span class='ocrx_word' id='word_1_74' title='bbox 1001 1058 1463 1132; x_wconf 90' lang='lat' dir='ltr'>quemadmodum</span> <span class='ocrx_word' id='word_1_75' title='bbox 1507 1074 1672 1114; x_wconf 82' lang='lat' dir='ltr'>reve-</span> 
     </span>
    </p>
   </div>
   <div class='ocr_carea' id='block_1_13' title="bbox 74 1148 1672 1220">
    <p class='ocr_par' dir='ltr' id='par_1_13' title="bbox 74 1148 1672 1220">
     <span class='ocr_line' id='line_1_13' title="bbox 74 1148 1672 1220; baseline 0 -16"><span class='ocrx_word' id='word_1_76' title='bbox 74 1149 219 1204; x_wconf 88' lang='lat' dir='ltr'>ritus</span> <span class='ocrx_word' id='word_1_77' title='bbox 257 1156 333 1204; x_wconf 90' lang='lat' dir='ltr'>est</span> <span class='ocrx_word' id='word_1_78' title='bbox 365 1148 556 1206; x_wconf 81' lang='lat' dir='ltr'>Achab</span> <span class='ocrx_word' id='word_1_79' title='bbox 585 1165 616 1204; x_wconf 91' lang='lat' dir='ltr'>a</span> <span class='ocrx_word' id='word_1_80' title='bbox 646 1148 784 1205; x_wconf 87' lang='lat' dir='ltr'>facie</span> <span class='ocrx_word' id='word_1_81' title='bbox 809 1149 975 1205; x_wconf 76' lang='lat' dir='ltr'>mea?</span> <span class='ocrx_word' id='word_1_82' title='bbox 1017 1150 1136 1206; x_wconf 79' lang='lat' dir='ltr'>Non</span> <span class='ocrx_word' id='word_1_83' title='bbox 1184 1148 1439 1220; x_wconf 88' lang='lat' dir='ltr'>adjiciam</span> <span class='ocrx_word' id='word_1_84' title='bbox 1487 1148 1672 1205; x_wconf 89' lang='lat' dir='ltr'>addu-</span> 
     </span>
    </p>
   </div>
   <div class='ocr_carea' id='block_1_14' title="bbox 72 1236 1670 1309">
    <p class='ocr_par' dir='ltr' id='par_1_14' title="bbox 72 1236 1670 1309">
     <span class='ocr_line' id='line_1_14' title="bbox 72 1236 1670 1309; baseline 0 -15"><span class='ocrx_word' id='word_1_85' title='bbox 72 1254 199 1294; x_wconf 88' lang='lat' dir='ltr'>cere</span> <span class='ocrx_word' id='word_1_86' title='bbox 237 1237 379 1293; x_wconf 88' lang='lat' dir='ltr'>mala</span> <span class='ocrx_word' id='word_1_87' title='bbox 414 1237 473 1293; x_wconf 92' lang='lat' dir='ltr'>in</span> <span class='ocrx_word' id='word_1_88' title='bbox 515 1237 708 1294; x_wconf 90' lang='lat' dir='ltr'>diebus</span> <span class='ocrx_word' id='word_1_89' title='bbox 746 1236 885 1309; x_wconf 87' lang='lat' dir='ltr'>ejus,</span> <span class='ocrx_word' id='word_1_90' title='bbox 931 1237 1026 1294; x_wconf 90' lang='lat' dir='ltr'>sed</span> <span class='ocrx_word' id='word_1_91' title='bbox 1072 1238 1131 1293; x_wconf 92' lang='lat' dir='ltr'>in</span> <span class='ocrx_word' id='word_1_92' title='bbox 1179 1238 1373 1295; x_wconf 88' lang='lat' dir='ltr'>diebus</span> <span class='ocrx_word' id='word_1_93' title='bbox 1410 1237 1511 1294; x_wconf 87' lang='lat' dir='ltr'>ﬁlii</span> <span class='ocrx_word' id='word_1_94' title='bbox 1553 1238 1670 1309; x_wconf 82' lang='lat' dir='ltr'>ejus</span> 
     </span>
    </p>
   </div>
   <div class='ocr_carea' id='block_1_15' title="bbox 71 1323 1670 1398">
    <p class='ocr_par' dir='ltr' id='par_1_15' title="bbox 71 1323 1670 1398">
     <span class='ocr_line' id='line_1_15' title="bbox 71 1323 1670 1398; baseline 0.001 -20"><span class='ocrx_word' id='word_1_95' title='bbox 71 1323 344 1380; x_wconf 86' lang='lat' dir='ltr'>adducam</span> <span class='ocrx_word' id='word_1_96' title='bbox 393 1323 554 1395; x_wconf 81' lang='lat' dir='ltr'>(Ibid.</span> <span class='ocrx_word' id='word_1_97' title='bbox 588 1324 812 1396; x_wconf 80' lang='lat'>27-29).</span> <span class='ocrx_word' id='word_1_98' title='bbox 853 1348 870 1372; x_wconf 81' lang='grc' dir='ltr'><strong><em>ι</em></strong></span> <span class='ocrx_word' id='word_1_99' title='bbox 913 1325 997 1380; x_wconf 91' lang='lat' dir='ltr'>En</span> <span class='ocrx_word' id='word_1_100' title='bbox 1032 1341 1268 1398; x_wconf 89' lang='lat' dir='ltr'>quonam</span> <span class='ocrx_word' id='word_1_101' title='bbox 1302 1323 1562 1396; x_wconf 88' lang='lat' dir='ltr'>perduxit</span> <span class='ocrx_word' id='word_1_102' title='bbox 1590 1323 1670 1379; x_wconf 88' lang='lat' dir='ltr'>ti-</span> 
     </span>
    </p>
   </div>
   <div class='ocr_carea' id='block_1_16' title="bbox 76 1412 1666 1485">
    <p class='ocr_par' dir='ltr' id='par_1_16' title="bbox 76 1412 1666 1485">
     <span class='ocr_line' id='line_1_16' title="bbox 76 1412 1666 1485; baseline 0.001 -17"><span class='ocrx_word' id='word_1_103' title='bbox 76 1412 287 1468; x_wconf 89' lang='lat' dir='ltr'>midum</span> <span class='ocrx_word' id='word_1_104' title='bbox 318 1413 644 1482; x_wconf 87' lang='lat' dir='ltr'>reverentia,</span> <span class='ocrx_word' id='word_1_105' title='bbox 695 1421 750 1469; x_wconf 91' lang='lat' dir='ltr'>et</span> <span class='ocrx_word' id='word_1_106' title='bbox 797 1421 1064 1485; x_wconf 90' lang='lat' dir='ltr'>quantum</span> <span class='ocrx_word' id='word_1_107' title='bbox 1110 1413 1419 1470; x_wconf 79' lang='lat' dir='ltr'>severitatis</span> <span class='ocrx_word' id='word_1_108' title='bbox 1457 1420 1666 1469; x_wconf 91' lang='lat' dir='ltr'>motum</span> 
     </span>
    </p>
   </div>
   <div class='ocr_carea' id='block_1_17' title="bbox 73 1501 1668 1575">
    <p class='ocr_par' dir='ltr' id='par_1_17' title="bbox 73 1501 1668 1575">
     <span class='ocr_line' id='line_1_17' title="bbox 73 1501 1668 1575; baseline -0.001 -17"><span class='ocrx_word' id='word_1_109' title='bbox 73 1501 240 1574; x_wconf 79' lang='lat' dir='ltr'>fregit</span> <span class='ocrx_word' id='word_1_110' title='bbox 270 1502 480 1557; x_wconf 89' lang='lat' dir='ltr'>metusl</span> <span class='ocrx_word' id='word_1_111' title='bbox 531 1501 653 1556; x_wconf 82' lang='lat' dir='ltr'>Non</span> <span class='ocrx_word' id='word_1_112' title='bbox 685 1501 950 1557; x_wconf 91' lang='lat' dir='ltr'>orationis</span> <span class='ocrx_word' id='word_1_113' title='bbox 979 1518 1194 1575; x_wconf 84' lang='lat' dir='ltr'>pompa,</span> <span class='ocrx_word' id='word_1_114' title='bbox 1243 1519 1354 1559; x_wconf 89' lang='lat' dir='ltr'>non</span> <span class='ocrx_word' id='word_1_115' title='bbox 1400 1501 1668 1559; x_wconf 86' lang='lat' dir='ltr'>sermonis</span> 
     </span>
    </p>
   </div>
   <div class='ocr_carea' id='block_1_18' title="bbox 73 1592 1669 1667">
    <p class='ocr_par' dir='ltr' id='par_1_18' title="bbox 73 1592 1669 1667">
     <span class='ocr_line' id='line_1_18' title="bbox 73 1592 1669 1667; baseline -0.002 -16"><span class='ocrx_word' id='word_1_116' title='bbox 73 1602 296 1662; x_wconf 89' lang='lat' dir='ltr'>ornatu,</span> <span class='ocrx_word' id='word_1_117' title='bbox 329 1609 427 1650; x_wconf 86' lang='lat' dir='ltr'>nec</span> <span class='ocrx_word' id='word_1_118' title='bbox 455 1592 660 1667; x_wconf 86' lang='lat' dir='ltr'>eloquii</span> <span class='ocrx_word' id='word_1_119' title='bbox 689 1592 845 1666; x_wconf 91' lang='lat' dir='ltr'>copia</span> <span class='ocrx_word' id='word_1_120' title='bbox 885 1593 1090 1666; x_wconf 88' lang='lat' dir='ltr'>placuit</span> <span class='ocrx_word' id='word_1_121' title='bbox 1127 1595 1240 1650; x_wconf 93' lang='lat' dir='ltr'>Deo</span> <span class='ocrx_word' id='word_1_122' title='bbox 1270 1612 1282 1650; x_wconf 93' lang='lat'>:</span> <span class='ocrx_word' id='word_1_123' title='bbox 1333 1593 1430 1650; x_wconf 88' lang='lat' dir='ltr'>sed</span> <span class='ocrx_word' id='word_1_124' title='bbox 1479 1592 1669 1648; x_wconf 91' lang='lat' dir='ltr'>multis</span> 
     </span>
    </p>
   </div>
   <div class='ocr_carea' id='block_1_19' title="bbox 1786 429 3385 502">
    <p class='ocr_par' dir='ltr' id='par_1_19' title="bbox 1786 429 3385 502">
     <span class='ocr_line' id='line_1_19' title="bbox 1786 429 3385 502; baseline 0.003 -18"><span class='ocrx_word' id='word_1_125' title='bbox 1786 445 1881 484; x_wconf 89' lang='lat' dir='ltr'>seu</span> <span class='ocrx_word' id='word_1_126' title='bbox 1911 436 1965 484; x_wconf 90' lang='lat' dir='ltr'>et</span> <span class='ocrx_word' id='word_1_127' title='bbox 2021 430 2310 485; x_wconf 68' lang='lat' dir='ltr'>adversum</span> <span class='ocrx_word' id='word_1_128' title='bbox 2371 430 2656 502; x_wconf 89' lang='lat' dir='ltr'>populum,</span> <span class='ocrx_word' id='word_1_129' title='bbox 2712 440 2765 489; x_wconf 91' lang='lat' dir='ltr'>et</span> <span class='ocrx_word' id='word_1_130' title='bbox 2816 446 2926 486; x_wconf 92' lang='lat' dir='ltr'>non</span> <span class='ocrx_word' id='word_1_131' title='bbox 2956 429 3296 487; x_wconf 89' lang='lat' dir='ltr'>audierunt:</span> <span class='ocrx_word' id='word_1_132' title='bbox 3331 439 3385 488; x_wconf 90' lang='lat' dir='ltr'>et</span> 
     </span>
    </p>
   </div>
   <div class='ocr_carea' id='block_1_20' title="bbox 1787 518 3382 596">
    <p class='ocr_par' dir='ltr' id='par_1_20' title="bbox 1787 518 3382 596">
     <span class='ocr_line' id='line_1_20' title="bbox 1787 518 3382 596; baseline 0.003 -21"><span class='ocrx_word' id='word_1_133' title='bbox 1787 518 2010 576; x_wconf 80' lang='lat' dir='ltr'>induxit</span> <span class='ocrx_word' id='word_1_134' title='bbox 2057 534 2220 591; x_wconf 90' lang='lat' dir='ltr'>super</span> <span class='ocrx_word' id='word_1_135' title='bbox 2276 519 2401 575; x_wconf 91' lang='lat' dir='ltr'>illos</span> <span class='ocrx_word' id='word_1_136' title='bbox 2454 521 2724 577; x_wconf 89' lang='lat' dir='ltr'>Dominus</span> <span class='ocrx_word' id='word_1_137' title='bbox 2781 522 3056 596; x_wconf 88' lang='lat' dir='ltr'>principes</span> <span class='ocrx_word' id='word_1_138' title='bbox 3112 522 3382 580; x_wconf 89' lang='lat' dir='ltr'>virtutum</span> 
     </span>
    </p>
   </div>
   <div class='ocr_carea' id='block_1_21' title="bbox 1785 609 3385 684">
    <p class='ocr_par' dir='ltr' id='par_1_21' title="bbox 1785 609 3385 684">
     <span class='ocr_line' id='line_1_21' title="bbox 1785 609 3385 684; baseline 0.004 -18"><span class='ocrx_word' id='word_1_139' title='bbox 1785 609 2164 683; x_wconf 81' lang='lat' dir='ltr'>Assyriorum,</span> <span class='ocrx_word' id='word_1_140' title='bbox 2204 617 2259 665; x_wconf 89' lang='lat' dir='ltr'>et</span> <span class='ocrx_word' id='word_1_141' title='bbox 2309 612 2846 684; x_wconf 90' lang='lat' dir='ltr'>comprehenderunt</span> <span class='ocrx_word' id='word_1_142' title='bbox 2874 615 3182 682; x_wconf 83' lang='lat' dir='ltr'>Manassen,</span> <span class='ocrx_word' id='word_1_143' title='bbox 3211 623 3266 673; x_wconf 86' lang='lat' dir='ltr'>et</span> <span class='ocrx_word' id='word_1_144' title='bbox 3292 616 3385 672; x_wconf 85' lang='lat' dir='ltr'>al-</span> 
     </span>
    </p>
   </div>
   <div class='ocr_carea' id='block_1_22' title="bbox 1786 700 3384 776">
    <p class='ocr_par' dir='ltr' id='par_1_22' title="bbox 1786 700 3384 776">
     <span class='ocr_line' id='line_1_22' title="bbox 1786 700 3384 776; baseline 0.003 -19"><span class='ocrx_word' id='word_1_145' title='bbox 1786 702 2096 775; x_wconf 81' lang='lat' dir='ltr'>ligaverunt</span> <span class='ocrx_word' id='word_1_146' title='bbox 2129 717 2256 756; x_wconf 90' lang='lat' dir='ltr'>eum</span> <span class='ocrx_word' id='word_1_147' title='bbox 2286 700 2526 758; x_wconf 88' lang='lat' dir='ltr'>vinculis</span> <span class='ocrx_word' id='word_1_148' title='bbox 2572 711 2626 758; x_wconf 91' lang='lat' dir='ltr'>et</span> <span class='ocrx_word' id='word_1_149' title='bbox 2672 704 3050 776; x_wconf 87' lang='lat' dir='ltr'>compedibus,</span> <span class='ocrx_word' id='word_1_150' title='bbox 3099 713 3154 761; x_wconf 93' lang='lat' dir='ltr'>et</span> <span class='ocrx_word' id='word_1_151' title='bbox 3198 704 3384 762; x_wconf 87' lang='lat' dir='ltr'>addu-</span> 
     </span>
    </p>
   </div>
   <div class='ocr_carea' id='block_1_23' title="bbox 1785 789 3384 868">
    <p class='ocr_par' dir='ltr' id='par_1_23' title="bbox 1785 789 3384 868">
     <span class='ocr_line' id='line_1_23' title="bbox 1785 789 3384 868; baseline 0.002 -21"><span class='ocrx_word' id='word_1_152' title='bbox 1785 798 1988 847; x_wconf 86' lang='lat' dir='ltr'>xerunt</span> <span class='ocrx_word' id='word_1_153' title='bbox 2013 806 2135 845; x_wconf 92' lang='lat' dir='ltr'>eum</span> <span class='ocrx_word' id='word_1_154' title='bbox 2168 790 2224 846; x_wconf 93' lang='lat' dir='ltr'>in</span> <span class='ocrx_word' id='word_1_155' title='bbox 2256 789 2637 862; x_wconf 87' lang='lat' dir='ltr'>Baby&#39;oniam.</span> <span class='ocrx_word' id='word_1_156' title='bbox 2658 793 2729 847; x_wconf 90' lang='lat' dir='ltr'>Et</span> <span class='ocrx_word' id='word_1_157' title='bbox 2752 810 2881 848; x_wconf 86' lang='lat' dir='ltr'>mox</span> <span class='ocrx_word' id='word_1_158' title='bbox 2905 793 3143 851; x_wconf 84' lang='lat' dir='ltr'>aﬂlictus</span> <span class='ocrx_word' id='word_1_159' title='bbox 3189 795 3384 868; x_wconf 68' lang='lat' dir='ltr'>quaasi-</span> 
     </span>
    </p>
   </div>
   <div class='ocr_carea' id='block_1_24' title="bbox 1784 878 3384 948">
    <p class='ocr_par' dir='ltr' id='par_1_24' title="bbox 1784 878 3384 948">
     <span class='ocr_line' id='line_1_24' title="bbox 1784 878 3384 948; baseline 0.004 -15"><span class='ocrx_word' id='word_1_160' title='bbox 1784 879 1866 934; x_wconf 88' lang='lat' dir='ltr'>vit</span> <span class='ocrx_word' id='word_1_161' title='bbox 1893 878 2191 935; x_wconf 91' lang='lat' dir='ltr'>Dominum</span> <span class='ocrx_word' id='word_1_162' title='bbox 2239 880 2412 935; x_wconf 91' lang='lat' dir='ltr'>Deum</span> <span class='ocrx_word' id='word_1_163' title='bbox 2459 896 2641 948; x_wconf 90' lang='lat' dir='ltr'>suum,</span> <span class='ocrx_word' id='word_1_164' title='bbox 2673 888 2727 936; x_wconf 92' lang='lat' dir='ltr'>et</span> <span class='ocrx_word' id='word_1_165' title='bbox 2755 880 3081 938; x_wconf 87' lang='lat' dir='ltr'>humiliatus</span> <span class='ocrx_word' id='word_1_166' title='bbox 3105 890 3186 940; x_wconf 81' lang='lat' dir='ltr'>est</span> <span class='ocrx_word' id='word_1_167' title='bbox 3215 883 3384 941; x_wconf 91' lang='lat' dir='ltr'>nimis</span> 
     </span>
    </p>
   </div>
   <div class='ocr_carea' id='block_1_25' title="bbox 1783 968 3380 1043">
    <p class='ocr_par' dir='ltr' id='par_1_25' title="bbox 1783 968 3380 1043">
     <span class='ocr_line' id='line_1_25' title="bbox 1783 968 3380 1043; baseline 0.002 -17"><span class='ocrx_word' id='word_1_168' title='bbox 1783 978 1911 1026; x_wconf 88' lang='lat' dir='ltr'>ante</span> <span class='ocrx_word' id='word_1_169' title='bbox 1946 970 2136 1027; x_wconf 89' lang='lat' dir='ltr'>faciem</span> <span class='ocrx_word' id='word_1_170' title='bbox 2170 968 2266 1025; x_wconf 85' lang='lat' dir='ltr'>Dei</span> <span class='ocrx_word' id='word_1_171' title='bbox 2295 977 2510 1041; x_wconf 87' lang='lat' dir='ltr'>patrum</span> <span class='ocrx_word' id='word_1_172' title='bbox 2533 987 2781 1038; x_wconf 90' lang='lat' dir='ltr'>suorum,</span> <span class='ocrx_word' id='word_1_173' title='bbox 2809 978 2862 1026; x_wconf 91' lang='lat' dir='ltr'>et</span> <span class='ocrx_word' id='word_1_174' title='bbox 2883 972 3063 1027; x_wconf 92' lang='lat' dir='ltr'>oravit</span> <span class='ocrx_word' id='word_1_175' title='bbox 3091 972 3158 1028; x_wconf 92' lang='lat' dir='ltr'>ad</span> <span class='ocrx_word' id='word_1_176' title='bbox 3185 975 3380 1043; x_wconf 89' lang='lat' dir='ltr'>Deum,</span> 
     </span>
    </p>
   </div>
   <div class='ocr_carea' id='block_1_26' title="bbox 1783 1059 3382 1126">
    <p class='ocr_par' dir='ltr' id='par_1_26' title="bbox 1783 1059 3382 1126">
     <span class='ocr_line' id='line_1_26' title="bbox 1783 1059 3382 1126; baseline 0.003 -13"><span class='ocrx_word' id='word_1_177' title='bbox 1783 1065 1838 1114; x_wconf 92' lang='lat' dir='ltr'>et</span> <span class='ocrx_word' id='word_1_178' title='bbox 1886 1059 2172 1115; x_wconf 87' lang='lat' dir='ltr'>exaudivit</span> <span class='ocrx_word' id='word_1_179' title='bbox 2218 1059 2377 1114; x_wconf 90' lang='lat' dir='ltr'>illum</span> <span class='ocrx_word' id='word_1_180' title='bbox 2407 1059 2696 1126; x_wconf 91' lang='lat' dir='ltr'>Dominus,</span> <span class='ocrx_word' id='word_1_181' title='bbox 2721 1067 2774 1115; x_wconf 90' lang='lat' dir='ltr'>et</span> <span class='ocrx_word' id='word_1_182' title='bbox 2822 1061 3106 1117; x_wconf 90' lang='lat' dir='ltr'>revocavit</span> <span class='ocrx_word' id='word_1_183' title='bbox 3136 1061 3295 1117; x_wconf 92' lang='lat' dir='ltr'>illum</span> <span class='ocrx_word' id='word_1_184' title='bbox 3323 1061 3382 1118; x_wconf 90' lang='lat' dir='ltr'>in</span> 
     </span>
    </p>
   </div>
   <div class='ocr_carea' id='block_1_27' title="bbox 1783 1144 3382 1219">
    <p class='ocr_par' dir='ltr' id='par_1_27' title="bbox 1783 1144 3382 1219">
     <span class='ocr_line' id='line_1_27' title="bbox 1783 1144 3382 1219; baseline 0.003 -17"><span class='ocrx_word' id='word_1_185' title='bbox 1783 1146 2103 1214; x_wconf 88' lang='lat' dir='ltr'>Jerusalem,</span> <span class='ocrx_word' id='word_1_186' title='bbox 2137 1145 2195 1201; x_wconf 93' lang='lat' dir='ltr'>in</span> <span class='ocrx_word' id='word_1_187' title='bbox 2225 1162 2454 1217; x_wconf 80' lang='lat' dir='ltr'>regnum</span> <span class='ocrx_word' id='word_1_188' title='bbox 2481 1144 2620 1217; x_wconf 87' lang='lat' dir='ltr'>ejus.</span> <span class='ocrx_word' id='word_1_189' title='bbox 2671 1146 2742 1200; x_wconf 92' lang='lat' dir='ltr'>Et</span> <span class='ocrx_word' id='word_1_190' title='bbox 2799 1147 3060 1219; x_wconf 82' lang='lat' dir='ltr'>cognovit</span> <span class='ocrx_word' id='word_1_191' title='bbox 3109 1148 3382 1206; x_wconf 84' lang='lat' dir='ltr'>Manasses</span> 
     </span>
    </p>
   </div>
   <div class='ocr_carea' id='block_1_28' title="bbox 1783 1234 3382 1311">
    <p class='ocr_par' dir='ltr' id='par_1_28' title="bbox 1783 1234 3382 1311">
     <span class='ocr_line' id='line_1_28' title="bbox 1783 1234 3382 1311; baseline 0.003 -23"><span class='ocrx_word' id='word_1_192' title='bbox 1783 1234 1914 1307; x_wconf 90' lang='lat' dir='ltr'>quia</span> <span class='ocrx_word' id='word_1_193' title='bbox 1942 1235 2212 1290; x_wconf 86' lang='lat' dir='ltr'>Dominus</span> <span class='ocrx_word' id='word_1_194' title='bbox 2242 1234 2359 1306; x_wconf 90' lang='lat' dir='ltr'>ipse</span> <span class='ocrx_word' id='word_1_195' title='bbox 2407 1241 2489 1290; x_wconf 91' lang='lat' dir='ltr'>est</span> <span class='ocrx_word' id='word_1_196' title='bbox 2535 1235 2698 1291; x_wconf 90' lang='lat' dir='ltr'>Deus.</span> <span class='ocrx_word' id='word_1_197' title='bbox 2731 1235 2873 1292; x_wconf 91' lang='lat' dir='ltr'>Ecce</span> <span class='ocrx_word' id='word_1_198' title='bbox 2898 1244 3164 1309; x_wconf 90' lang='lat' dir='ltr'>quantum</span> <span class='ocrx_word' id='word_1_199' title='bbox 3196 1254 3382 1311; x_wconf 84' lang='lat' dir='ltr'>repen-</span> 
     </span>
    </p>
   </div>
   <div class='ocr_carea' id='block_1_29' title="bbox 1784 1321 3380 1398">
    <p class='ocr_par' dir='ltr' id='par_1_29' title="bbox 1784 1321 3380 1398">
     <span class='ocr_line' id='line_1_29' title="bbox 1784 1321 3380 1398; baseline 0.003 -19"><span class='ocrx_word' id='word_1_200' title='bbox 1784 1323 1912 1379; x_wconf 78' lang='lat' dir='ltr'>time</span> <span class='ocrx_word' id='word_1_201' title='bbox 1957 1322 2365 1379; x_wconf 88' lang='lat' dir='ltr'>lamentationis</span> <span class='ocrx_word' id='word_1_202' title='bbox 2431 1339 2500 1378; x_wconf 89' lang='lat' dir='ltr'>ex</span> <span class='ocrx_word' id='word_1_203' title='bbox 2556 1321 2722 1380; x_wconf 92' lang='lat' dir='ltr'>corde</span> <span class='ocrx_word' id='word_1_204' title='bbox 2776 1339 3044 1381; x_wconf 88' lang='lat' dir='ltr'>converso</span> <span class='ocrx_word' id='word_1_205' title='bbox 3095 1334 3380 1398; x_wconf 89' lang='lat' dir='ltr'>peccatum</span> 
     </span>
    </p>
   </div>
   <div class='ocr_carea' id='block_1_30' title="bbox 1781 1417 3382 1492">
    <p class='ocr_par' dir='ltr' id='par_1_30' title="bbox 1781 1417 3382 1492">
     <span class='ocr_line' id='line_1_30' title="bbox 1781 1417 3382 1492; baseline 0.002 -19"><span class='ocrx_word' id='word_1_206' title='bbox 1781 1434 1940 1474; x_wconf 89' lang='lat' dir='ltr'>suum</span> <span class='ocrx_word' id='word_1_207' title='bbox 1970 1417 2124 1473; x_wconf 88' lang='lat' dir='ltr'>ﬂevit</span> <span class='ocrx_word' id='word_1_208' title='bbox 2151 1426 2205 1474; x_wconf 92' lang='lat' dir='ltr'>et</span> <span class='ocrx_word' id='word_1_209' title='bbox 2232 1417 2420 1487; x_wconf 90' lang='lat' dir='ltr'>diluit,</span> <span class='ocrx_word' id='word_1_210' title='bbox 2455 1426 2510 1474; x_wconf 92' lang='lat' dir='ltr'>et</span> <span class='ocrx_word' id='word_1_211' title='bbox 2539 1417 2808 1491; x_wconf 85' lang='lat' dir='ltr'>lacrymis</span> <span class='ocrx_word' id='word_1_212' title='bbox 2836 1419 3014 1488; x_wconf 86' lang='lat' dir='ltr'>tersit,</span> <span class='ocrx_word' id='word_1_213' title='bbox 3058 1419 3205 1492; x_wconf 87' lang='lat' dir='ltr'>quod</span> <span class='ocrx_word' id='word_1_214' title='bbox 3228 1419 3382 1476; x_wconf 89' lang='lat' dir='ltr'>nefas</span> 
     </span>
    </p>
   </div>
   <div class='ocr_carea' id='block_1_31' title="bbox 1780 1510 3382 1582">
    <p class='ocr_par' dir='ltr' id='par_1_31' title="bbox 1780 1510 3382 1582">
     <span class='ocr_line' id='line_1_31' title="bbox 1780 1510 3382 1582; baseline 0.002 -16"><span class='ocrx_word' id='word_1_215' title='bbox 1780 1510 2061 1568; x_wconf 81' lang='lat' dir='ltr'>infecerat.</span> <span class='ocrx_word' id='word_1_216' title='bbox 2130 1511 2322 1568; x_wconf 89' lang='lat' dir='ltr'>Oravit</span> <span class='ocrx_word' id='word_1_217' title='bbox 2378 1519 2564 1567; x_wconf 90' lang='lat' dir='ltr'>tamen</span> <span class='ocrx_word' id='word_1_218' title='bbox 2629 1511 2881 1568; x_wconf 91' lang='lat' dir='ltr'>conscius</span> <span class='ocrx_word' id='word_1_219' title='bbox 2939 1519 3123 1569; x_wconf 87' lang='lat' dir='ltr'>reatus</span> <span class='ocrx_word' id='word_1_220' title='bbox 3172 1512 3296 1582; x_wconf 89' lang='lat' dir='ltr'>sui;</span> <span class='ocrx_word' id='word_1_221' title='bbox 3328 1520 3382 1569; x_wconf 93' lang='lat' dir='ltr'>et</span> 
     </span>
    </p>
   </div>
   <div class='ocr_carea' id='block_1_32' title="bbox 1779 1599 3381 1674">
    <p class='ocr_par' dir='ltr' id='par_1_32' title="bbox 1779 1599 3381 1674">
     <span class='ocr_line' id='line_1_32' title="bbox 1779 1599 3381 1674; baseline 0.001 -19"><span class='ocrx_word' id='word_1_222' title='bbox 1779 1600 2008 1656; x_wconf 88' lang='lat' dir='ltr'>veniam</span> <span class='ocrx_word' id='word_1_223' title='bbox 2040 1601 2244 1656; x_wconf 89' lang='lat' dir='ltr'>meruit</span> <span class='ocrx_word' id='word_1_224' title='bbox 2285 1599 2657 1656; x_wconf 88' lang='lat' dir='ltr'>satisfactione</span> <span class='ocrx_word' id='word_1_225' title='bbox 2708 1602 2940 1658; x_wconf 90' lang='lat' dir='ltr'>mercari</span> <span class='ocrx_word' id='word_1_226' title='bbox 2973 1618 2985 1656; x_wconf 89' lang='lat'>:</span> <span class='ocrx_word' id='word_1_227' title='bbox 3037 1618 3209 1674; x_wconf 88' lang='lat' dir='ltr'>usque</span> <span class='ocrx_word' id='word_1_228' title='bbox 3247 1600 3381 1658; x_wconf 87' lang='lat' dir='ltr'>adeo</span> 
     </span>
    </p>
   </div>
   <div class='ocr_carea' id='block_1_33' title="bbox 73 1682 3382 1780">
    <p class='ocr_par' dir='ltr' id='par_1_33' title="bbox 73 1682 3382 1780">
     <span class='ocr_line' id='line_1_33' title="bbox 73 1682 3382 1780; baseline 0.002 -41"><span class='ocrx_word' id='word_1_229' title='bbox 73 1682 330 1756; x_wconf 87' lang='lat' dir='ltr'>precibus</span> <span class='ocrx_word' id='word_1_230' title='bbox 356 1682 746 1780; x_wconf 75' lang='lat' dir='ltr'>lacrymarum.</span> <span class='ocrx_word' id='word_1_231' title='bbox 780 1683 852 1740; x_wconf 88' lang='lat' dir='ltr'>Os</span> <span class='ocrx_word' id='word_1_232' title='bbox 884 1685 1074 1752; x_wconf 89' lang='lat' dir='ltr'>tacuit,</span> <span class='ocrx_word' id='word_1_233' title='bbox 1105 1682 1198 1740; x_wconf 89' lang='lat' dir='ltr'>sed</span> <span class='ocrx_word' id='word_1_234' title='bbox 1228 1701 1322 1739; x_wconf 89' lang='lat' dir='ltr'>cor</span> <span class='ocrx_word' id='word_1_235' title='bbox 1353 1683 1622 1755; x_wconf 85' lang='lat' dir='ltr'>ingemuit</span> <span class='ocrx_word' id='word_1_236' title='bbox 1649 1700 1662 1739; x_wconf 91' lang='lat'><strong>:</strong></span> <span class='ocrx_word' id='word_1_237' title='bbox 1709 1720 1754 1780; x_wconf 76' lang='grc' dir='ltr'>Β</span> <span class='ocrx_word' id='word_1_238' title='bbox 1787 1696 1850 1744; x_wconf 90' lang='lat' dir='ltr'>ut</span> <span class='ocrx_word' id='word_1_239' title='bbox 1897 1689 1991 1745; x_wconf 90' lang='lat' dir='ltr'>illa</span> <span class='ocrx_word' id='word_1_240' title='bbox 2031 1706 2183 1746; x_wconf 88' lang='lat' dir='ltr'>sacra</span> <span class='ocrx_word' id='word_1_241' title='bbox 2211 1706 2332 1762; x_wconf 65' lang='lat' dir='ltr'>quia</span> <span class='ocrx_word' id='word_1_242' title='bbox 2361 1689 2570 1746; x_wconf 89' lang='lat' dir='ltr'>dudum</span> <span class='ocrx_word' id='word_1_243' title='bbox 2602 1689 2818 1762; x_wconf 89' lang='lat' dir='ltr'>profani</span> <span class='ocrx_word' id='word_1_244' title='bbox 2848 1699 2999 1748; x_wconf 90' lang='lat' dir='ltr'>actus</span> <span class='ocrx_word' id='word_1_245' title='bbox 3027 1691 3382 1748; x_wconf 89' lang='lat' dir='ltr'>contamina-</span> 
     </span>
    </p>
   </div>
   <div class='ocr_carea' id='block_1_34' title="bbox 73 1771 1675 1846">
    <p class='ocr_par' dir='ltr' id='par_1_34' title="bbox 73 1771 1675 1846">
     <span class='ocr_line' id='line_1_34' title="bbox 73 1771 1675 1846; baseline -0.001 -17"><span class='ocrx_word' id='word_1_246' title='bbox 73 1774 254 1830; x_wconf 90' lang='lat' dir='ltr'>oculis</span> <span class='ocrx_word' id='word_1_247' title='bbox 293 1771 607 1840; x_wconf 9' lang='lat' dir='ltr'>ﬂevit,gsed</span> <span class='ocrx_word' id='word_1_248' title='bbox 632 1773 970 1830; x_wconf 85' lang='lat' dir='ltr'>conscientia</span> <span class='ocrx_word' id='word_1_249' title='bbox 1020 1775 1252 1846; x_wconf 82' lang='lat' dir='ltr'>planxit,</span> <span class='ocrx_word' id='word_1_250' title='bbox 1302 1781 1355 1829; x_wconf 90' lang='lat' dir='ltr'>et</span> <span class='ocrx_word' id='word_1_251' title='bbox 1398 1789 1675 1831; x_wconf 88' lang='lat' dir='ltr'>verecun—</span> 
     </span>
    </p>
   </div>
   <div class='ocr_carea' id='block_1_35' title="bbox 72 1860 1672 1936">
    <p class='ocr_par' dir='ltr' id='par_1_35' title="bbox 72 1860 1672 1936">
     <span class='ocr_line' id='line_1_35' title="bbox 72 1860 1672 1936; baseline -0.001 -16"><span class='ocrx_word' id='word_1_252' title='bbox 72 1863 225 1920; x_wconf 90' lang='lat' dir='ltr'>diam</span> <span class='ocrx_word' id='word_1_253' title='bbox 256 1860 616 1936; x_wconf 72' lang='lat' dir='ltr'>pmnitudinis</span> <span class='ocrx_word' id='word_1_254' title='bbox 646 1861 818 1936; x_wconf 88' lang='lat' dir='ltr'>pietas</span> <span class='ocrx_word' id='word_1_255' title='bbox 860 1862 1106 1918; x_wconf 80' lang='lat' dir='ltr'>laudavit</span> <span class='ocrx_word' id='word_1_256' title='bbox 1142 1863 1421 1920; x_wconf 83' lang='lat' dir='ltr'>Auctoris.</span> <span class='ocrx_word' id='word_1_257' title='bbox 1473 1862 1672 1919; x_wconf 89' lang='lat' dir='ltr'>Parum</span> 
     </span>
    </p>
   </div>
   <div class='ocr_carea' id='block_1_36' title="bbox 72 1952 1673 2026">
    <p class='ocr_par' dir='ltr' id='par_1_36' title="bbox 72 1952 1673 2026">
     <span class='ocr_line' id='line_1_36' title="bbox 72 1952 1673 2026; baseline 0.001 -16"><span class='ocrx_word' id='word_1_258' title='bbox 72 1953 185 2010; x_wconf 87' lang='lat' dir='ltr'>fuit</span> <span class='ocrx_word' id='word_1_259' title='bbox 216 1969 365 2009; x_wconf 90' lang='lat' dir='ltr'>reum</span> <span class='ocrx_word' id='word_1_260' title='bbox 395 1952 641 2009; x_wconf 90' lang='lat' dir='ltr'>debitum</span> <span class='ocrx_word' id='word_1_261' title='bbox 687 1953 924 2009; x_wconf 81' lang='lat' dir='ltr'>evasisse</span> <span class='ocrx_word' id='word_1_262' title='bbox 962 1953 1318 2026; x_wconf 87' lang='lat' dir='ltr'>supplicium,</span> <span class='ocrx_word' id='word_1_263' title='bbox 1368 1953 1476 2010; x_wconf 91' lang='lat' dir='ltr'>nisi</span> <span class='ocrx_word' id='word_1_264' title='bbox 1519 1970 1673 2011; x_wconf 89' lang='lat' dir='ltr'>acce-</span> 
     </span>
    </p>
   </div>
   <div class='ocr_carea' id='block_1_37' title="bbox 73 2041 1673 2117">
    <p class='ocr_par' dir='ltr' id='par_1_37' title="bbox 73 2041 1673 2117">
     <span class='ocr_line' id='line_1_37' title="bbox 73 2041 1673 2117; baseline 0.001 -20"><span class='ocrx_word' id='word_1_265' title='bbox 73 2043 243 2117; x_wconf 89' lang='lat' dir='ltr'>pisset</span> <span class='ocrx_word' id='word_1_266' title='bbox 273 2043 575 2099; x_wconf 88' lang='lat' dir='ltr'>reverentia</span> <span class='ocrx_word' id='word_1_267' title='bbox 605 2041 905 2114; x_wconf 83' lang='lat' dir='ltr'>probabilis</span> <span class='ocrx_word' id='word_1_268' title='bbox 933 2043 1334 2099; x_wconf 84' lang='lat' dir='ltr'>testimonium.</span> <span class='ocrx_word' id='word_1_269' title='bbox 1375 2044 1448 2099; x_wconf 88' lang='lat' dir='ltr'>Et</span> <span class='ocrx_word' id='word_1_270' title='bbox 1479 2043 1673 2114; x_wconf 86' lang='lat' dir='ltr'>proba-</span> 
     </span>
    </p>
   </div>
   <div class='ocr_carea' id='block_1_38' title="bbox 72 2131 1674 2204">
    <p class='ocr_par' dir='ltr' id='par_1_38' title="bbox 72 2131 1674 2204">
     <span class='ocr_line' id='line_1_38' title="bbox 72 2131 1674 2204; baseline 0.001 -16"><span class='ocrx_word' id='word_1_271' title='bbox 72 2140 164 2189; x_wconf 91' lang='lat' dir='ltr'>tus</span> <span class='ocrx_word' id='word_1_272' title='bbox 191 2139 272 2189; x_wconf 88' lang='lat' dir='ltr'>est</span> <span class='ocrx_word' id='word_1_273' title='bbox 300 2133 358 2188; x_wconf 90' lang='lat' dir='ltr'>in</span> <span class='ocrx_word' id='word_1_274' title='bbox 388 2132 606 2197; x_wconf 87' lang='lat' dir='ltr'>timore,</span> <span class='ocrx_word' id='word_1_275' title='bbox 638 2131 733 2204; x_wconf 86' lang='lat' dir='ltr'>qui</span> <span class='ocrx_word' id='word_1_276' title='bbox 763 2131 1128 2187; x_wconf 90' lang='lat' dir='ltr'>damnabatur</span> <span class='ocrx_word' id='word_1_277' title='bbox 1165 2132 1224 2188; x_wconf 93' lang='lat' dir='ltr'>in</span> <span class='ocrx_word' id='word_1_278' title='bbox 1260 2133 1493 2190; x_wconf 90' lang='lat' dir='ltr'>crimine</span> <span class='ocrx_word' id='word_1_279' title='bbox 1527 2151 1539 2190; x_wconf 91' lang='lat'>:</span> <span class='ocrx_word' id='word_1_280' title='bbox 1573 2150 1674 2190; x_wconf 89' lang='lat' dir='ltr'>nec</span> 
     </span>
    </p>
   </div>
   <div class='ocr_carea' id='block_1_39' title="bbox 70 2221 1672 2298">
    <p class='ocr_par' dir='ltr' id='par_1_39' title="bbox 70 2221 1672 2298">
     <span class='ocr_line' id='line_1_39' title="bbox 70 2221 1672 2298; baseline 0 -19"><span class='ocrx_word' id='word_1_281' title='bbox 70 2223 227 2298; x_wconf 91' lang='lat' dir='ltr'>prius</span> <span class='ocrx_word' id='word_1_282' title='bbox 266 2223 413 2296; x_wconf 92' lang='lat' dir='ltr'>quod</span> <span class='ocrx_word' id='word_1_283' title='bbox 455 2229 686 2278; x_wconf 90' lang='lat' dir='ltr'>mortem</span> <span class='ocrx_word' id='word_1_284' title='bbox 734 2221 880 2277; x_wconf 88' lang='lat' dir='ltr'>luxit</span> <span class='ocrx_word' id='word_1_285' title='bbox 927 2222 1115 2291; x_wconf 88' lang='lat' dir='ltr'>occisi,</span> <span class='ocrx_word' id='word_1_286' title='bbox 1168 2222 1331 2280; x_wconf 91' lang='lat' dir='ltr'>inane</span> <span class='ocrx_word' id='word_1_287' title='bbox 1380 2224 1524 2291; x_wconf 90' lang='lat' dir='ltr'>fuit;</span> <span class='ocrx_word' id='word_1_288' title='bbox 1579 2222 1672 2279; x_wconf 90' lang='lat' dir='ltr'>sed</span> 
     </span>
    </p>
   </div>
   <div class='ocr_carea' id='block_1_40' title="bbox 70 2310 1674 2385">
    <p class='ocr_par' dir='ltr' id='par_1_40' title="bbox 70 2310 1674 2385">
     <span class='ocr_line' id='line_1_40' title="bbox 70 2310 1674 2385; baseline 0.001 -17"><span class='ocrx_word' id='word_1_289' title='bbox 70 2313 363 2385; x_wconf 86' lang='lat' dir='ltr'>repetitam</span> <span class='ocrx_word' id='word_1_290' title='bbox 422 2310 723 2368; x_wconf 84' lang='lat' dir='ltr'>identidem</span> <span class='ocrx_word' id='word_1_291' title='bbox 783 2311 1002 2383; x_wconf 87' lang='lat' dir='ltr'>culpam</span> <span class='ocrx_word' id='word_1_292' title='bbox 1046 2311 1239 2368; x_wconf 88' lang='lat' dir='ltr'>iterata</span> <span class='ocrx_word' id='word_1_293' title='bbox 1283 2313 1674 2370; x_wconf 87' lang='lat' dir='ltr'>lamentatione</span> 
     </span>
    </p>
   </div>
   <div class='ocr_carea' id='block_1_41' title="bbox 70 2403 349 2476">
    <p class='ocr_par' dir='ltr' id='par_1_41' title="bbox 70 2403 349 2476">
     <span class='ocr_line' id='line_1_41' title="bbox 70 2403 349 2476; baseline 0.007 -18"><span class='ocrx_word' id='word_1_294' title='bbox 70 2403 349 2476; x_wconf 81' lang='lat' dir='ltr'>purgavit.</span> 
     </span>
    </p>
   </div>
   <div class='ocr_carea' id='block_1_42' title="bbox 146 2499 1676 2574">
    <p class='ocr_par' dir='ltr' id='par_1_42' title="bbox 146 2499 1676 2574">
     <span class='ocr_line' id='line_1_42' title="bbox 146 2499 1676 2574; baseline -0.001 -15"><span class='ocrx_word' id='word_1_295' title='bbox 146 2499 375 2560; x_wconf 84' lang='lat' dir='ltr'><strong>CAPUT</strong></span> <span class='ocrx_word' id='word_1_296' title='bbox 409 2500 534 2557; x_wconf 87' lang='lat' dir='ltr'>XV.</span> <span class='ocrx_word' id='word_1_297' title='bbox 578 2532 649 2542; x_wconf 98' lang='lat'><strong><em>—</em></strong></span> <span class='ocrx_word' id='word_1_298' title='bbox 687 2501 797 2557; x_wconf 80' lang='lat' dir='ltr'>Nec</span> <span class='ocrx_word' id='word_1_299' title='bbox 836 2500 1110 2557; x_wconf 88' lang='lat' dir='ltr'>Manasses</span> <span class='ocrx_word' id='word_1_300' title='bbox 1145 2515 1362 2574; x_wconf 90' lang='lat' dir='ltr'>quoque</span> <span class='ocrx_word' id='word_1_301' title='bbox 1401 2516 1498 2556; x_wconf 88' lang='lat' dir='ltr'>rex</span> <span class='ocrx_word' id='word_1_302' title='bbox 1527 2499 1676 2558; x_wconf 87' lang='lat' dir='ltr'>ﬁlius</span> 
     </span>
    </p>
   </div>
   <div class='ocr_carea' id='block_1_43' title="bbox 69 2589 1675 2663">
    <p class='ocr_par' dir='ltr' id='par_1_43' title="bbox 69 2589 1675 2663">
     <span class='ocr_line' id='line_1_43' title="bbox 69 2589 1675 2663; baseline 0 -17"><span class='ocrx_word' id='word_1_303' title='bbox 69 2590 326 2646; x_wconf 55' lang='lat' dir='ltr'>Ezechiae</span> <span class='ocrx_word' id='word_1_304' title='bbox 356 2589 618 2647; x_wconf 88' lang='lat' dir='ltr'>tacendus</span> <span class='ocrx_word' id='word_1_305' title='bbox 650 2597 752 2658; x_wconf 91' lang='lat' dir='ltr'>est,</span> <span class='ocrx_word' id='word_1_306' title='bbox 785 2589 877 2663; x_wconf 91' lang='lat' dir='ltr'>qui</span> <span class='ocrx_word' id='word_1_307' title='bbox 909 2597 1231 2646; x_wconf 91' lang='lat' dir='ltr'>cunctorum</span> <span class='ocrx_word' id='word_1_308' title='bbox 1265 2598 1675 2663; x_wconf 65' lang='lat' dir='ltr'>pratergressus</span> 
     </span>
    </p>
   </div>
   <div class='ocr_carea' id='block_1_44' title="bbox 71 2677 1674 2752">
    <p class='ocr_par' dir='ltr' id='par_1_44' title="bbox 71 2677 1674 2752">
     <span class='ocr_line' id='line_1_44' title="bbox 71 2677 1674 2752; baseline -0.001 -16"><span class='ocrx_word' id='word_1_309' title='bbox 71 2679 361 2736; x_wconf 87' lang='lat' dir='ltr'>audaciam</span> <span class='ocrx_word' id='word_1_310' title='bbox 392 2680 770 2752; x_wconf 86' lang='lat' dir='ltr'>profanorum,</span> <span class='ocrx_word' id='word_1_311' title='bbox 802 2695 997 2734; x_wconf 89' lang='lat' dir='ltr'>manus</span> <span class='ocrx_word' id='word_1_312' title='bbox 1025 2677 1260 2735; x_wconf 89' lang='lat' dir='ltr'>tetendit</span> <span class='ocrx_word' id='word_1_313' title='bbox 1306 2678 1503 2752; x_wconf 90' lang='lat' dir='ltr'>impias</span> <span class='ocrx_word' id='word_1_314' title='bbox 1547 2695 1674 2735; x_wconf 87' lang='lat' dir='ltr'>con-</span> 
     </span>
    </p>
   </div>
   <div class='ocr_carea' id='block_1_45' title="bbox 72 2769 1675 2843">
    <p class='ocr_par' dir='ltr' id='par_1_45' title="bbox 72 2769 1675 2843">
     <span class='ocr_line' id='line_1_45' title="bbox 72 2769 1675 2843; baseline -0.001 -17"><span class='ocrx_word' id='word_1_315' title='bbox 72 2778 163 2826; x_wconf 89' lang='lat' dir='ltr'>tra</span> <span class='ocrx_word' id='word_1_316' title='bbox 186 2772 383 2839; x_wconf 90' lang='lat' dir='ltr'>Deum,</span> <span class='ocrx_word' id='word_1_317' title='bbox 414 2778 468 2826; x_wconf 91' lang='lat' dir='ltr'>et</span> <span class='ocrx_word' id='word_1_318' title='bbox 499 2771 737 2842; x_wconf 85' lang='lat' dir='ltr'>paternis</span> <span class='ocrx_word' id='word_1_319' title='bbox 769 2769 1014 2826; x_wconf 91' lang='lat' dir='ltr'>moribus</span> <span class='ocrx_word' id='word_1_320' title='bbox 1059 2769 1411 2843; x_wconf 85' lang='lat' dir='ltr'>degenerans,</span> <span class='ocrx_word' id='word_1_321' title='bbox 1444 2787 1513 2826; x_wconf 85' lang='lat' dir='ltr'>ex</span> <span class='ocrx_word' id='word_1_322' title='bbox 1556 2778 1675 2826; x_wconf 90' lang='lat' dir='ltr'>toto</span> 
     </span>
    </p>
   </div>
   <div class='ocr_carea' id='block_1_46' title="bbox 73 2857 1675 2932">
    <p class='ocr_par' dir='ltr' id='par_1_46' title="bbox 73 2857 1675 2932">
     <span class='ocr_line' id='line_1_46' title="bbox 73 2857 1675 2932; baseline 0 -18"><span class='ocrx_word' id='word_1_323' title='bbox 73 2877 191 2932; x_wconf 85' lang='lat' dir='ltr'>prae</span> <span class='ocrx_word' id='word_1_324' title='bbox 224 2857 432 2916; x_wconf 88' lang='lat' dir='ltr'>divinis</span> <span class='ocrx_word' id='word_1_325' title='bbox 475 2861 718 2916; x_wconf 89' lang='lat' dir='ltr'>cultibus</span> <span class='ocrx_word' id='word_1_326' title='bbox 758 2859 1034 2916; x_wconf 87' lang='lat' dir='ltr'>idolorum</span> <span class='ocrx_word' id='word_1_327' title='bbox 1083 2867 1247 2932; x_wconf 89' lang='lat' dir='ltr'>caput</span> <span class='ocrx_word' id='word_1_328' title='bbox 1296 2859 1473 2916; x_wconf 81' lang='lat' dir='ltr'>erexit</span> <span class='ocrx_word' id='word_1_329' title='bbox 1515 2860 1675 2915; x_wconf 92' lang='lat' dir='ltr'>insa-</span> 
     </span>
    </p>
   </div>
   <div class='ocr_carea' id='block_1_47' title="bbox 74 2949 1673 3023">
    <p class='ocr_par' dir='ltr' id='par_1_47' title="bbox 74 2949 1673 3023">
     <span class='ocr_line' id='line_1_47' title="bbox 74 2949 1673 3023; baseline 0.001 -18"><span class='ocrx_word' id='word_1_330' title='bbox 74 2965 238 3005; x_wconf 90' lang='lat' dir='ltr'>num.</span> <span class='ocrx_word' id='word_1_331' title='bbox 307 2950 408 3006; x_wconf 83' lang='lat' dir='ltr'>Hic</span> <span class='ocrx_word' id='word_1_332' title='bbox 459 2951 723 3023; x_wconf 88' lang='lat' dir='ltr'>sacrilego</span> <span class='ocrx_word' id='word_1_333' title='bbox 781 2951 964 3006; x_wconf 88' lang='lat' dir='ltr'>furore</span> <span class='ocrx_word' id='word_1_334' title='bbox 1020 2965 1320 3023; x_wconf 86' lang='lat' dir='ltr'>possessus,</span> <span class='ocrx_word' id='word_1_335' title='bbox 1387 2951 1444 3005; x_wconf 92' lang='lat' dir='ltr'>in</span> <span class='ocrx_word' id='word_1_336' title='bbox 1509 2949 1673 3006; x_wconf 91' lang='lat' dir='ltr'>domo</span> 
     </span>
    </p>
   </div>
   <div class='ocr_carea' id='block_1_48' title="bbox 71 3038 1674 3111">
    <p class='ocr_par' dir='ltr' id='par_1_48' title="bbox 71 3038 1674 3111">
     <span class='ocr_line' id='line_1_48' title="bbox 71 3038 1674 3111; baseline -0.002 -16"><span class='ocrx_word' id='word_1_337' title='bbox 71 3038 178 3095; x_wconf 91' lang='lat' dir='ltr'>Dei</span> <span class='ocrx_word' id='word_1_338' title='bbox 213 3039 558 3095; x_wconf 70' lang='lat' dir='ltr'>exsecranda:</span> <span class='ocrx_word' id='word_1_339' title='bbox 587 3038 996 3111; x_wconf 85' lang='lat' dir='ltr'>superstitionis</span> <span class='ocrx_word' id='word_1_340' title='bbox 1039 3055 1156 3094; x_wconf 90' lang='lat' dir='ltr'>aras</span> <span class='ocrx_word' id='word_1_341' title='bbox 1196 3038 1462 3107; x_wconf 86' lang='lat' dir='ltr'>instituit,</span> <span class='ocrx_word' id='word_1_342' title='bbox 1491 3038 1674 3094; x_wconf 91' lang='lat' dir='ltr'>simu—</span> 
     </span>
    </p>
   </div>
   <div class='ocr_carea' id='block_1_49' title="bbox 69 3127 1674 3201">
    <p class='ocr_par' dir='ltr' id='par_1_49' title="bbox 69 3127 1674 3201">
     <span class='ocr_line' id='line_1_49' title="bbox 69 3127 1674 3201; baseline 0.001 -19"><span class='ocrx_word' id='word_1_343' title='bbox 69 3128 239 3184; x_wconf 89' lang='lat' dir='ltr'>lacris</span> <span class='ocrx_word' id='word_1_344' title='bbox 289 3127 602 3185; x_wconf 70' lang='lat' dir='ltr'>daemonum</span> <span class='ocrx_word' id='word_1_345' title='bbox 662 3129 982 3195; x_wconf 82' lang='lat' dir='ltr'>funestavit,</span> <span class='ocrx_word' id='word_1_346' title='bbox 1041 3129 1233 3201; x_wconf 88' lang='lat' dir='ltr'>templi</span> <span class='ocrx_word' id='word_1_347' title='bbox 1281 3145 1431 3186; x_wconf 90' lang='lat' dir='ltr'>sacra</span> <span class='ocrx_word' id='word_1_348' title='bbox 1481 3128 1674 3184; x_wconf 87' lang='lat' dir='ltr'>altaria</span> 
     </span>
    </p>
   </div>
   <div class='ocr_carea' id='block_1_50' title="bbox 69 3215 1672 3290">
    <p class='ocr_par' dir='ltr' id='par_1_50' title="bbox 69 3215 1672 3290">
     <span class='ocr_line' id='line_1_50' title="bbox 69 3215 1672 3290; baseline 0.001 -18"><span class='ocrx_word' id='word_1_349' title='bbox 69 3215 309 3289; x_wconf 88' lang='lat' dir='ltr'>lapideis</span> <span class='ocrx_word' id='word_1_350' title='bbox 365 3217 644 3290; x_wconf 84' lang='lat' dir='ltr'>figmentis</span> <span class='ocrx_word' id='word_1_351' title='bbox 699 3218 972 3290; x_wconf 86' lang='lat' dir='ltr'>implevit,</span> <span class='ocrx_word' id='word_1_352' title='bbox 1035 3218 1186 3274; x_wconf 89' lang='lat' dir='ltr'>lucos</span> <span class='ocrx_word' id='word_1_353' title='bbox 1244 3215 1508 3285; x_wconf 88' lang='lat' dir='ltr'>excoluit,</span> <span class='ocrx_word' id='word_1_354' title='bbox 1559 3216 1672 3288; x_wconf 85' lang='lat' dir='ltr'>igni</span> 
     </span>
    </p>
   </div>
   <div class='ocr_carea' id='block_1_51' title="bbox 68 3305 1670 3386">
    <p class='ocr_par' dir='ltr' id='par_1_51' title="bbox 68 3305 1670 3386">
     <span class='ocr_line' id='line_1_51' title="bbox 68 3305 1670 3386; baseline 0.001 -19"><span class='ocrx_word' id='word_1_355' title='bbox 68 3314 304 3385; x_wconf 84' lang='lat' dir='ltr'>prolano</span> <span class='ocrx_word' id='word_1_356' title='bbox 336 3313 479 3370; x_wconf 86' lang='lat' dir='ltr'>ﬁlios</span> <span class='ocrx_word' id='word_1_357' title='bbox 509 3332 637 3371; x_wconf 91' lang='lat' dir='ltr'>suos</span> <span class='ocrx_word' id='word_1_358' title='bbox 675 3314 903 3382; x_wconf 86' lang='lat' dir='ltr'>dicavit,</span> <span class='ocrx_word' id='word_1_359' title='bbox 949 3313 1191 3386; x_wconf 85' lang='lat' dir='ltr'>captavit</span> <span class='ocrx_word' id='word_1_360' title='bbox 1244 3305 1470 3386; x_wconf 83' lang='lat' dir='ltr'>auguria</span> <span class='ocrx_word' id='word_1_361' title='bbox 1529 3313 1670 3385; x_wconf 78' lang='lat'>(26),</span> 
     </span>
    </p>
   </div>
   <div class='ocr_carea' id='block_1_52' title="bbox 67 3401 1673 3476">
    <p class='ocr_par' dir='ltr' id='par_1_52' title="bbox 67 3401 1673 3476">
     <span class='ocr_line' id='line_1_52' title="bbox 67 3401 1673 3476; baseline 0.001 -19"><span class='ocrx_word' id='word_1_362' title='bbox 67 3403 246 3458; x_wconf 83' lang='lat' dir='ltr'>vitam</span> <span class='ocrx_word' id='word_1_363' title='bbox 279 3419 433 3459; x_wconf 91' lang='lat' dir='ltr'>suam</span> <span class='ocrx_word' id='word_1_364' title='bbox 469 3404 752 3461; x_wconf 86' lang='lat' dir='ltr'>maleficiis</span> <span class='ocrx_word' id='word_1_365' title='bbox 783 3403 1118 3476; x_wconf 79' lang='lat' dir='ltr'>inquinavit,</span> <span class='ocrx_word' id='word_1_366' title='bbox 1150 3403 1415 3476; x_wconf 91' lang='lat' dir='ltr'>populum</span> <span class='ocrx_word' id='word_1_367' title='bbox 1444 3401 1512 3458; x_wconf 89' lang='lat' dir='ltr'>ad</span> <span class='ocrx_word' id='word_1_368' title='bbox 1543 3401 1673 3458; x_wconf 89' lang='lat' dir='ltr'>ido-</span> 
     </span>
    </p>
   </div>
   <div class='ocr_carea' id='block_1_53' title="bbox 69 3491 1670 3563">
    <p class='ocr_par' dir='ltr' id='par_1_53' title="bbox 69 3491 1670 3563">
     <span class='ocr_line' id='line_1_53' title="bbox 69 3491 1670 3563; baseline -0.001 -17"><span class='ocrx_word' id='word_1_369' title='bbox 69 3494 253 3547; x_wconf 89' lang='lat' dir='ltr'>lorum</span> <span class='ocrx_word' id='word_1_370' title='bbox 312 3492 718 3550; x_wconf 86' lang='lat' dir='ltr'>observationes</span> <span class='ocrx_word' id='word_1_371' title='bbox 768 3493 1010 3562; x_wconf 83' lang='lat' dir='ltr'>induxit,</span> <span class='ocrx_word' id='word_1_372' title='bbox 1060 3491 1402 3550; x_wconf 68' lang='lat' dir='ltr'>caeremoniis</span> <span class='ocrx_word' id='word_1_373' title='bbox 1450 3491 1670 3563; x_wconf 91' lang='lat' dir='ltr'>polluit,</span> 
     </span>
    </p>
   </div>
   <div class='ocr_carea' id='block_1_54' title="bbox 67 3578 1672 3655">
    <p class='ocr_par' dir='ltr' id='par_1_54' title="bbox 67 3578 1672 3655">
     <span class='ocr_line' id='line_1_54' title="bbox 67 3578 1672 3655; baseline -0.002 -19"><span class='ocrx_word' id='word_1_374' title='bbox 67 3580 294 3637; x_wconf 89' lang='lat' dir='ltr'>diabolo</span> <span class='ocrx_word' id='word_1_375' title='bbox 349 3583 701 3655; x_wconf 89' lang='lat' dir='ltr'>mancipavit,</span> <span class='ocrx_word' id='word_1_376' title='bbox 730 3589 783 3639; x_wconf 89' lang='lat' dir='ltr'>et</span> <span class='ocrx_word' id='word_1_377' title='bbox 813 3582 999 3638; x_wconf 87' lang='lat' dir='ltr'>omnia</span> <span class='ocrx_word' id='word_1_378' title='bbox 1047 3599 1166 3655; x_wconf 61' lang='lat' dir='ltr'>quae</span> <span class='ocrx_word' id='word_1_379' title='bbox 1205 3580 1414 3636; x_wconf 90' lang='lat' dir='ltr'>divinis</span> <span class='ocrx_word' id='word_1_380' title='bbox 1463 3578 1672 3652; x_wconf 82' lang='lat' dir='ltr'>legibus</span> 
     </span>
    </p>
   </div>
   <div class='ocr_carea' id='block_1_55' title="bbox 69 3665 1671 3742">
    <p class='ocr_par' dir='ltr' id='par_1_55' title="bbox 69 3665 1671 3742">
     <span class='ocr_line' id='line_1_55' title="bbox 69 3665 1671 3742; baseline -0.002 -17"><span class='ocrx_word' id='word_1_381' title='bbox 69 3669 460 3742; x_wconf 87' lang='lat' dir='ltr'>prohibentur,</span> <span class='ocrx_word' id='word_1_382' title='bbox 521 3673 665 3727; x_wconf 88' lang='lat' dir='ltr'>ultra</span> <span class='ocrx_word' id='word_1_383' title='bbox 713 3688 932 3728; x_wconf 91' lang='lat' dir='ltr'>omnem</span> <span class='ocrx_word' id='word_1_384' title='bbox 976 3669 1327 3727; x_wconf 90' lang='lat' dir='ltr'>insolentiam</span> <span class='ocrx_word' id='word_1_385' title='bbox 1376 3665 1671 3739; x_wconf 69' lang='lat' dir='ltr'>desperatae</span> 
     </span>
    </p>
   </div>
   <div class='ocr_carea' id='block_1_56' title="bbox 71 3756 1672 3831">
    <p class='ocr_par' dir='ltr' id='par_1_56' title="bbox 71 3756 1672 3831">
     <span class='ocr_line' id='line_1_56' title="bbox 71 3756 1672 3831; baseline -0.002 -16"><span class='ocrx_word' id='word_1_386' title='bbox 71 3759 278 3816; x_wconf 90' lang='lat' dir='ltr'>mentis</span> <span class='ocrx_word' id='word_1_387' title='bbox 321 3760 590 3816; x_wconf 90' lang='lat' dir='ltr'>exercuit.</span> <span class='ocrx_word' id='word_1_388' title='bbox 641 3761 744 3816; x_wconf 88' lang='lat' dir='ltr'>Pro</span> <span class='ocrx_word' id='word_1_389' title='bbox 775 3760 862 3816; x_wconf 91' lang='lat' dir='ltr'>his</span> <span class='ocrx_word' id='word_1_390' title='bbox 891 3767 974 3815; x_wconf 86' lang='lat' dir='ltr'>tot</span> <span class='ocrx_word' id='word_1_391' title='bbox 1003 3759 1278 3831; x_wconf 88' lang='lat' dir='ltr'>tantisque</span> <span class='ocrx_word' id='word_1_392' title='bbox 1307 3757 1530 3828; x_wconf 83' lang='lat' dir='ltr'>flagitiis</span> <span class='ocrx_word' id='word_1_393' title='bbox 1558 3756 1672 3812; x_wconf 88' lang='lat' dir='ltr'>du-</span> 
     </span>
    </p>
   </div>
   <div class='ocr_carea' id='block_1_57' title="bbox 68 3846 1671 3919">
    <p class='ocr_par' dir='ltr' id='par_1_57' title="bbox 68 3846 1671 3919">
     <span class='ocr_line' id='line_1_57' title="bbox 68 3846 1671 3919; baseline -0.004 -15"><span class='ocrx_word' id='word_1_394' title='bbox 68 3855 195 3904; x_wconf 89' lang='lat' dir='ltr'>ctus</span> <span class='ocrx_word' id='word_1_395' title='bbox 235 3847 290 3902; x_wconf 90' lang='lat' dir='ltr'>in</span> <span class='ocrx_word' id='word_1_396' title='bbox 335 3846 591 3919; x_wconf 74' lang='lat' dir='ltr'>przedam,</span> <span class='ocrx_word' id='word_1_397' title='bbox 626 3854 680 3902; x_wconf 93' lang='lat' dir='ltr'>et</span> <span class='ocrx_word' id='word_1_398' title='bbox 713 3847 955 3903; x_wconf 89' lang='lat' dir='ltr'>vinculis</span> <span class='ocrx_word' id='word_1_399' title='bbox 1002 3847 1262 3914; x_wconf 89' lang='lat' dir='ltr'>innexus,</span> <span class='ocrx_word' id='word_1_400' title='bbox 1310 3852 1671 3916; x_wconf 85' lang='lat' dir='ltr'>gravatusque</span> 
     </span>
    </p>
   </div>
   <div class='ocr_carea' id='block_1_58' title="bbox 67 3933 1669 4011">
    <p class='ocr_par' dir='ltr' id='par_1_58' title="bbox 67 3933 1669 4011">
     <span class='ocr_line' id='line_1_58' title="bbox 67 3933 1669 4011; baseline -0.004 -17"><span class='ocrx_word' id='word_1_401' title='bbox 67 3935 452 4009; x_wconf 82' lang='lat' dir='ltr'>compedibus,</span> <span class='ocrx_word' id='word_1_402' title='bbox 487 3938 713 4010; x_wconf 89' lang='lat' dir='ltr'>pertulit</span> <span class='ocrx_word' id='word_1_403' title='bbox 756 3937 962 4010; x_wconf 90' lang='lat' dir='ltr'>captivi</span> <span class='ocrx_word' id='word_1_404' title='bbox 1004 3936 1360 4011; x_wconf 88' lang='lat' dir='ltr'>supplicium,</span> <span class='ocrx_word' id='word_1_405' title='bbox 1405 3942 1568 4007; x_wconf 88' lang='lat' dir='ltr'>atque</span> <span class='ocrx_word' id='word_1_406' title='bbox 1610 3933 1669 3988; x_wconf 90' lang='lat' dir='ltr'>in</span> 
     </span>
    </p>
   </div>
   <div class='ocr_carea' id='block_1_59' title="bbox 66 4027 1670 4101">
    <p class='ocr_par' dir='ltr' id='par_1_59' title="bbox 66 4027 1670 4101">
     <span class='ocr_line' id='line_1_59' title="bbox 66 4027 1670 4101; baseline -0.002 -17"><span class='ocrx_word' id='word_1_407' title='bbox 66 4027 435 4100; x_wconf 86' lang='lat' dir='ltr'>Babyloniam</span> <span class='ocrx_word' id='word_1_408' title='bbox 492 4034 912 4101; x_wconf 84' lang='lat' dir='ltr'>transportatus,</span> <span class='ocrx_word' id='word_1_409' title='bbox 975 4027 1272 4099; x_wconf 90' lang='lat' dir='ltr'>impietatis</span> <span class='ocrx_word' id='word_1_410' title='bbox 1325 4043 1436 4082; x_wconf 66' lang='lat' dir='ltr'>suae</span> <span class='ocrx_word' id='word_1_411' title='bbox 1485 4041 1670 4098; x_wconf 72' lang='lat' dir='ltr'>poenas</span> 
     </span>
    </p>
   </div>
   <div class='ocr_carea' id='block_1_60' title="bbox 70 4114 1669 4186">
    <p class='ocr_par' dir='ltr' id='par_1_60' title="bbox 70 4114 1669 4186">
     <span class='ocr_line' id='line_1_60' title="bbox 70 4114 1669 4186; baseline -0.002 -13"><span class='ocrx_word' id='word_1_412' title='bbox 70 4117 177 4173; x_wconf 89' lang='lat' dir='ltr'>luit</span> <span class='ocrx_word' id='word_1_413' title='bbox 201 4135 216 4185; x_wconf 92' lang='lat'><strong>;</strong></span> <span class='ocrx_word' id='word_1_414' title='bbox 269 4123 332 4172; x_wconf 89' lang='lat' dir='ltr'>ut</span> <span class='ocrx_word' id='word_1_415' title='bbox 377 4114 623 4172; x_wconf 89' lang='lat' dir='ltr'>divinam</span> <span class='ocrx_word' id='word_1_416' title='bbox 655 4115 924 4173; x_wconf 88' lang='lat' dir='ltr'>ultionem</span> <span class='ocrx_word' id='word_1_417' title='bbox 954 4118 1181 4172; x_wconf 86' lang='lat' dir='ltr'>sentiret</span> <span class='ocrx_word' id='word_1_418' title='bbox 1211 4115 1484 4181; x_wconf 86' lang='lat' dir='ltr'>addictus,</span> <span class='ocrx_word' id='word_1_419' title='bbox 1513 4114 1669 4186; x_wconf 89' lang='lat' dir='ltr'>cujus</span> 
     </span>
    </p>
   </div>
   <div class='ocr_carea' id='block_1_61' title="bbox 68 4205 1667 4281">
    <p class='ocr_par' dir='ltr' id='par_1_61' title="bbox 68 4205 1667 4281">
     <span class='ocr_line' id='line_1_61' title="bbox 68 4205 1667 4281; baseline -0.001 -19"><span class='ocrx_word' id='word_1_420' title='bbox 68 4223 357 4281; x_wconf 84' lang='lat' dir='ltr'>nunquam</span> <span class='ocrx_word' id='word_1_421' title='bbox 388 4215 547 4263; x_wconf 88' lang='lat' dir='ltr'>antea</span> <span class='ocrx_word' id='word_1_422' title='bbox 574 4208 896 4263; x_wconf 88' lang='lat' dir='ltr'>meminerat</span> <span class='ocrx_word' id='word_1_423' title='bbox 925 4205 1232 4262; x_wconf 88' lang='lat' dir='ltr'>induratus.</span> <span class='ocrx_word' id='word_1_424' title='bbox 1263 4207 1509 4279; x_wconf 87' lang='lat' dir='ltr'>Denique</span> <span class='ocrx_word' id='word_1_425' title='bbox 1536 4222 1667 4262; x_wconf 90' lang='lat' dir='ltr'>con-</span> 
     </span>
    </p>
   </div>
   <div class='ocr_carea' id='block_1_62' title="bbox 66 4293 1668 4370">
    <p class='ocr_par' dir='ltr' id='par_1_62' title="bbox 66 4293 1668 4370">
     <span class='ocr_line' id='line_1_62' title="bbox 66 4293 1668 4370; baseline -0.002 -20"><span class='ocrx_word' id='word_1_426' title='bbox 66 4312 204 4370; x_wconf 88' lang='lat' dir='ltr'>gruo</span> <span class='ocrx_word' id='word_1_427' title='bbox 257 4301 544 4366; x_wconf 90' lang='lat' dir='ltr'>correptus</span> <span class='ocrx_word' id='word_1_428' title='bbox 603 4293 817 4364; x_wconf 89' lang='lat' dir='ltr'>flagello</span> <span class='ocrx_word' id='word_1_429' title='bbox 872 4293 1234 4359; x_wconf 83' lang='lat' dir='ltr'>convertitur,</span> <span class='ocrx_word' id='word_1_430' title='bbox 1284 4301 1338 4349; x_wconf 92' lang='lat' dir='ltr'>et</span> <span class='ocrx_word' id='word_1_431' title='bbox 1388 4296 1559 4349; x_wconf 89' lang='lat' dir='ltr'>Deum</span> <span class='ocrx_word' id='word_1_432' title='bbox 1609 4293 1668 4348; x_wconf 92' lang='lat' dir='ltr'>in</span> 
     </span>
    </p>
   </div>
   <div class='ocr_carea' id='block_1_63' title="bbox 66 4381 1670 4457">
    <p class='ocr_par' dir='ltr' id='par_1_63' title="bbox 66 4381 1670 4457">
     <span class='ocr_line' id='line_1_63' title="bbox 66 4381 1670 4457; baseline -0.003 -15"><span class='ocrx_word' id='word_1_433' title='bbox 66 4403 234 4457; x_wconf 83' lang='lat' dir='ltr'>poena</span> <span class='ocrx_word' id='word_1_434' title='bbox 262 4384 598 4442; x_wconf 90' lang='lat' dir='ltr'>constitutus</span> <span class='ocrx_word' id='word_1_435' title='bbox 627 4382 870 4455; x_wconf 83' lang='lat' dir='ltr'>agnovit,</span> <span class='ocrx_word' id='word_1_436' title='bbox 923 4399 1084 4456; x_wconf 88' lang='lat' dir='ltr'>quem</span> <span class='ocrx_word' id='word_1_437' title='bbox 1134 4381 1191 4436; x_wconf 90' lang='lat' dir='ltr'>in</span> <span class='ocrx_word' id='word_1_438' title='bbox 1243 4397 1408 4453; x_wconf 88' lang='lat' dir='ltr'>regno</span> <span class='ocrx_word' id='word_1_439' title='bbox 1460 4381 1670 4452; x_wconf 89' lang='lat' dir='ltr'>positus</span> 
     </span>
    </p>
   </div>
   <div class='ocr_carea' id='block_1_64' title="bbox 63 4468 1672 4545">
    <p class='ocr_par' dir='ltr' id='par_1_64' title="bbox 63 4468 1672 4545">
     <span class='ocr_line' id='line_1_64' title="bbox 63 4468 1672 4545; baseline -0.004 -14"><span class='ocrx_word' id='word_1_440' title='bbox 63 4485 228 4531; x_wconf 83' lang='lat' dir='ltr'>antea</span> <span class='ocrx_word' id='word_1_441' title='bbox 256 4490 370 4530; x_wconf 91' lang='lat' dir='ltr'>non</span> <span class='ocrx_word' id='word_1_442' title='bbox 399 4471 674 4545; x_wconf 64' lang='lat' dir='ltr'>quaesivit.</span> <span class='ocrx_word' id='word_1_443' title='bbox 737 4471 964 4526; x_wconf 30' lang='lat' dir='ltr'>Profuit!</span> <span class='ocrx_word' id='word_1_444' title='bbox 995 4469 1221 4526; x_wconf 77' lang='lat' dir='ltr'>afﬂictio</span> <span class='ocrx_word' id='word_1_445' title='bbox 1268 4468 1568 4541; x_wconf 90' lang='lat' dir='ltr'>desperato,</span> <span class='ocrx_word' id='word_1_446' title='bbox 1617 4477 1672 4524; x_wconf 89' lang='lat' dir='ltr'>et</span> 
     </span>
    </p>
   </div>
   <div class='ocr_carea' id='block_1_65' title="bbox 61 4558 1672 4633">
    <p class='ocr_par' dir='ltr' id='par_1_65' title="bbox 61 4558 1672 4633">
     <span class='ocr_line' id='line_1_65' title="bbox 61 4558 1672 4633; baseline -0.004 -12"><span class='ocrx_word' id='word_1_447' title='bbox 61 4573 320 4621; x_wconf 89' lang='lat' dir='ltr'>correcta</span> <span class='ocrx_word' id='word_1_448' title='bbox 362 4570 444 4618; x_wconf 92' lang='lat' dir='ltr'>est</span> <span class='ocrx_word' id='word_1_449' title='bbox 493 4561 550 4617; x_wconf 93' lang='lat' dir='ltr'>in</span> <span class='ocrx_word' id='word_1_450' title='bbox 597 4559 878 4633; x_wconf 88' lang='lat' dir='ltr'>agnitione</span> <span class='ocrx_word' id='word_1_451' title='bbox 925 4558 992 4616; x_wconf 93' lang='lat' dir='ltr'>de</span> <span class='ocrx_word' id='word_1_452' title='bbox 1038 4559 1264 4615; x_wconf 90' lang='lat' dir='ltr'>stimulo</span> <span class='ocrx_word' id='word_1_453' title='bbox 1315 4558 1672 4615; x_wconf 90' lang='lat' dir='ltr'>correctionis</span> 
     </span>
    </p>
   </div>
   <div class='ocr_carea' id='block_1_66' title="bbox 61 4647 1671 4725">
    <p class='ocr_par' dir='ltr' id='par_1_66' title="bbox 61 4647 1671 4725">
     <span class='ocr_line' id='line_1_66' title="bbox 61 4647 1671 4725; baseline -0.006 -13"><span class='ocrx_word' id='word_1_454' title='bbox 61 4651 421 4725; x_wconf 86' lang='lat' dir='ltr'>improbitas.</span> <span class='ocrx_word' id='word_1_455' title='bbox 455 4651 584 4708; x_wconf 90' lang='lat' dir='ltr'>Fuit</span> <span class='ocrx_word' id='word_1_456' title='bbox 615 4648 863 4708; x_wconf 90' lang='lat' dir='ltr'>vindicta</span> <span class='ocrx_word' id='word_1_457' title='bbox 903 4648 1000 4705; x_wconf 90' lang='lat' dir='ltr'>illa</span> <span class='ocrx_word' id='word_1_458' title='bbox 1035 4649 1237 4706; x_wconf 89' lang='lat' dir='ltr'>mentis</span> <span class='ocrx_word' id='word_1_459' title='bbox 1272 4647 1499 4722; x_wconf 70' lang='lat' dir='ltr'>perdita:</span> <span class='ocrx_word' id='word_1_460' title='bbox 1548 4664 1671 4702; x_wconf 89' lang='lat' dir='ltr'>me-</span> 
     </span>
    </p>
   </div>
   <div class='ocr_carea' id='block_1_67' title="bbox 60 4737 1669 4811">
    <p class='ocr_par' dir='ltr' id='par_1_67' title="bbox 60 4737 1669 4811">
     <span class='ocr_line' id='line_1_67' title="bbox 60 4737 1669 4811; baseline -0.005 -11"><span class='ocrx_word' id='word_1_461' title='bbox 60 4744 282 4811; x_wconf 89' lang='lat' dir='ltr'>dicina,</span> <span class='ocrx_word' id='word_1_462' title='bbox 326 4748 380 4798; x_wconf 87' lang='lat' dir='ltr'>et</span> <span class='ocrx_word' id='word_1_463' title='bbox 415 4743 652 4798; x_wconf 90' lang='lat' dir='ltr'>multum</span> <span class='ocrx_word' id='word_1_464' title='bbox 700 4739 866 4797; x_wconf 91' lang='lat' dir='ltr'>saluti</span> <span class='ocrx_word' id='word_1_465' title='bbox 913 4737 1149 4797; x_wconf 91' lang='lat' dir='ltr'>contulit</span> <span class='ocrx_word' id='word_1_466' title='bbox 1199 4737 1500 4810; x_wconf 85' lang='lat' dir='ltr'>castigatio,</span> <span class='ocrx_word' id='word_1_467' title='bbox 1550 4753 1669 4809; x_wconf 67' lang='lat' dir='ltr'>quae</span> 
     </span>
    </p>
   </div>
   <div class='ocr_carea' id='block_1_68' title="bbox 60 4827 1666 4902">
    <p class='ocr_par' dir='ltr' id='par_1_68' title="bbox 60 4827 1666 4902">
     <span class='ocr_line' id='line_1_68' title="bbox 60 4827 1666 4902; baseline -0.007 -12"><span class='ocrx_word' id='word_1_468' title='bbox 60 4833 194 4891; x_wconf 89' lang='lat' dir='ltr'>ideo</span> <span class='ocrx_word' id='word_1_469' title='bbox 243 4829 558 4887; x_wconf 87' lang='lat' dir='ltr'>verberavit</span> <span class='ocrx_word' id='word_1_470' title='bbox 585 4829 842 4902; x_wconf 90' lang='lat' dir='ltr'>impium,</span> <span class='ocrx_word' id='word_1_471' title='bbox 873 4836 935 4885; x_wconf 92' lang='lat' dir='ltr'>ut</span> <span class='ocrx_word' id='word_1_472' title='bbox 963 4829 1074 4884; x_wconf 92' lang='lat' dir='ltr'>Deo</span> <span class='ocrx_word' id='word_1_473' title='bbox 1117 4827 1317 4882; x_wconf 88' lang='lat' dir='ltr'>faceret</span> <span class='ocrx_word' id='word_1_474' title='bbox 1363 4832 1666 4898; x_wconf 88' lang='lat' dir='ltr'>acceptum,</span> 
     </span>
    </p>
   </div>
   <div class='ocr_carea' id='block_1_69' title="bbox 61 4915 1663 4995">
    <p class='ocr_par' dir='ltr' id='par_1_69' title="bbox 61 4915 1663 4995">
     <span class='ocr_line' id='line_1_69' title="bbox 61 4915 1663 4995; baseline -0.005 -18"><span class='ocrx_word' id='word_1_475' title='bbox 61 4938 235 4995; x_wconf 88' lang='lat' dir='ltr'>quem</span> <span class='ocrx_word' id='word_1_476' title='bbox 279 4919 533 4976; x_wconf 90' lang='lat' dir='ltr'>diabolus</span> <span class='ocrx_word' id='word_1_477' title='bbox 580 4935 674 4993; x_wconf 89' lang='lat' dir='ltr'>per</span> <span class='ocrx_word' id='word_1_478' title='bbox 709 4917 1090 4990; x_wconf 89' lang='lat' dir='ltr'>impotentiam</span> <span class='ocrx_word' id='word_1_479' title='bbox 1128 4915 1332 4974; x_wconf 90' lang='lat' dir='ltr'>fecerat</span> <span class='ocrx_word' id='word_1_480' title='bbox 1378 4915 1618 4971; x_wconf 88' lang='lat' dir='ltr'>alienum</span> <span class='ocrx_word' id='word_1_481' title='bbox 1652 4929 1663 4969; x_wconf 90' lang='lat'>:</span> 
     </span>
    </p>
   </div>
   <div class='ocr_carea' id='block_1_70' title="bbox 59 5004 1670 5082">
    <p class='ocr_par' dir='ltr' id='par_1_70' title="bbox 59 5004 1670 5082">
     <span class='ocr_line' id='line_1_70' title="bbox 59 5004 1670 5082; baseline -0.004 -15"><span class='ocrx_word' id='word_1_482' title='bbox 59 5019 121 5067; x_wconf 91' lang='lat' dir='ltr'>et</span> <span class='ocrx_word' id='word_1_483' title='bbox 171 5009 375 5065; x_wconf 74' lang='lat' dir='ltr'>animm</span> <span class='ocrx_word' id='word_1_484' title='bbox 424 5009 646 5066; x_wconf 90' lang='lat' dir='ltr'>sanitati</span> <span class='ocrx_word' id='word_1_485' title='bbox 692 5008 921 5082; x_wconf 87' lang='lat' dir='ltr'>profuit,</span> <span class='ocrx_word' id='word_1_486' title='bbox 975 5006 1122 5080; x_wconf 89' lang='lat' dir='ltr'>quod</span> <span class='ocrx_word' id='word_1_487' title='bbox 1168 5005 1438 5062; x_wconf 84' lang='lat' dir='ltr'>inflictum</span> <span class='ocrx_word' id='word_1_488' title='bbox 1493 5004 1670 5060; x_wconf 87' lang='lat' dir='ltr'>fuerat</span> 
     </span>
    </p>
   </div>
   <div class='ocr_carea' id='block_1_71' title="bbox 65 5092 1660 5171">
    <p class='ocr_par' dir='ltr' id='par_1_71' title="bbox 65 5092 1660 5171">
     <span class='ocr_line' id='line_1_71' title="bbox 65 5092 1660 5171; baseline -0.003 -17"><span class='ocrx_word' id='word_1_489' title='bbox 65 5098 336 5156; x_wconf 85' lang='lat' dir='ltr'>vanitati.</span> <span class='ocrx_word' id='word_1_490' title='bbox 368 5099 482 5155; x_wconf 84' lang='lat' dir='ltr'>Hoc</span> <span class='ocrx_word' id='word_1_491' title='bbox 525 5098 810 5171; x_wconf 62' lang='lat' dir='ltr'>scriptura</span> <span class='ocrx_word' id='word_1_492' title='bbox 857 5095 1150 5153; x_wconf 58' lang='lat' dir='ltr'>dominicae</span> <span class='ocrx_word' id='word_1_493' title='bbox 1191 5092 1327 5150; x_wconf 85' lang='lat' dir='ltr'>ﬁdes</span> <span class='ocrx_word' id='word_1_494' title='bbox 1377 5092 1660 5150; x_wconf 89' lang='lat' dir='ltr'>admittit:</span> 
     </span>
    </p>
   </div>
   <div class='ocr_carea' id='block_1_72' title="bbox 145 5287 1670 5365">
    <p class='ocr_par' dir='ltr' id='par_1_72' title="bbox 145 5287 1670 5365">
     <span class='ocr_line' id='line_1_72' title="bbox 145 5287 1670 5365; baseline -0.005 -18"><span class='ocrx_word' id='word_1_495' title='bbox 145 5291 266 5365; x_wconf 79' lang='lat'>(26)</span> <span class='ocrx_word' id='word_1_496' title='bbox 301 5289 451 5348; x_wconf 86' lang='lat' dir='ltr'>Edit.</span> <span class='ocrx_word' id='word_1_497' title='bbox 484 5290 691 5365; x_wconf 79' lang='lat' dir='ltr'>et_c_od_.</span> <span class='ocrx_word' id='word_1_498' title='bbox 723 5289 904 5365; x_wconf 12' lang='lat' dir='ltr'>Sorbg.,</span> <span class='ocrx_word' id='word_1_499' title='bbox 946 5289 1198 5362; x_wconf 76' lang='lat' dir='ltr'>implevit,</span> <span class='ocrx_word' id='word_1_500' title='bbox 1232 5287 1461 5365; x_wconf 54' lang='lat' dir='ltr'>captauit</span> <span class='ocrx_word' id='word_1_501' title='bbox 1491 5302 1670 5357; x_wconf 83' lang='lat' dir='ltr'>augu—</span> 
     </span>
    </p>
   </div>
   <div class='ocr_carea' id='block_1_73' title="bbox 61 5358 1669 5444">
    <p class='ocr_par' dir='ltr' id='par_1_73' title="bbox 61 5358 1669 5444">
     <span class='ocr_line' id='line_1_73' title="bbox 61 5358 1669 5444; baseline -0.004 -24"><span class='ocrx_word' id='word_1_502' title='bbox 61 5358 163 5420; x_wconf 45' lang='lat' dir='ltr'>ria‘</span> <span class='ocrx_word' id='word_1_503' title='bbox 189 5380 207 5444; x_wconf 56' lang='grc' dir='ltr'><strong>ί</strong></span> <span class='ocrx_word' id='word_1_504' title='bbox 236 5358 358 5435; x_wconf 67' lang='lat' dir='ltr'>qua:</span> <span class='ocrx_word' id='word_1_505' title='bbox 391 5377 519 5418; x_wconf 91' lang='lat' dir='ltr'>vero</span> <span class='ocrx_word' id='word_1_506' title='bbox 548 5361 636 5418; x_wconf 90' lang='lat' dir='ltr'>his</span> <span class='ocrx_word' id='word_1_507' title='bbox 668 5358 1034 5431; x_wconf 61' lang='lat' dir='ltr'>inseruimus;</span> <span class='ocrx_word' id='word_1_508' title='bbox 1051 5377 1121 5417; x_wconf 86' lang='lat' dir='ltr'>ex</span> <span class='ocrx_word' id='word_1_509' title='bbox 1150 5358 1337 5418; x_wconf 88' lang='lat' dir='ltr'>codice</span> <span class='ocrx_word' id='word_1_510' title='bbox 1367 5360 1519 5415; x_wconf 78' lang='lat' dir='ltr'>Rem.</span> <span class='ocrx_word' id='word_1_511' title='bbox 1551 5374 1669 5414; x_wconf 90' lang='lat' dir='ltr'>mu-</span> 
     </span>
    </p>
   </div>
   <div class='ocr_carea' id='block_1_74' title="bbox 63 5441 454 5492">
    <p class='ocr_par' dir='ltr' id='par_1_74' title="bbox 63 5441 454 5492">
     <span class='ocr_line' id='line_1_74' title="bbox 63 5441 454 5492; baseline -0.01 0"><span class='ocrx_word' id='word_1_512' title='bbox 63 5441 211 5492; x_wconf 85' lang='lat' dir='ltr'>tuati</span> <span class='ocrx_word' id='word_1_513' title='bbox 240 5448 454 5490; x_wconf 80' lang='lat' dir='ltr'>sumus.</span> 
     </span>
    </p>
   </div>
   <div class='ocr_carea' id='block_1_75' title="bbox 143 5501 1671 5631">
    <p class='ocr_par' dir='ltr' id='par_1_75' title="bbox 143 5501 1671 5631">
     <span class='ocr_line' id='line_1_75' title="bbox 143 5501 1671 5631; baseline -0.005 -70"><span class='ocrx_word' id='word_1_514' title='bbox 143 5503 265 5631; x_wconf 55' lang='lat'>(27}</span> <span class='ocrx_word' id='word_1_515' title='bbox 295 5504 453 5561; x_wconf 81' lang='lat' dir='ltr'>Rom.</span> <span class='ocrx_word' id='word_1_516' title='bbox 486 5503 620 5561; x_wconf 89' lang='lat' dir='ltr'>edit.</span> <span class='ocrx_word' id='word_1_517' title='bbox 649 5521 680 5560; x_wconf 90' lang='lat' dir='ltr'>e</span> <span class='ocrx_word' id='word_1_518' title='bbox 712 5521 883 5578; x_wconf 84' lang='lat' dir='ltr'>marg.</span> <span class='ocrx_word' id='word_1_519' title='bbox 917 5503 1071 5572; x_wconf 90' lang='lat' dir='ltr'>Gill.,</span> <span class='ocrx_word' id='word_1_520' title='bbox 1111 5509 1159 5558; x_wconf 82' lang='lat' dir='ltr'>et</span> <span class='ocrx_word' id='word_1_521' title='bbox 1184 5501 1671 5628; x_wconf 61' lang='lat' dir='ltr'>alienigenolprin—</span> 
     </span>
     <span class='ocr_line' id='line_1_76' title="bbox 143 5574 1671 5631; baseline -0.001 -2"><span class='ocrx_word' id='word_1_522' title='bbox 143 5593 206 5631; x_wconf 70' lang='lat' dir='ltr'>is.</span> <span class='ocrx_word' id='word_1_523' title='bbox 267 5575 394 5631; x_wconf 87' lang='lat' dir='ltr'>nfra</span> <span class='ocrx_word' id='word_1_524' title='bbox 434 5590 565 5630; x_wconf 89' lang='lat' dir='ltr'>vero</span> <span class='ocrx_word' id='word_1_525' title='bbox 595 5584 826 5631; x_wconf 79' lang='lat' dir='ltr'>utraque</span> <span class='ocrx_word' id='word_1_526' title='bbox 859 5574 918 5631; x_wconf 90' lang='lat' dir='ltr'>in</span> <span class='ocrx_word' id='word_1_527' title='bbox 947 5591 1122 5631; x_wconf 87' lang='lat' dir='ltr'>corn..</span> <span class='ocrx_word' id='word_1_528' title='bbox 1159 5590 1310 5631; x_wconf 81' lang='lat' dir='ltr'>quem</span> <span class='ocrx_word' id='word_1_529' title='bbox 1339 5587 1479 5627; x_wconf 67' lang='lat' dir='ltr'>sacri</span> <span class='ocrx_word' id='word_1_530' title='bbox 1503 5588 1671 5631; x_wconf 85' lang='lat' dir='ltr'>emum</span> 
     </span>
    </p>
   </div>
   <div class='ocr_carea' id='block_1_76' title="bbox 63 5571 1672 5650">
    <p class='ocr_par' dir='ltr' id='par_1_76' title="bbox 63 5571 1672 5650">
     <span class='ocr_line' id='line_1_77' title="bbox 63 5571 1672 5650; baseline -0.003 -18"><span class='ocrx_word' id='word_1_531' title='bbox 63 5571 206 5648; x_wconf 71' lang='lat' dir='ltr'>cepa.</span> <span class='ocrx_word' id='word_1_532' title='bbox 240 5571 394 5631; x_wconf 88' lang='lat' dir='ltr'>Infra</span> <span class='ocrx_word' id='word_1_533' title='bbox 434 5590 565 5630; x_wconf 90' lang='lat' dir='ltr'>vero</span> <span class='ocrx_word' id='word_1_534' title='bbox 595 5571 918 5650; x_wconf 56' lang='lat' dir='ltr'>utraque&#39;in</span> <span class='ocrx_word' id='word_1_535' title='bbox 947 5571 1095 5647; x_wconf 87' lang='lat' dir='ltr'>corp.</span> <span class='ocrx_word' id='word_1_536' title='bbox 1105 5615 1122 5644; x_wconf 93' lang='lat'>,</span> <span class='ocrx_word' id='word_1_537' title='bbox 1159 5590 1310 5646; x_wconf 84' lang='lat' dir='ltr'>quem</span> <span class='ocrx_word' id='word_1_538' title='bbox 1339 5571 1672 5645; x_wconf 64' lang='lat' dir='ltr'>sacrifegium</span> 
     </span>
    </p>
   </div>
   <div class='ocr_carea' id='block_1_77' title="bbox 1787 1777 3379 1851">
    <p class='ocr_par' dir='ltr' id='par_1_77' title="bbox 1787 1777 3379 1851">
     <span class='ocr_line' id='line_1_78' title="bbox 1787 1777 3379 1851; baseline 0 -17"><span class='ocrx_word' id='word_1_539' title='bbox 1787 1777 1936 1834; x_wconf 92' lang='lat' dir='ltr'>tione</span> <span class='ocrx_word' id='word_1_540' title='bbox 1966 1779 2255 1851; x_wconf 89' lang='lat' dir='ltr'>polluerat,</span> <span class='ocrx_word' id='word_1_541' title='bbox 2277 1779 2333 1834; x_wconf 92' lang='lat' dir='ltr'>in</span> <span class='ocrx_word' id='word_1_542' title='bbox 2367 1779 2663 1851; x_wconf 91' lang='lat' dir='ltr'>pristinum</span> <span class='ocrx_word' id='word_1_543' title='bbox 2692 1779 3007 1835; x_wconf 88' lang='lat' dir='ltr'>restitueret</span> <span class='ocrx_word' id='word_1_544' title='bbox 3030 1796 3379 1848; x_wconf 87' lang='lat' dir='ltr'>veneramen,</span> 
     </span>
    </p>
   </div>
   <div class='ocr_carea' id='block_1_78' title="bbox 1783 1867 3380 1938">
    <p class='ocr_par' dir='ltr' id='par_1_78' title="bbox 1783 1867 3380 1938">
     <span class='ocr_line' id='line_1_79' title="bbox 1783 1867 3380 1938; baseline -0.001 -13"><span class='ocrx_word' id='word_1_545' title='bbox 1783 1874 1836 1925; x_wconf 88' lang='lat' dir='ltr'>et</span> <span class='ocrx_word' id='word_1_546' title='bbox 1864 1867 1924 1922; x_wconf 91' lang='lat' dir='ltr'>in</span> <span class='ocrx_word' id='word_1_547' title='bbox 1949 1867 2158 1924; x_wconf 89' lang='lat' dir='ltr'>cultum</span> <span class='ocrx_word' id='word_1_548' title='bbox 2183 1867 2400 1923; x_wconf 89' lang='lat' dir='ltr'>timoris</span> <span class='ocrx_word' id='word_1_549' title='bbox 2428 1868 2528 1923; x_wconf 91' lang='lat' dir='ltr'>Dei</span> <span class='ocrx_word' id='word_1_550' title='bbox 2557 1877 2757 1924; x_wconf 89' lang='lat' dir='ltr'>cuncta</span> <span class='ocrx_word' id='word_1_551' title='bbox 2786 1875 3094 1938; x_wconf 88' lang='lat' dir='ltr'>reponeret.</span> <span class='ocrx_word' id='word_1_552' title='bbox 3115 1867 3380 1925; x_wconf 89' lang='lat' dir='ltr'>Consum-</span> 
     </span>
    </p>
   </div>
   <div class='ocr_carea' id='block_1_79' title="bbox 1785 1956 3382 2030">
    <p class='ocr_par' dir='ltr' id='par_1_79' title="bbox 1785 1956 3382 2030">
     <span class='ocr_line' id='line_1_80' title="bbox 1785 1956 3382 2030; baseline 0.001 -18"><span class='ocrx_word' id='word_1_553' title='bbox 1785 1956 2025 2013; x_wconf 87' lang='lat' dir='ltr'>matione</span> <span class='ocrx_word' id='word_1_554' title='bbox 2053 1958 2305 2014; x_wconf 89' lang='lat' dir='ltr'>conversi</span> <span class='ocrx_word' id='word_1_555' title='bbox 2345 1957 2635 2030; x_wconf 88' lang='lat' dir='ltr'>impletum</span> <span class='ocrx_word' id='word_1_556' title='bbox 2683 1964 2766 2012; x_wconf 91' lang='lat' dir='ltr'>est</span> <span class='ocrx_word' id='word_1_557' title='bbox 2820 1956 3204 2029; x_wconf 89' lang='lat' dir='ltr'>propheticum</span> <span class='ocrx_word' id='word_1_558' title='bbox 3242 1956 3382 2013; x_wconf 88' lang='lat' dir='ltr'>illud</span> 
     </span>
    </p>
   </div>
   <div class='ocr_carea' id='block_1_80' title="bbox 1783 2045 3382 2105">
    <p class='ocr_par' dir='ltr' id='par_1_80' title="bbox 1783 2045 3382 2105">
     <span class='ocr_line' id='line_1_81' title="bbox 1783 2045 3382 2105; baseline 0 -2"><span class='ocrx_word' id='word_1_559' title='bbox 1783 2045 1963 2103; x_wconf 83' lang='lat' dir='ltr'>divini</span> <span class='ocrx_word' id='word_1_560' title='bbox 1994 2047 2105 2103; x_wconf 90' lang='lat' dir='ltr'>oris</span> <span class='ocrx_word' id='word_1_561' title='bbox 2134 2047 2421 2104; x_wconf 89' lang='lat' dir='ltr'>oraculum</span> <span class='ocrx_word' id='word_1_562' title='bbox 2460 2065 2472 2104; x_wconf 89' lang='lat'><strong>:</strong></span> <span class='ocrx_word' id='word_1_563' title='bbox 2519 2070 2538 2095; x_wconf 79' lang='grc' dir='ltr'>ι</span> <span class='ocrx_word' id='word_1_564' title='bbox 2570 2045 2709 2105; x_wconf 90' lang='lat' dir='ltr'>Cum</span> <span class='ocrx_word' id='word_1_565' title='bbox 2759 2062 3058 2104; x_wconf 87' lang='lat' dir='ltr'>conversus</span> <span class='ocrx_word' id='word_1_566' title='bbox 3103 2046 3276 2103; x_wconf 89' lang='lat' dir='ltr'>fueris</span> <span class='ocrx_word' id='word_1_567' title='bbox 3328 2054 3382 2103; x_wconf 91' lang='lat' dir='ltr'>et</span> 
     </span>
    </p>
   </div>
   <div class='ocr_carea' id='block_1_81' title="bbox 1785 2137 3184 2210">
    <p class='ocr_par' dir='ltr' id='par_1_81' title="bbox 1785 2137 3184 2210">
     <span class='ocr_line' id='line_1_82' title="bbox 1785 2137 3184 2210; baseline 0.001 -18"><span class='ocrx_word' id='word_1_568' title='bbox 1785 2137 2139 2208; x_wconf 89' lang='lat' dir='ltr'>ingemueris,</span> <span class='ocrx_word' id='word_1_569' title='bbox 2169 2145 2305 2195; x_wconf 93' lang='lat' dir='ltr'>tunc</span> <span class='ocrx_word' id='word_1_570' title='bbox 2330 2137 2629 2195; x_wconf 87' lang='lat' dir='ltr'>salvaberis</span> <span class='ocrx_word' id='word_1_571' title='bbox 2659 2139 2794 2210; x_wconf 80' lang='lat' dir='ltr'>(Isa.</span> <span class='ocrx_word' id='word_1_572' title='bbox 2824 2154 2966 2204; x_wconf 85' lang='lat' dir='ltr'>xxx,</span> <span class='ocrx_word' id='word_1_573' title='bbox 3000 2137 3112 2205; x_wconf 84' lang='grc'><strong>15).</strong></span> <span class='ocrx_word' id='word_1_574' title='bbox 3146 2145 3184 2186; x_wconf 58' lang='grc'>»⁸</span> 
     </span>
    </p>
   </div>
   <div class='ocr_carea' id='block_1_82' title="bbox 1854 2225 3380 2300">
    <p class='ocr_par' dir='ltr' id='par_1_82' title="bbox 1854 2225 3380 2300">
     <span class='ocr_line' id='line_1_83' title="bbox 1854 2225 3380 2300; baseline -0.001 -17"><span class='ocrx_word' id='word_1_575' title='bbox 1854 2225 2082 2283; x_wconf 88' lang='lat' dir='ltr'>CAPUT</span> <span class='ocrx_word' id='word_1_576' title='bbox 2137 2226 2294 2284; x_wconf 81' lang='lat' dir='ltr'>XVI.</span> <span class='ocrx_word' id='word_1_577' title='bbox 2352 2257 2422 2268; x_wconf 94' lang='lat'><strong><em>—</em></strong></span> <span class='ocrx_word' id='word_1_578' title='bbox 2471 2226 2576 2283; x_wconf 91' lang='lat' dir='ltr'>Sed</span> <span class='ocrx_word' id='word_1_579' title='bbox 2631 2226 2764 2300; x_wconf 90' lang='lat' dir='ltr'>quid</span> <span class='ocrx_word' id='word_1_580' title='bbox 2819 2243 2916 2299; x_wconf 87' lang='lat' dir='ltr'>ego</span> <span class='ocrx_word' id='word_1_581' title='bbox 2963 2242 3152 2282; x_wconf 90' lang='lat' dir='ltr'>eorum</span> <span class='ocrx_word' id='word_1_582' title='bbox 3191 2241 3380 2298; x_wconf 88' lang='lat' dir='ltr'>regum</span> 
     </span>
    </p>
   </div>
   <div class='ocr_carea' id='block_1_83' title="bbox 1784 2313 3380 2389">
    <p class='ocr_par' dir='ltr' id='par_1_83' title="bbox 1784 2313 3380 2389">
     <span class='ocr_line' id='line_1_84' title="bbox 1784 2313 3380 2389; baseline -0.001 -19"><span class='ocrx_word' id='word_1_583' title='bbox 1784 2313 1980 2372; x_wconf 87' lang='lat' dir='ltr'>faciam</span> <span class='ocrx_word' id='word_1_584' title='bbox 2013 2315 2371 2383; x_wconf 90' lang='lat' dir='ltr'>mentionem,</span> <span class='ocrx_word' id='word_1_585' title='bbox 2392 2332 2529 2389; x_wconf 91' lang='lat' dir='ltr'>quos</span> <span class='ocrx_word' id='word_1_586' title='bbox 2561 2315 2719 2372; x_wconf 91' lang='lat' dir='ltr'>electi</span> <span class='ocrx_word' id='word_1_587' title='bbox 2754 2317 2968 2387; x_wconf 85' lang='lat' dir='ltr'>generis</span> <span class='ocrx_word' id='word_1_588' title='bbox 2998 2315 3152 2388; x_wconf 84' lang='lat' dir='ltr'>origo</span> <span class='ocrx_word' id='word_1_589' title='bbox 3198 2313 3380 2370; x_wconf 83' lang='lat' dir='ltr'>lauda-</span> 
     </span>
    </p>
   </div>
   <div class='ocr_carea' id='block_1_84' title="bbox 1782 2391 3383 2477">
    <p class='ocr_par' dir='ltr' id='par_1_84' title="bbox 1782 2391 3383 2477">
     <span class='ocr_line' id='line_1_85' title="bbox 1782 2391 3383 2477; baseline 0 -18"><span class='ocrx_word' id='word_1_590' title='bbox 1782 2404 1912 2459; x_wconf 90' lang='lat' dir='ltr'>bilis</span> <span class='ocrx_word' id='word_1_591' title='bbox 1940 2419 2049 2459; x_wconf 93' lang='lat' dir='ltr'>non</span> <span class='ocrx_word' id='word_1_592' title='bbox 2078 2403 2292 2460; x_wconf 90' lang='lat' dir='ltr'>sinebat</span> <span class='ocrx_word' id='word_1_593' title='bbox 2321 2403 2388 2460; x_wconf 89' lang='lat' dir='ltr'>ab</span> <span class='ocrx_word' id='word_1_594' title='bbox 2431 2406 2567 2460; x_wconf 85' lang='lat' dir='ltr'>urbe</span> <span class='ocrx_word' id='word_1_595' title='bbox 2614 2421 2779 2460; x_wconf 70' lang='lat' dir='ltr'>sacrm</span> <span class='ocrx_word' id='word_1_596' title='bbox 2832 2404 3118 2476; x_wconf 73' lang='lat' dir='ltr'>religionis</span> <span class='ocrx_word' id='word_1_597' title='bbox 3147 2391 3383 2477; x_wconf 85' lang='lat' dir='ltr'>pessima</span> 
     </span>
    </p>
   </div>
   <div class='ocr_carea' id='block_1_85' title="bbox 1784 2491 3380 2565">
    <p class='ocr_par' dir='ltr' id='par_1_85' title="bbox 1784 2491 3380 2565">
     <span class='ocr_line' id='line_1_86' title="bbox 1784 2491 3380 2565; baseline 0 -16"><span class='ocrx_word' id='word_1_598' title='bbox 1784 2491 2136 2565; x_wconf 84' lang='lat' dir='ltr'>persuasione</span> <span class='ocrx_word' id='word_1_599' title='bbox 2174 2491 2451 2549; x_wconf 89' lang='lat' dir='ltr'>discedere</span> <span class='ocrx_word' id='word_1_600' title='bbox 2499 2509 2511 2546; x_wconf 89' lang='lat'><strong>:</strong></span> <span class='ocrx_word' id='word_1_601' title='bbox 2566 2509 2691 2549; x_wconf 91' lang='lat' dir='ltr'>cum</span> <span class='ocrx_word' id='word_1_602' title='bbox 2739 2492 3247 2550; x_wconf 82' lang='lat' dir='ltr'>Nabuchodonosor</span> <span class='ocrx_word' id='word_1_603' title='bbox 3286 2492 3380 2549; x_wconf 91' lang='lat' dir='ltr'>ille</span> 
     </span>
    </p>
   </div>
   <div class='ocr_carea' id='block_1_86' title="bbox 1785 2579 3378 2653">
    <p class='ocr_par' dir='ltr' id='par_1_86' title="bbox 1785 2579 3378 2653">
     <span class='ocr_line' id='line_1_87' title="bbox 1785 2579 3378 2653; baseline 0.001 -18"><span class='ocrx_word' id='word_1_604' title='bbox 1785 2581 1972 2638; x_wconf 89' lang='lat' dir='ltr'>feralis</span> <span class='ocrx_word' id='word_1_605' title='bbox 2002 2589 2055 2637; x_wconf 91' lang='lat' dir='ltr'>et</span> <span class='ocrx_word' id='word_1_606' title='bbox 2083 2579 2391 2653; x_wconf 89' lang='lat' dir='ltr'>alienigena</span> <span class='ocrx_word' id='word_1_607' title='bbox 2420 2581 2740 2653; x_wconf 90' lang='lat' dir='ltr'>principalis</span> <span class='ocrx_word' id='word_1_608' title='bbox 2773 2581 2888 2652; x_wconf 81' lang='lat'>(27)</span> <span class='ocrx_word' id='word_1_609' title='bbox 2921 2581 3112 2636; x_wconf 90' lang='lat' dir='ltr'>divina</span> <span class='ocrx_word' id='word_1_610' title='bbox 3135 2581 3378 2637; x_wconf 86' lang='lat' dir='ltr'>animad-</span> 
     </span>
    </p>
   </div>
   <div class='ocr_carea' id='block_1_87' title="bbox 1785 2668 3378 2742">
    <p class='ocr_par' dir='ltr' id='par_1_87' title="bbox 1785 2668 3378 2742">
     <span class='ocr_line' id='line_1_88' title="bbox 1785 2668 3378 2742; baseline 0.001 -18"><span class='ocrx_word' id='word_1_611' title='bbox 1785 2670 2033 2726; x_wconf 90' lang='lat' dir='ltr'>versione</span> <span class='ocrx_word' id='word_1_612' title='bbox 2063 2671 2328 2726; x_wconf 90' lang='lat' dir='ltr'>multatus</span> <span class='ocrx_word' id='word_1_613' title='bbox 2364 2670 2472 2737; x_wconf 89' lang='lat' dir='ltr'>sit;</span> <span class='ocrx_word' id='word_1_614' title='bbox 2523 2677 2584 2724; x_wconf 93' lang='lat' dir='ltr'>ut</span> <span class='ocrx_word' id='word_1_615' title='bbox 2630 2686 2726 2742; x_wconf 92' lang='lat' dir='ltr'>per</span> <span class='ocrx_word' id='word_1_616' title='bbox 2774 2668 3212 2726; x_wconf 88' lang='lat' dir='ltr'>emendationem</span> <span class='ocrx_word' id='word_1_617' title='bbox 3243 2669 3378 2725; x_wconf 89' lang='lat' dir='ltr'>vin-</span> 
     </span>
    </p>
   </div>
   <div class='ocr_carea' id='block_1_88' title="bbox 1783 2759 3378 2834">
    <p class='ocr_par' dir='ltr' id='par_1_88' title="bbox 1783 2759 3378 2834">
     <span class='ocr_line' id='line_1_89' title="bbox 1783 2759 3378 2834; baseline 0 -19"><span class='ocrx_word' id='word_1_618' title='bbox 1783 2759 1943 2816; x_wconf 86' lang='lat' dir='ltr'>dictae</span> <span class='ocrx_word' id='word_1_619' title='bbox 1989 2769 2274 2833; x_wconf 85' lang='lat' dir='ltr'>cogeretur</span> <span class='ocrx_word' id='word_1_620' title='bbox 2313 2776 2625 2834; x_wconf 87' lang='lat' dir='ltr'>agnoscere,</span> <span class='ocrx_word' id='word_1_621' title='bbox 2664 2777 2825 2833; x_wconf 89' lang='lat' dir='ltr'>quem</span> <span class='ocrx_word' id='word_1_622' title='bbox 2873 2759 3173 2832; x_wconf 88' lang='lat' dir='ltr'>sacrilegiis</span> <span class='ocrx_word' id='word_1_623' title='bbox 3214 2776 3378 2816; x_wconf 89' lang='lat' dir='ltr'>ausus</span> 
     </span>
    </p>
   </div>
   <div class='ocr_carea' id='block_1_89' title="bbox 1784 2846 3373 2922">
    <p class='ocr_par' dir='ltr' id='par_1_89' title="bbox 1784 2846 3373 2922">
     <span class='ocr_line' id='line_1_90' title="bbox 1784 2846 3373 2922; baseline -0.001 -19"><span class='ocrx_word' id='word_1_624' title='bbox 1784 2848 1960 2904; x_wconf 90' lang='lat' dir='ltr'>fuerat</span> <span class='ocrx_word' id='word_1_625' title='bbox 1999 2850 2312 2922; x_wconf 87' lang='lat' dir='ltr'>abnegasse,</span> <span class='ocrx_word' id='word_1_626' title='bbox 2336 2857 2391 2905; x_wconf 94' lang='lat' dir='ltr'>et</span> <span class='ocrx_word' id='word_1_627' title='bbox 2429 2848 2731 2905; x_wconf 74' lang='lat' dir='ltr'>virtutibus</span> <span class='ocrx_word' id='word_1_628' title='bbox 2761 2866 2886 2905; x_wconf 91' lang='lat' dir='ltr'>eum</span> <span class='ocrx_word' id='word_1_629' title='bbox 2916 2846 3178 2917; x_wconf 89' lang='lat' dir='ltr'>crederet,</span> <span class='ocrx_word' id='word_1_630' title='bbox 3212 2864 3373 2920; x_wconf 91' lang='lat' dir='ltr'>quem</span> 
     </span>
    </p>
   </div>
   <div class='ocr_carea' id='block_1_90' title="bbox 1785 2935 3379 3012">
    <p class='ocr_par' dir='ltr' id='par_1_90' title="bbox 1785 2935 3379 3012">
     <span class='ocr_line' id='line_1_91' title="bbox 1785 2935 3379 3012; baseline 0 -18"><span class='ocrx_word' id='word_1_631' title='bbox 1785 2955 1878 3012; x_wconf 91' lang='lat' dir='ltr'>per</span> <span class='ocrx_word' id='word_1_632' title='bbox 1907 2939 2166 2994; x_wconf 86' lang='lat' dir='ltr'>ferociam</span> <span class='ocrx_word' id='word_1_633' title='bbox 2197 2938 2426 3011; x_wconf 85' lang='lat' dir='ltr'>spiritus</span> <span class='ocrx_word' id='word_1_634' title='bbox 2454 2946 2580 2995; x_wconf 90' lang='lat' dir='ltr'>ante</span> <span class='ocrx_word' id='word_1_635' title='bbox 2607 2937 2868 2996; x_wconf 90' lang='lat' dir='ltr'>nescisset</span> <span class='ocrx_word' id='word_1_636' title='bbox 2905 2953 2918 2991; x_wconf 89' lang='lat'>:</span> <span class='ocrx_word' id='word_1_637' title='bbox 2956 2952 3128 3010; x_wconf 87' lang='lat' dir='ltr'>usque</span> <span class='ocrx_word' id='word_1_638' title='bbox 3152 2935 3288 2993; x_wconf 89' lang='lat' dir='ltr'>adeo</span> <span class='ocrx_word' id='word_1_639' title='bbox 3314 2945 3379 2994; x_wconf 92' lang='lat' dir='ltr'>ut</span> 
     </span>
    </p>
   </div>
   <div class='ocr_carea' id='block_1_91' title="bbox 1783 3025 3380 3102">
    <p class='ocr_par' dir='ltr' id='par_1_91' title="bbox 1783 3025 3380 3102">
     <span class='ocr_line' id='line_1_92' title="bbox 1783 3025 3380 3102; baseline -0.001 -19"><span class='ocrx_word' id='word_1_640' title='bbox 1783 3029 1878 3102; x_wconf 90' lang='lat' dir='ltr'>qui</span> <span class='ocrx_word' id='word_1_641' title='bbox 1934 3029 2109 3084; x_wconf 86' lang='lat' dir='ltr'>elatus</span> <span class='ocrx_word' id='word_1_642' title='bbox 2137 3027 2335 3101; x_wconf 88' lang='lat' dir='ltr'>spiritu</span> <span class='ocrx_word' id='word_1_643' title='bbox 2379 3027 2648 3102; x_wconf 88' lang='lat' dir='ltr'>pervicaci</span> <span class='ocrx_word' id='word_1_644' title='bbox 2680 3031 2855 3084; x_wconf 92' lang='lat' dir='ltr'>Deum</span> <span class='ocrx_word' id='word_1_645' title='bbox 2884 3043 2942 3084; x_wconf 89' lang='lat' dir='ltr'>se</span> <span class='ocrx_word' id='word_1_646' title='bbox 2977 3039 3089 3082; x_wconf 89' lang='lat' dir='ltr'>non</span> <span class='ocrx_word' id='word_1_647' title='bbox 3117 3025 3380 3082; x_wconf 89' lang='lat' dir='ltr'>timuerat</span> 
     </span>
    </p>
   </div>
   <div class='ocr_carea' id='block_1_92' title="bbox 1783 3115 3380 3190">
    <p class='ocr_par' dir='ltr' id='par_1_92' title="bbox 1783 3115 3380 3190">
     <span class='ocr_line' id='line_1_93' title="bbox 1783 3115 3380 3190; baseline 0 -19"><span class='ocrx_word' id='word_1_648' title='bbox 1783 3125 1942 3172; x_wconf 89' lang='lat' dir='ltr'>antea</span> <span class='ocrx_word' id='word_1_649' title='bbox 1971 3117 2277 3190; x_wconf 84' lang='lat' dir='ltr'>praedicari,</span> <span class='ocrx_word' id='word_1_650' title='bbox 2308 3134 2418 3173; x_wconf 90' lang='lat' dir='ltr'>non</span> <span class='ocrx_word' id='word_1_651' title='bbox 2439 3117 2660 3174; x_wconf 89' lang='lat' dir='ltr'>auderet</span> <span class='ocrx_word' id='word_1_652' title='bbox 2689 3115 3037 3189; x_wconf 90' lang='lat' dir='ltr'>postmodum</span> <span class='ocrx_word' id='word_1_653' title='bbox 3069 3132 3232 3187; x_wconf 90' lang='lat' dir='ltr'>super</span> <span class='ocrx_word' id='word_1_654' title='bbox 3260 3115 3380 3187; x_wconf 90' lang='lat' dir='ltr'>ejus</span> 
     </span>
    </p>
   </div>
   <div class='ocr_carea' id='block_1_93' title="bbox 1783 3203 3377 3279">
    <p class='ocr_par' dir='ltr' id='par_1_93' title="bbox 1783 3203 3377 3279">
     <span class='ocr_line' id='line_1_94' title="bbox 1783 3203 3377 3279; baseline -0.001 -17"><span class='ocrx_word' id='word_1_655' title='bbox 1783 3206 2208 3278; x_wconf 90' lang='lat' dir='ltr'>incomparabili</span> <span class='ocrx_word' id='word_1_656' title='bbox 2243 3206 2522 3279; x_wconf 65' lang='lat' dir='ltr'>majestate</span> <span class='ocrx_word' id='word_1_657' title='bbox 2552 3205 2773 3262; x_wconf 90' lang='lat' dir='ltr'>mentiri</span> <span class='ocrx_word' id='word_1_658' title='bbox 2800 3223 2814 3272; x_wconf 93' lang='lat'>;</span> <span class='ocrx_word' id='word_1_659' title='bbox 2847 3221 2972 3262; x_wconf 91' lang='lat' dir='ltr'>cum</span> <span class='ocrx_word' id='word_1_660' title='bbox 2998 3204 3209 3275; x_wconf 88' lang='lat' dir='ltr'>ingenti</span> <span class='ocrx_word' id='word_1_661' title='bbox 3236 3203 3294 3258; x_wconf 92' lang='lat' dir='ltr'>in</span> <span class='ocrx_word' id='word_1_662' title='bbox 3319 3219 3377 3260; x_wconf 92' lang='lat' dir='ltr'>se</span> 
     </span>
    </p>
   </div>
   <div class='ocr_carea' id='block_1_94' title="bbox 1781 3292 3374 3362">
    <p class='ocr_par' dir='ltr' id='par_1_94' title="bbox 1781 3292 3374 3362">
     <span class='ocr_line' id='line_1_95' title="bbox 1781 3292 3374 3362; baseline -0.003 -11"><span class='ocrx_word' id='word_1_663' title='bbox 1781 3295 1912 3352; x_wconf 87' lang='lat' dir='ltr'>facti</span> <span class='ocrx_word' id='word_1_664' title='bbox 1945 3297 2306 3353; x_wconf 89' lang='lat' dir='ltr'>admiratione</span> <span class='ocrx_word' id='word_1_665' title='bbox 2341 3302 2639 3362; x_wconf 90' lang='lat' dir='ltr'>correctus,</span> <span class='ocrx_word' id='word_1_666' title='bbox 2660 3309 2771 3349; x_wconf 91' lang='lat' dir='ltr'>non</span> <span class='ocrx_word' id='word_1_667' title='bbox 2802 3292 2965 3350; x_wconf 90' lang='lat' dir='ltr'>desiit</span> <span class='ocrx_word' id='word_1_668' title='bbox 2999 3293 3178 3348; x_wconf 88' lang='lat' dir='ltr'>solum</span> <span class='ocrx_word' id='word_1_669' title='bbox 3199 3293 3374 3348; x_wconf 92' lang='lat' dir='ltr'>Deum</span> 
     </span>
    </p>
   </div>
   <div class='ocr_carea' id='block_1_95' title="bbox 1782 3383 3377 3459">
    <p class='ocr_par' dir='ltr' id='par_1_95' title="bbox 1782 3383 3377 3459">
     <span class='ocr_line' id='line_1_96' title="bbox 1782 3383 3377 3459; baseline -0.004 -15"><span class='ocrx_word' id='word_1_670' title='bbox 1782 3404 1976 3444; x_wconf 88' lang='lat' dir='ltr'>verum</span> <span class='ocrx_word' id='word_1_671' title='bbox 2007 3405 2076 3444; x_wconf 85' lang='lat' dir='ltr'>ex</span> <span class='ocrx_word' id='word_1_672' title='bbox 2123 3395 2240 3444; x_wconf 92' lang='lat' dir='ltr'>toto</span> <span class='ocrx_word' id='word_1_673' title='bbox 2295 3388 2478 3456; x_wconf 90' lang='lat' dir='ltr'>corde,</span> <span class='ocrx_word' id='word_1_674' title='bbox 2534 3386 2874 3459; x_wconf 89' lang='lat' dir='ltr'>decretisque</span> <span class='ocrx_word' id='word_1_675' title='bbox 2932 3383 3377 3456; x_wconf 62' lang='lat' dir='ltr'>praeconantibus</span> 
     </span>
    </p>
   </div>
   <div class='ocr_carea' id='block_1_96' title="bbox 1781 3474 3374 3543">
    <p class='ocr_par' dir='ltr' id='par_1_96' title="bbox 1781 3474 3374 3543">
     <span class='ocr_line' id='line_1_97' title="bbox 1781 3474 3374 3543; baseline -0.003 -9"><span class='ocrx_word' id='word_1_676' title='bbox 1781 3477 2078 3535; x_wconf 78' lang='lat' dir='ltr'>conﬁteri?</span> <span class='ocrx_word' id='word_1_677' title='bbox 2106 3478 2210 3534; x_wconf 91' lang='lat' dir='ltr'>Sed</span> <span class='ocrx_word' id='word_1_678' title='bbox 2234 3478 2280 3534; x_wconf 92' lang='lat' dir='ltr'>si</span> <span class='ocrx_word' id='word_1_679' title='bbox 2311 3479 2451 3534; x_wconf 89' lang='lat' dir='ltr'>male</span> <span class='ocrx_word' id='word_1_680' title='bbox 2478 3477 2584 3534; x_wconf 92' lang='lat' dir='ltr'>tibi</span> <span class='ocrx_word' id='word_1_681' title='bbox 2622 3475 2873 3533; x_wconf 90' lang='lat' dir='ltr'>conscius</span> <span class='ocrx_word' id='word_1_682' title='bbox 2905 3474 3169 3532; x_wconf 89' lang='lat' dir='ltr'>revereris</span> <span class='ocrx_word' id='word_1_683' title='bbox 3199 3489 3374 3543; x_wconf 85' lang='lat' dir='ltr'>orare,</span> 
     </span>
    </p>
   </div>
   <div class='ocr_carea' id='block_1_97' title="bbox 1781 3570 3378 3644">
    <p class='ocr_par' dir='ltr' id='par_1_97' title="bbox 1781 3570 3378 3644">
     <span class='ocr_line' id='line_1_98' title="bbox 1781 3570 3378 3644; baseline -0.002 -18"><span class='ocrx_word' id='word_1_684' title='bbox 1781 3570 1946 3627; x_wconf 90' lang='lat' dir='ltr'>habes</span> <span class='ocrx_word' id='word_1_685' title='bbox 2001 3570 2374 3644; x_wconf 88' lang='lat' dir='ltr'>magisterium</span> <span class='ocrx_word' id='word_1_686' title='bbox 2422 3570 2733 3643; x_wconf 91' lang='lat' dir='ltr'>publicani;</span> <span class='ocrx_word' id='word_1_687' title='bbox 2775 3570 2877 3626; x_wconf 91' lang='lat' dir='ltr'>etsi</span> <span class='ocrx_word' id='word_1_688' title='bbox 2919 3575 3232 3642; x_wconf 92' lang='lat' dir='ltr'>suspectum</span> <span class='ocrx_word' id='word_1_689' title='bbox 3277 3583 3378 3641; x_wconf 88' lang='lat' dir='ltr'>ge-</span> 
     </span>
    </p>
   </div>
   <div class='ocr_carea' id='block_1_98' title="bbox 1780 3657 3379 3732">
    <p class='ocr_par' dir='ltr' id='par_1_98' title="bbox 1780 3657 3379 3732">
     <span class='ocr_line' id='line_1_99' title="bbox 1780 3657 3379 3732; baseline -0.003 -16"><span class='ocrx_word' id='word_1_690' title='bbox 1780 3659 1874 3728; x_wconf 90' lang='lat' dir='ltr'>ris,</span> <span class='ocrx_word' id='word_1_691' title='bbox 1907 3677 1976 3716; x_wconf 91' lang='lat' dir='ltr'>ne</span> <span class='ocrx_word' id='word_1_692' title='bbox 2003 3677 2129 3718; x_wconf 92' lang='lat' dir='ltr'>cum</span> <span class='ocrx_word' id='word_1_693' title='bbox 2169 3676 2267 3732; x_wconf 89' lang='lat' dir='ltr'>pro</span> <span class='ocrx_word' id='word_1_694' title='bbox 2315 3660 2550 3730; x_wconf 86' lang='lat' dir='ltr'>peccatis</span> <span class='ocrx_word' id='word_1_695' title='bbox 2595 3657 2707 3715; x_wconf 90' lang='lat' dir='ltr'>tuis</span> <span class='ocrx_word' id='word_1_696' title='bbox 2735 3657 3000 3724; x_wconf 88' lang='lat' dir='ltr'>oraveris,</span> <span class='ocrx_word' id='word_1_697' title='bbox 3040 3673 3153 3714; x_wconf 91' lang='lat' dir='ltr'>non</span> <span class='ocrx_word' id='word_1_698' title='bbox 3191 3672 3379 3713; x_wconf 87' lang='lat' dir='ltr'>mere-</span> 
     </span>
    </p>
   </div>
   <div class='ocr_carea' id='block_1_99' title="bbox 1779 3747 3378 3822">
    <p class='ocr_par' dir='ltr' id='par_1_99' title="bbox 1779 3747 3378 3822">
     <span class='ocr_line' id='line_1_100' title="bbox 1779 3747 3378 3822; baseline -0.002 -17"><span class='ocrx_word' id='word_1_699' title='bbox 1779 3749 1887 3806; x_wconf 88' lang='lat' dir='ltr'>aris</span> <span class='ocrx_word' id='word_1_700' title='bbox 1912 3749 2112 3807; x_wconf 89' lang='lat' dir='ltr'>audiri.</span> <span class='ocrx_word' id='word_1_701' title='bbox 2155 3751 2439 3822; x_wconf 90' lang='lat' dir='ltr'>Ingressus</span> <span class='ocrx_word' id='word_1_702' title='bbox 2488 3749 2582 3806; x_wconf 90' lang='lat' dir='ltr'>ille</span> <span class='ocrx_word' id='word_1_703' title='bbox 2611 3749 2880 3822; x_wconf 89' lang='lat' dir='ltr'>templum</span> <span class='ocrx_word' id='word_1_704' title='bbox 2910 3747 3088 3804; x_wconf 86' lang='lat' dir='ltr'>fuerat</span> <span class='ocrx_word' id='word_1_705' title='bbox 3117 3755 3378 3820; x_wconf 90' lang='lat' dir='ltr'>peccato-</span> 
     </span>
    </p>
   </div>
   <div class='ocr_carea' id='block_1_100' title="bbox 1779 3835 3377 3909">
    <p class='ocr_par' dir='ltr' id='par_1_100' title="bbox 1779 3835 3377 3909">
     <span class='ocr_line' id='line_1_101' title="bbox 1779 3835 3377 3909; baseline -0.003 -13"><span class='ocrx_word' id='word_1_706' title='bbox 1779 3858 1900 3896; x_wconf 90' lang='lat' dir='ltr'>rum</span> <span class='ocrx_word' id='word_1_707' title='bbox 1932 3841 2074 3896; x_wconf 92' lang='lat' dir='ltr'>mole</span> <span class='ocrx_word' id='word_1_708' title='bbox 2100 3841 2397 3897; x_wconf 78' lang='lat' dir='ltr'>decurvata</span> <span class='ocrx_word' id='word_1_709' title='bbox 2424 3839 2658 3908; x_wconf 88' lang='lat' dir='ltr'>cervice,</span> <span class='ocrx_word' id='word_1_710' title='bbox 2701 3846 2754 3896; x_wconf 90' lang='lat' dir='ltr'>et</span> <span class='ocrx_word' id='word_1_711' title='bbox 2781 3839 3068 3896; x_wconf 87' lang='lat' dir='ltr'>oculorum</span> <span class='ocrx_word' id='word_1_712' title='bbox 3100 3835 3377 3909; x_wconf 90' lang='lat' dir='ltr'>palpebris</span> 
     </span>
    </p>
   </div>
   <div class='ocr_carea' id='block_1_101' title="bbox 1778 3925 3374 4002">
    <p class='ocr_par' dir='ltr' id='par_1_101' title="bbox 1778 3925 3374 4002">
     <span class='ocr_line' id='line_1_102' title="bbox 1778 3925 3374 4002; baseline -0.003 -19"><span class='ocrx_word' id='word_1_713' title='bbox 1778 3929 1932 4000; x_wconf 88' lang='lat' dir='ltr'>gravi</span> <span class='ocrx_word' id='word_1_714' title='bbox 1980 3928 2172 3984; x_wconf 93' lang='lat' dir='ltr'>morbo</span> <span class='ocrx_word' id='word_1_715' title='bbox 2226 3929 2540 4002; x_wconf 88' lang='lat' dir='ltr'>iniquitatis</span> <span class='ocrx_word' id='word_1_716' title='bbox 2595 3927 2942 4000; x_wconf 91' lang='lat' dir='ltr'>compressis,</span> <span class='ocrx_word' id='word_1_717' title='bbox 3003 3925 3203 3983; x_wconf 75' lang='lat' dir='ltr'>cmlum</span> <span class='ocrx_word' id='word_1_718' title='bbox 3261 3939 3374 3980; x_wconf 88' lang='lat' dir='ltr'>non</span> 
     </span>
    </p>
   </div>
   <div class='ocr_carea' id='block_1_102' title="bbox 1777 4012 3372 4088">
    <p class='ocr_par' dir='ltr' id='par_1_102' title="bbox 1777 4012 3372 4088">
     <span class='ocr_line' id='line_1_103' title="bbox 1777 4012 3372 4088; baseline -0.003 -16"><span class='ocrx_word' id='word_1_719' title='bbox 1777 4016 2010 4073; x_wconf 88' lang='lat' dir='ltr'>audebat</span> <span class='ocrx_word' id='word_1_720' title='bbox 2034 4015 2321 4088; x_wconf 89' lang='lat' dir='ltr'>aspicere:</span> <span class='ocrx_word' id='word_1_721' title='bbox 2373 4025 2519 4072; x_wconf 88' lang='lat' dir='ltr'>retro</span> <span class='ocrx_word' id='word_1_722' title='bbox 2565 4015 2792 4088; x_wconf 92' lang='lat' dir='ltr'>gradum</span> <span class='ocrx_word' id='word_1_723' title='bbox 2843 4012 3073 4071; x_wconf 89' lang='lat' dir='ltr'>timidus</span> <span class='ocrx_word' id='word_1_724' title='bbox 3129 4019 3372 4081; x_wconf 89' lang='lat' dir='ltr'>revocat,</span> 
     </span>
    </p>
   </div>
   <div class='ocr_carea' id='block_1_103' title="bbox 1777 4100 3371 4176">
    <p class='ocr_par' dir='ltr' id='par_1_103' title="bbox 1777 4100 3371 4176">
     <span class='ocr_line' id='line_1_104' title="bbox 1777 4100 3371 4176; baseline -0.003 -15"><span class='ocrx_word' id='word_1_725' title='bbox 1777 4113 1831 4162; x_wconf 91' lang='lat' dir='ltr'>et</span> <span class='ocrx_word' id='word_1_726' title='bbox 1861 4113 2170 4162; x_wconf 84' lang='lat' dir='ltr'>extremum</span> <span class='ocrx_word' id='word_1_727' title='bbox 2197 4121 2254 4161; x_wconf 92' lang='lat' dir='ltr'>se</span> <span class='ocrx_word' id='word_1_728' title='bbox 2283 4121 2391 4160; x_wconf 91' lang='lat' dir='ltr'>non</span> <span class='ocrx_word' id='word_1_729' title='bbox 2433 4111 2542 4160; x_wconf 90' lang='lat' dir='ltr'>tam</span> <span class='ocrx_word' id='word_1_730' title='bbox 2595 4105 2736 4171; x_wconf 92' lang='lat' dir='ltr'>loco,</span> <span class='ocrx_word' id='word_1_731' title='bbox 2789 4118 2954 4176; x_wconf 89' lang='lat' dir='ltr'>quam</span> <span class='ocrx_word' id='word_1_732' title='bbox 2992 4100 3206 4173; x_wconf 88' lang='lat' dir='ltr'>judicio</span> <span class='ocrx_word' id='word_1_733' title='bbox 3244 4117 3371 4158; x_wconf 87' lang='lat' dir='ltr'>con-</span> 
     </span>
    </p>
   </div>
   <div class='ocr_carea' id='block_1_104' title="bbox 1777 4191 3374 4265">
    <p class='ocr_par' dir='ltr' id='par_1_104' title="bbox 1777 4191 3374 4265">
     <span class='ocr_line' id='line_1_105' title="bbox 1777 4191 3374 4265; baseline -0.003 -13"><span class='ocrx_word' id='word_1_734' title='bbox 1777 4194 2018 4252; x_wconf 62' lang='lat' dir='ltr'>scientiae</span> <span class='ocrx_word' id='word_1_735' title='bbox 2045 4194 2191 4251; x_wconf 89' lang='lat' dir='ltr'>sistit</span> <span class='ocrx_word' id='word_1_736' title='bbox 2233 4210 2244 4248; x_wconf 94' lang='lat'><strong>:</strong></span> <span class='ocrx_word' id='word_1_737' title='bbox 2304 4209 2406 4250; x_wconf 90' lang='lat' dir='ltr'>nec</span> <span class='ocrx_word' id='word_1_738' title='bbox 2448 4191 2517 4248; x_wconf 91' lang='lat' dir='ltr'>ad</span> <span class='ocrx_word' id='word_1_739' title='bbox 2558 4191 2977 4265; x_wconf 88' lang='lat' dir='ltr'>supplicandum</span> <span class='ocrx_word' id='word_1_740' title='bbox 3008 4191 3374 4248; x_wconf 86' lang='lat' dir='ltr'>irreverenter</span> 
     </span>
    </p>
   </div>
   <div class='ocr_carea' id='block_1_105' title="bbox 1777 4279 3370 4357">
    <p class='ocr_par' dir='ltr' id='par_1_105' title="bbox 1777 4279 3370 4357">
     <span class='ocr_line' id='line_1_106' title="bbox 1777 4279 3370 4357; baseline -0.002 -18"><span class='ocrx_word' id='word_1_741' title='bbox 1777 4283 1970 4356; x_wconf 91' lang='lat' dir='ltr'>pedem</span> <span class='ocrx_word' id='word_1_742' title='bbox 2015 4282 2212 4339; x_wconf 90' lang='lat' dir='ltr'>incitat</span> <span class='ocrx_word' id='word_1_743' title='bbox 2259 4290 2542 4357; x_wconf 90' lang='lat' dir='ltr'>promptus</span> <span class='ocrx_word' id='word_1_744' title='bbox 2571 4279 2818 4346; x_wconf 87' lang='lat' dir='ltr'>audacia,</span> <span class='ocrx_word' id='word_1_745' title='bbox 2849 4279 2944 4337; x_wconf 87' lang='lat' dir='ltr'>sed</span> <span class='ocrx_word' id='word_1_746' title='bbox 2977 4279 3227 4354; x_wconf 84' lang='lat' dir='ltr'>vestigiis</span> <span class='ocrx_word' id='word_1_747' title='bbox 3257 4296 3370 4336; x_wconf 87' lang='lat' dir='ltr'>mo-</span> 
     </span>
    </p>
   </div>
   <div class='ocr_carea' id='block_1_106' title="bbox 1776 4372 3372 4447">
    <p class='ocr_par' dir='ltr' id='par_1_106' title="bbox 1776 4372 3372 4447">
     <span class='ocr_line' id='line_1_107' title="bbox 1776 4372 3372 4447; baseline -0.003 -15"><span class='ocrx_word' id='word_1_748' title='bbox 1776 4375 1910 4432; x_wconf 89' lang='lat' dir='ltr'>dum</span> <span class='ocrx_word' id='word_1_749' title='bbox 1933 4374 2242 4443; x_wconf 87' lang='lat' dir='ltr'>subtrahit;</span> <span class='ocrx_word' id='word_1_750' title='bbox 2277 4374 2560 4447; x_wconf 91' lang='lat' dir='ltr'>publicans</span> <span class='ocrx_word' id='word_1_751' title='bbox 2591 4372 2978 4429; x_wconf 87' lang='lat' dir='ltr'>verecundiam</span> <span class='ocrx_word' id='word_1_752' title='bbox 3010 4389 3161 4428; x_wconf 90' lang='lat' dir='ltr'>reum</span> <span class='ocrx_word' id='word_1_753' title='bbox 3185 4381 3372 4444; x_wconf 87' lang='lat' dir='ltr'>pectus</span> 
     </span>
    </p>
   </div>
   <div class='ocr_carea' id='block_1_107' title="bbox 1779 4456 3371 4538">
    <p class='ocr_par' dir='ltr' id='par_1_107' title="bbox 1779 4456 3371 4538">
     <span class='ocr_line' id='line_1_108' title="bbox 1779 4456 3371 4538; baseline -0.004 -17"><span class='ocrx_word' id='word_1_754' title='bbox 1779 4456 2333 4538; x_wconf 25' lang='lat' dir='ltr'>percussum-crebro</span> <span class='ocrx_word' id='word_1_755' title='bbox 2374 4469 2768 4521; x_wconf 92' lang='lat' dir='ltr'>commemorat</span> <span class='ocrx_word' id='word_1_756' title='bbox 2800 4461 2940 4532; x_wconf 82' lang='lat'>(28),</span> <span class='ocrx_word' id='word_1_757' title='bbox 2993 4467 3048 4516; x_wconf 90' lang='lat' dir='ltr'>et</span> <span class='ocrx_word' id='word_1_758' title='bbox 3091 4477 3188 4517; x_wconf 92' lang='lat' dir='ltr'>cor</span> <span class='ocrx_word' id='word_1_759' title='bbox 3226 4475 3371 4517; x_wconf 91' lang='lat' dir='ltr'>con-</span> 
     </span>
    </p>
   </div>
   <div class='ocr_carea' id='block_1_108' title="bbox 1778 4548 3371 4628">
    <p class='ocr_par' dir='ltr' id='par_1_108' title="bbox 1778 4548 3371 4628">
     <span class='ocr_line' id='line_1_109' title="bbox 1778 4548 3371 4628; baseline -0.003 -18"><span class='ocrx_word' id='word_1_760' title='bbox 1778 4554 1951 4610; x_wconf 91' lang='lat' dir='ltr'>scium</span> <span class='ocrx_word' id='word_1_761' title='bbox 1995 4553 2163 4628; x_wconf 89' lang='lat' dir='ltr'>pugni</span> <span class='ocrx_word' id='word_1_762' title='bbox 2196 4552 2572 4610; x_wconf 89' lang='lat' dir='ltr'>admonitione</span> <span class='ocrx_word' id='word_1_763' title='bbox 2623 4549 2936 4608; x_wconf 91' lang='lat' dir='ltr'>contundit.</span> <span class='ocrx_word' id='word_1_764' title='bbox 2985 4548 3371 4607; x_wconf 85' lang='lat' dir='ltr'>Audiebantur</span> 
     </span>
    </p>
   </div>
   <div class='ocr_carea' id='block_1_109' title="bbox 1779 4640 3370 4717">
    <p class='ocr_par' dir='ltr' id='par_1_109' title="bbox 1779 4640 3370 4717">
     <span class='ocr_line' id='line_1_110' title="bbox 1779 4640 3370 4717; baseline -0.003 -19"><span class='ocrx_word' id='word_1_765' title='bbox 1779 4642 1890 4700; x_wconf 79' lang='lat' dir='ltr'>eris</span> <span class='ocrx_word' id='word_1_766' title='bbox 1916 4643 2034 4717; x_wconf 88' lang='lat' dir='ltr'>ejus</span> <span class='ocrx_word' id='word_1_767' title='bbox 2063 4661 2175 4701; x_wconf 91' lang='lat' dir='ltr'>non</span> <span class='ocrx_word' id='word_1_768' title='bbox 2205 4644 2391 4713; x_wconf 90' lang='lat' dir='ltr'>verba,</span> <span class='ocrx_word' id='word_1_769' title='bbox 2423 4643 2516 4700; x_wconf 90' lang='lat' dir='ltr'>sed</span> <span class='ocrx_word' id='word_1_770' title='bbox 2547 4641 2816 4715; x_wconf 85' lang='lat' dir='ltr'>gemitus;</span> <span class='ocrx_word' id='word_1_771' title='bbox 2869 4647 2924 4697; x_wconf 89' lang='lat' dir='ltr'>et</span> <span class='ocrx_word' id='word_1_772' title='bbox 2962 4640 3206 4716; x_wconf 87' lang='lat' dir='ltr'>quinque</span> <span class='ocrx_word' id='word_1_773' title='bbox 3236 4649 3370 4696; x_wconf 87' lang='lat' dir='ltr'>tan-</span> 
     </span>
    </p>
   </div>
   <div class='ocr_carea' id='block_1_110' title="bbox 1781 4729 3372 4791">
    <p class='ocr_par' dir='ltr' id='par_1_110' title="bbox 1781 4729 3372 4791">
     <span class='ocr_line' id='line_1_111' title="bbox 1781 4729 3372 4791; baseline -0.004 0"><span class='ocrx_word' id='word_1_774' title='bbox 1781 4744 1896 4791; x_wconf 91' lang='lat' dir='ltr'>tum</span> <span class='ocrx_word' id='word_1_775' title='bbox 1945 4734 2290 4791; x_wconf 90' lang='lat' dir='ltr'>sermonibus</span> <span class='ocrx_word' id='word_1_776' title='bbox 2331 4733 2601 4791; x_wconf 87' lang='lat' dir='ltr'>celebrata</span> <span class='ocrx_word' id='word_1_777' title='bbox 2647 4740 2729 4788; x_wconf 91' lang='lat' dir='ltr'>est</span> <span class='ocrx_word' id='word_1_778' title='bbox 2769 4739 2887 4787; x_wconf 91' lang='lat' dir='ltr'>tota</span> <span class='ocrx_word' id='word_1_779' title='bbox 2928 4729 3220 4788; x_wconf 89' lang='lat' dir='ltr'>confessio.</span> <span class='ocrx_word' id='word_1_780' title='bbox 3256 4729 3372 4785; x_wconf 87' lang='lat' dir='ltr'>Hoc</span> 
     </span>
    </p>
   </div>
   <div class='ocr_carea' id='block_1_111' title="bbox 1777 4817 3372 4895">
    <p class='ocr_par' dir='ltr' id='par_1_111' title="bbox 1777 4817 3372 4895">
     <span class='ocr_line' id='line_1_112' title="bbox 1777 4817 3372 4895; baseline -0.004 -16"><span class='ocrx_word' id='word_1_781' title='bbox 1777 4823 2046 4879; x_wconf 89' lang='lat' dir='ltr'>Dominus</span> <span class='ocrx_word' id='word_1_782' title='bbox 2103 4823 2161 4878; x_wconf 92' lang='lat' dir='ltr'>in</span> <span class='ocrx_word' id='word_1_783' title='bbox 2216 4823 2517 4895; x_wconf 77' lang='lat' dir='ltr'>Evangelia</span> <span class='ocrx_word' id='word_1_784' title='bbox 2573 4819 2905 4888; x_wconf 87' lang='lat' dir='ltr'>manifestat,</span> <span class='ocrx_word' id='word_1_785' title='bbox 2937 4819 3190 4876; x_wconf 91' lang='lat' dir='ltr'>homines</span> <span class='ocrx_word' id='word_1_786' title='bbox 3232 4817 3372 4875; x_wconf 89' lang='lat' dir='ltr'>duos</span> 
     </span>
    </p>
   </div>
   <div class='ocr_carea' id='block_1_112' title="bbox 1779 4906 3370 4984">
    <p class='ocr_par' dir='ltr' id='par_1_112' title="bbox 1779 4906 3370 4984">
     <span class='ocr_line' id='line_1_113' title="bbox 1779 4906 3370 4984; baseline -0.003 -18"><span class='ocrx_word' id='word_1_787' title='bbox 1779 4910 2085 4968; x_wconf 86' lang='lat' dir='ltr'>ascendisse</span> <span class='ocrx_word' id='word_1_788' title='bbox 2115 4911 2173 4966; x_wconf 90' lang='lat' dir='ltr'>in</span> <span class='ocrx_word' id='word_1_789' title='bbox 2203 4913 2467 4984; x_wconf 90' lang='lat' dir='ltr'>templum</span> <span class='ocrx_word' id='word_1_790' title='bbox 2499 4911 2723 4968; x_wconf 88' lang='lat' dir='ltr'>adorare</span> <span class='ocrx_word' id='word_1_791' title='bbox 2757 4928 2769 4965; x_wconf 92' lang='lat'><strong>:</strong></span> <span class='ocrx_word' id='word_1_792' title='bbox 2814 4924 2960 4966; x_wconf 90' lang='lat' dir='ltr'>unus</span> <span class='ocrx_word' id='word_1_793' title='bbox 3011 4917 3124 4965; x_wconf 87' lang='lat' dir='ltr'>erat</span> <span class='ocrx_word' id='word_1_794' title='bbox 3179 4906 3370 4981; x_wconf 85' lang='lat' dir='ltr'>phari-</span> 
     </span>
    </p>
   </div>
   <div class='ocr_carea' id='block_1_113' title="bbox 1778 4999 3370 5072">
    <p class='ocr_par' dir='ltr' id='par_1_113' title="bbox 1778 4999 3370 5072">
     <span class='ocr_line' id='line_1_114' title="bbox 1778 4999 3370 5072; baseline -0.003 -16"><span class='ocrx_word' id='word_1_795' title='bbox 1778 5015 1938 5068; x_wconf 74' lang='lat' dir='ltr'>szeus,</span> <span class='ocrx_word' id='word_1_796' title='bbox 1972 5007 2026 5055; x_wconf 90' lang='lat' dir='ltr'>et</span> <span class='ocrx_word' id='word_1_797' title='bbox 2055 4999 2192 5055; x_wconf 88' lang='lat' dir='ltr'>alter</span> <span class='ocrx_word' id='word_1_798' title='bbox 2240 4999 2609 5072; x_wconf 90' lang='lat' dir='ltr'>publicanus:</span> <span class='ocrx_word' id='word_1_799' title='bbox 2661 4999 2962 5072; x_wconf 57' lang='lat' dir='ltr'>pharisaeus</span> <span class='ocrx_word' id='word_1_800' title='bbox 3003 5006 3184 5054; x_wconf 84' lang='lat' dir='ltr'>autem</span> <span class='ocrx_word' id='word_1_801' title='bbox 3242 5011 3370 5054; x_wconf 90' lang='lat' dir='ltr'>cum</span> 
     </span>
    </p>
   </div>
   <div class='ocr_carea' id='block_1_114' title="bbox 1777 5087 3370 5162">
    <p class='ocr_par' dir='ltr' id='par_1_114' title="bbox 1777 5087 3370 5162">
     <span class='ocr_line' id='line_1_115' title="bbox 1777 5087 3370 5162; baseline -0.002 -16"><span class='ocrx_word' id='word_1_802' title='bbox 1777 5087 2040 5157; x_wconf 88' lang='lat' dir='ltr'>stetisset,</span> <span class='ocrx_word' id='word_1_803' title='bbox 2067 5087 2199 5145; x_wconf 91' lang='lat' dir='ltr'>talia</span> <span class='ocrx_word' id='word_1_804' title='bbox 2225 5089 2370 5161; x_wconf 91' lang='lat' dir='ltr'>apud</span> <span class='ocrx_word' id='word_1_805' title='bbox 2419 5106 2476 5146; x_wconf 85' lang='lat' dir='ltr'>se</span> <span class='ocrx_word' id='word_1_806' title='bbox 2520 5089 2845 5162; x_wconf 86' lang='lat' dir='ltr'>precabatur</span> <span class='ocrx_word' id='word_1_807' title='bbox 2874 5088 3062 5145; x_wconf 87' lang='lat' dir='ltr'>dicens</span> <span class='ocrx_word' id='word_1_808' title='bbox 3095 5105 3106 5142; x_wconf 92' lang='lat'>:</span> <span class='ocrx_word' id='word_1_809' title='bbox 3153 5109 3173 5136; x_wconf 79' lang='grc' dir='ltr'>ι</span> <span class='ocrx_word' id='word_1_810' title='bbox 3203 5088 3370 5154; x_wconf 88' lang='lat' dir='ltr'>Deus,</span> 
     </span>
    </p>
   </div>
   <div class='ocr_carea' id='block_1_115' title="bbox 1777 5277 3191 5356">
    <p class='ocr_par' dir='ltr' id='par_1_115' title="bbox 1777 5277 3191 5356">
     <span class='ocr_line' id='line_1_116' title="bbox 1777 5277 3191 5356; baseline -0.004 -17"><span class='ocrx_word' id='word_1_811' title='bbox 1777 5284 1961 5356; x_wconf 65' lang='lat' dir='ltr'>fuerat</span> <span class='ocrx_word' id='word_1_812' title='bbox 1982 5299 2016 5356; x_wconf 84' lang='lat'><strong><em>;_</em></strong></span> <span class='ocrx_word' id='word_1_813' title='bbox 2039 5278 2131 5335; x_wconf 89' lang='lat' dir='ltr'>ubi</span> <span class='ocrx_word' id='word_1_814' title='bbox 2163 5277 2546 5356; x_wconf 61' lang='lat' dir='ltr'>Ilem.__codex,</span> <span class='ocrx_word' id='word_1_815' title='bbox 2571 5295 2729 5356; x_wconf 62' lang='lat' dir='ltr'>quem</span> <span class='ocrx_word' id='word_1_816' title='bbox 2765 5278 3056 5356; x_wconf 59' lang='lat' dir='ltr'>sacrilegis,</span> <span class='ocrx_word' id='word_1_817' title='bbox 3086 5285 3191 5356; x_wconf 83' lang='lat' dir='ltr'>etc.</span> 
     </span>
    </p>
   </div>
   <div class='ocr_carea' id='block_1_116' title="bbox 1855 5349 3371 5424">
    <p class='ocr_par' dir='ltr' id='par_1_116' title="bbox 1855 5349 3371 5424">
     <span class='ocr_line' id='line_1_117' title="bbox 1855 5349 3371 5424; baseline -0.005 -15"><span class='ocrx_word' id='word_1_818' title='bbox 1855 5354 1972 5424; x_wconf 82' lang='lat'>(28)</span> <span class='ocrx_word' id='word_1_819' title='bbox 1999 5353 2078 5408; x_wconf 87' lang='lat' dir='ltr'>Ita</span> <span class='ocrx_word' id='word_1_820' title='bbox 2105 5349 2280 5406; x_wconf 88' lang='lat' dir='ltr'>codex</span> <span class='ocrx_word' id='word_1_821' title='bbox 2310 5350 2462 5406; x_wconf 81' lang='lat' dir='ltr'>Rem.</span> <span class='ocrx_word' id='word_1_822' title='bbox 2490 5350 2656 5417; x_wconf 87' lang='lat' dir='ltr'>;edit.</span> <span class='ocrx_word' id='word_1_823' title='bbox 2689 5365 2840 5424; x_wconf 80' lang='lat' dir='ltr'>vero,</span> <span class='ocrx_word' id='word_1_824' title='bbox 2875 5349 3112 5424; x_wconf 76' lang='lat' dir='ltr'>publicat</span> <span class='ocrx_word' id='word_1_825' title='bbox 3136 5365 3190 5403; x_wconf 80' lang='lat' dir='ltr'>se</span> <span class='ocrx_word' id='word_1_826' title='bbox 3216 5363 3371 5424; x_wconf 65' lang='lat' dir='ltr'>vere—</span> 
     </span>
    </p>
   </div>
   <div class='ocr_carea' id='block_1_117' title="bbox 1778 5417 3369 5494">
    <p class='ocr_par' dir='ltr' id='par_1_117' title="bbox 1778 5417 3369 5494">
     <span class='ocr_line' id='line_1_118' title="bbox 1778 5417 3369 5494; baseline -0.006 -14"><span class='ocrx_word' id='word_1_827' title='bbox 1778 5417 1975 5481; x_wconf 65' lang='lat' dir='ltr'>cundia</span> <span class='ocrx_word' id='word_1_828' title='bbox 2017 5438 2186 5489; x_wconf 80' lang='lat' dir='ltr'>reum,</span> <span class='ocrx_word' id='word_1_829' title='bbox 2225 5427 2494 5494; x_wconf 81' lang='lat' dir='ltr'>peccatum</span> <span class='ocrx_word' id='word_1_830' title='bbox 2537 5419 2785 5493; x_wconf 77' lang='lat' dir='ltr'>pectoris,</span> <span class='ocrx_word' id='word_1_831' title='bbox 2811 5417 3147 5492; x_wconf 65' lang='lat' dir='ltr'>percussione</span> <span class='ocrx_word' id='word_1_832' title='bbox 3189 5417 3369 5473; x_wconf 84' lang='lat' dir='ltr'>crebro</span> 
     </span>
    </p>
   </div>
   <div class='ocr_carea' id='block_1_118' title="bbox 1777 5499 2162 5554">
    <p class='ocr_par' dir='ltr' id='par_1_118' title="bbox 1777 5499 2162 5554">
     <span class='ocr_line' id='line_1_119' title="bbox 1777 5499 2162 5554; baseline -0.013 0"><span class='ocrx_word' id='word_1_833' title='bbox 1777 5499 2162 5554; x_wconf 81' lang='lat' dir='ltr'>commemorat.</span> 
     </span>
    </p>
   </div>
  </div>
