  <div class='ocr_page' id='page_1' title='image "/cluster/home/n/w/nwhite01/storage/ocr_20150623/17/uva.x000826553/547.png"; bbox 0 0 3902 6198; ppageno 0'>
   <div class='ocr_carea' id='block_1_1' title="bbox 492 159 630 218">
    <p class='ocr_par' dir='ltr' id='par_1_1' title="bbox 492 159 630 218">
     <span class='ocr_line' id='line_1_1' title="bbox 492 159 630 218; baseline -0.022 0"><span class='ocrx_word' id='word_1_1' title='bbox 492 159 630 218; x_wconf 84' lang='grc'>1079</span> 
     </span>
    </p>
   </div>
   <div class='ocr_carea' id='block_1_2' title="bbox 1497 152 2747 215">
    <p class='ocr_par' dir='ltr' id='par_1_2' title="bbox 1497 152 2747 215">
     <span class='ocr_line' id='line_1_2' title="bbox 1497 152 2747 215; baseline -0.001 -2"><span class='ocrx_word' id='word_1_2' title='bbox 1497 160 1592 215; x_wconf 87' lang='lat' dir='ltr'><strong>AD</strong></span> <span class='ocrx_word' id='word_1_3' title='bbox 1632 158 1867 215; x_wconf 84' lang='lat' dir='ltr'><strong>OPERA</strong></span> <span class='ocrx_word' id='word_1_4' title='bbox 1904 157 1959 212; x_wconf 91' lang='lat' dir='ltr'><strong>S.</strong></span> <span class='ocrx_word' id='word_1_5' title='bbox 1998 156 2329 215; x_wconf 83' lang='lat' dir='ltr'><strong>AMBROSII</strong></span> <span class='ocrx_word' id='word_1_6' title='bbox 2369 152 2747 213; x_wconf 81' lang='lat' dir='ltr'><strong>APPENDIX.</strong></span> 
     </span>
    </p>
   </div>
   <div class='ocr_carea' id='block_1_3' title="bbox 3680 154 3831 212">
    <p class='ocr_par' dir='ltr' id='par_1_3' title="bbox 3680 154 3831 212">
     <span class='ocr_line' id='line_1_3' title="bbox 3680 154 3831 212; baseline 0.013 -2"><span class='ocrx_word' id='word_1_7' title='bbox 3680 154 3831 212; x_wconf 74' lang='lat'><strong>1080</strong></span> 
     </span>
    </p>
   </div>
   <div class='ocr_carea' id='block_1_4' title="bbox 489 280 3828 358">
    <p class='ocr_par' dir='ltr' id='par_1_4' title="bbox 489 280 3828 358">
     <span class='ocr_line' id='line_1_4' title="bbox 489 280 3828 358; baseline -0.001 -19"><span class='ocrx_word' id='word_1_8' title='bbox 489 284 690 357; x_wconf 83' lang='lat' dir='ltr'><strong>gratias</strong></span> <span class='ocrx_word' id='word_1_9' title='bbox 740 300 841 357; x_wconf 83' lang='lat' dir='ltr'><strong>ago</strong></span> <span class='ocrx_word' id='word_1_10' title='bbox 884 284 1007 354; x_wconf 85' lang='lat' dir='ltr'><strong>tibi,</strong></span> <span class='ocrx_word' id='word_1_11' title='bbox 1051 285 1180 358; x_wconf 85' lang='lat' dir='ltr'><strong>quia</strong></span> <span class='ocrx_word' id='word_1_12' title='bbox 1228 298 1340 341; x_wconf 92' lang='lat' dir='ltr'><strong>non</strong></span> <span class='ocrx_word' id='word_1_13' title='bbox 1370 299 1489 341; x_wconf 89' lang='lat' dir='ltr'><strong>sum</strong></span> <span class='ocrx_word' id='word_1_14' title='bbox 1522 282 1666 339; x_wconf 85' lang='lat' dir='ltr'><strong>sicut</strong></span> <span class='ocrx_word' id='word_1_15' title='bbox 1694 282 1876 337; x_wconf 76' lang='lat' dir='ltr'><strong>caeteri</strong></span> <span class='ocrx_word' id='word_1_16' title='bbox 1906 280 2084 337; x_wconf 88' lang='lat' dir='ltr'><strong>homi-</strong></span> <span class='ocrx_word' id='word_1_17' title='bbox 2115 283 2165 343; x_wconf 83' lang='lat' dir='ltr'><strong>A</strong></span> <span class='ocrx_word' id='word_1_18' title='bbox 2195 289 2277 338; x_wconf 91' lang='lat' dir='ltr'><strong>tot</strong></span> <span class='ocrx_word' id='word_1_19' title='bbox 2300 298 2365 338; x_wconf 90' lang='lat' dir='ltr'><strong>ac</strong></span> <span class='ocrx_word' id='word_1_20' title='bbox 2392 280 2596 338; x_wconf 81' lang='lat' dir='ltr'><strong>talibus</strong></span> <span class='ocrx_word' id='word_1_21' title='bbox 2624 280 2969 338; x_wconf 83' lang='lat' dir='ltr'><strong>documentis</strong></span> <span class='ocrx_word' id='word_1_22' title='bbox 3005 296 3266 355; x_wconf 76' lang='lat' dir='ltr'><strong>agnoscas</strong></span> <span class='ocrx_word' id='word_1_23' title='bbox 3302 281 3581 339; x_wconf 77' lang='lat' dir='ltr'><strong>delectari</strong></span> <span class='ocrx_word' id='word_1_24' title='bbox 3619 281 3828 355; x_wconf 78' lang='lat' dir='ltr'><strong>pumi-</strong></span> 
     </span>
    </p>
   </div>
   <div class='ocr_carea' id='block_1_5' title="bbox 487 373 2083 448">
    <p class='ocr_par' dir='ltr' id='par_1_5' title="bbox 487 373 2083 448">
     <span class='ocr_line' id='line_1_5' title="bbox 487 373 2083 448; baseline -0.001 -18"><span class='ocrx_word' id='word_1_25' title='bbox 487 391 583 431; x_wconf 91' lang='lat' dir='ltr'><strong>nes</strong></span> <span class='ocrx_word' id='word_1_26' title='bbox 608 373 820 448; x_wconf 89' lang='lat' dir='ltr'><strong>injusti,</strong></span> <span class='ocrx_word' id='word_1_27' title='bbox 852 383 1117 447; x_wconf 84' lang='lat' dir='ltr'><strong>raptores,</strong></span> <span class='ocrx_word' id='word_1_28' title='bbox 1148 374 1383 431; x_wconf 81' lang='lat' dir='ltr'><strong>adulteri</strong></span> <span class='ocrx_word' id='word_1_29' title='bbox 1418 392 1429 429; x_wconf 91' lang='lat'><strong>:</strong></span> <span class='ocrx_word' id='word_1_30' title='bbox 1483 373 1759 447; x_wconf 90' lang='lat' dir='ltr'><strong>quomodo</strong></span> <span class='ocrx_word' id='word_1_31' title='bbox 1804 381 1857 429; x_wconf 89' lang='lat' dir='ltr'><strong>et</strong></span> <span class='ocrx_word' id='word_1_32' title='bbox 1887 373 2083 445; x_wconf 91' lang='lat' dir='ltr'><strong>publi-</strong></span> 
     </span>
    </p>
   </div>
   <div class='ocr_carea' id='block_1_6' title="bbox 485 452 2081 539">
    <p class='ocr_par' dir='ltr' id='par_1_6' title="bbox 485 452 2081 539">
     <span class='ocr_line' id='line_1_6' title="bbox 485 452 2081 539; baseline -0.004 -14"><span class='ocrx_word' id='word_1_33' title='bbox 485 483 653 525; x_wconf 83' lang='lat' dir='ltr'><strong>canus</strong></span> <span class='ocrx_word' id='word_1_34' title='bbox 678 466 799 523; x_wconf 89' lang='lat' dir='ltr'><strong>iste.</strong></span> <span class='ocrx_word' id='word_1_35' title='bbox 830 466 1027 539; x_wconf 82' lang='lat' dir='ltr'><strong>Jejuno</strong></span> <span class='ocrx_word' id='word_1_36' title='bbox 1056 466 1142 522; x_wconf 87' lang='lat' dir='ltr'><strong>bis</strong></span> <span class='ocrx_word' id='word_1_37' title='bbox 1185 468 1243 520; x_wconf 92' lang='lat' dir='ltr'><strong>in</strong></span> <span class='ocrx_word' id='word_1_38' title='bbox 1286 465 1532 532; x_wconf 91' lang='lat' dir='ltr'><strong>sabbato,</strong></span> <span class='ocrx_word' id='word_1_39' title='bbox 1573 462 1816 518; x_wconf 86' lang='lat' dir='ltr'><strong>decimas</strong></span> <span class='ocrx_word' id='word_1_40' title='bbox 1845 463 1915 518; x_wconf 93' lang='lat' dir='ltr'><strong>do</strong></span> <span class='ocrx_word' id='word_1_41' title='bbox 1941 452 2081 519; x_wconf 39' lang='lat' dir='ltr'><strong>&#39;om—</strong></span> 
     </span>
    </p>
   </div>
   <div class='ocr_carea' id='block_1_7' title="bbox 484 552 2080 629">
    <p class='ocr_par' dir='ltr' id='par_1_7' title="bbox 484 552 2080 629">
     <span class='ocr_line' id='line_1_7' title="bbox 484 552 2080 629; baseline -0.001 -17"><span class='ocrx_word' id='word_1_42' title='bbox 484 556 640 614; x_wconf 92' lang='lat' dir='ltr'><strong>nium</strong></span> <span class='ocrx_word' id='word_1_43' title='bbox 674 573 793 629; x_wconf 74' lang='lat' dir='ltr'><strong>quae</strong></span> <span class='ocrx_word' id='word_1_44' title='bbox 853 556 1124 629; x_wconf 88' lang='lat' dir='ltr'><strong>possideo.</strong></span> <span class='ocrx_word' id='word_1_45' title='bbox 1176 553 1508 611; x_wconf 92' lang='lat' dir='ltr'><strong>Publicanus</strong></span> <span class='ocrx_word' id='word_1_46' title='bbox 1561 562 1742 608; x_wconf 91' lang='lat' dir='ltr'><strong>autem</strong></span> <span class='ocrx_word' id='word_1_47' title='bbox 1800 552 1868 608; x_wconf 89' lang='lat' dir='ltr'><strong>de</strong></span> <span class='ocrx_word' id='word_1_48' title='bbox 1920 553 2080 626; x_wconf 90' lang='lat' dir='ltr'><strong>longe</strong></span> 
     </span>
    </p>
   </div>
   <div class='ocr_carea' id='block_1_8' title="bbox 483 644 2074 718">
    <p class='ocr_par' dir='ltr' id='par_1_8' title="bbox 483 644 2074 718">
     <span class='ocr_line' id='line_1_8' title="bbox 483 644 2074 718; baseline -0.001 -17"><span class='ocrx_word' id='word_1_49' title='bbox 483 646 682 714; x_wconf 80' lang='lat' dir='ltr'><strong>stabat,</strong></span> <span class='ocrx_word' id='word_1_50' title='bbox 721 654 774 701; x_wconf 92' lang='lat' dir='ltr'><strong>et</strong></span> <span class='ocrx_word' id='word_1_51' title='bbox 824 662 998 718; x_wconf 87' lang='lat' dir='ltr'><strong>neque</strong></span> <span class='ocrx_word' id='word_1_52' title='bbox 1025 646 1214 701; x_wconf 87' lang='lat' dir='ltr'><strong>oculos</strong></span> <span class='ocrx_word' id='word_1_53' title='bbox 1241 644 1299 699; x_wconf 91' lang='lat' dir='ltr'><strong>in</strong></span> <span class='ocrx_word' id='word_1_54' title='bbox 1329 646 1527 701; x_wconf 72' lang='lat' dir='ltr'><strong>coelum</strong></span> <span class='ocrx_word' id='word_1_55' title='bbox 1574 644 1796 699; x_wconf 88' lang='lat' dir='ltr'><strong>volebat</strong></span> <span class='ocrx_word' id='word_1_56' title='bbox 1847 644 2029 700; x_wconf 88' lang='lat' dir='ltr'><strong>levare</strong></span> <span class='ocrx_word' id='word_1_57' title='bbox 2062 660 2074 699; x_wconf 87' lang='lat'><strong>:</strong></span> 
     </span>
    </p>
   </div>
   <div class='ocr_carea' id='block_1_9' title="bbox 483 732 2080 806">
    <p class='ocr_par' dir='ltr' id='par_1_9' title="bbox 483 732 2080 806">
     <span class='ocr_line' id='line_1_9' title="bbox 483 732 2080 806; baseline -0.002 -15"><span class='ocrx_word' id='word_1_58' title='bbox 483 736 578 791; x_wconf 90' lang='lat' dir='ltr'><strong>sed</strong></span> <span class='ocrx_word' id='word_1_59' title='bbox 608 733 946 806; x_wconf 90' lang='lat' dir='ltr'><strong>percutiebat</strong></span> <span class='ocrx_word' id='word_1_60' title='bbox 977 741 1165 804; x_wconf 90' lang='lat' dir='ltr'><strong>pectus</strong></span> <span class='ocrx_word' id='word_1_61' title='bbox 1193 749 1379 798; x_wconf 90' lang='lat' dir='ltr'><strong>suum,</strong></span> <span class='ocrx_word' id='word_1_62' title='bbox 1407 732 1598 789; x_wconf 90' lang='lat' dir='ltr'><strong>dicens</strong></span> <span class='ocrx_word' id='word_1_63' title='bbox 1631 751 1641 788; x_wconf 92' lang='lat'><strong>:</strong></span> <span class='ocrx_word' id='word_1_64' title='bbox 1691 735 1857 802; x_wconf 90' lang='lat' dir='ltr'><strong>Deus,</strong></span> <span class='ocrx_word' id='word_1_65' title='bbox 1880 735 2080 805; x_wconf 91' lang='lat' dir='ltr'><strong>propi-</strong></span> 
     </span>
    </p>
   </div>
   <div class='ocr_carea' id='block_1_10' title="bbox 486 821 2079 893">
    <p class='ocr_par' dir='ltr' id='par_1_10' title="bbox 486 821 2079 893">
     <span class='ocr_line' id='line_1_10' title="bbox 486 821 2079 893; baseline 0 -16"><span class='ocrx_word' id='word_1_66' title='bbox 486 824 595 878; x_wconf 91' lang='lat' dir='ltr'><strong>tius</strong></span> <span class='ocrx_word' id='word_1_67' title='bbox 620 830 735 876; x_wconf 85' lang='lat' dir='ltr'><strong>esto</strong></span> <span class='ocrx_word' id='word_1_68' title='bbox 774 821 913 876; x_wconf 90' lang='lat' dir='ltr'><strong>mihi</strong></span> <span class='ocrx_word' id='word_1_69' title='bbox 945 821 1215 892; x_wconf 92' lang='lat' dir='ltr'><strong>peccatori</strong></span> <span class='ocrx_word' id='word_1_70' title='bbox 1262 821 1414 892; x_wconf 84' lang='lat' dir='ltr'><strong>(an.</strong></span> <span class='ocrx_word' id='word_1_71' title='bbox 1454 838 1615 889; x_wconf 79' lang='lat' dir='ltr'><strong>xviii,</strong></span> <span class='ocrx_word' id='word_1_72' title='bbox 1663 821 1867 893; x_wconf 78' lang='grc'>11-13).</span> <span class='ocrx_word' id='word_1_73' title='bbox 1913 845 1931 868; x_wconf 79' lang='grc' dir='ltr'><strong>ι</strong></span> <span class='ocrx_word' id='word_1_74' title='bbox 1974 821 2079 877; x_wconf 88' lang='lat' dir='ltr'><strong>Sed</strong></span> 
     </span>
    </p>
   </div>
   <div class='ocr_carea' id='block_1_11' title="bbox 484 908 2079 982">
    <p class='ocr_par' dir='ltr' id='par_1_11' title="bbox 484 908 2079 982">
     <span class='ocr_line' id='line_1_11' title="bbox 484 908 2079 982; baseline 0.001 -18"><span class='ocrx_word' id='word_1_75' title='bbox 484 911 707 965; x_wconf 82' lang='lat' dir='ltr'><strong>adverte</strong></span> <span class='ocrx_word' id='word_1_76' title='bbox 734 908 866 981; x_wconf 91' lang='lat' dir='ltr'><strong>quid</strong></span> <span class='ocrx_word' id='word_1_77' title='bbox 894 910 961 965; x_wconf 89' lang='lat' dir='ltr'><strong>de</strong></span> <span class='ocrx_word' id='word_1_78' title='bbox 988 910 1295 982; x_wconf 89' lang='lat' dir='ltr'><strong>inspectore</strong></span> <span class='ocrx_word' id='word_1_79' title='bbox 1330 909 1511 966; x_wconf 85' lang='lat' dir='ltr'><strong>cordis</strong></span> <span class='ocrx_word' id='word_1_80' title='bbox 1540 910 1784 982; x_wconf 83' lang='lat' dir='ltr'><strong>exegerit</strong></span> <span class='ocrx_word' id='word_1_81' title='bbox 1823 926 2079 966; x_wconf 85' lang='lat' dir='ltr'><strong>reverens</strong></span> 
     </span>
    </p>
   </div>
   <div class='ocr_carea' id='block_1_12' title="bbox 484 1000 2078 1071">
    <p class='ocr_par' dir='ltr' id='par_1_12' title="bbox 484 1000 2078 1071">
     <span class='ocr_line' id='line_1_12' title="bbox 484 1000 2078 1071; baseline 0.001 -17"><span class='ocrx_word' id='word_1_82' title='bbox 484 1000 858 1071; x_wconf 86' lang='lat' dir='ltr'><strong>supplicatio:</strong></span> <span class='ocrx_word' id='word_1_83' title='bbox 904 1000 1235 1057; x_wconf 81' lang='lat' dir='ltr'><strong>verecundia</strong></span> <span class='ocrx_word' id='word_1_84' title='bbox 1292 1000 1539 1057; x_wconf 84' lang='lat' dir='ltr'><strong>mercede</strong></span> <span class='ocrx_word' id='word_1_85' title='bbox 1592 1000 1852 1057; x_wconf 86' lang='lat' dir='ltr'><strong>muniﬁca</strong></span> <span class='ocrx_word' id='word_1_86' title='bbox 1909 1001 2078 1056; x_wconf 87' lang='lat' dir='ltr'><strong>sensit</strong></span> 
     </span>
    </p>
   </div>
   <div class='ocr_carea' id='block_1_13' title="bbox 484 1089 2076 1164">
    <p class='ocr_par' dir='ltr' id='par_1_13' title="bbox 484 1089 2076 1164">
     <span class='ocr_line' id='line_1_13' title="bbox 484 1089 2076 1164; baseline 0 -19"><span class='ocrx_word' id='word_1_87' title='bbox 484 1091 683 1158; x_wconf 90' lang='lat' dir='ltr'><strong>Deum,</strong></span> <span class='ocrx_word' id='word_1_88' title='bbox 718 1106 878 1163; x_wconf 85' lang='lat' dir='ltr'><strong>quem</strong></span> <span class='ocrx_word' id='word_1_89' title='bbox 910 1091 1165 1163; x_wconf 89' lang='lat' dir='ltr'><strong>cupiebat</strong></span> <span class='ocrx_word' id='word_1_90' title='bbox 1192 1089 1389 1147; x_wconf 90' lang='lat' dir='ltr'><strong>habere</strong></span> <span class='ocrx_word' id='word_1_91' title='bbox 1421 1090 1740 1164; x_wconf 88' lang='lat' dir='ltr'><strong>propitium.</strong></span> <span class='ocrx_word' id='word_1_92' title='bbox 1773 1092 1844 1146; x_wconf 89' lang='lat' dir='ltr'><strong>Et</strong></span> <span class='ocrx_word' id='word_1_93' title='bbox 1889 1089 2076 1146; x_wconf 86' lang='lat' dir='ltr'><strong>statim</strong></span> 
     </span>
    </p>
   </div>
   <div class='ocr_carea' id='block_1_14' title="bbox 484 1178 2075 1253">
    <p class='ocr_par' dir='ltr' id='par_1_14' title="bbox 484 1178 2075 1253">
     <span class='ocr_line' id='line_1_14' title="bbox 484 1178 2075 1253; baseline 0.001 -20"><span class='ocrx_word' id='word_1_94' title='bbox 484 1179 687 1234; x_wconf 88' lang='lat' dir='ltr'><strong>meruit</strong></span> <span class='ocrx_word' id='word_1_95' title='bbox 730 1178 1021 1252; x_wconf 87' lang='lat' dir='ltr'><strong>justiﬁcari</strong></span> <span class='ocrx_word' id='word_1_96' title='bbox 1069 1181 1420 1248; x_wconf 81' lang='lat' dir='ltr'><strong>verecundia,</strong></span> <span class='ocrx_word' id='word_1_97' title='bbox 1470 1197 1589 1253; x_wconf 62' lang='lat' dir='ltr'><strong>qua;</strong></span> <span class='ocrx_word' id='word_1_98' title='bbox 1636 1179 1862 1252; x_wconf 90' lang='lat' dir='ltr'><strong>probata</strong></span> <span class='ocrx_word' id='word_1_99' title='bbox 1908 1187 1988 1235; x_wconf 91' lang='lat' dir='ltr'><strong>est</strong></span> <span class='ocrx_word' id='word_1_100' title='bbox 2020 1180 2075 1235; x_wconf 93' lang='lat' dir='ltr'><strong>in</strong></span> 
     </span>
    </p>
   </div>
   <div class='ocr_carea' id='block_1_15' title="bbox 483 1267 2073 1338">
    <p class='ocr_par' dir='ltr' id='par_1_15' title="bbox 483 1267 2073 1338">
     <span class='ocr_line' id='line_1_15' title="bbox 483 1267 2073 1338; baseline 0.001 -16"><span class='ocrx_word' id='word_1_101' title='bbox 483 1267 799 1324; x_wconf 85' lang='lat' dir='ltr'><strong>humilitate</strong></span> <span class='ocrx_word' id='word_1_102' title='bbox 833 1270 1096 1337; x_wconf 88' lang='lat' dir='ltr'><strong>confessa,</strong></span> <span class='ocrx_word' id='word_1_103' title='bbox 1130 1270 1369 1325; x_wconf 90' lang='lat' dir='ltr'><strong>Domino</strong></span> <span class='ocrx_word' id='word_1_104' title='bbox 1399 1269 1649 1325; x_wconf 87' lang='lat' dir='ltr'><strong>dicente:</strong></span> <span class='ocrx_word' id='word_1_105' title='bbox 1689 1294 1706 1315; x_wconf 77' lang='grc' dir='ltr'>ι</span> <span class='ocrx_word' id='word_1_106' title='bbox 1732 1268 1867 1325; x_wconf 92' lang='lat' dir='ltr'><strong>Dico</strong></span> <span class='ocrx_word' id='word_1_107' title='bbox 1896 1269 2073 1338; x_wconf 81' lang='lat' dir='ltr'><strong>vobis,</strong></span> 
     </span>
    </p>
   </div>
   <div class='ocr_carea' id='block_1_16' title="bbox 483 1357 2077 1431">
    <p class='ocr_par' dir='ltr' id='par_1_16' title="bbox 483 1357 2077 1431">
     <span class='ocr_line' id='line_1_16' title="bbox 483 1357 2077 1431; baseline 0.001 -18"><span class='ocrx_word' id='word_1_108' title='bbox 483 1357 765 1415; x_wconf 88' lang='lat' dir='ltr'><strong>descendit</strong></span> <span class='ocrx_word' id='word_1_109' title='bbox 794 1358 886 1414; x_wconf 90' lang='lat' dir='ltr'><strong>hic</strong></span> <span class='ocrx_word' id='word_1_110' title='bbox 924 1357 1259 1431; x_wconf 88' lang='lat' dir='ltr'><strong>justiﬁcatus</strong></span> <span class='ocrx_word' id='word_1_111' title='bbox 1305 1360 1363 1415; x_wconf 91' lang='lat' dir='ltr'><strong>in</strong></span> <span class='ocrx_word' id='word_1_112' title='bbox 1410 1358 1635 1415; x_wconf 91' lang='lat' dir='ltr'><strong>domum</strong></span> <span class='ocrx_word' id='word_1_113' title='bbox 1684 1375 1861 1427; x_wconf 89' lang='lat' dir='ltr'><strong>suam,</strong></span> <span class='ocrx_word' id='word_1_114' title='bbox 1907 1359 2077 1429; x_wconf 87' lang='lat' dir='ltr'><strong>magis</strong></span> 
     </span>
    </p>
   </div>
   <div class='ocr_carea' id='block_1_17' title="bbox 483 1449 2073 1523">
    <p class='ocr_par' dir='ltr' id='par_1_17' title="bbox 483 1449 2073 1523">
     <span class='ocr_line' id='line_1_17' title="bbox 483 1449 2073 1523; baseline -0.001 -18"><span class='ocrx_word' id='word_1_115' title='bbox 483 1465 646 1522; x_wconf 90' lang='lat' dir='ltr'><strong>quam</strong></span> <span class='ocrx_word' id='word_1_116' title='bbox 678 1449 770 1505; x_wconf 91' lang='lat' dir='ltr'><strong>ille</strong></span> <span class='ocrx_word' id='word_1_117' title='bbox 801 1449 1100 1522; x_wconf 68' lang='lat' dir='ltr'><strong>pharisaeus</strong></span> <span class='ocrx_word' id='word_1_118' title='bbox 1124 1468 1137 1518; x_wconf 91' lang='lat'><strong>;</strong></span> <span class='ocrx_word' id='word_1_119' title='bbox 1171 1449 1301 1523; x_wconf 88' lang='lat' dir='ltr'><strong>quia</strong></span> <span class='ocrx_word' id='word_1_120' title='bbox 1319 1450 1499 1506; x_wconf 92' lang='lat' dir='ltr'><strong>omnis</strong></span> <span class='ocrx_word' id='word_1_121' title='bbox 1520 1451 1615 1523; x_wconf 86' lang='lat' dir='ltr'><strong>qui</strong></span> <span class='ocrx_word' id='word_1_122' title='bbox 1644 1465 1700 1505; x_wconf 93' lang='lat' dir='ltr'><strong>se</strong></span> <span class='ocrx_word' id='word_1_123' title='bbox 1728 1449 2073 1518; x_wconf 86' lang='lat' dir='ltr'><strong>exaltaverit,</strong></span> 
     </span>
    </p>
   </div>
   <div class='ocr_carea' id='block_1_18' title="bbox 483 1537 2079 1613">
    <p class='ocr_par' dir='ltr' id='par_1_18' title="bbox 483 1537 2079 1613">
     <span class='ocr_line' id='line_1_18' title="bbox 483 1537 2079 1613; baseline -0.001 -19"><span class='ocrx_word' id='word_1_124' title='bbox 483 1537 891 1608; x_wconf 90' lang='lat' dir='ltr'><strong>humiliabitur,</strong></span> <span class='ocrx_word' id='word_1_125' title='bbox 950 1548 1004 1595; x_wconf 90' lang='lat' dir='ltr'><strong>et</strong></span> <span class='ocrx_word' id='word_1_126' title='bbox 1064 1540 1159 1613; x_wconf 87' lang='lat' dir='ltr'><strong>qui</strong></span> <span class='ocrx_word' id='word_1_127' title='bbox 1204 1556 1261 1597; x_wconf 89' lang='lat' dir='ltr'><strong>se</strong></span> <span class='ocrx_word' id='word_1_128' title='bbox 1304 1539 1705 1608; x_wconf 88' lang='lat' dir='ltr'><strong>humiliaverit,</strong></span> <span class='ocrx_word' id='word_1_129' title='bbox 1745 1539 2079 1598; x_wconf 76' lang='lat' dir='ltr'><strong>exaltabitur</strong></span> 
     </span>
    </p>
   </div>
   <div class='ocr_carea' id='block_1_19' title="bbox 485 1627 850 1697">
    <p class='ocr_par' dir='ltr' id='par_1_19' title="bbox 485 1627 850 1697">
     <span class='ocr_line' id='line_1_19' title="bbox 485 1627 850 1697; baseline -0.014 -14"><span class='ocrx_word' id='word_1_130' title='bbox 485 1628 648 1696; x_wconf 79' lang='lat' dir='ltr'><strong>(Ibid.</strong></span> <span class='ocrx_word' id='word_1_131' title='bbox 685 1627 796 1697; x_wconf 73' lang='grc'>14).</span> <span class='ocrx_word' id='word_1_132' title='bbox 832 1654 850 1677; x_wconf 84' lang='lat'><strong>.</strong></span> 
     </span>
    </p>
   </div>
   <div class='ocr_carea' id='block_1_20' title="bbox 553 1708 2074 1791">
    <p class='ocr_par' dir='ltr' id='par_1_20' title="bbox 553 1708 2074 1791">
     <span class='ocr_line' id='line_1_20' title="bbox 553 1708 2074 1791; baseline -0.001 -17"><span class='ocrx_word' id='word_1_133' title='bbox 553 1716 782 1774; x_wconf 90' lang='lat' dir='ltr'><strong>CAPUT</strong></span> <span class='ocrx_word' id='word_1_134' title='bbox 820 1718 996 1774; x_wconf 86' lang='lat' dir='ltr'><strong>XVII.</strong></span> <span class='ocrx_word' id='word_1_135' title='bbox 1027 1748 1097 1758; x_wconf 97' lang='lat'>—</span> <span class='ocrx_word' id='word_1_136' title='bbox 1155 1716 1257 1773; x_wconf 90' lang='lat' dir='ltr'><strong>Ubi</strong></span> <span class='ocrx_word' id='word_1_137' title='bbox 1310 1716 1508 1774; x_wconf 90' lang='lat' dir='ltr'><strong>deinde</strong></span> <span class='ocrx_word' id='word_1_138' title='bbox 1564 1717 1725 1791; x_wconf 88' lang='lat' dir='ltr'><strong>ponis</strong></span> <span class='ocrx_word' id='word_1_139' title='bbox 1762 1708 2074 1790; x_wconf 82' lang='lat' dir='ltr'><strong>exemplum</strong></span> 
     </span>
    </p>
   </div>
   <div class='ocr_carea' id='block_1_21' title="bbox 482 1806 2077 1881">
    <p class='ocr_par' dir='ltr' id='par_1_21' title="bbox 482 1806 2077 1881">
     <span class='ocr_line' id='line_1_21' title="bbox 482 1806 2077 1881; baseline 0.002 -22"><span class='ocrx_word' id='word_1_140' title='bbox 482 1806 732 1861; x_wconf 89' lang='lat' dir='ltr'><strong>mulieris</strong></span> <span class='ocrx_word' id='word_1_141' title='bbox 786 1806 940 1861; x_wconf 91' lang='lat' dir='ltr'><strong>illius</strong></span> <span class='ocrx_word' id='word_1_142' title='bbox 993 1808 1335 1878; x_wconf 90' lang='lat' dir='ltr'><strong>peccatricis,</strong></span> <span class='ocrx_word' id='word_1_143' title='bbox 1380 1825 1500 1881; x_wconf 74' lang='lat' dir='ltr'><strong>quae</strong></span> <span class='ocrx_word' id='word_1_144' title='bbox 1543 1806 1780 1864; x_wconf 90' lang='lat' dir='ltr'><strong>crimina</strong></span> <span class='ocrx_word' id='word_1_145' title='bbox 1826 1824 1922 1863; x_wconf 89' lang='lat' dir='ltr'><strong>sua</strong></span> <span class='ocrx_word' id='word_1_146' title='bbox 1965 1823 2077 1862; x_wconf 92' lang='lat' dir='ltr'><strong>non</strong></span> 
     </span>
    </p>
   </div>
   <div class='ocr_carea' id='block_1_22' title="bbox 481 1894 2076 1970">
    <p class='ocr_par' dir='ltr' id='par_1_22' title="bbox 481 1894 2076 1970">
     <span class='ocr_line' id='line_1_22' title="bbox 481 1894 2076 1970; baseline 0.002 -22"><span class='ocrx_word' id='word_1_147' title='bbox 481 1894 663 1949; x_wconf 87' lang='lat' dir='ltr'><strong>verbis</strong></span> <span class='ocrx_word' id='word_1_148' title='bbox 692 1894 810 1950; x_wconf 89' lang='lat' dir='ltr'><strong>visa</strong></span> <span class='ocrx_word' id='word_1_149' title='bbox 837 1902 919 1949; x_wconf 92' lang='lat' dir='ltr'><strong>est</strong></span> <span class='ocrx_word' id='word_1_150' title='bbox 948 1896 1286 1968; x_wconf 71' lang='lat' dir='ltr'><strong>eXposuisse,</strong></span> <span class='ocrx_word' id='word_1_151' title='bbox 1323 1896 1417 1952; x_wconf 91' lang='lat' dir='ltr'><strong>sed</strong></span> <span class='ocrx_word' id='word_1_152' title='bbox 1451 1896 1729 1970; x_wconf 89' lang='lat' dir='ltr'><strong>lacrymis,</strong></span> <span class='ocrx_word' id='word_1_153' title='bbox 1763 1895 1922 1968; x_wconf 88' lang='lat' dir='ltr'><strong>cujus</strong></span> <span class='ocrx_word' id='word_1_154' title='bbox 1949 1912 2076 1953; x_wconf 90' lang='lat' dir='ltr'><strong>cum</strong></span> 
     </span>
    </p>
   </div>
   <div class='ocr_carea' id='block_1_23' title="bbox 480 1983 2079 2058">
    <p class='ocr_par' dir='ltr' id='par_1_23' title="bbox 480 1983 2079 2058">
     <span class='ocr_line' id='line_1_23' title="bbox 480 1983 2079 2058; baseline 0.001 -19"><span class='ocrx_word' id='word_1_155' title='bbox 480 1984 687 2041; x_wconf 89' lang='lat' dir='ltr'><strong>orando</strong></span> <span class='ocrx_word' id='word_1_156' title='bbox 731 1983 965 2039; x_wconf 88' lang='lat' dir='ltr'><strong>tacuerit</strong></span> <span class='ocrx_word' id='word_1_157' title='bbox 1012 1985 1218 2057; x_wconf 81' lang='lat' dir='ltr'><strong>lingua,</strong></span> <span class='ocrx_word' id='word_1_158' title='bbox 1251 1986 1589 2058; x_wconf 71' lang='lat' dir='ltr'><strong>poenitentia:</strong></span> <span class='ocrx_word' id='word_1_159' title='bbox 1619 1986 1802 2042; x_wconf 80' lang='lat' dir='ltr'><strong>oﬂicio</strong></span> <span class='ocrx_word' id='word_1_160' title='bbox 1830 1986 2079 2042; x_wconf 90' lang='lat' dir='ltr'><strong>confessa</strong></span> 
     </span>
    </p>
   </div>
   <div class='ocr_carea' id='block_1_24' title="bbox 480 2072 2075 2147">
    <p class='ocr_par' dir='ltr' id='par_1_24' title="bbox 480 2072 2075 2147">
     <span class='ocr_line' id='line_1_24' title="bbox 480 2072 2075 2147; baseline 0.001 -20"><span class='ocrx_word' id='word_1_161' title='bbox 480 2081 562 2129; x_wconf 92' lang='lat' dir='ltr'><strong>est</strong></span> <span class='ocrx_word' id='word_1_162' title='bbox 582 2072 960 2129; x_wconf 79' lang='lat' dir='ltr'><strong>conscientia?</strong></span> <span class='ocrx_word' id='word_1_163' title='bbox 988 2074 1047 2129; x_wconf 93' lang='lat' dir='ltr'><strong>In</strong></span> <span class='ocrx_word' id='word_1_164' title='bbox 1066 2073 1231 2130; x_wconf 90' lang='lat' dir='ltr'><strong>domo</strong></span> <span class='ocrx_word' id='word_1_165' title='bbox 1259 2091 1493 2147; x_wconf 86' lang='lat' dir='ltr'><strong>namque</strong></span> <span class='ocrx_word' id='word_1_166' title='bbox 1515 2075 1767 2147; x_wconf 71' lang='lat' dir='ltr'><strong>pharisaei</strong></span> <span class='ocrx_word' id='word_1_167' title='bbox 1789 2074 2075 2147; x_wconf 88' lang='lat' dir='ltr'><strong>cujusdam</strong></span> 
     </span>
    </p>
   </div>
   <div class='ocr_carea' id='block_1_25' title="bbox 481 2167 2077 2240">
    <p class='ocr_par' dir='ltr' id='par_1_25' title="bbox 481 2167 2077 2240">
     <span class='ocr_line' id='line_1_25' title="bbox 481 2167 2077 2240; baseline 0.001 -18"><span class='ocrx_word' id='word_1_168' title='bbox 481 2167 750 2223; x_wconf 88' lang='lat' dir='ltr'><strong>Dominus</strong></span> <span class='ocrx_word' id='word_1_169' title='bbox 772 2168 1143 2236; x_wconf 84' lang='lat' dir='ltr'><strong>recumbebat,</strong></span> <span class='ocrx_word' id='word_1_170' title='bbox 1166 2176 1220 2223; x_wconf 91' lang='lat' dir='ltr'><strong>et</strong></span> <span class='ocrx_word' id='word_1_171' title='bbox 1246 2177 1645 2240; x_wconf 75' lang='lat' dir='ltr'><strong>prreparaverat</strong></span> <span class='ocrx_word' id='word_1_172' title='bbox 1679 2168 1833 2226; x_wconf 87' lang='lat' dir='ltr'><strong>velut</strong></span> <span class='ocrx_word' id='word_1_173' title='bbox 1858 2168 2077 2225; x_wconf 87' lang='lat' dir='ltr'><strong>homini</strong></span> 
     </span>
    </p>
   </div>
   <div class='ocr_carea' id='block_1_26' title="bbox 482 2255 2079 2330">
    <p class='ocr_par' dir='ltr' id='par_1_26' title="bbox 482 2255 2079 2330">
     <span class='ocr_line' id='line_1_26' title="bbox 482 2255 2079 2330; baseline 0.001 -17"><span class='ocrx_word' id='word_1_174' title='bbox 482 2265 893 2330; x_wconf 88' lang='lat' dir='ltr'><strong>temporaneum</strong></span> <span class='ocrx_word' id='word_1_175' title='bbox 927 2257 1165 2313; x_wconf 89' lang='lat' dir='ltr'><strong>invitato</strong></span> <span class='ocrx_word' id='word_1_176' title='bbox 1196 2255 1313 2328; x_wconf 80' lang='lat'><strong>(29)</strong></span> <span class='ocrx_word' id='word_1_177' title='bbox 1344 2257 1436 2312; x_wconf 92' lang='lat' dir='ltr'><strong>ille</strong></span> <span class='ocrx_word' id='word_1_178' title='bbox 1460 2257 1803 2313; x_wconf 86' lang='lat' dir='ltr'><strong>convivium.</strong></span> <span class='ocrx_word' id='word_1_179' title='bbox 1840 2258 1955 2314; x_wconf 88' lang='lat' dir='ltr'><strong>Hoc</strong></span> <span class='ocrx_word' id='word_1_180' title='bbox 1982 2274 2079 2314; x_wconf 90' lang='lat' dir='ltr'><strong>re-</strong></span> 
     </span>
    </p>
   </div>
   <div class='ocr_carea' id='block_1_27' title="bbox 480 2346 2079 2420">
    <p class='ocr_par' dir='ltr' id='par_1_27' title="bbox 480 2346 2079 2420">
     <span class='ocr_line' id='line_1_27' title="bbox 480 2346 2079 2420; baseline 0.001 -19"><span class='ocrx_word' id='word_1_181' title='bbox 480 2347 694 2419; x_wconf 90' lang='lat' dir='ltr'><strong>periens</strong></span> <span class='ocrx_word' id='word_1_182' title='bbox 716 2346 916 2403; x_wconf 89' lang='lat' dir='ltr'><strong>mulier</strong></span> <span class='ocrx_word' id='word_1_183' title='bbox 944 2348 1259 2419; x_wconf 88' lang='lat' dir='ltr'><strong>prostituta,</strong></span> <span class='ocrx_word' id='word_1_184' title='bbox 1293 2346 1545 2420; x_wconf 68' lang='lat' dir='ltr'><strong>pharisaai</strong></span> <span class='ocrx_word' id='word_1_185' title='bbox 1567 2347 1791 2403; x_wconf 91' lang='lat' dir='ltr'><strong>domum</strong></span> <span class='ocrx_word' id='word_1_186' title='bbox 1823 2348 2079 2405; x_wconf 89' lang='lat' dir='ltr'><strong>audacter</strong></span> 
     </span>
    </p>
   </div>
   <div class='ocr_carea' id='block_1_28' title="bbox 481 2436 2079 2512">
    <p class='ocr_par' dir='ltr' id='par_1_28' title="bbox 481 2436 2079 2512">
     <span class='ocr_line' id='line_1_28' title="bbox 481 2436 2079 2512; baseline 0 -19"><span class='ocrx_word' id='word_1_187' title='bbox 481 2437 808 2509; x_wconf 83' lang='lat' dir='ltr'><strong>ingreditur,</strong></span> <span class='ocrx_word' id='word_1_188' title='bbox 838 2446 1000 2512; x_wconf 89' lang='lat' dir='ltr'><strong>atque</strong></span> <span class='ocrx_word' id='word_1_189' title='bbox 1026 2438 1093 2495; x_wconf 90' lang='lat' dir='ltr'><strong>ad</strong></span> <span class='ocrx_word' id='word_1_190' title='bbox 1122 2438 1285 2510; x_wconf 87' lang='lat' dir='ltr'><strong>pedes</strong></span> <span class='ocrx_word' id='word_1_191' title='bbox 1314 2436 1538 2494; x_wconf 88' lang='lat' dir='ltr'><strong>Domini</strong></span> <span class='ocrx_word' id='word_1_192' title='bbox 1586 2438 1956 2495; x_wconf 90' lang='lat' dir='ltr'><strong>recumbentis</strong></span> <span class='ocrx_word' id='word_1_193' title='bbox 1982 2454 2079 2493; x_wconf 89' lang='lat' dir='ltr'><strong>as-</strong></span> 
     </span>
    </p>
   </div>
   <div class='ocr_carea' id='block_1_29' title="bbox 481 2526 2074 2601">
    <p class='ocr_par' dir='ltr' id='par_1_29' title="bbox 481 2526 2074 2601">
     <span class='ocr_line' id='line_1_29' title="bbox 481 2526 2074 2601; baseline 0 -19"><span class='ocrx_word' id='word_1_194' title='bbox 481 2527 647 2595; x_wconf 89' lang='lat' dir='ltr'><strong>sistit,</strong></span> <span class='ocrx_word' id='word_1_195' title='bbox 670 2528 817 2583; x_wconf 87' lang='lat' dir='ltr'><strong>lavat</strong></span> <span class='ocrx_word' id='word_1_196' title='bbox 834 2529 1098 2601; x_wconf 87' lang='lat' dir='ltr'><strong>lacrymis</strong></span> <span class='ocrx_word' id='word_1_197' title='bbox 1116 2535 1305 2584; x_wconf 89' lang='lat' dir='ltr'><strong>sancta</strong></span> <span class='ocrx_word' id='word_1_198' title='bbox 1325 2526 1799 2600; x_wconf 88' lang='lat' dir='ltr'><strong>vestigia,capillis</strong></span> <span class='ocrx_word' id='word_1_199' title='bbox 1819 2527 2074 2598; x_wconf 83' lang='lat' dir='ltr'><strong>extergit,</strong></span> 
     </span>
    </p>
   </div>
   <div class='ocr_carea' id='block_1_30' title="bbox 482 2617 2080 2692">
    <p class='ocr_par' dir='ltr' id='par_1_30' title="bbox 482 2617 2080 2692">
     <span class='ocr_line' id='line_1_30' title="bbox 482 2617 2080 2692; baseline -0.001 -18"><span class='ocrx_word' id='word_1_200' title='bbox 482 2620 762 2675; x_wconf 89' lang='lat' dir='ltr'><strong>osculatur</strong></span> <span class='ocrx_word' id='word_1_201' title='bbox 808 2619 1206 2675; x_wconf 87' lang='lat' dir='ltr'><strong>incessabiliter</strong></span> <span class='ocrx_word' id='word_1_202' title='bbox 1251 2620 1484 2691; x_wconf 90' lang='lat' dir='ltr'><strong>plantas,</strong></span> <span class='ocrx_word' id='word_1_203' title='bbox 1534 2627 1589 2674; x_wconf 90' lang='lat' dir='ltr'><strong>et</strong></span> <span class='ocrx_word' id='word_1_204' title='bbox 1630 2618 1869 2692; x_wconf 90' lang='lat' dir='ltr'><strong>pretioso</strong></span> <span class='ocrx_word' id='word_1_205' title='bbox 1917 2617 2080 2690; x_wconf 86' lang='lat' dir='ltr'><strong>pedes</strong></span> 
     </span>
    </p>
   </div>
   <div class='ocr_carea' id='block_1_31' title="bbox 485 2705 2079 2781">
    <p class='ocr_par' dir='ltr' id='par_1_31' title="bbox 485 2705 2079 2781">
     <span class='ocr_line' id='line_1_31' title="bbox 485 2705 2079 2781; baseline -0.001 -19"><span class='ocrx_word' id='word_1_206' title='bbox 485 2707 780 2764; x_wconf 89' lang='lat' dir='ltr'><strong>madefacit</strong></span> <span class='ocrx_word' id='word_1_207' title='bbox 807 2717 1108 2781; x_wconf 87' lang='lat' dir='ltr'><strong>unguento,</strong></span> <span class='ocrx_word' id='word_1_208' title='bbox 1140 2717 1303 2781; x_wconf 90' lang='lat' dir='ltr'><strong>atque</strong></span> <span class='ocrx_word' id='word_1_209' title='bbox 1331 2708 1591 2764; x_wconf 91' lang='lat' dir='ltr'><strong>omnibus</strong></span> <span class='ocrx_word' id='word_1_210' title='bbox 1638 2724 1774 2780; x_wconf 90' lang='lat' dir='ltr'><strong>pene</strong></span> <span class='ocrx_word' id='word_1_211' title='bbox 1818 2705 2079 2763; x_wconf 88' lang='lat' dir='ltr'><strong>membris</strong></span> 
     </span>
    </p>
   </div>
   <div class='ocr_carea' id='block_1_32' title="bbox 485 2797 2077 2871">
    <p class='ocr_par' dir='ltr' id='par_1_32' title="bbox 485 2797 2077 2871">
     <span class='ocr_line' id='line_1_32' title="bbox 485 2797 2077 2871; baseline -0.001 -18"><span class='ocrx_word' id='word_1_212' title='bbox 485 2797 686 2871; x_wconf 89' lang='lat' dir='ltr'><strong>quibus</strong></span> <span class='ocrx_word' id='word_1_213' title='bbox 729 2807 855 2855; x_wconf 90' lang='lat' dir='ltr'><strong>ante</strong></span> <span class='ocrx_word' id='word_1_214' title='bbox 908 2807 1264 2871; x_wconf 87' lang='lat' dir='ltr'><strong>peccaverat,</strong></span> <span class='ocrx_word' id='word_1_215' title='bbox 1325 2805 1470 2863; x_wconf 86' lang='lat'><strong>599</strong></span> <span class='ocrx_word' id='word_1_216' title='bbox 1528 2799 1796 2855; x_wconf 85' lang='lat' dir='ltr'><strong>scelerum</strong></span> <span class='ocrx_word' id='word_1_217' title='bbox 1853 2813 2077 2853; x_wconf 90' lang='lat' dir='ltr'><strong>suorum</strong></span> 
     </span>
    </p>
   </div>
   <div class='ocr_carea' id='block_1_33' title="bbox 485 2900 2081 2974">
    <p class='ocr_par' dir='ltr' id='par_1_33' title="bbox 485 2900 2081 2974">
     <span class='ocr_line' id='line_1_33' title="bbox 485 2900 2081 2974; baseline 0 -19"><span class='ocrx_word' id='word_1_218' title='bbox 485 2902 725 2955; x_wconf 80' lang='lat' dir='ltr'><strong>maculas</strong></span> <span class='ocrx_word' id='word_1_219' title='bbox 753 2902 1027 2974; x_wconf 73' lang='lat' dir='ltr'><strong>eXpiabat.</strong></span> <span class='ocrx_word' id='word_1_220' title='bbox 1060 2902 1212 2957; x_wconf 89' lang='lat' dir='ltr'><strong>Tunc</strong></span> <span class='ocrx_word' id='word_1_221' title='bbox 1255 2901 1525 2956; x_wconf 88' lang='lat' dir='ltr'><strong>Dominus</strong></span> <span class='ocrx_word' id='word_1_222' title='bbox 1566 2900 1711 2972; x_wconf 88' lang='lat' dir='ltr'><strong>apud</strong></span> <span class='ocrx_word' id='word_1_223' title='bbox 1757 2916 1917 2972; x_wconf 90' lang='lat' dir='ltr'><strong>quem</strong></span> <span class='ocrx_word' id='word_1_224' title='bbox 1960 2916 2081 2955; x_wconf 87' lang='lat' dir='ltr'><strong>ossa</strong></span> 
     </span>
    </p>
   </div>
   <div class='ocr_carea' id='block_1_34' title="bbox 484 2989 2080 3061">
    <p class='ocr_par' dir='ltr' id='par_1_34' title="bbox 484 2989 2080 3061">
     <span class='ocr_line' id='line_1_34' title="bbox 484 2989 2080 3061; baseline 0.001 -18"><span class='ocrx_word' id='word_1_225' title='bbox 484 2996 671 3043; x_wconf 87' lang='lat' dir='ltr'><strong>nostra</strong></span> <span class='ocrx_word' id='word_1_226' title='bbox 713 2990 951 3046; x_wconf 90' lang='lat' dir='ltr'><strong>discreta</strong></span> <span class='ocrx_word' id='word_1_227' title='bbox 993 2998 1142 3058; x_wconf 89' lang='lat' dir='ltr'><strong>sunt,</strong></span> <span class='ocrx_word' id='word_1_228' title='bbox 1191 2989 1457 3061; x_wconf 89' lang='lat' dir='ltr'><strong>propheta</strong></span> <span class='ocrx_word' id='word_1_229' title='bbox 1498 2990 1715 3047; x_wconf 89' lang='lat' dir='ltr'><strong>dicente</strong></span> <span class='ocrx_word' id='word_1_230' title='bbox 1749 3006 1760 3043; x_wconf 90' lang='lat'><strong>:</strong></span> <span class='ocrx_word' id='word_1_231' title='bbox 1808 3014 1825 3037; x_wconf 78' lang='grc' dir='ltr'>ι</span> <span class='ocrx_word' id='word_1_232' title='bbox 1879 2989 2080 3047; x_wconf 91' lang='lat' dir='ltr'><strong>Omnia</strong></span> 
     </span>
    </p>
   </div>
   <div class='ocr_carea' id='block_1_35' title="bbox 483 3078 2073 3152">
    <p class='ocr_par' dir='ltr' id='par_1_35' title="bbox 483 3078 2073 3152">
     <span class='ocr_line' id='line_1_35' title="bbox 483 3078 2073 3152; baseline 0 -19"><span class='ocrx_word' id='word_1_233' title='bbox 483 3094 603 3134; x_wconf 91' lang='lat' dir='ltr'><strong>ossa</strong></span> <span class='ocrx_word' id='word_1_234' title='bbox 638 3094 759 3134; x_wconf 90' lang='lat' dir='ltr'><strong>mea</strong></span> <span class='ocrx_word' id='word_1_235' title='bbox 800 3078 1006 3147; x_wconf 83' lang='lat' dir='ltr'><strong>dicent,</strong></span> <span class='ocrx_word' id='word_1_236' title='bbox 1049 3078 1303 3147; x_wconf 89' lang='lat' dir='ltr'><strong>Domine,</strong></span> <span class='ocrx_word' id='word_1_237' title='bbox 1349 3078 1472 3152; x_wconf 91' lang='lat' dir='ltr'><strong>quis</strong></span> <span class='ocrx_word' id='word_1_238' title='bbox 1502 3080 1701 3135; x_wconf 90' lang='lat' dir='ltr'><strong>similis</strong></span> <span class='ocrx_word' id='word_1_239' title='bbox 1737 3080 1842 3135; x_wconf 85' lang='lat' dir='ltr'><strong>tibi</strong></span> <span class='ocrx_word' id='word_1_240' title='bbox 1900 3078 2073 3149; x_wconf 80' lang='lat' dir='ltr'><strong>(Psal.</strong></span> 
     </span>
    </p>
   </div>
   <div class='ocr_carea' id='block_1_36' title="bbox 481 3167 2077 3241">
    <p class='ocr_par' dir='ltr' id='par_1_36' title="bbox 481 3167 2077 3241">
     <span class='ocr_line' id='line_1_36' title="bbox 481 3167 2077 3241; baseline -0.001 -18"><span class='ocrx_word' id='word_1_241' title='bbox 481 3184 680 3236; x_wconf 78' lang='lat' dir='ltr'><strong>xxxrv,</strong></span> <span class='ocrx_word' id='word_1_242' title='bbox 716 3168 805 3240; x_wconf 85' lang='grc'><strong>10)</strong></span> <span class='ocrx_word' id='word_1_243' title='bbox 828 3168 857 3224; x_wconf 71' lang='grc' dir='ltr'><em>ἳ</em></span> <span class='ocrx_word' id='word_1_244' title='bbox 887 3193 903 3215; x_wconf 81' lang='grc' dir='ltr'>ι</span> <span class='ocrx_word' id='word_1_245' title='bbox 934 3168 1296 3225; x_wconf 89' lang='lat' dir='ltr'><strong>obtrectantis</strong></span> <span class='ocrx_word' id='word_1_246' title='bbox 1322 3167 1575 3241; x_wconf 78' lang='lat' dir='ltr'><strong>pharisaei</strong></span> <span class='ocrx_word' id='word_1_247' title='bbox 1607 3185 1858 3224; x_wconf 89' lang='lat' dir='ltr'><strong>murmur</strong></span> <span class='ocrx_word' id='word_1_248' title='bbox 1886 3167 2077 3223; x_wconf 73' lang='lat' dir='ltr'><strong>obver~</strong></span> 
     </span>
    </p>
   </div>
   <div class='ocr_carea' id='block_1_37' title="bbox 480 3254 2079 3330">
    <p class='ocr_par' dir='ltr' id='par_1_37' title="bbox 480 3254 2079 3330">
     <span class='ocr_line' id='line_1_37' title="bbox 480 3254 2079 3330; baseline -0.001 -18"><span class='ocrx_word' id='word_1_249' title='bbox 480 3255 652 3326; x_wconf 90' lang='lat' dir='ltr'><strong>berat,</strong></span> <span class='ocrx_word' id='word_1_250' title='bbox 703 3258 971 3314; x_wconf 90' lang='lat' dir='ltr'><strong>occultam</strong></span> <span class='ocrx_word' id='word_1_251' title='bbox 1024 3259 1274 3315; x_wconf 88' lang='lat' dir='ltr'><strong>mulieris</strong></span> <span class='ocrx_word' id='word_1_252' title='bbox 1321 3257 1733 3330; x_wconf 79' lang='lat' dir='ltr'><strong>cogitationem,</strong></span> <span class='ocrx_word' id='word_1_253' title='bbox 1765 3256 1859 3313; x_wconf 89' lang='lat' dir='ltr'><strong>sed</strong></span> <span class='ocrx_word' id='word_1_254' title='bbox 1906 3254 2079 3312; x_wconf 86' lang='lat' dir='ltr'><strong>mani-</strong></span> 
     </span>
    </p>
   </div>
   <div class='ocr_carea' id='block_1_38' title="bbox 480 3346 2078 3421">
    <p class='ocr_par' dir='ltr' id='par_1_38' title="bbox 480 3346 2078 3421">
     <span class='ocr_line' id='line_1_38' title="bbox 480 3346 2078 3421; baseline -0.003 -17"><span class='ocrx_word' id='word_1_255' title='bbox 480 3349 673 3405; x_wconf 83' lang='lat' dir='ltr'><strong>festam</strong></span> <span class='ocrx_word' id='word_1_256' title='bbox 729 3348 892 3405; x_wconf 85' lang='lat' dir='ltr'><strong>fidem</strong></span> <span class='ocrx_word' id='word_1_257' title='bbox 944 3349 1260 3407; x_wconf 89' lang='lat' dir='ltr'><strong>admirabili</strong></span> <span class='ocrx_word' id='word_1_258' title='bbox 1305 3349 1625 3421; x_wconf 85' lang='lat' dir='ltr'><strong>probatione</strong></span> <span class='ocrx_word' id='word_1_259' title='bbox 1671 3346 1967 3414; x_wconf 90' lang='lat' dir='ltr'><strong>collaudat,</strong></span> <span class='ocrx_word' id='word_1_260' title='bbox 2024 3352 2078 3400; x_wconf 91' lang='lat' dir='ltr'><strong>et</strong></span> 
     </span>
    </p>
   </div>
   <div class='ocr_carea' id='block_1_39' title="bbox 479 3435 2073 3509">
    <p class='ocr_par' dir='ltr' id='par_1_39' title="bbox 479 3435 2073 3509">
     <span class='ocr_line' id='line_1_39' title="bbox 479 3435 2073 3509; baseline -0.003 -16"><span class='ocrx_word' id='word_1_261' title='bbox 479 3438 698 3508; x_wconf 72' lang='lat' dir='ltr'><strong>praefert</strong></span> <span class='ocrx_word' id='word_1_262' title='bbox 712 3439 1065 3509; x_wconf 88' lang='lat' dir='ltr'><strong>apparatibus</strong></span> <span class='ocrx_word' id='word_1_263' title='bbox 1082 3438 1375 3494; x_wconf 88' lang='lat' dir='ltr'><strong>invitantis</strong></span> <span class='ocrx_word' id='word_1_264' title='bbox 1397 3438 1713 3495; x_wconf 85' lang='lat' dir='ltr'><strong>confitentis</strong></span> <span class='ocrx_word' id='word_1_265' title='bbox 1730 3435 2073 3509; x_wconf 87' lang='lat' dir='ltr'><strong>obsequium,</strong></span> 
     </span>
    </p>
   </div>
   <div class='ocr_carea' id='block_1_40' title="bbox 480 3522 2076 3598">
    <p class='ocr_par' dir='ltr' id='par_1_40' title="bbox 480 3522 2076 3598">
     <span class='ocr_line' id='line_1_40' title="bbox 480 3522 2076 3598; baseline 0.001 -22"><span class='ocrx_word' id='word_1_266' title='bbox 480 3524 651 3593; x_wconf 85' lang='lat' dir='ltr'><strong>magis</strong></span> <span class='ocrx_word' id='word_1_267' title='bbox 678 3524 980 3579; x_wconf 87' lang='lat' dir='ltr'><strong>delectatus</strong></span> <span class='ocrx_word' id='word_1_268' title='bbox 1017 3526 1268 3580; x_wconf 89' lang='lat' dir='ltr'><strong>mulieris</strong></span> <span class='ocrx_word' id='word_1_269' title='bbox 1299 3525 1465 3593; x_wconf 86' lang='lat' dir='ltr'><strong>facto,</strong></span> <span class='ocrx_word' id='word_1_270' title='bbox 1496 3541 1658 3598; x_wconf 89' lang='lat' dir='ltr'><strong>quam</strong></span> <span class='ocrx_word' id='word_1_271' title='bbox 1691 3525 1944 3598; x_wconf 87' lang='lat' dir='ltr'><strong>prandio,</strong></span> <span class='ocrx_word' id='word_1_272' title='bbox 1985 3522 2076 3579; x_wconf 91' lang='lat' dir='ltr'><strong>cui</strong></span> 
     </span>
    </p>
   </div>
   <div class='ocr_carea' id='block_1_41' title="bbox 480 3610 2076 3686">
    <p class='ocr_par' dir='ltr' id='par_1_41' title="bbox 480 3610 2076 3686">
     <span class='ocr_line' id='line_1_41' title="bbox 480 3610 2076 3686; baseline 0.002 -21"><span class='ocrx_word' id='word_1_273' title='bbox 480 3612 604 3683; x_wconf 89' lang='lat' dir='ltr'><strong>plus</strong></span> <span class='ocrx_word' id='word_1_274' title='bbox 629 3610 737 3665; x_wconf 91' lang='lat' dir='ltr'><strong>fuit</strong></span> <span class='ocrx_word' id='word_1_275' title='bbox 765 3612 1123 3668; x_wconf 89' lang='lat' dir='ltr'><strong>conversione</strong></span> <span class='ocrx_word' id='word_1_276' title='bbox 1158 3614 1439 3680; x_wconf 89' lang='lat' dir='ltr'><strong>delectari,</strong></span> <span class='ocrx_word' id='word_1_277' title='bbox 1478 3631 1640 3686; x_wconf 88' lang='lat' dir='ltr'><strong>quam</strong></span> <span class='ocrx_word' id='word_1_278' title='bbox 1672 3614 1817 3686; x_wconf 89' lang='lat' dir='ltr'><strong>pasci</strong></span> <span class='ocrx_word' id='word_1_279' title='bbox 1844 3632 1857 3681; x_wconf 93' lang='lat'><strong>;</strong></span> <span class='ocrx_word' id='word_1_280' title='bbox 1892 3623 1952 3669; x_wconf 92' lang='lat' dir='ltr'><strong>ut</strong></span> <span class='ocrx_word' id='word_1_281' title='bbox 1982 3612 2076 3685; x_wconf 87' lang='lat' dir='ltr'><strong>qui</strong></span> 
     </span>
    </p>
   </div>
   <div class='ocr_carea' id='block_1_42' title="bbox 481 3697 2077 3774">
    <p class='ocr_par' dir='ltr' id='par_1_42' title="bbox 481 3697 2077 3774">
     <span class='ocr_line' id='line_1_42' title="bbox 481 3697 2077 3774; baseline 0.004 -21"><span class='ocrx_word' id='word_1_282' title='bbox 481 3697 591 3753; x_wconf 91' lang='lat' dir='ltr'><strong>cibi</strong></span> <span class='ocrx_word' id='word_1_283' title='bbox 626 3698 900 3754; x_wconf 88' lang='lat' dir='ltr'><strong>desiderio</strong></span> <span class='ocrx_word' id='word_1_284' title='bbox 934 3699 1163 3755; x_wconf 91' lang='lat' dir='ltr'><strong>minime</strong></span> <span class='ocrx_word' id='word_1_285' title='bbox 1190 3698 1513 3770; x_wconf 90' lang='lat' dir='ltr'><strong>ducebatur,</strong></span> <span class='ocrx_word' id='word_1_286' title='bbox 1541 3702 1905 3758; x_wconf 86' lang='lat' dir='ltr'><strong>confessionis</strong></span> <span class='ocrx_word' id='word_1_287' title='bbox 1933 3718 2077 3774; x_wconf 87' lang='lat' dir='ltr'><strong>epu-</strong></span> 
     </span>
    </p>
   </div>
   <div class='ocr_carea' id='block_1_43' title="bbox 480 3786 2076 3863">
    <p class='ocr_par' dir='ltr' id='par_1_43' title="bbox 480 3786 2076 3863">
     <span class='ocr_line' id='line_1_43' title="bbox 480 3786 2076 3863; baseline 0.004 -20"><span class='ocrx_word' id='word_1_288' title='bbox 480 3786 548 3843; x_wconf 91' lang='lat' dir='ltr'><strong>lis</strong></span> <span class='ocrx_word' id='word_1_289' title='bbox 595 3796 905 3860; x_wconf 88' lang='lat' dir='ltr'><strong>pasceretur</strong></span> <span class='ocrx_word' id='word_1_290' title='bbox 948 3806 959 3844; x_wconf 91' lang='lat'><strong>:</strong></span> <span class='ocrx_word' id='word_1_291' title='bbox 1031 3813 1049 3837; x_wconf 78' lang='grc' dir='ltr'><strong>σ</strong></span> <span class='ocrx_word' id='word_1_292' title='bbox 1088 3789 1277 3858; x_wconf 83' lang='lat' dir='ltr'><strong>Vides,</strong></span> <span class='ocrx_word' id='word_1_293' title='bbox 1319 3790 1523 3863; x_wconf 90' lang='lat' dir='ltr'><strong>inquit,</strong></span> <span class='ocrx_word' id='word_1_294' title='bbox 1554 3789 1697 3847; x_wconf 91' lang='lat' dir='ltr'><strong>hanc</strong></span> <span class='ocrx_word' id='word_1_295' title='bbox 1733 3792 2018 3849; x_wconf 91' lang='lat' dir='ltr'><strong>mulierem</strong></span> <span class='ocrx_word' id='word_1_296' title='bbox 2047 3792 2076 3850; x_wconf 82' lang='lat'><strong>?</strong></span> 
     </span>
    </p>
   </div>
   <div class='ocr_carea' id='block_1_44' title="bbox 481 3878 2075 3956">
    <p class='ocr_par' dir='ltr' id='par_1_44' title="bbox 481 3878 2075 3956">
     <span class='ocr_line' id='line_1_44' title="bbox 481 3878 2075 3956; baseline 0.004 -23"><span class='ocrx_word' id='word_1_297' title='bbox 481 3878 689 3934; x_wconf 90' lang='lat' dir='ltr'><strong>Intravi</strong></span> <span class='ocrx_word' id='word_1_298' title='bbox 732 3878 790 3936; x_wconf 92' lang='lat' dir='ltr'><strong>in</strong></span> <span class='ocrx_word' id='word_1_299' title='bbox 838 3878 1064 3937; x_wconf 91' lang='lat' dir='ltr'><strong>domum</strong></span> <span class='ocrx_word' id='word_1_300' title='bbox 1109 3890 1283 3951; x_wconf 90' lang='lat' dir='ltr'><strong>tuam,</strong></span> <span class='ocrx_word' id='word_1_301' title='bbox 1315 3882 1564 3939; x_wconf 90' lang='lat' dir='ltr'><strong>osculum</strong></span> <span class='ocrx_word' id='word_1_302' title='bbox 1607 3881 1767 3951; x_wconf 90' lang='lat' dir='ltr'><strong>mihi,</strong></span> <span class='ocrx_word' id='word_1_303' title='bbox 1798 3891 1851 3939; x_wconf 90' lang='lat' dir='ltr'><strong>et</strong></span> <span class='ocrx_word' id='word_1_304' title='bbox 1879 3899 2075 3956; x_wconf 89' lang='lat' dir='ltr'><strong>aquam</strong></span> 
     </span>
    </p>
   </div>
   <div class='ocr_carea' id='block_1_45' title="bbox 480 3969 2077 4046">
    <p class='ocr_par' dir='ltr' id='par_1_45' title="bbox 480 3969 2077 4046">
     <span class='ocr_line' id='line_1_45' title="bbox 480 3969 2077 4046; baseline 0.002 -21"><span class='ocrx_word' id='word_1_305' title='bbox 480 3969 715 4041; x_wconf 88' lang='lat' dir='ltr'><strong>pedibus</strong></span> <span class='ocrx_word' id='word_1_306' title='bbox 744 3970 881 4027; x_wconf 90' lang='lat' dir='ltr'><strong>meis</strong></span> <span class='ocrx_word' id='word_1_307' title='bbox 909 3988 1018 4027; x_wconf 88' lang='lat' dir='ltr'><strong>non</strong></span> <span class='ocrx_word' id='word_1_308' title='bbox 1044 3971 1246 4029; x_wconf 90' lang='lat' dir='ltr'><strong>dedisti</strong></span> <span class='ocrx_word' id='word_1_309' title='bbox 1280 3988 1291 4027; x_wconf 93' lang='lat'><strong>:</strong></span> <span class='ocrx_word' id='word_1_310' title='bbox 1324 3971 1441 4029; x_wconf 72' lang='lat' dir='ltr'><strong>hzec</strong></span> <span class='ocrx_word' id='word_1_311' title='bbox 1478 3980 1660 4029; x_wconf 91' lang='lat' dir='ltr'><strong>autem</strong></span> <span class='ocrx_word' id='word_1_312' title='bbox 1714 3988 1784 4029; x_wconf 82' lang='lat' dir='ltr'><strong>ex</strong></span> <span class='ocrx_word' id='word_1_313' title='bbox 1836 3989 1945 4046; x_wconf 93' lang='lat' dir='ltr'><strong>quo</strong></span> <span class='ocrx_word' id='word_1_314' title='bbox 1978 3973 2077 4028; x_wconf 88' lang='lat' dir='ltr'><strong>in—</strong></span> 
     </span>
    </p>
   </div>
   <div class='ocr_carea' id='block_1_46' title="bbox 482 4058 2077 4134">
    <p class='ocr_par' dir='ltr' id='par_1_46' title="bbox 482 4058 2077 4134">
     <span class='ocr_line' id='line_1_46' title="bbox 482 4058 2077 4134; baseline 0.004 -22"><span class='ocrx_word' id='word_1_315' title='bbox 482 4058 670 4126; x_wconf 86' lang='lat' dir='ltr'><strong>travit,</strong></span> <span class='ocrx_word' id='word_1_316' title='bbox 720 4075 831 4115; x_wconf 90' lang='lat' dir='ltr'><strong>non</strong></span> <span class='ocrx_word' id='word_1_317' title='bbox 878 4061 1111 4119; x_wconf 85' lang='lat' dir='ltr'><strong>cessavit</strong></span> <span class='ocrx_word' id='word_1_318' title='bbox 1147 4062 1381 4119; x_wconf 87' lang='lat' dir='ltr'><strong>osculari</strong></span> <span class='ocrx_word' id='word_1_319' title='bbox 1430 4062 1594 4134; x_wconf 88' lang='lat' dir='ltr'><strong>pedes</strong></span> <span class='ocrx_word' id='word_1_320' title='bbox 1624 4078 1790 4119; x_wconf 90' lang='lat' dir='ltr'><strong>meos.</strong></span> <span class='ocrx_word' id='word_1_321' title='bbox 1829 4063 1964 4119; x_wconf 90' lang='lat' dir='ltr'><strong>Oleo</strong></span> <span class='ocrx_word' id='word_1_322' title='bbox 1992 4079 2077 4119; x_wconf 90' lang='lat' dir='ltr'><strong>ca-</strong></span> 
     </span>
    </p>
   </div>
   <div class='ocr_carea' id='block_1_47' title="bbox 2109 1653 2155 1713">
    <p class='ocr_par' dir='ltr' id='par_1_47' title="bbox 2109 1653 2155 1713">
     <span class='ocr_line' id='line_1_47' title="bbox 2109 1653 2155 1713; baseline 0 0"><span class='ocrx_word' id='word_1_323' title='bbox 2109 1653 2155 1713; x_wconf 91' lang='lat' dir='ltr'><strong>B</strong></span> 
     </span>
    </p>
   </div>
   <div class='ocr_carea' id='block_1_48' title="bbox 2111 3014 2153 3075">
    <p class='ocr_par' dir='ltr' id='par_1_48' title="bbox 2111 3014 2153 3075">
     <span class='ocr_line' id='line_1_48' title="bbox 2111 3014 2153 3075; baseline 0 0"><span class='ocrx_word' id='word_1_324' title='bbox 2111 3014 2153 3075; x_wconf 90' lang='lat' dir='ltr'>C</span> 
     </span>
    </p>
   </div>
   <div class='ocr_carea' id='block_1_49' title="bbox 483 4151 2077 4226">
    <p class='ocr_par' dir='ltr' id='par_1_49' title="bbox 483 4151 2077 4226">
     <span class='ocr_line' id='line_1_49' title="bbox 483 4151 2077 4226; baseline 0.006 -26"><span class='ocrx_word' id='word_1_325' title='bbox 483 4154 583 4218; x_wconf 89' lang='lat' dir='ltr'><strong>put</strong></span> <span class='ocrx_word' id='word_1_326' title='bbox 612 4162 792 4202; x_wconf 88' lang='lat' dir='ltr'><strong>meum</strong></span> <span class='ocrx_word' id='word_1_327' title='bbox 825 4166 937 4205; x_wconf 90' lang='lat' dir='ltr'><strong>non</strong></span> <span class='ocrx_word' id='word_1_328' title='bbox 967 4151 1201 4221; x_wconf 81' lang='lat' dir='ltr'><strong>unxisti,</strong></span> <span class='ocrx_word' id='word_1_329' title='bbox 1234 4152 1351 4209; x_wconf 75' lang='lat' dir='ltr'><strong>haec</strong></span> <span class='ocrx_word' id='word_1_330' title='bbox 1389 4160 1568 4209; x_wconf 85' lang='lat' dir='ltr'><strong>autem</strong></span> <span class='ocrx_word' id='word_1_331' title='bbox 1596 4160 1876 4226; x_wconf 89' lang='lat' dir='ltr'><strong>unguento</strong></span> <span class='ocrx_word' id='word_1_332' title='bbox 1914 4152 2077 4209; x_wconf 80' lang='lat' dir='ltr'><strong>unxit</strong></span> 
     </span>
    </p>
   </div>
   <div class='ocr_carea' id='block_1_50' title="bbox 480 4233 2074 4313">
    <p class='ocr_par' dir='ltr' id='par_1_50' title="bbox 480 4233 2074 4313">
     <span class='ocr_line' id='line_1_50' title="bbox 480 4233 2074 4313; baseline 0.009 -27"><span class='ocrx_word' id='word_1_333' title='bbox 480 4233 645 4306; x_wconf 88' lang='lat' dir='ltr'><strong>pedes</strong></span> <span class='ocrx_word' id='word_1_334' title='bbox 675 4252 843 4291; x_wconf 89' lang='lat' dir='ltr'><strong>meos.</strong></span> <span class='ocrx_word' id='word_1_335' title='bbox 877 4238 1104 4309; x_wconf 90' lang='lat' dir='ltr'><strong>Propter</strong></span> <span class='ocrx_word' id='word_1_336' title='bbox 1149 4242 1295 4313; x_wconf 90' lang='lat' dir='ltr'><strong>quod</strong></span> <span class='ocrx_word' id='word_1_337' title='bbox 1331 4243 1457 4298; x_wconf 88' lang='lat' dir='ltr'><strong>dico</strong></span> <span class='ocrx_word' id='word_1_338' title='bbox 1485 4242 1610 4310; x_wconf 90' lang='lat' dir='ltr'><strong>tibi,</strong></span> <span class='ocrx_word' id='word_1_339' title='bbox 1641 4243 1998 4300; x_wconf 88' lang='lat' dir='ltr'><strong>remittuntur</strong></span> <span class='ocrx_word' id='word_1_340' title='bbox 2025 4245 2074 4300; x_wconf 90' lang='lat' dir='ltr'><strong>ei</strong></span> 
     </span>
    </p>
   </div>
   <div class='ocr_carea' id='block_1_51' title="bbox 482 4324 2077 4397">
    <p class='ocr_par' dir='ltr' id='par_1_51' title="bbox 482 4324 2077 4397">
     <span class='ocr_line' id='line_1_51' title="bbox 482 4324 2077 4397; baseline 0.009 -21"><span class='ocrx_word' id='word_1_341' title='bbox 482 4330 701 4392; x_wconf 85' lang='lat' dir='ltr'><strong>peccata</strong></span> <span class='ocrx_word' id='word_1_342' title='bbox 730 4324 926 4391; x_wconf 89' lang='lat' dir='ltr'><strong>multa,</strong></span> <span class='ocrx_word' id='word_1_343' title='bbox 959 4328 1087 4397; x_wconf 88' lang='lat' dir='ltr'><strong>quia</strong></span> <span class='ocrx_word' id='word_1_344' title='bbox 1116 4327 1313 4385; x_wconf 88' lang='lat' dir='ltr'><strong>dilexit</strong></span> <span class='ocrx_word' id='word_1_345' title='bbox 1362 4331 1619 4391; x_wconf 87' lang='lat' dir='ltr'><strong>multum.</strong></span> <span class='ocrx_word' id='word_1_346' title='bbox 1663 4332 1733 4388; x_wconf 90' lang='lat' dir='ltr'><strong>Et</strong></span> <span class='ocrx_word' id='word_1_347' title='bbox 1780 4348 2077 4390; x_wconf 89' lang='lat' dir='ltr'><strong>conversus</strong></span> 
     </span>
    </p>
   </div>
   <div class='ocr_carea' id='block_1_52' title="bbox 481 4396 2155 4492">
    <p class='ocr_par' dir='ltr' id='par_1_52' title="bbox 481 4396 2155 4492">
     <span class='ocr_line' id='line_1_52' title="bbox 481 4396 2155 4492; baseline 0.008 -28"><span class='ocrx_word' id='word_1_348' title='bbox 481 4409 551 4465; x_wconf 90' lang='lat' dir='ltr'><strong>ad</strong></span> <span class='ocrx_word' id='word_1_349' title='bbox 582 4410 868 4467; x_wconf 89' lang='lat' dir='ltr'><strong>mulierem</strong></span> <span class='ocrx_word' id='word_1_350' title='bbox 902 4396 1050 4470; x_wconf 58' lang='lat' dir='ltr'><strong>disit</strong></span> <span class='ocrx_word' id='word_1_351' title='bbox 1080 4433 1091 4469; x_wconf 87' lang='lat'><strong>:</strong></span> <span class='ocrx_word' id='word_1_352' title='bbox 1142 4416 1381 4473; x_wconf 89' lang='lat' dir='ltr'><strong>Dimissa</strong></span> <span class='ocrx_word' id='word_1_353' title='bbox 1432 4427 1563 4475; x_wconf 90' lang='lat' dir='ltr'><strong>sunt</strong></span> <span class='ocrx_word' id='word_1_354' title='bbox 1608 4419 1709 4475; x_wconf 91' lang='lat' dir='ltr'><strong>tibi</strong></span> <span class='ocrx_word' id='word_1_355' title='bbox 1743 4430 1961 4492; x_wconf 89' lang='lat' dir='ltr'><strong>peccata</strong></span> <span class='ocrx_word' id='word_1_356' title='bbox 1986 4429 2081 4477; x_wconf 92' lang='lat' dir='ltr'><strong>tua</strong></span> <span class='ocrx_word' id='word_1_357' title='bbox 2107 4396 2155 4456; x_wconf 72' lang='grc' dir='ltr'>Β</span> 
     </span>
    </p>
   </div>
   <div class='ocr_carea' id='block_1_53' title="bbox 482 4499 2077 4572">
    <p class='ocr_par' dir='ltr' id='par_1_53' title="bbox 482 4499 2077 4572">
     <span class='ocr_line' id='line_1_53' title="bbox 482 4499 2077 4572; baseline 0.008 -18"><span class='ocrx_word' id='word_1_358' title='bbox 482 4500 635 4570; x_wconf 86' lang='lat' dir='ltr'><strong>(Luc.</strong></span> <span class='ocrx_word' id='word_1_359' title='bbox 672 4516 772 4568; x_wconf 81' lang='lat' dir='ltr'><strong>vir,</strong></span> <span class='ocrx_word' id='word_1_360' title='bbox 801 4499 918 4572; x_wconf 74' lang='grc'>44).</span> <span class='ocrx_word' id='word_1_361' title='bbox 952 4526 969 4548; x_wconf 76' lang='grc' dir='ltr'><strong><em>ι</em></strong></span> <span class='ocrx_word' id='word_1_362' title='bbox 1005 4502 1241 4560; x_wconf 88' lang='lat' dir='ltr'><strong>Parvum</strong></span> <span class='ocrx_word' id='word_1_363' title='bbox 1270 4514 1353 4561; x_wconf 77' lang='lat' dir='ltr'><strong>est</strong></span> <span class='ocrx_word' id='word_1_364' title='bbox 1390 4504 1493 4564; x_wconf 91' lang='lat' dir='ltr'><strong>hoc</strong></span> <span class='ocrx_word' id='word_1_365' title='bbox 1514 4509 1543 4564; x_wconf 83' lang='lat'><strong>?</strong></span> <span class='ocrx_word' id='word_1_366' title='bbox 1582 4507 1938 4565; x_wconf 89' lang='lat' dir='ltr'><strong>Postmodum</strong></span> <span class='ocrx_word' id='word_1_367' title='bbox 1969 4526 2077 4566; x_wconf 88' lang='lat' dir='ltr'><strong>au-</strong></span> 
     </span>
    </p>
   </div>
   <div class='ocr_carea' id='block_1_54' title="bbox 482 4590 2075 4665">
    <p class='ocr_par' dir='ltr' id='par_1_54' title="bbox 482 4590 2075 4665">
     <span class='ocr_line' id='line_1_54' title="bbox 482 4590 2075 4665; baseline 0.006 -18"><span class='ocrx_word' id='word_1_368' title='bbox 482 4599 589 4647; x_wconf 91' lang='lat' dir='ltr'><strong>tem</strong></span> <span class='ocrx_word' id='word_1_369' title='bbox 624 4590 749 4647; x_wconf 90' lang='lat' dir='ltr'><strong>vide</strong></span> <span class='ocrx_word' id='word_1_370' title='bbox 777 4591 909 4664; x_wconf 88' lang='lat' dir='ltr'><strong>quid</strong></span> <span class='ocrx_word' id='word_1_371' title='bbox 936 4594 1123 4649; x_wconf 89' lang='lat' dir='ltr'><strong>audiat</strong></span> <span class='ocrx_word' id='word_1_372' title='bbox 1156 4612 1167 4650; x_wconf 91' lang='lat'><strong>:</strong></span> <span class='ocrx_word' id='word_1_373' title='bbox 1216 4618 1234 4641; x_wconf 80' lang='grc' dir='ltr'>ι</span> <span class='ocrx_word' id='word_1_374' title='bbox 1266 4596 1425 4665; x_wconf 85' lang='lat' dir='ltr'><strong>Filia,</strong></span> <span class='ocrx_word' id='word_1_375' title='bbox 1459 4596 1593 4654; x_wconf 85' lang='lat' dir='ltr'><strong>ﬁdes</strong></span> <span class='ocrx_word' id='word_1_376' title='bbox 1629 4606 1723 4655; x_wconf 90' lang='lat' dir='ltr'><strong>tua</strong></span> <span class='ocrx_word' id='word_1_377' title='bbox 1772 4607 1825 4654; x_wconf 88' lang='lat' dir='ltr'><strong>te</strong></span> <span class='ocrx_word' id='word_1_378' title='bbox 1867 4600 2075 4656; x_wconf 84' lang='lat' dir='ltr'><strong>salvam</strong></span> 
     </span>
    </p>
   </div>
   <div class='ocr_carea' id='block_1_55' title="bbox 366 4679 2073 4761">
    <p class='ocr_par' dir='ltr' id='par_1_55' title="bbox 366 4679 2073 4761">
     <span class='ocr_line' id='line_1_55' title="bbox 366 4679 2073 4761; baseline 0.009 -29"><span class='ocrx_word' id='word_1_379' title='bbox 366 4708 379 4721; x_wconf 73' lang='grc' dir='ltr'><strong><em>ο</em></strong></span> <span class='ocrx_word' id='word_1_380' title='bbox 487 4679 634 4748; x_wconf 73' lang='lat' dir='ltr'><strong>fecit,</strong></span> <span class='ocrx_word' id='word_1_381' title='bbox 664 4680 801 4737; x_wconf 89' lang='lat' dir='ltr'><strong>vade</strong></span> <span class='ocrx_word' id='word_1_382' title='bbox 833 4681 888 4736; x_wconf 93' lang='lat' dir='ltr'><strong>in</strong></span> <span class='ocrx_word' id='word_1_383' title='bbox 918 4697 1047 4755; x_wconf 88' lang='lat' dir='ltr'><strong>pace</strong></span> <span class='ocrx_word' id='word_1_384' title='bbox 1079 4683 1240 4754; x_wconf 81' lang='lat' dir='ltr'><strong>(Ibid.</strong></span> <span class='ocrx_word' id='word_1_385' title='bbox 1283 4684 1400 4756; x_wconf 80' lang='grc'>50).</span> <span class='ocrx_word' id='word_1_386' title='bbox 1433 4707 1452 4734; x_wconf 76' lang='grc' dir='ltr'><strong><em>ι</em></strong></span> <span class='ocrx_word' id='word_1_387' title='bbox 1513 4687 1733 4744; x_wconf 90' lang='lat' dir='ltr'><strong>Dudum</strong></span> <span class='ocrx_word' id='word_1_388' title='bbox 1773 4691 2073 4761; x_wconf 84' lang='lat' dir='ltr'><strong>peccatrix,</strong></span> 
     </span>
    </p>
   </div>
   <div class='ocr_carea' id='block_1_56' title="bbox 490 4768 2073 4849">
    <p class='ocr_par' dir='ltr' id='par_1_56' title="bbox 490 4768 2073 4849">
     <span class='ocr_line' id='line_1_56' title="bbox 490 4768 2073 4849; baseline 0.009 -27"><span class='ocrx_word' id='word_1_389' title='bbox 490 4768 733 4827; x_wconf 68' lang='lat' dir='ltr'><strong>absoluta</strong></span> <span class='ocrx_word' id='word_1_390' title='bbox 761 4787 892 4828; x_wconf 82' lang='lat' dir='ltr'><strong>mox</strong></span> <span class='ocrx_word' id='word_1_391' title='bbox 932 4771 1068 4841; x_wconf 84' lang='lat' dir='ltr'><strong>ﬁlia,</strong></span> <span class='ocrx_word' id='word_1_392' title='bbox 1097 4781 1152 4829; x_wconf 89' lang='lat' dir='ltr'><strong>et</strong></span> <span class='ocrx_word' id='word_1_393' title='bbox 1214 4774 1273 4828; x_wconf 93' lang='lat' dir='ltr'><strong>in</strong></span> <span class='ocrx_word' id='word_1_394' title='bbox 1329 4774 1552 4832; x_wconf 85' lang='lat' dir='ltr'><strong>Domini</strong></span> <span class='ocrx_word' id='word_1_395' title='bbox 1606 4793 1735 4849; x_wconf 81' lang='lat' dir='ltr'><strong>pace</strong></span> <span class='ocrx_word' id='word_1_396' title='bbox 1783 4779 2073 4837; x_wconf 85' lang='lat' dir='ltr'><strong>confestim</strong></span> 
     </span>
    </p>
   </div>
   <div class='ocr_carea' id='block_1_57' title="bbox 478 4858 2073 4936">
    <p class='ocr_par' dir='ltr' id='par_1_57' title="bbox 478 4858 2073 4936">
     <span class='ocr_line' id='line_1_57' title="bbox 478 4858 2073 4936; baseline 0.007 -22"><span class='ocrx_word' id='word_1_397' title='bbox 478 4858 727 4916; x_wconf 90' lang='lat' dir='ltr'><strong>absoluta</strong></span> <span class='ocrx_word' id='word_1_398' title='bbox 781 4860 1106 4931; x_wconf 83' lang='lat' dir='ltr'><strong>dimittitur,</strong></span> <span class='ocrx_word' id='word_1_399' title='bbox 1156 4879 1276 4936; x_wconf 65' lang='lat' dir='ltr'><strong>quas</strong></span> <span class='ocrx_word' id='word_1_400' title='bbox 1324 4881 1548 4922; x_wconf 89' lang='lat' dir='ltr'><strong>suorum</strong></span> <span class='ocrx_word' id='word_1_401' title='bbox 1596 4865 1743 4923; x_wconf 89' lang='lat' dir='ltr'><strong>bello</strong></span> <span class='ocrx_word' id='word_1_402' title='bbox 1773 4867 2073 4925; x_wconf 90' lang='lat' dir='ltr'><strong>criminum</strong></span> 
     </span>
    </p>
   </div>
   <div class='ocr_carea' id='block_1_58' title="bbox 479 4950 2068 5027">
    <p class='ocr_par' dir='ltr' id='par_1_58' title="bbox 479 4950 2068 5027">
     <span class='ocr_line' id='line_1_58' title="bbox 479 4950 2068 5027; baseline 0.006 -24"><span class='ocrx_word' id='word_1_403' title='bbox 479 4950 812 5007; x_wconf 89' lang='lat' dir='ltr'><strong>vastabatur.</strong></span> <span class='ocrx_word' id='word_1_404' title='bbox 850 4952 963 5008; x_wconf 85' lang='lat' dir='ltr'><strong>Hoc</strong></span> <span class='ocrx_word' id='word_1_405' title='bbox 1009 4961 1092 5009; x_wconf 90' lang='lat' dir='ltr'><strong>est</strong></span> <span class='ocrx_word' id='word_1_406' title='bbox 1131 4950 1274 5009; x_wconf 91' lang='lat' dir='ltr'><strong>illud</strong></span> <span class='ocrx_word' id='word_1_407' title='bbox 1324 4955 1704 5027; x_wconf 88' lang='lat' dir='ltr'><strong>propheticum</strong></span> <span class='ocrx_word' id='word_1_408' title='bbox 1736 4958 2018 5014; x_wconf 90' lang='lat' dir='ltr'><strong>oraculum</strong></span> <span class='ocrx_word' id='word_1_409' title='bbox 2056 4973 2068 5013; x_wconf 91' lang='lat'><strong>:</strong></span> 
     </span>
    </p>
   </div>
   <div class='ocr_carea' id='block_1_59' title="bbox 492 5039 2071 5117">
    <p class='ocr_par' dir='ltr' id='par_1_59' title="bbox 492 5039 2071 5117">
     <span class='ocr_line' id='line_1_59' title="bbox 492 5039 2071 5117; baseline 0.006 -21"><span class='ocrx_word' id='word_1_410' title='bbox 492 5064 509 5085; x_wconf 76' lang='grc' dir='ltr'><strong>ε</strong></span> <span class='ocrx_word' id='word_1_411' title='bbox 540 5039 677 5097; x_wconf 88' lang='lat' dir='ltr'><strong>Cum</strong></span> <span class='ocrx_word' id='word_1_412' title='bbox 707 5057 1004 5098; x_wconf 90' lang='lat' dir='ltr'><strong>conversus</strong></span> <span class='ocrx_word' id='word_1_413' title='bbox 1032 5043 1202 5100; x_wconf 88' lang='lat' dir='ltr'><strong>fueris</strong></span> <span class='ocrx_word' id='word_1_414' title='bbox 1239 5053 1292 5102; x_wconf 90' lang='lat' dir='ltr'><strong>et</strong></span> <span class='ocrx_word' id='word_1_415' title='bbox 1337 5045 1690 5117; x_wconf 89' lang='lat' dir='ltr'><strong>ingemueris,</strong></span> <span class='ocrx_word' id='word_1_416' title='bbox 1722 5055 1855 5105; x_wconf 92' lang='lat' dir='ltr'><strong>tunc</strong></span> <span class='ocrx_word' id='word_1_417' title='bbox 1883 5050 2071 5105; x_wconf 86' lang='lat' dir='ltr'><strong>salva-</strong></span> 
     </span>
    </p>
   </div>
   <div class='ocr_carea' id='block_1_60' title="bbox 473 5135 2069 5219">
    <p class='ocr_par' dir='ltr' id='par_1_60' title="bbox 473 5135 2069 5219">
     <span class='ocr_line' id='line_1_60' title="bbox 473 5135 2069 5219; baseline 0.008 -29"><span class='ocrx_word' id='word_1_418' title='bbox 473 5135 619 5193; x_wconf 87' lang='lat' dir='ltr'><strong>beris</strong></span> <span class='ocrx_word' id='word_1_419' title='bbox 662 5139 798 5211; x_wconf 82' lang='lat' dir='ltr'><strong>(Isa.</strong></span> <span class='ocrx_word' id='word_1_420' title='bbox 830 5156 969 5208; x_wconf 82' lang='lat' dir='ltr'><strong>xxx,</strong></span> <span class='ocrx_word' id='word_1_421' title='bbox 1004 5141 1094 5211; x_wconf 83' lang='grc'><strong>15)</strong></span> <span class='ocrx_word' id='word_1_422' title='bbox 1126 5159 1139 5208; x_wconf 92' lang='grc'>;</span> <span class='ocrx_word' id='word_1_423' title='bbox 1174 5165 1192 5190; x_wconf 75' lang='grc' dir='ltr'><strong>ι</strong></span> <span class='ocrx_word' id='word_1_424' title='bbox 1225 5150 1278 5197; x_wconf 91' lang='lat' dir='ltr'><strong>et</strong></span> <span class='ocrx_word' id='word_1_425' title='bbox 1312 5159 1323 5195; x_wconf 89' lang='lat'><strong>:</strong></span> <span class='ocrx_word' id='word_1_426' title='bbox 1360 5167 1378 5190; x_wconf 79' lang='grc' dir='ltr'>σ</span> <span class='ocrx_word' id='word_1_427' title='bbox 1405 5143 1505 5200; x_wconf 91' lang='lat' dir='ltr'><strong>Dic</strong></span> <span class='ocrx_word' id='word_1_428' title='bbox 1540 5153 1598 5201; x_wconf 92' lang='lat' dir='ltr'><strong>tu</strong></span> <span class='ocrx_word' id='word_1_429' title='bbox 1632 5145 1782 5216; x_wconf 88' lang='lat' dir='ltr'><strong>prior</strong></span> <span class='ocrx_word' id='word_1_430' title='bbox 1809 5145 2069 5219; x_wconf 91' lang='lat' dir='ltr'><strong>iniquita-</strong></span> 
     </span>
    </p>
   </div>
   <div class='ocr_carea' id='block_1_61' title="bbox 476 5226 2069 5308">
    <p class='ocr_par' dir='ltr' id='par_1_61' title="bbox 476 5226 2069 5308">
     <span class='ocr_line' id='line_1_61' title="bbox 476 5226 2069 5308; baseline 0.008 -29"><span class='ocrx_word' id='word_1_431' title='bbox 476 5232 553 5282; x_wconf 88' lang='lat' dir='ltr'><strong>tes</strong></span> <span class='ocrx_word' id='word_1_432' title='bbox 582 5235 723 5295; x_wconf 89' lang='lat' dir='ltr'><strong>tnas,</strong></span> <span class='ocrx_word' id='word_1_433' title='bbox 755 5237 816 5284; x_wconf 91' lang='lat' dir='ltr'><strong>ut</strong></span> <span class='ocrx_word' id='word_1_434' title='bbox 838 5226 1160 5299; x_wconf 84' lang='lat' dir='ltr'><strong>justiliceris</strong></span> <span class='ocrx_word' id='word_1_435' title='bbox 1198 5231 1333 5301; x_wconf 77' lang='lat' dir='ltr'><strong>(Isa.</strong></span> <span class='ocrx_word' id='word_1_436' title='bbox 1362 5248 1521 5302; x_wconf 78' lang='lat' dir='ltr'><strong>XLIII,</strong></span> <span class='ocrx_word' id='word_1_437' title='bbox 1563 5232 1677 5305; x_wconf 81' lang='lat'><strong>26).</strong></span> <span class='ocrx_word' id='word_1_438' title='bbox 1712 5254 1740 5283; x_wconf 83' lang='lat'><strong>»</strong></span> <span class='ocrx_word' id='word_1_439' title='bbox 1773 5232 1910 5290; x_wconf 91' lang='lat' dir='ltr'><strong>Cum</strong></span> <span class='ocrx_word' id='word_1_440' title='bbox 1940 5250 2069 5308; x_wconf 91' lang='lat' dir='ltr'><strong>ergo</strong></span> 
     </span>
    </p>
   </div>
   <div class='ocr_carea' id='block_1_62' title="bbox 472 5379 2066 5503">
    <p class='ocr_par' dir='ltr' id='par_1_62' title="bbox 472 5379 2066 5503">
     <span class='ocr_line' id='line_1_62' title="bbox 472 5379 2066 5503; baseline -0.004 -52"><span class='ocrx_word' id='word_1_441' title='bbox 472 5379 655 5503; x_wconf 51' lang='lat' dir='ltr'><strong>mg”)</strong></span> <span class='ocrx_word' id='word_1_442' title='bbox 687 5379 857 5449; x_wconf 89' lang='lat' dir='ltr'><strong>Edit.,</strong></span> <span class='ocrx_word' id='word_1_443' title='bbox 888 5380 1144 5438; x_wconf 81' lang='lat' dir='ltr'><strong>invitator</strong></span> <span class='ocrx_word' id='word_1_444' title='bbox 1174 5399 1191 5438; x_wconf 94' lang='lat'><strong>:</strong></span> <span class='ocrx_word' id='word_1_445' title='bbox 1224 5384 1401 5441; x_wconf 82' lang='lat' dir='ltr'><strong>codex</strong></span> <span class='ocrx_word' id='word_1_446' title='bbox 1432 5385 1587 5443; x_wconf 80' lang='lat' dir='ltr'><strong>Hem.</strong></span> <span class='ocrx_word' id='word_1_447' title='bbox 1623 5402 1687 5444; x_wconf 87' lang='lat' dir='ltr'><strong>ac</strong></span> <span class='ocrx_word' id='word_1_448' title='bbox 1719 5386 1900 5456; x_wconf 89' lang='lat' dir='ltr'><strong>Sorb.,</strong></span> <span class='ocrx_word' id='word_1_449' title='bbox 1932 5388 2066 5446; x_wconf 75' lang='lat' dir='ltr'><strong>invi-</strong></span> 
     </span>
    </p>
   </div>
   <div class='ocr_carea' id='block_1_63' title="bbox 2188 369 3823 439">
    <p class='ocr_par' dir='ltr' id='par_1_63' title="bbox 2188 369 3823 439">
     <span class='ocr_line' id='line_1_63' title="bbox 2188 369 3823 439; baseline 0.001 -13"><span class='ocrx_word' id='word_1_450' title='bbox 2188 370 2375 427; x_wconf 70' lang='lat' dir='ltr'><strong>tentize</strong></span> <span class='ocrx_word' id='word_1_451' title='bbox 2418 370 2709 439; x_wconf 80' lang='lat' dir='ltr'><strong>sacriﬁcio,</strong></span> <span class='ocrx_word' id='word_1_452' title='bbox 2759 386 2862 427; x_wconf 89' lang='lat' dir='ltr'><strong>nec</strong></span> <span class='ocrx_word' id='word_1_453' title='bbox 2905 370 3130 428; x_wconf 85' lang='lat' dir='ltr'><strong>contriti</strong></span> <span class='ocrx_word' id='word_1_454' title='bbox 3177 370 3362 428; x_wconf 89' lang='lat' dir='ltr'><strong>cordis</strong></span> <span class='ocrx_word' id='word_1_455' title='bbox 3406 379 3464 427; x_wconf 83' lang='lat' dir='ltr'><strong>et</strong></span> <span class='ocrx_word' id='word_1_456' title='bbox 3516 369 3823 427; x_wconf 84' lang='lat' dir='ltr'><strong>humiliati</strong></span> 
     </span>
    </p>
   </div>
   <div class='ocr_carea' id='block_1_64' title="bbox 2189 458 3822 533">
    <p class='ocr_par' dir='ltr' id='par_1_64' title="bbox 2189 458 3822 533">
     <span class='ocr_line' id='line_1_64' title="bbox 2189 458 3822 533; baseline 0.001 -19"><span class='ocrx_word' id='word_1_457' title='bbox 2189 459 2416 532; x_wconf 89' lang='lat' dir='ltr'><strong>spiritus</strong></span> <span class='ocrx_word' id='word_1_458' title='bbox 2452 460 2595 533; x_wconf 90' lang='lat' dir='ltr'><strong>apud</strong></span> <span class='ocrx_word' id='word_1_459' title='bbox 2634 459 2788 533; x_wconf 89' lang='lat' dir='ltr'><strong>pium</strong></span> <span class='ocrx_word' id='word_1_460' title='bbox 2816 459 3060 532; x_wconf 90' lang='lat' dir='ltr'><strong>judicem</strong></span> <span class='ocrx_word' id='word_1_461' title='bbox 3089 459 3330 516; x_wconf 88' lang='lat' dir='ltr'><strong>verearis</strong></span> <span class='ocrx_word' id='word_1_462' title='bbox 3372 458 3561 531; x_wconf 90' lang='lat' dir='ltr'><strong>perire</strong></span> <span class='ocrx_word' id='word_1_463' title='bbox 3594 475 3822 515; x_wconf 81' lang='lat' dir='ltr'><strong>merce-</strong></span> 
     </span>
    </p>
   </div>
   <div class='ocr_carea' id='block_1_65' title="bbox 2189 549 3822 624">
    <p class='ocr_par' dir='ltr' id='par_1_65' title="bbox 2189 549 3822 624">
     <span class='ocr_line' id='line_1_65' title="bbox 2189 549 3822 624; baseline -0.001 -18"><span class='ocrx_word' id='word_1_464' title='bbox 2189 550 2333 618; x_wconf 90' lang='lat' dir='ltr'><strong>dem,</strong></span> <span class='ocrx_word' id='word_1_465' title='bbox 2366 551 2646 624; x_wconf 88' lang='lat' dir='ltr'><strong>Scriptura</strong></span> <span class='ocrx_word' id='word_1_466' title='bbox 2678 550 2894 608; x_wconf 88' lang='lat' dir='ltr'><strong>dicente</strong></span> <span class='ocrx_word' id='word_1_467' title='bbox 2928 568 2939 606; x_wconf 87' lang='lat'><strong>:</strong></span> <span class='ocrx_word' id='word_1_468' title='bbox 2975 572 3003 599; x_wconf 84' lang='lat'><strong>«</strong></span> <span class='ocrx_word' id='word_1_469' title='bbox 3043 549 3389 607; x_wconf 88' lang='lat' dir='ltr'><strong>Sacriﬁcium</strong></span> <span class='ocrx_word' id='word_1_470' title='bbox 3417 551 3541 605; x_wconf 87' lang='lat' dir='ltr'><strong>Deo</strong></span> <span class='ocrx_word' id='word_1_471' title='bbox 3570 549 3822 621; x_wconf 85' lang='lat' dir='ltr'><strong>spiritus</strong></span> 
     </span>
    </p>
   </div>
   <div class='ocr_carea' id='block_1_66' title="bbox 2189 638 3823 709">
    <p class='ocr_par' dir='ltr' id='par_1_66' title="bbox 2189 638 3823 709">
     <span class='ocr_line' id='line_1_66' title="bbox 2189 638 3823 709; baseline -0.002 -13"><span class='ocrx_word' id='word_1_472' title='bbox 2189 640 2611 709; x_wconf 89' lang='lat' dir='ltr'><strong>contribulatus,</strong></span> <span class='ocrx_word' id='word_1_473' title='bbox 2651 657 2747 698; x_wconf 91' lang='lat' dir='ltr'><strong>cor</strong></span> <span class='ocrx_word' id='word_1_474' title='bbox 2791 640 3093 697; x_wconf 90' lang='lat' dir='ltr'><strong>contritum</strong></span> <span class='ocrx_word' id='word_1_475' title='bbox 3138 647 3194 695; x_wconf 92' lang='lat' dir='ltr'><strong>et</strong></span> <span class='ocrx_word' id='word_1_476' title='bbox 3238 638 3611 694; x_wconf 88' lang='lat' dir='ltr'><strong>humiliatum</strong></span> <span class='ocrx_word' id='word_1_477' title='bbox 3666 639 3823 694; x_wconf 85' lang='lat' dir='ltr'><strong>Deus</strong></span> 
     </span>
    </p>
   </div>
   <div class='ocr_carea' id='block_1_67' title="bbox 2189 726 3821 801">
    <p class='ocr_par' dir='ltr' id='par_1_67' title="bbox 2189 726 3821 801">
     <span class='ocr_line' id='line_1_67' title="bbox 2189 726 3821 801; baseline -0.002 -16"><span class='ocrx_word' id='word_1_478' title='bbox 2189 746 2298 785; x_wconf 91' lang='lat' dir='ltr'><strong>non</strong></span> <span class='ocrx_word' id='word_1_479' title='bbox 2328 730 2537 801; x_wconf 88' lang='lat' dir='ltr'><strong>spernit</strong></span> <span class='ocrx_word' id='word_1_480' title='bbox 2568 730 2751 799; x_wconf 83' lang='lat' dir='ltr'><strong>(Psal.</strong></span> <span class='ocrx_word' id='word_1_481' title='bbox 2786 729 2996 801; x_wconf 76' lang='grc' dir='ltr'>ι,19);</span> <span class='ocrx_word' id='word_1_482' title='bbox 3029 753 3047 776; x_wconf 75' lang='grc' dir='ltr'><strong>ι</strong></span> <span class='ocrx_word' id='word_1_483' title='bbox 3092 744 3192 785; x_wconf 90' lang='lat' dir='ltr'><strong>cur</strong></span> <span class='ocrx_word' id='word_1_484' title='bbox 3236 744 3348 784; x_wconf 91' lang='lat' dir='ltr'><strong>non</strong></span> <span class='ocrx_word' id='word_1_485' title='bbox 3396 727 3467 784; x_wconf 88' lang='lat' dir='ltr'><strong>de</strong></span> <span class='ocrx_word' id='word_1_486' title='bbox 3520 726 3821 800; x_wconf 86' lang='lat' dir='ltr'><strong>profundo</strong></span> 
     </span>
    </p>
   </div>
   <div class='ocr_carea' id='block_1_68' title="bbox 2191 816 3819 893">
    <p class='ocr_par' dir='ltr' id='par_1_68' title="bbox 2191 816 3819 893">
     <span class='ocr_line' id='line_1_68' title="bbox 2191 816 3819 893; baseline -0.002 -16"><span class='ocrx_word' id='word_1_487' title='bbox 2191 821 2308 893; x_wconf 89' lang='grc'><strong>(30)</strong></span> <span class='ocrx_word' id='word_1_488' title='bbox 2351 820 2607 889; x_wconf 66' lang='lat' dir='ltr'><strong>luxuriae,</strong></span> <span class='ocrx_word' id='word_1_489' title='bbox 2657 827 2711 875; x_wconf 92' lang='lat' dir='ltr'><strong>et</strong></span> <span class='ocrx_word' id='word_1_490' title='bbox 2762 818 2829 875; x_wconf 90' lang='lat' dir='ltr'><strong>de</strong></span> <span class='ocrx_word' id='word_1_491' title='bbox 2878 819 3175 875; x_wconf 73' lang='lat' dir='ltr'><strong>mundana:</strong></span> <span class='ocrx_word' id='word_1_492' title='bbox 3227 817 3541 889; x_wconf 87' lang='lat' dir='ltr'><strong>voluptatis</strong></span> <span class='ocrx_word' id='word_1_493' title='bbox 3589 816 3819 890; x_wconf 82' lang='lat' dir='ltr'><strong>gurgite</strong></span> 
     </span>
    </p>
   </div>
   <div class='ocr_carea' id='block_1_69' title="bbox 2187 896 3817 981">
    <p class='ocr_par' dir='ltr' id='par_1_69' title="bbox 2187 896 3817 981">
     <span class='ocr_line' id='line_1_69' title="bbox 2187 896 3817 981; baseline -0.001 -18"><span class='ocrx_word' id='word_1_494' title='bbox 2187 909 2411 965; x_wconf 88' lang='lat' dir='ltr'><strong>festinas</strong></span> <span class='ocrx_word' id='word_1_495' title='bbox 2438 896 2730 981; x_wconf 84' lang='lat' dir='ltr'><strong>emergere,</strong></span> <span class='ocrx_word' id='word_1_496' title='bbox 2765 916 2926 981; x_wconf 91' lang='lat' dir='ltr'><strong>atque</strong></span> <span class='ocrx_word' id='word_1_497' title='bbox 2964 908 3033 964; x_wconf 85' lang='lat' dir='ltr'><strong>ad</strong></span> <span class='ocrx_word' id='word_1_498' title='bbox 3081 908 3421 981; x_wconf 67' lang='lat' dir='ltr'><strong>poenitentiae</strong></span> <span class='ocrx_word' id='word_1_499' title='bbox 3479 907 3680 963; x_wconf 83' lang='lat' dir='ltr'><strong>ofﬁcia</strong></span> <span class='ocrx_word' id='word_1_500' title='bbox 3729 923 3817 962; x_wconf 84' lang='lat' dir='ltr'><strong>ca-</strong></span> 
     </span>
    </p>
   </div>
   <div class='ocr_carea' id='block_1_70' title="bbox 2188 996 3819 1070">
    <p class='ocr_par' dir='ltr' id='par_1_70' title="bbox 2188 996 3819 1070">
     <span class='ocr_line' id='line_1_70' title="bbox 2188 996 3819 1070; baseline -0.001 -18"><span class='ocrx_word' id='word_1_501' title='bbox 2188 997 2449 1070; x_wconf 90' lang='lat' dir='ltr'><strong>pessenda</strong></span> <span class='ocrx_word' id='word_1_502' title='bbox 2476 1014 2547 1053; x_wconf 81' lang='lat' dir='ltr'><strong>ex</strong></span> <span class='ocrx_word' id='word_1_503' title='bbox 2574 997 2892 1054; x_wconf 89' lang='lat' dir='ltr'><strong>temulentis</strong></span> <span class='ocrx_word' id='word_1_504' title='bbox 2916 997 3130 1054; x_wconf 87' lang='lat' dir='ltr'><strong>actibus</strong></span> <span class='ocrx_word' id='word_1_505' title='bbox 3150 996 3464 1069; x_wconf 80' lang='lat' dir='ltr'><strong>respirare?</strong></span> <span class='ocrx_word' id='word_1_506' title='bbox 3494 997 3617 1053; x_wconf 87' lang='lat' dir='ltr'><strong>Nec</strong></span> <span class='ocrx_word' id='word_1_507' title='bbox 3648 1003 3819 1067; x_wconf 84' lang='lat' dir='ltr'><strong>putes</strong></span> 
     </span>
    </p>
   </div>
   <div class='ocr_carea' id='block_1_71' title="bbox 2186 1083 3818 1160">
    <p class='ocr_par' dir='ltr' id='par_1_71' title="bbox 2186 1083 3818 1160">
     <span class='ocr_line' id='line_1_71' title="bbox 2186 1083 3818 1160; baseline -0.001 -19"><span class='ocrx_word' id='word_1_508' title='bbox 2186 1086 2334 1160; x_wconf 91' lang='lat' dir='ltr'><strong>quod</strong></span> <span class='ocrx_word' id='word_1_509' title='bbox 2363 1095 2417 1143; x_wconf 90' lang='lat' dir='ltr'><strong>te</strong></span> <span class='ocrx_word' id='word_1_510' title='bbox 2445 1086 2513 1142; x_wconf 91' lang='lat' dir='ltr'><strong>ab</strong></span> <span class='ocrx_word' id='word_1_511' title='bbox 2552 1088 2671 1159; x_wconf 91' lang='lat' dir='ltr'><strong>ipso</strong></span> <span class='ocrx_word' id='word_1_512' title='bbox 2702 1087 3067 1159; x_wconf 83' lang='lat' dir='ltr'><strong>elongaveris,</strong></span> <span class='ocrx_word' id='word_1_513' title='bbox 3117 1085 3242 1143; x_wconf 89' lang='lat' dir='ltr'><strong>ideo</strong></span> <span class='ocrx_word' id='word_1_514' title='bbox 3289 1101 3479 1141; x_wconf 90' lang='lat' dir='ltr'><strong>aurem</strong></span> <span class='ocrx_word' id='word_1_515' title='bbox 3526 1084 3643 1140; x_wconf 87' lang='lat' dir='ltr'><strong>tibi</strong></span> <span class='ocrx_word' id='word_1_516' title='bbox 3696 1083 3818 1155; x_wconf 85' lang='lat' dir='ltr'><strong>ejus</strong></span> 
     </span>
    </p>
   </div>
   <div class='ocr_carea' id='block_1_72' title="bbox 2185 1172 3816 1249">
    <p class='ocr_par' dir='ltr' id='par_1_72' title="bbox 2185 1172 3816 1249">
     <span class='ocr_line' id='line_1_72' title="bbox 2185 1172 3816 1249; baseline -0.003 -15"><span class='ocrx_word' id='word_1_517' title='bbox 2185 1178 2446 1235; x_wconf 87' lang='lat' dir='ltr'><strong>occludi:</strong></span> <span class='ocrx_word' id='word_1_518' title='bbox 2491 1194 2622 1233; x_wconf 80' lang='lat' dir='ltr'><strong>mox</strong></span> <span class='ocrx_word' id='word_1_519' title='bbox 2666 1184 2731 1233; x_wconf 90' lang='lat' dir='ltr'><strong>ut</strong></span> <span class='ocrx_word' id='word_1_520' title='bbox 2783 1175 3110 1249; x_wconf 87' lang='lat' dir='ltr'><strong>pulsaveris,</strong></span> <span class='ocrx_word' id='word_1_521' title='bbox 3160 1174 3305 1230; x_wconf 86' lang='lat' dir='ltr'><strong>fores</strong></span> <span class='ocrx_word' id='word_1_522' title='bbox 3349 1173 3590 1247; x_wconf 89' lang='lat' dir='ltr'><strong>aperiet,</strong></span> <span class='ocrx_word' id='word_1_523' title='bbox 3646 1182 3705 1229; x_wconf 89' lang='lat' dir='ltr'><strong>et</strong></span> <span class='ocrx_word' id='word_1_524' title='bbox 3754 1172 3816 1229; x_wconf 87' lang='lat' dir='ltr'><strong>in</strong></span> 
     </span>
    </p>
   </div>
   <div class='ocr_carea' id='block_1_73' title="bbox 2186 1261 3810 1339">
    <p class='ocr_par' dir='ltr' id='par_1_73' title="bbox 2186 1261 3810 1339">
     <span class='ocr_line' id='line_1_73' title="bbox 2186 1261 3810 1339; baseline -0.005 -15"><span class='ocrx_word' id='word_1_525' title='bbox 2186 1274 2337 1339; x_wconf 88' lang='lat' dir='ltr'><strong>septa</strong></span> <span class='ocrx_word' id='word_1_526' title='bbox 2373 1266 2541 1323; x_wconf 90' lang='lat' dir='ltr'><strong>cortis</strong></span> <span class='ocrx_word' id='word_1_527' title='bbox 2578 1282 2690 1321; x_wconf 66' lang='lat' dir='ltr'><strong>sua</strong></span> <span class='ocrx_word' id='word_1_528' title='bbox 2738 1262 3113 1320; x_wconf 88' lang='lat' dir='ltr'><strong>miserandum</strong></span> <span class='ocrx_word' id='word_1_529' title='bbox 3160 1263 3452 1319; x_wconf 87' lang='lat' dir='ltr'><strong>miseratus</strong></span> <span class='ocrx_word' id='word_1_530' title='bbox 3495 1261 3765 1318; x_wconf 86' lang='lat' dir='ltr'><strong>includet</strong></span> <span class='ocrx_word' id='word_1_531' title='bbox 3797 1279 3810 1316; x_wconf 92' lang='lat'><strong>:</strong></span> 
     </span>
    </p>
   </div>
   <div class='ocr_carea' id='block_1_74' title="bbox 2187 1352 3814 1428">
    <p class='ocr_par' dir='ltr' id='par_1_74' title="bbox 2187 1352 3814 1428">
     <span class='ocr_line' id='line_1_74' title="bbox 2187 1352 3814 1428; baseline -0.004 -14"><span class='ocrx_word' id='word_1_532' title='bbox 2187 1366 2401 1415; x_wconf 89' lang='lat' dir='ltr'><strong>tantum</strong></span> <span class='ocrx_word' id='word_1_533' title='bbox 2433 1364 2514 1413; x_wconf 90' lang='lat' dir='ltr'><strong>est</strong></span> <span class='ocrx_word' id='word_1_534' title='bbox 2542 1364 2605 1413; x_wconf 90' lang='lat' dir='ltr'><strong>ut</strong></span> <span class='ocrx_word' id='word_1_535' title='bbox 2632 1355 2838 1412; x_wconf 91' lang='lat' dir='ltr'><strong>doloris</strong></span> <span class='ocrx_word' id='word_1_536' title='bbox 2867 1356 2949 1411; x_wconf 94' lang='lat' dir='ltr'><strong>tui</strong></span> <span class='ocrx_word' id='word_1_537' title='bbox 2980 1355 3203 1428; x_wconf 91' lang='lat' dir='ltr'><strong>querela</strong></span> <span class='ocrx_word' id='word_1_538' title='bbox 3240 1352 3534 1410; x_wconf 79' lang='lat' dir='ltr'><strong>flectatur!</strong></span> <span class='ocrx_word' id='word_1_539' title='bbox 3581 1352 3814 1419; x_wconf 85' lang='lat' dir='ltr'><strong>Quanto</strong></span> 
     </span>
    </p>
   </div>
   <div class='ocr_carea' id='block_1_75' title="bbox 2185 1440 3811 1519">
    <p class='ocr_par' dir='ltr' id='par_1_75' title="bbox 2185 1440 3811 1519">
     <span class='ocr_line' id='line_1_75' title="bbox 2185 1440 3811 1519; baseline -0.004 -17"><span class='ocrx_word' id='word_1_540' title='bbox 2185 1454 2245 1502; x_wconf 94' lang='lat' dir='ltr'><strong>tu</strong></span> <span class='ocrx_word' id='word_1_541' title='bbox 2293 1446 2484 1519; x_wconf 88' lang='lat' dir='ltr'><strong>procul</strong></span> <span class='ocrx_word' id='word_1_542' title='bbox 2535 1444 2889 1512; x_wconf 89' lang='lat' dir='ltr'><strong>abscesseras,</strong></span> <span class='ocrx_word' id='word_1_543' title='bbox 2933 1449 3089 1499; x_wconf 90' lang='lat' dir='ltr'><strong>tanto</strong></span> <span class='ocrx_word' id='word_1_544' title='bbox 3141 1442 3377 1499; x_wconf 87' lang='lat' dir='ltr'><strong>celerius</strong></span> <span class='ocrx_word' id='word_1_545' title='bbox 3427 1440 3811 1513; x_wconf 81' lang='lat' dir='ltr'><strong>proximabit,</strong></span> 
     </span>
    </p>
   </div>
   <div class='ocr_carea' id='block_1_76' title="bbox 2184 1529 3814 1609">
    <p class='ocr_par' dir='ltr' id='par_1_76' title="bbox 2184 1529 3814 1609">
     <span class='ocr_line' id='line_1_76' title="bbox 2184 1529 3814 1609; baseline -0.004 -17"><span class='ocrx_word' id='word_1_546' title='bbox 2184 1536 2455 1609; x_wconf 90' lang='lat' dir='ltr'><strong>Propheta</strong></span> <span class='ocrx_word' id='word_1_547' title='bbox 2479 1534 2696 1591; x_wconf 88' lang='lat' dir='ltr'><strong>dicente</strong></span> <span class='ocrx_word' id='word_1_548' title='bbox 2732 1552 2745 1590; x_wconf 90' lang='lat'><strong>:</strong></span> <span class='ocrx_word' id='word_1_549' title='bbox 2800 1555 2821 1579; x_wconf 74' lang='grc' dir='ltr'>ι</span> <span class='ocrx_word' id='word_1_550' title='bbox 2849 1532 3144 1588; x_wconf 81' lang='lat' dir='ltr'><strong>Proximus</strong></span> <span class='ocrx_word' id='word_1_551' title='bbox 3189 1538 3271 1587; x_wconf 88' lang='lat' dir='ltr'><strong>est</strong></span> <span class='ocrx_word' id='word_1_552' title='bbox 3314 1532 3463 1588; x_wconf 87' lang='lat' dir='ltr'><strong>Deus</strong></span> <span class='ocrx_word' id='word_1_553' title='bbox 3514 1529 3814 1587; x_wconf 86' lang='lat' dir='ltr'><strong>tribulatis</strong></span> 
     </span>
    </p>
   </div>
   <div class='ocr_carea' id='block_1_77' title="bbox 2186 1614 3809 1693">
    <p class='ocr_par' dir='ltr' id='par_1_77' title="bbox 2186 1614 3809 1693">
     <span class='ocr_line' id='line_1_77' title="bbox 2186 1614 3809 1693; baseline -0.004 -11"><span class='ocrx_word' id='word_1_554' title='bbox 2186 1624 2369 1693; x_wconf 90' lang='lat' dir='ltr'><strong>corde,</strong></span> <span class='ocrx_word' id='word_1_555' title='bbox 2399 1631 2453 1680; x_wconf 88' lang='lat' dir='ltr'><strong>et</strong></span> <span class='ocrx_word' id='word_1_556' title='bbox 2482 1621 2720 1679; x_wconf 89' lang='lat' dir='ltr'><strong>humiles</strong></span> <span class='ocrx_word' id='word_1_557' title='bbox 2746 1620 2945 1693; x_wconf 90' lang='lat' dir='ltr'><strong>spiritu</strong></span> <span class='ocrx_word' id='word_1_558' title='bbox 2973 1620 3153 1676; x_wconf 88' lang='lat' dir='ltr'><strong>salvos</strong></span> <span class='ocrx_word' id='word_1_559' title='bbox 3182 1618 3347 1676; x_wconf 87' lang='lat' dir='ltr'><strong>faciet</strong></span> <span class='ocrx_word' id='word_1_560' title='bbox 3374 1614 3557 1691; x_wconf 74' lang='lat' dir='ltr'><strong>(Psal.</strong></span> <span class='ocrx_word' id='word_1_561' title='bbox 3587 1635 3809 1687; x_wconf 78' lang='lat' dir='ltr'><strong>xxxm,</strong></span> 
     </span>
    </p>
   </div>
   <div class='ocr_carea' id='block_1_78' title="bbox 2190 1706 3810 1785">
    <p class='ocr_par' dir='ltr' id='par_1_78' title="bbox 2190 1706 3810 1785">
     <span class='ocr_line' id='line_1_78' title="bbox 2190 1706 3810 1785; baseline -0.005 -16"><span class='ocrx_word' id='word_1_562' title='bbox 2190 1713 2303 1783; x_wconf 85' lang='grc'>19).</span> <span class='ocrx_word' id='word_1_563' title='bbox 2332 1736 2351 1761; x_wconf 75' lang='grc' dir='ltr'><strong>ι</strong></span> <span class='ocrx_word' id='word_1_564' title='bbox 2399 1714 2476 1769; x_wconf 90' lang='lat' dir='ltr'><strong>De</strong></span> <span class='ocrx_word' id='word_1_565' title='bbox 2517 1711 2721 1785; x_wconf 87' lang='lat' dir='ltr'><strong>quibus</strong></span> <span class='ocrx_word' id='word_1_566' title='bbox 2755 1709 3025 1766; x_wconf 91' lang='lat' dir='ltr'><strong>Dominus</strong></span> <span class='ocrx_word' id='word_1_567' title='bbox 3057 1708 3116 1765; x_wconf 91' lang='lat' dir='ltr'><strong>in</strong></span> <span class='ocrx_word' id='word_1_568' title='bbox 3140 1706 3489 1781; x_wconf 89' lang='lat' dir='ltr'><strong>Evangelio:</strong></span> <span class='ocrx_word' id='word_1_569' title='bbox 3552 1732 3570 1755; x_wconf 76' lang='grc' dir='ltr'>ι</span> <span class='ocrx_word' id='word_1_570' title='bbox 3620 1707 3810 1777; x_wconf 89' lang='lat' dir='ltr'><strong>Beati,</strong></span> 
     </span>
    </p>
   </div>
   <div class='ocr_carea' id='block_1_79' title="bbox 2187 1798 3807 1876">
    <p class='ocr_par' dir='ltr' id='par_1_79' title="bbox 2187 1798 3807 1876">
     <span class='ocr_line' id='line_1_79' title="bbox 2187 1798 3807 1876; baseline -0.004 -17"><span class='ocrx_word' id='word_1_571' title='bbox 2187 1801 2391 1876; x_wconf 89' lang='lat' dir='ltr'><strong>inquit,</strong></span> <span class='ocrx_word' id='word_1_572' title='bbox 2421 1803 2762 1876; x_wconf 90' lang='lat' dir='ltr'><strong>plangentes,</strong></span> <span class='ocrx_word' id='word_1_573' title='bbox 2795 1799 2925 1874; x_wconf 91' lang='lat' dir='ltr'><strong>quia</strong></span> <span class='ocrx_word' id='word_1_574' title='bbox 2952 1799 3056 1873; x_wconf 90' lang='lat' dir='ltr'><strong>ipsi</strong></span> <span class='ocrx_word' id='word_1_575' title='bbox 3094 1798 3534 1857; x_wconf 89' lang='lat' dir='ltr'><strong>consolabuntur</strong></span> <span class='ocrx_word' id='word_1_576' title='bbox 3570 1800 3807 1871; x_wconf 66' lang='lat' dir='ltr'><strong>(Matth.</strong></span> 
     </span>
    </p>
   </div>
   <div class='ocr_carea' id='block_1_80' title="bbox 2187 1896 2405 1967">
    <p class='ocr_par' dir='ltr' id='par_1_80' title="bbox 2187 1896 2405 1967">
     <span class='ocr_line' id='line_1_80' title="bbox 2187 1896 2405 1967; baseline -0.009 -15"><span class='ocrx_word' id='word_1_577' title='bbox 2187 1914 2243 1965; x_wconf 87' lang='lat' dir='ltr'><strong>V,</strong></span> <span class='ocrx_word' id='word_1_578' title='bbox 2277 1896 2359 1967; x_wconf 82' lang='grc'>5).</span> <span class='ocrx_word' id='word_1_579' title='bbox 2385 1918 2405 1943; x_wconf 75' lang='grc' dir='ltr'><strong>ι</strong></span> 
     </span>
    </p>
   </div>
   <div class='ocr_carea' id='block_1_81' title="bbox 2259 1997 3807 2073">
    <p class='ocr_par' dir='ltr' id='par_1_81' title="bbox 2259 1997 3807 2073">
     <span class='ocr_line' id='line_1_81' title="bbox 2259 1997 3807 2073; baseline -0.002 -15"><span class='ocrx_word' id='word_1_580' title='bbox 2259 2000 2489 2061; x_wconf 84' lang='lat' dir='ltr'><strong>CAPUT</strong></span> <span class='ocrx_word' id='word_1_581' title='bbox 2516 2002 2720 2059; x_wconf 80' lang='lat' dir='ltr'><strong>XVIII.</strong></span> <span class='ocrx_word' id='word_1_582' title='bbox 2751 2032 2821 2042; x_wconf 95' lang='lat'>—</span> <span class='ocrx_word' id='word_1_583' title='bbox 2849 2000 2955 2058; x_wconf 88' lang='lat' dir='ltr'><strong>Sed</strong></span> <span class='ocrx_word' id='word_1_584' title='bbox 2984 2015 3174 2073; x_wconf 84' lang='lat' dir='ltr'><strong>aspera</strong></span> <span class='ocrx_word' id='word_1_585' title='bbox 3203 1997 3310 2055; x_wconf 89' lang='lat' dir='ltr'><strong>tibi</strong></span> <span class='ocrx_word' id='word_1_586' title='bbox 3355 1997 3599 2054; x_wconf 83' lang='lat' dir='ltr'><strong>fortassis</strong></span> <span class='ocrx_word' id='word_1_587' title='bbox 3643 1998 3807 2055; x_wconf 85' lang='lat' dir='ltr'><strong>vide-</strong></span> 
     </span>
    </p>
   </div>
   <div class='ocr_carea' id='block_1_82' title="bbox 2187 2095 3805 2175">
    <p class='ocr_par' dir='ltr' id='par_1_82' title="bbox 2187 2095 3805 2175">
     <span class='ocr_line' id='line_1_82' title="bbox 2187 2095 3805 2175; baseline -0.004 -18"><span class='ocrx_word' id='word_1_588' title='bbox 2187 2108 2277 2157; x_wconf 91' lang='lat' dir='ltr'><strong>tur</strong></span> <span class='ocrx_word' id='word_1_589' title='bbox 2306 2108 2428 2175; x_wconf 91' lang='lat' dir='ltr'><strong>post</strong></span> <span class='ocrx_word' id='word_1_590' title='bbox 2464 2100 2774 2172; x_wconf 88' lang='lat' dir='ltr'><strong>voluptates</strong></span> <span class='ocrx_word' id='word_1_591' title='bbox 2811 2097 2996 2155; x_wconf 67' lang='lat' dir='ltr'><strong>saeculi</strong></span> <span class='ocrx_word' id='word_1_592' title='bbox 3040 2095 3389 2169; x_wconf 63' lang='lat' dir='ltr'><strong>poenitentia.</strong></span> <span class='ocrx_word' id='word_1_593' title='bbox 3428 2096 3639 2152; x_wconf 76' lang='lat' dir='ltr'><strong>Verum</strong></span> <span class='ocrx_word' id='word_1_594' title='bbox 3689 2104 3805 2164; x_wconf 86' lang='lat' dir='ltr'><strong>est,</strong></span> 
     </span>
    </p>
   </div>
   <div class='ocr_carea' id='block_1_83' title="bbox 2186 2186 3807 2258">
    <p class='ocr_par' dir='ltr' id='par_1_83' title="bbox 2186 2186 3807 2258">
     <span class='ocr_line' id='line_1_83' title="bbox 2186 2186 3807 2258; baseline -0.006 -6"><span class='ocrx_word' id='word_1_595' title='bbox 2186 2195 2364 2252; x_wconf 90' lang='lat' dir='ltr'><strong>sentio</strong></span> <span class='ocrx_word' id='word_1_596' title='bbox 2393 2190 2728 2249; x_wconf 88' lang='lat' dir='ltr'><strong>valetudinis</strong></span> <span class='ocrx_word' id='word_1_597' title='bbox 2755 2199 2862 2247; x_wconf 74' lang='lat' dir='ltr'><strong>tuae</strong></span> <span class='ocrx_word' id='word_1_598' title='bbox 2883 2188 3109 2258; x_wconf 88' lang='lat' dir='ltr'><strong>vitium,</strong></span> <span class='ocrx_word' id='word_1_599' title='bbox 3140 2187 3305 2245; x_wconf 89' lang='lat' dir='ltr'><strong>video</strong></span> <span class='ocrx_word' id='word_1_600' title='bbox 3331 2186 3504 2244; x_wconf 85' lang='lat' dir='ltr'><strong>animi</strong></span> <span class='ocrx_word' id='word_1_601' title='bbox 3530 2187 3617 2242; x_wconf 85' lang='lat' dir='ltr'><strong>tui</strong></span> <span class='ocrx_word' id='word_1_602' title='bbox 3649 2203 3807 2243; x_wconf 88' lang='lat' dir='ltr'><strong>mor-</strong></span> 
     </span>
    </p>
   </div>
   <div class='ocr_carea' id='block_1_84' title="bbox 2185 2276 3803 2348">
    <p class='ocr_par' dir='ltr' id='par_1_84' title="bbox 2185 2276 3803 2348">
     <span class='ocr_line' id='line_1_84' title="bbox 2185 2276 3803 2348; baseline -0.005 -7"><span class='ocrx_word' id='word_1_603' title='bbox 2185 2284 2351 2342; x_wconf 89' lang='lat' dir='ltr'><strong>bum:</strong></span> <span class='ocrx_word' id='word_1_604' title='bbox 2384 2282 2480 2339; x_wconf 89' lang='lat' dir='ltr'><strong>sed</strong></span> <span class='ocrx_word' id='word_1_605' title='bbox 2508 2282 2554 2337; x_wconf 88' lang='lat' dir='ltr'><strong>si</strong></span> <span class='ocrx_word' id='word_1_606' title='bbox 2584 2279 2764 2337; x_wconf 89' lang='lat' dir='ltr'><strong>curari</strong></span> <span class='ocrx_word' id='word_1_607' title='bbox 2789 2276 3086 2347; x_wconf 90' lang='lat' dir='ltr'><strong>desideras,</strong></span> <span class='ocrx_word' id='word_1_608' title='bbox 3119 2276 3345 2333; x_wconf 65' lang='lat' dir='ltr'><strong>medela</strong></span> <span class='ocrx_word' id='word_1_609' title='bbox 3374 2276 3647 2348; x_wconf 88' lang='lat' dir='ltr'><strong>impetum</strong></span> <span class='ocrx_word' id='word_1_610' title='bbox 3679 2292 3803 2333; x_wconf 90' lang='lat' dir='ltr'><strong>non</strong></span> 
     </span>
    </p>
   </div>
   <div class='ocr_carea' id='block_1_85' title="bbox 2187 2365 3800 2442">
    <p class='ocr_par' dir='ltr' id='par_1_85' title="bbox 2187 2365 3800 2442">
     <span class='ocr_line' id='line_1_85' title="bbox 2187 2365 3800 2442; baseline -0.005 -13"><span class='ocrx_word' id='word_1_611' title='bbox 2187 2372 2456 2440; x_wconf 87' lang='lat' dir='ltr'><strong>attendas,</strong></span> <span class='ocrx_word' id='word_1_612' title='bbox 2514 2386 2616 2427; x_wconf 92' lang='lat' dir='ltr'><strong>nec</strong></span> <span class='ocrx_word' id='word_1_613' title='bbox 2660 2384 2992 2442; x_wconf 84' lang='lat' dir='ltr'><strong>expavescas</strong></span> <span class='ocrx_word' id='word_1_614' title='bbox 3037 2365 3372 2434; x_wconf 89' lang='lat' dir='ltr'><strong>remedium;</strong></span> <span class='ocrx_word' id='word_1_615' title='bbox 3423 2382 3551 2423; x_wconf 89' lang='lat' dir='ltr'><strong>cum</strong></span> <span class='ocrx_word' id='word_1_616' title='bbox 3599 2366 3800 2422; x_wconf 87' lang='lat' dir='ltr'><strong>admo-</strong></span> 
     </span>
    </p>
   </div>
   <div class='ocr_carea' id='block_1_86' title="bbox 2187 2453 3799 2525">
    <p class='ocr_par' dir='ltr' id='par_1_86' title="bbox 2187 2453 3799 2525">
     <span class='ocr_line' id='line_1_86' title="bbox 2187 2453 3799 2525; baseline -0.005 -7"><span class='ocrx_word' id='word_1_617' title='bbox 2187 2461 2330 2518; x_wconf 87' lang='lat' dir='ltr'><strong>verit</strong></span> <span class='ocrx_word' id='word_1_618' title='bbox 2356 2468 2454 2516; x_wconf 92' lang='lat' dir='ltr'><strong>tuo</strong></span> <span class='ocrx_word' id='word_1_619' title='bbox 2483 2458 2699 2514; x_wconf 90' lang='lat' dir='ltr'><strong>vulneri</strong></span> <span class='ocrx_word' id='word_1_620' title='bbox 2730 2458 3146 2525; x_wconf 85' lang='lat' dir='ltr'><strong>ferramentum,</strong></span> <span class='ocrx_word' id='word_1_621' title='bbox 3194 2453 3426 2511; x_wconf 86' lang='lat' dir='ltr'><strong>celerior</strong></span> <span class='ocrx_word' id='word_1_622' title='bbox 3460 2470 3593 2510; x_wconf 84' lang='lat' dir='ltr'><strong>cura</strong></span> <span class='ocrx_word' id='word_1_623' title='bbox 3623 2456 3799 2511; x_wconf 82' lang='lat' dir='ltr'><strong>secti-</strong></span> 
     </span>
    </p>
   </div>
   <div class='ocr_carea' id='block_1_87' title="bbox 2188 2544 3798 2622">
    <p class='ocr_par' dir='ltr' id='par_1_87' title="bbox 2188 2544 3798 2622">
     <span class='ocr_line' id='line_1_87' title="bbox 2188 2544 3798 2622; baseline -0.006 -12"><span class='ocrx_word' id='word_1_624' title='bbox 2188 2554 2310 2610; x_wconf 87' lang='lat' dir='ltr'><strong>onis</strong></span> <span class='ocrx_word' id='word_1_625' title='bbox 2356 2551 2609 2608; x_wconf 81' lang='lat' dir='ltr'><strong>efﬁcitur.</strong></span> <span class='ocrx_word' id='word_1_626' title='bbox 2653 2548 2790 2605; x_wconf 92' lang='lat' dir='ltr'><strong>Nam</strong></span> <span class='ocrx_word' id='word_1_627' title='bbox 2828 2548 3061 2622; x_wconf 91' lang='lat' dir='ltr'><strong>pessime</strong></span> <span class='ocrx_word' id='word_1_628' title='bbox 3091 2545 3355 2604; x_wconf 88' lang='lat' dir='ltr'><strong>sedulitas</strong></span> <span class='ocrx_word' id='word_1_629' title='bbox 3386 2544 3643 2601; x_wconf 83' lang='lat' dir='ltr'><strong>medendi</strong></span> <span class='ocrx_word' id='word_1_630' title='bbox 3678 2546 3798 2618; x_wconf 83' lang='lat' dir='ltr'><strong>pal-</strong></span> 
     </span>
    </p>
   </div>
   <div class='ocr_carea' id='block_1_88' title="bbox 2188 2633 3798 2715">
    <p class='ocr_par' dir='ltr' id='par_1_88' title="bbox 2188 2633 3798 2715">
     <span class='ocr_line' id='line_1_88' title="bbox 2188 2633 3798 2715; baseline -0.005 -17"><span class='ocrx_word' id='word_1_631' title='bbox 2188 2650 2368 2715; x_wconf 90' lang='lat' dir='ltr'><strong>patur,</strong></span> <span class='ocrx_word' id='word_1_632' title='bbox 2399 2657 2526 2697; x_wconf 90' lang='lat' dir='ltr'><strong>cum</strong></span> <span class='ocrx_word' id='word_1_633' title='bbox 2557 2655 2667 2696; x_wconf 89' lang='lat' dir='ltr'><strong>non</strong></span> <span class='ocrx_word' id='word_1_634' title='bbox 2693 2638 2961 2696; x_wconf 88' lang='lat' dir='ltr'><strong>continuo</strong></span> <span class='ocrx_word' id='word_1_635' title='bbox 2991 2643 3289 2710; x_wconf 89' lang='lat' dir='ltr'><strong>suppurata</strong></span> <span class='ocrx_word' id='word_1_636' title='bbox 3317 2634 3471 2691; x_wconf 85' lang='lat' dir='ltr'><strong>labes</strong></span> <span class='ocrx_word' id='word_1_637' title='bbox 3497 2633 3798 2690; x_wconf 86' lang='lat' dir='ltr'><strong>abscindi-</strong></span> 
     </span>
    </p>
   </div>
   <div class='ocr_carea' id='block_1_89' title="bbox 2187 2722 3795 2800">
    <p class='ocr_par' dir='ltr' id='par_1_89' title="bbox 2187 2722 3795 2800">
     <span class='ocr_line' id='line_1_89' title="bbox 2187 2722 3795 2800; baseline -0.006 -13"><span class='ocrx_word' id='word_1_638' title='bbox 2187 2738 2296 2787; x_wconf 90' lang='lat' dir='ltr'><strong>tur.</strong></span> <span class='ocrx_word' id='word_1_639' title='bbox 2330 2731 2565 2785; x_wconf 81' lang='lat' dir='ltr'><strong>Amarus</strong></span> <span class='ocrx_word' id='word_1_640' title='bbox 2593 2735 2675 2784; x_wconf 91' lang='lat' dir='ltr'><strong>est</strong></span> <span class='ocrx_word' id='word_1_641' title='bbox 2704 2734 2893 2800; x_wconf 89' lang='lat' dir='ltr'><strong>gustus</strong></span> <span class='ocrx_word' id='word_1_642' title='bbox 2922 2724 3179 2793; x_wconf 88' lang='lat' dir='ltr'><strong>antidoti,</strong></span> <span class='ocrx_word' id='word_1_643' title='bbox 3219 2722 3316 2780; x_wconf 91' lang='lat' dir='ltr'><strong>sed</strong></span> <span class='ocrx_word' id='word_1_644' title='bbox 3355 2723 3527 2779; x_wconf 85' lang='lat' dir='ltr'><strong>vitale</strong></span> <span class='ocrx_word' id='word_1_645' title='bbox 3553 2739 3616 2779; x_wconf 83' lang='lat' dir='ltr'><strong>ac</strong></span> <span class='ocrx_word' id='word_1_646' title='bbox 3646 2723 3795 2779; x_wconf 82' lang='lat' dir='ltr'><strong>salu-</strong></span> 
     </span>
    </p>
   </div>
   <div class='ocr_carea' id='block_1_90' title="bbox 2188 2814 3796 2892">
    <p class='ocr_par' dir='ltr' id='par_1_90' title="bbox 2188 2814 3796 2892">
     <span class='ocr_line' id='line_1_90' title="bbox 2188 2814 3796 2892; baseline -0.005 -16"><span class='ocrx_word' id='word_1_647' title='bbox 2188 2829 2304 2876; x_wconf 91' lang='lat' dir='ltr'><strong>tare</strong></span> <span class='ocrx_word' id='word_1_648' title='bbox 2360 2828 2460 2888; x_wconf 90' lang='lat' dir='ltr'><strong>est,</strong></span> <span class='ocrx_word' id='word_1_649' title='bbox 2518 2817 2666 2892; x_wconf 90' lang='lat' dir='ltr'><strong>quod</strong></span> <span class='ocrx_word' id='word_1_650' title='bbox 2719 2824 2802 2873; x_wconf 91' lang='lat' dir='ltr'><strong>est</strong></span> <span class='ocrx_word' id='word_1_651' title='bbox 2855 2816 3108 2873; x_wconf 86' lang='lat' dir='ltr'><strong>faucibus</strong></span> <span class='ocrx_word' id='word_1_652' title='bbox 3154 2816 3405 2873; x_wconf 89' lang='lat' dir='ltr'><strong>insuave.</strong></span> <span class='ocrx_word' id='word_1_653' title='bbox 3462 2814 3628 2871; x_wconf 82' lang='lat' dir='ltr'><strong>Curat</strong></span> <span class='ocrx_word' id='word_1_654' title='bbox 3688 2830 3796 2869; x_wconf 88' lang='lat' dir='ltr'><strong>nos</strong></span> 
     </span>
    </p>
   </div>
   <div class='ocr_carea' id='block_1_91' title="bbox 2188 2903 3794 2975">
    <p class='ocr_par' dir='ltr' id='par_1_91' title="bbox 2188 2903 3794 2975">
     <span class='ocr_line' id='line_1_91' title="bbox 2188 2903 3794 2975; baseline -0.004 -9"><span class='ocrx_word' id='word_1_655' title='bbox 2188 2909 2460 2966; x_wconf 89' lang='lat' dir='ltr'><strong>Dominus</strong></span> <span class='ocrx_word' id='word_1_656' title='bbox 2514 2923 2628 2964; x_wconf 91' lang='lat' dir='ltr'><strong>non</strong></span> <span class='ocrx_word' id='word_1_657' title='bbox 2683 2916 2744 2963; x_wconf 91' lang='lat' dir='ltr'><strong>ut</strong></span> <span class='ocrx_word' id='word_1_658' title='bbox 2802 2915 3043 2975; x_wconf 82' lang='lat' dir='ltr'><strong>exteros,</strong></span> <span class='ocrx_word' id='word_1_659' title='bbox 3092 2913 3385 2963; x_wconf 82' lang='lat' dir='ltr'><strong>extraneos</strong></span> <span class='ocrx_word' id='word_1_660' title='bbox 3444 2903 3552 2960; x_wconf 91' lang='lat' dir='ltr'><strong>sibi</strong></span> <span class='ocrx_word' id='word_1_661' title='bbox 3607 2910 3794 2960; x_wconf 83' lang='lat' dir='ltr'><strong>servat</strong></span> 
     </span>
    </p>
   </div>
   <div class='ocr_carea' id='block_1_92' title="bbox 2188 2993 3788 3072">
    <p class='ocr_par' dir='ltr' id='par_1_92' title="bbox 2188 2993 3788 3072">
     <span class='ocr_line' id='line_1_92' title="bbox 2188 2993 3788 3072; baseline -0.003 -17"><span class='ocrx_word' id='word_1_662' title='bbox 2188 3014 2542 3072; x_wconf 89' lang='lat' dir='ltr'><strong>quoscunque</strong></span> <span class='ocrx_word' id='word_1_663' title='bbox 2601 2997 2879 3053; x_wconf 87' lang='lat' dir='ltr'><strong>sanaverit</strong></span> <span class='ocrx_word' id='word_1_664' title='bbox 2933 2996 3338 3070; x_wconf 86' lang='lat' dir='ltr'><strong>delinquentes.</strong></span> <span class='ocrx_word' id='word_1_665' title='bbox 3399 2994 3563 3052; x_wconf 88' lang='lat' dir='ltr'><strong>Omni</strong></span> <span class='ocrx_word' id='word_1_666' title='bbox 3628 2993 3788 3063; x_wconf 82' lang='lat' dir='ltr'><strong>hora,</strong></span> 
     </span>
    </p>
   </div>
   <div class='ocr_carea' id='block_1_93' title="bbox 2186 3083 3789 3155">
    <p class='ocr_par' dir='ltr' id='par_1_93' title="bbox 2186 3083 3789 3155">
     <span class='ocr_line' id='line_1_93' title="bbox 2186 3083 3789 3155; baseline -0.004 -11"><span class='ocrx_word' id='word_1_667' title='bbox 2186 3087 2338 3144; x_wconf 90' lang='lat' dir='ltr'><strong>omni</strong></span> <span class='ocrx_word' id='word_1_668' title='bbox 2366 3087 2457 3144; x_wconf 90' lang='lat' dir='ltr'><strong>die</strong></span> <span class='ocrx_word' id='word_1_669' title='bbox 2487 3086 2543 3142; x_wconf 92' lang='lat' dir='ltr'><strong>in</strong></span> <span class='ocrx_word' id='word_1_670' title='bbox 2570 3085 2827 3142; x_wconf 89' lang='lat' dir='ltr'><strong>curandis</strong></span> <span class='ocrx_word' id='word_1_671' title='bbox 2866 3086 3134 3155; x_wconf 89' lang='lat' dir='ltr'><strong>intentus,</strong></span> <span class='ocrx_word' id='word_1_672' title='bbox 3173 3101 3276 3143; x_wconf 87' lang='lat' dir='ltr'><strong>nec</strong></span> <span class='ocrx_word' id='word_1_673' title='bbox 3312 3083 3623 3140; x_wconf 87' lang='lat' dir='ltr'><strong>retardatur</strong></span> <span class='ocrx_word' id='word_1_674' title='bbox 3649 3091 3789 3139; x_wconf 76' lang='lat' dir='ltr'><strong>tem~</strong></span> 
     </span>
    </p>
   </div>
   <div class='ocr_carea' id='block_1_94' title="bbox 2186 3175 3787 3254">
    <p class='ocr_par' dir='ltr' id='par_1_94' title="bbox 2186 3175 3787 3254">
     <span class='ocr_line' id='line_1_94' title="bbox 2186 3175 3787 3254; baseline -0.003 -18"><span class='ocrx_word' id='word_1_675' title='bbox 2186 3195 2338 3254; x_wconf 92' lang='lat' dir='ltr'><strong>pore,</strong></span> <span class='ocrx_word' id='word_1_676' title='bbox 2369 3195 2468 3236; x_wconf 90' lang='lat' dir='ltr'><strong>nec</strong></span> <span class='ocrx_word' id='word_1_677' title='bbox 2497 3179 2627 3235; x_wconf 90' lang='lat' dir='ltr'><strong>ullis</strong></span> <span class='ocrx_word' id='word_1_678' title='bbox 2658 3194 2934 3234; x_wconf 89' lang='lat' dir='ltr'><strong>morarum</strong></span> <span class='ocrx_word' id='word_1_679' title='bbox 2966 3177 3263 3233; x_wconf 88' lang='lat' dir='ltr'><strong>obstaculis</strong></span> <span class='ocrx_word' id='word_1_680' title='bbox 3292 3175 3787 3249; x_wconf 87' lang='lat' dir='ltr'><strong>impeditur.lee</strong></span> 
     </span>
    </p>
   </div>
   <div class='ocr_carea' id='block_1_95' title="bbox 2186 3266 3787 3341">
    <p class='ocr_par' dir='ltr' id='par_1_95' title="bbox 2186 3266 3787 3341">
     <span class='ocr_line' id='line_1_95' title="bbox 2186 3266 3787 3341; baseline -0.002 -15"><span class='ocrx_word' id='word_1_681' title='bbox 2186 3278 2322 3327; x_wconf 92' lang='lat' dir='ltr'><strong>tunc</strong></span> <span class='ocrx_word' id='word_1_682' title='bbox 2350 3268 2469 3341; x_wconf 89' lang='lat' dir='ltr'><strong>ejus</strong></span> <span class='ocrx_word' id='word_1_683' title='bbox 2498 3269 2675 3324; x_wconf 88' lang='lat' dir='ltr'><strong>virtus</strong></span> <span class='ocrx_word' id='word_1_684' title='bbox 2701 3267 3023 3341; x_wconf 90' lang='lat' dir='ltr'><strong>impeditur,</strong></span> <span class='ocrx_word' id='word_1_685' title='bbox 3046 3284 3171 3324; x_wconf 91' lang='lat' dir='ltr'><strong>cum</strong></span> <span class='ocrx_word' id='word_1_686' title='bbox 3196 3283 3308 3322; x_wconf 89' lang='lat' dir='ltr'><strong>non</strong></span> <span class='ocrx_word' id='word_1_687' title='bbox 3334 3268 3600 3323; x_wconf 87' lang='lat' dir='ltr'><strong>inventus</strong></span> <span class='ocrx_word' id='word_1_688' title='bbox 3622 3266 3787 3323; x_wconf 88' lang='lat' dir='ltr'><strong>fuerit</strong></span> 
     </span>
    </p>
   </div>
   <div class='ocr_carea' id='block_1_96' title="bbox 2190 3356 3786 3433">
    <p class='ocr_par' dir='ltr' id='par_1_96' title="bbox 2190 3356 3786 3433">
     <span class='ocr_line' id='line_1_96' title="bbox 2190 3356 3786 3433; baseline -0.001 -19"><span class='ocrx_word' id='word_1_689' title='bbox 2190 3359 2331 3432; x_wconf 81' lang='grc'>(31),</span> <span class='ocrx_word' id='word_1_690' title='bbox 2361 3359 2457 3433; x_wconf 90' lang='lat' dir='ltr'><strong>qui</strong></span> <span class='ocrx_word' id='word_1_691' title='bbox 2496 3367 2745 3426; x_wconf 89' lang='lat' dir='ltr'><strong>curetur;</strong></span> <span class='ocrx_word' id='word_1_692' title='bbox 2796 3365 2952 3413; x_wconf 90' lang='lat' dir='ltr'><strong>vacet</strong></span> <span class='ocrx_word' id='word_1_693' title='bbox 2991 3357 3142 3413; x_wconf 89' lang='lat' dir='ltr'><strong>enim</strong></span> <span class='ocrx_word' id='word_1_694' title='bbox 3188 3373 3414 3413; x_wconf 88' lang='lat' dir='ltr'><strong>necesse</strong></span> <span class='ocrx_word' id='word_1_695' title='bbox 3460 3364 3543 3413; x_wconf 89' lang='lat' dir='ltr'><strong>est</strong></span> <span class='ocrx_word' id='word_1_696' title='bbox 3586 3356 3786 3412; x_wconf 84' lang='lat' dir='ltr'><strong>beneﬁ-</strong></span> 
     </span>
    </p>
   </div>
   <div class='ocr_carea' id='block_1_97' title="bbox 2186 3444 3783 3514">
    <p class='ocr_par' dir='ltr' id='par_1_97' title="bbox 2186 3444 3783 3514">
     <span class='ocr_line' id='line_1_97' title="bbox 2186 3444 3783 3514; baseline -0.003 -11"><span class='ocrx_word' id='word_1_697' title='bbox 2186 3446 2332 3503; x_wconf 90' lang='lat' dir='ltr'><strong>cium</strong></span> <span class='ocrx_word' id='word_1_698' title='bbox 2359 3445 2603 3512; x_wconf 92' lang='lat' dir='ltr'><strong>Domini,</strong></span> <span class='ocrx_word' id='word_1_699' title='bbox 2635 3463 2759 3502; x_wconf 91' lang='lat' dir='ltr'><strong>cum</strong></span> <span class='ocrx_word' id='word_1_700' title='bbox 2790 3461 2902 3500; x_wconf 91' lang='lat' dir='ltr'><strong>non</strong></span> <span class='ocrx_word' id='word_1_701' title='bbox 2930 3452 3129 3514; x_wconf 82' lang='lat' dir='ltr'><strong>exstat,</strong></span> <span class='ocrx_word' id='word_1_702' title='bbox 3156 3444 3247 3502; x_wconf 88' lang='lat' dir='ltr'><strong>cui</strong></span> <span class='ocrx_word' id='word_1_703' title='bbox 3278 3445 3477 3501; x_wconf 85' lang='lat' dir='ltr'><strong>debeat</strong></span> <span class='ocrx_word' id='word_1_704' title='bbox 3518 3444 3783 3500; x_wconf 88' lang='lat' dir='ltr'><strong>misereri.</strong></span> 
     </span>
    </p>
   </div>
   <div class='ocr_carea' id='block_1_98' title="bbox 2187 3532 3785 3609">
    <p class='ocr_par' dir='ltr' id='par_1_98' title="bbox 2187 3532 3785 3609">
     <span class='ocr_line' id='line_1_98' title="bbox 2187 3532 3785 3609; baseline -0.001 -17"><span class='ocrx_word' id='word_1_705' title='bbox 2187 3537 2394 3609; x_wconf 85' lang='lat' dir='ltr'><strong>Aspera</strong></span> <span class='ocrx_word' id='word_1_706' title='bbox 2420 3543 2501 3591; x_wconf 91' lang='lat' dir='ltr'><strong>est</strong></span> <span class='ocrx_word' id='word_1_707' title='bbox 2525 3534 2808 3607; x_wconf 85' lang='lat' dir='ltr'><strong>castigatio</strong></span> <span class='ocrx_word' id='word_1_708' title='bbox 2844 3535 3208 3607; x_wconf 70' lang='lat' dir='ltr'><strong>poenitentiae,</strong></span> <span class='ocrx_word' id='word_1_709' title='bbox 3248 3534 3345 3590; x_wconf 90' lang='lat' dir='ltr'><strong>sed</strong></span> <span class='ocrx_word' id='word_1_710' title='bbox 3395 3533 3580 3590; x_wconf 90' lang='lat' dir='ltr'><strong>leuior</strong></span> <span class='ocrx_word' id='word_1_711' title='bbox 3622 3532 3785 3590; x_wconf 80' lang='lat' dir='ltr'><strong>efﬁci-</strong></span> 
     </span>
    </p>
   </div>
   <div class='ocr_carea' id='block_1_99' title="bbox 2186 3623 3783 3696">
    <p class='ocr_par' dir='ltr' id='par_1_99' title="bbox 2186 3623 3783 3696">
     <span class='ocr_line' id='line_1_99' title="bbox 2186 3623 3783 3696; baseline -0.002 -15"><span class='ocrx_word' id='word_1_712' title='bbox 2186 3633 2296 3693; x_wconf 91' lang='lat' dir='ltr'><strong>tur,</strong></span> <span class='ocrx_word' id='word_1_713' title='bbox 2328 3624 2374 3681; x_wconf 89' lang='lat' dir='ltr'><strong>si</strong></span> <span class='ocrx_word' id='word_1_714' title='bbox 2409 3623 2608 3681; x_wconf 91' lang='lat' dir='ltr'><strong>modus</strong></span> <span class='ocrx_word' id='word_1_715' title='bbox 2636 3625 2810 3696; x_wconf 64' lang='lat' dir='ltr'><strong>culpat</strong></span> <span class='ocrx_word' id='word_1_716' title='bbox 2839 3631 3125 3680; x_wconf 89' lang='lat' dir='ltr'><strong>tractetur.</strong></span> <span class='ocrx_word' id='word_1_717' title='bbox 3174 3623 3516 3696; x_wconf 77' lang='lat' dir='ltr'><strong>Iampridem</strong></span> <span class='ocrx_word' id='word_1_718' title='bbox 3548 3631 3601 3680; x_wconf 85' lang='lat' dir='ltr'><strong>te</strong></span> <span class='ocrx_word' id='word_1_719' title='bbox 3629 3639 3783 3678; x_wconf 88' lang='lat' dir='ltr'><strong>mun-</strong></span> 
     </span>
    </p>
   </div>
   <div class='ocr_carea' id='block_1_100' title="bbox 2185 3717 3784 3791">
    <p class='ocr_par' dir='ltr' id='par_1_100' title="bbox 2185 3717 3784 3791">
     <span class='ocr_line' id='line_1_100' title="bbox 2185 3717 3784 3791; baseline 0 -16"><span class='ocrx_word' id='word_1_720' title='bbox 2185 3718 2347 3775; x_wconf 88' lang='lat' dir='ltr'><strong>dialis</strong></span> <span class='ocrx_word' id='word_1_721' title='bbox 2375 3735 2589 3791; x_wconf 60' lang='lat' dir='ltr'><strong>pompas</strong></span> <span class='ocrx_word' id='word_1_722' title='bbox 2610 3717 2917 3775; x_wconf 87' lang='lat' dir='ltr'><strong>oblectabat</strong></span> <span class='ocrx_word' id='word_1_723' title='bbox 2955 3718 3207 3787; x_wconf 89' lang='lat' dir='ltr'><strong>ambitio,</strong></span> <span class='ocrx_word' id='word_1_724' title='bbox 3254 3727 3309 3775; x_wconf 92' lang='lat' dir='ltr'><strong>et</strong></span> <span class='ocrx_word' id='word_1_725' title='bbox 3356 3720 3418 3776; x_wconf 94' lang='lat' dir='ltr'><strong>in</strong></span> <span class='ocrx_word' id='word_1_726' title='bbox 3463 3735 3685 3775; x_wconf 85' lang='lat' dir='ltr'><strong>servum</strong></span> <span class='ocrx_word' id='word_1_727' title='bbox 3730 3727 3784 3775; x_wconf 88' lang='lat' dir='ltr'><strong>te</strong></span> 
     </span>
    </p>
   </div>
   <div class='ocr_carea' id='block_1_101' title="bbox 2185 3806 3782 3876">
    <p class='ocr_par' dir='ltr' id='par_1_101' title="bbox 2185 3806 3782 3876">
     <span class='ocr_line' id='line_1_101' title="bbox 2185 3806 3782 3876; baseline 0 -12"><span class='ocrx_word' id='word_1_728' title='bbox 2185 3806 2290 3864; x_wconf 91' lang='lat' dir='ltr'><strong>sibi</strong></span> <span class='ocrx_word' id='word_1_729' title='bbox 2319 3806 2637 3864; x_wconf 89' lang='lat' dir='ltr'><strong>dominatus</strong></span> <span class='ocrx_word' id='word_1_730' title='bbox 2672 3807 2859 3864; x_wconf 77' lang='lat' dir='ltr'><strong>saeculi</strong></span> <span class='ocrx_word' id='word_1_731' title='bbox 2890 3806 3230 3876; x_wconf 88' lang='lat' dir='ltr'><strong>vindicabat,</strong></span> <span class='ocrx_word' id='word_1_732' title='bbox 3268 3823 3421 3863; x_wconf 88' lang='lat' dir='ltr'><strong>nunc</strong></span> <span class='ocrx_word' id='word_1_733' title='bbox 3464 3806 3523 3863; x_wconf 90' lang='lat' dir='ltr'><strong>in</strong></span> <span class='ocrx_word' id='word_1_734' title='bbox 3568 3807 3782 3864; x_wconf 76' lang='lat' dir='ltr'><strong>luxuria</strong></span> 
     </span>
    </p>
   </div>
   <div class='ocr_carea' id='block_1_102' title="bbox 2185 3894 3777 3965">
    <p class='ocr_par' dir='ltr' id='par_1_102' title="bbox 2185 3894 3777 3965">
     <span class='ocr_line' id='line_1_102' title="bbox 2185 3894 3777 3965; baseline 0 -12"><span class='ocrx_word' id='word_1_735' title='bbox 2185 3896 2495 3965; x_wconf 87' lang='lat' dir='ltr'><strong>remissum,</strong></span> <span class='ocrx_word' id='word_1_736' title='bbox 2550 3913 2701 3953; x_wconf 92' lang='lat' dir='ltr'><strong>nunc</strong></span> <span class='ocrx_word' id='word_1_737' title='bbox 2747 3896 2807 3952; x_wconf 92' lang='lat' dir='ltr'><strong>in</strong></span> <span class='ocrx_word' id='word_1_738' title='bbox 2861 3896 3168 3953; x_wconf 90' lang='lat' dir='ltr'><strong>vinolentia</strong></span> <span class='ocrx_word' id='word_1_739' title='bbox 3222 3894 3559 3953; x_wconf 89' lang='lat' dir='ltr'><strong>demersum.</strong></span> <span class='ocrx_word' id='word_1_740' title='bbox 3609 3897 3675 3952; x_wconf 89' lang='lat' dir='ltr'><strong>Hi</strong></span> <span class='ocrx_word' id='word_1_741' title='bbox 3727 3905 3777 3954; x_wconf 90' lang='lat' dir='ltr'><strong>te</strong></span> 
     </span>
    </p>
   </div>
   <div class='ocr_carea' id='block_1_103' title="bbox 2186 3985 3776 4056">
    <p class='ocr_par' dir='ltr' id='par_1_103' title="bbox 2186 3985 3776 4056">
     <span class='ocr_line' id='line_1_103' title="bbox 2186 3985 3776 4056; baseline 0.001 -15"><span class='ocrx_word' id='word_1_742' title='bbox 2186 3985 2351 4042; x_wconf 91' lang='lat' dir='ltr'><strong>modo</strong></span> <span class='ocrx_word' id='word_1_743' title='bbox 2387 3985 2651 4043; x_wconf 83' lang='lat' dir='ltr'><strong>exercitio</strong></span> <span class='ocrx_word' id='word_1_744' title='bbox 2696 3986 2905 4043; x_wconf 88' lang='lat' dir='ltr'><strong>aleonis</strong></span> <span class='ocrx_word' id='word_1_745' title='bbox 2940 3986 3214 4044; x_wconf 90' lang='lat' dir='ltr'><strong>intentum</strong></span> <span class='ocrx_word' id='word_1_746' title='bbox 3248 3985 3534 4056; x_wconf 87' lang='lat' dir='ltr'><strong>viderunt,</strong></span> <span class='ocrx_word' id='word_1_747' title='bbox 3580 3986 3673 4042; x_wconf 79' lang='lat' dir='ltr'><strong>alii</strong></span> <span class='ocrx_word' id='word_1_748' title='bbox 3710 3986 3776 4043; x_wconf 85' lang='lat' dir='ltr'><strong>ad</strong></span> 
     </span>
    </p>
   </div>
   <div class='ocr_carea' id='block_1_104' title="bbox 2186 4075 3774 4149">
    <p class='ocr_par' dir='ltr' id='par_1_104' title="bbox 2186 4075 3774 4149">
     <span class='ocr_line' id='line_1_104' title="bbox 2186 4075 3774 4149; baseline 0.001 -18"><span class='ocrx_word' id='word_1_749' title='bbox 2186 4075 2554 4149; x_wconf 89' lang='lat' dir='ltr'><strong>ganeandum,</strong></span> <span class='ocrx_word' id='word_1_750' title='bbox 2582 4075 2675 4131; x_wconf 89' lang='lat' dir='ltr'><strong>alii</strong></span> <span class='ocrx_word' id='word_1_751' title='bbox 2706 4076 2765 4132; x_wconf 93' lang='lat' dir='ltr'><strong>in</strong></span> <span class='ocrx_word' id='word_1_752' title='bbox 2791 4083 3034 4134; x_wconf 81' lang='lat' dir='ltr'><strong>scortum</strong></span> <span class='ocrx_word' id='word_1_753' title='bbox 3065 4076 3394 4149; x_wconf 89' lang='lat' dir='ltr'><strong>projectum,</strong></span> <span class='ocrx_word' id='word_1_754' title='bbox 3427 4075 3520 4133; x_wconf 87' lang='lat' dir='ltr'><strong>isti</strong></span> <span class='ocrx_word' id='word_1_755' title='bbox 3560 4076 3774 4148; x_wconf 81' lang='lat' dir='ltr'><strong>lupana-</strong></span> 
     </span>
    </p>
   </div>
   <div class='ocr_carea' id='block_1_105' title="bbox 2186 4163 3773 4238">
    <p class='ocr_par' dir='ltr' id='par_1_105' title="bbox 2186 4163 3773 4238">
     <span class='ocr_line' id='line_1_105' title="bbox 2186 4163 3773 4238; baseline 0.001 -18"><span class='ocrx_word' id='word_1_756' title='bbox 2186 4164 2338 4221; x_wconf 89' lang='lat' dir='ltr'><strong>ribus</strong></span> <span class='ocrx_word' id='word_1_757' title='bbox 2365 4164 2761 4238; x_wconf 89' lang='lat' dir='ltr'><strong>mancipatum,</strong></span> <span class='ocrx_word' id='word_1_758' title='bbox 2800 4164 3097 4238; x_wconf 89' lang='lat' dir='ltr'><strong>unguentis</strong></span> <span class='ocrx_word' id='word_1_759' title='bbox 3132 4163 3395 4233; x_wconf 91' lang='lat' dir='ltr'><strong>oblitum,</strong></span> <span class='ocrx_word' id='word_1_760' title='bbox 3443 4164 3773 4221; x_wconf 87' lang='lat' dir='ltr'><strong>aromatibus</strong></span> 
     </span>
    </p>
   </div>
   <div class='ocr_carea' id='block_1_106' title="bbox 2185 4254 3768 4329">
    <p class='ocr_par' dir='ltr' id='par_1_106' title="bbox 2185 4254 3768 4329">
     <span class='ocr_line' id='line_1_106' title="bbox 2185 4254 3768 4329; baseline -0.001 -17"><span class='ocrx_word' id='word_1_761' title='bbox 2185 4254 2515 4323; x_wconf 90' lang='lat' dir='ltr'><strong>delibutum,</strong></span> <span class='ocrx_word' id='word_1_762' title='bbox 2546 4263 2601 4312; x_wconf 92' lang='lat' dir='ltr'><strong>et</strong></span> <span class='ocrx_word' id='word_1_763' title='bbox 2630 4255 2930 4329; x_wconf 88' lang='lat' dir='ltr'><strong>peregrinis</strong></span> <span class='ocrx_word' id='word_1_764' title='bbox 2953 4254 3249 4312; x_wconf 90' lang='lat' dir='ltr'><strong>cernebant</strong></span> <span class='ocrx_word' id='word_1_765' title='bbox 3283 4254 3464 4311; x_wconf 88' lang='lat' dir='ltr'><strong>oculis</strong></span> <span class='ocrx_word' id='word_1_766' title='bbox 3488 4255 3768 4312; x_wconf 87' lang='lat' dir='ltr'><strong>infectum.</strong></span> 
     </span>
    </p>
   </div>
   <div class='ocr_carea' id='block_1_107' title="bbox 2186 4343 3774 4418">
    <p class='ocr_par' dir='ltr' id='par_1_107' title="bbox 2186 4343 3774 4418">
     <span class='ocr_line' id='line_1_107' title="bbox 2186 4343 3774 4418; baseline 0 -17"><span class='ocrx_word' id='word_1_767' title='bbox 2186 4343 2519 4417; x_wconf 87' lang='lat' dir='ltr'><strong>Splendebas</strong></span> <span class='ocrx_word' id='word_1_768' title='bbox 2585 4344 2850 4412; x_wconf 90' lang='lat' dir='ltr'><strong>vestibus,</strong></span> <span class='ocrx_word' id='word_1_769' title='bbox 2916 4360 3051 4400; x_wconf 90' lang='lat' dir='ltr'><strong>auro</strong></span> <span class='ocrx_word' id='word_1_770' title='bbox 3115 4343 3386 4418; x_wconf 85' lang='lat' dir='ltr'><strong>fulgebas,</strong></span> <span class='ocrx_word' id='word_1_771' title='bbox 3442 4345 3674 4417; x_wconf 81' lang='lat' dir='ltr'><strong>gemmis</strong></span> <span class='ocrx_word' id='word_1_772' title='bbox 3723 4352 3774 4401; x_wconf 88' lang='lat' dir='ltr'><strong>et</strong></span> 
     </span>
    </p>
   </div>
   <div class='ocr_carea' id='block_1_108' title="bbox 2188 4434 3774 4509">
    <p class='ocr_par' dir='ltr' id='par_1_108' title="bbox 2188 4434 3774 4509">
     <span class='ocr_line' id='line_1_108' title="bbox 2188 4434 3774 4509; baseline 0.001 -18"><span class='ocrx_word' id='word_1_773' title='bbox 2188 4434 2601 4508; x_wconf 90' lang='lat' dir='ltr'><strong>pretiosissimis</strong></span> <span class='ocrx_word' id='word_1_774' title='bbox 2664 4434 2977 4509; x_wconf 84' lang='lat' dir='ltr'><strong>margaritis</strong></span> <span class='ocrx_word' id='word_1_775' title='bbox 3039 4434 3344 4492; x_wconf 87' lang='lat' dir='ltr'><strong>ornabaris.</strong></span> <span class='ocrx_word' id='word_1_776' title='bbox 3395 4434 3591 4492; x_wconf 83' lang='lat' dir='ltr'><strong>Vicem</strong></span> <span class='ocrx_word' id='word_1_777' title='bbox 3656 4451 3774 4508; x_wconf 83' lang='lat' dir='ltr'><strong>ergo</strong></span> 
     </span>
    </p>
   </div>
   <div class='ocr_carea' id='block_1_109' title="bbox 2186 4522 3775 4596">
    <p class='ocr_par' dir='ltr' id='par_1_109' title="bbox 2186 4522 3775 4596">
     <span class='ocr_line' id='line_1_109' title="bbox 2186 4522 3775 4596; baseline 0.001 -18"><span class='ocrx_word' id='word_1_778' title='bbox 2186 4523 2296 4580; x_wconf 89' lang='lat' dir='ltr'><strong>vici</strong></span> <span class='ocrx_word' id='word_1_779' title='bbox 2327 4522 2573 4590; x_wconf 90' lang='lat' dir='ltr'><strong>restitue,</strong></span> <span class='ocrx_word' id='word_1_780' title='bbox 2605 4532 2661 4580; x_wconf 91' lang='lat' dir='ltr'><strong>et</strong></span> <span class='ocrx_word' id='word_1_781' title='bbox 2692 4539 2813 4580; x_wconf 89' lang='lat' dir='ltr'><strong>sero</strong></span> <span class='ocrx_word' id='word_1_782' title='bbox 2853 4524 3045 4581; x_wconf 87' lang='lat' dir='ltr'><strong>saltem</strong></span> <span class='ocrx_word' id='word_1_783' title='bbox 3093 4523 3604 4596; x_wconf 88' lang='lat' dir='ltr'><strong>compensationem</strong></span> <span class='ocrx_word' id='word_1_784' title='bbox 3648 4532 3775 4580; x_wconf 87' lang='lat' dir='ltr'><strong>tem-</strong></span> 
     </span>
    </p>
   </div>
   <div class='ocr_carea' id='block_1_110' title="bbox 2186 4611 3775 4687">
    <p class='ocr_par' dir='ltr' id='par_1_110' title="bbox 2186 4611 3775 4687">
     <span class='ocr_line' id='line_1_110' title="bbox 2186 4611 3775 4687; baseline 0.001 -19"><span class='ocrx_word' id='word_1_785' title='bbox 2186 4628 2377 4684; x_wconf 91' lang='lat' dir='ltr'><strong>porum</strong></span> <span class='ocrx_word' id='word_1_786' title='bbox 2406 4611 2747 4687; x_wconf 89' lang='lat' dir='ltr'><strong>temporibus</strong></span> <span class='ocrx_word' id='word_1_787' title='bbox 2770 4612 2935 4670; x_wconf 89' lang='lat' dir='ltr'><strong>redde</strong></span> <span class='ocrx_word' id='word_1_788' title='bbox 2964 4630 2976 4669; x_wconf 89' lang='lat'><strong>:</strong></span> <span class='ocrx_word' id='word_1_789' title='bbox 3029 4614 3365 4686; x_wconf 83' lang='lat' dir='ltr'><strong>reciprocam</strong></span> <span class='ocrx_word' id='word_1_790' title='bbox 3409 4613 3587 4669; x_wconf 86' lang='lat' dir='ltr'><strong>vitam</strong></span> <span class='ocrx_word' id='word_1_791' title='bbox 3633 4622 3775 4670; x_wconf 81' lang='lat' dir='ltr'><strong>tuam</strong></span> 
     </span>
    </p>
   </div>
   <div class='ocr_carea' id='block_1_111' title="bbox 2184 4700 3774 4778">
    <p class='ocr_par' dir='ltr' id='par_1_111' title="bbox 2184 4700 3774 4778">
     <span class='ocr_line' id='line_1_111' title="bbox 2184 4700 3774 4778; baseline 0.001 -21"><span class='ocrx_word' id='word_1_792' title='bbox 2184 4700 2242 4757; x_wconf 93' lang='lat' dir='ltr'><strong>in</strong></span> <span class='ocrx_word' id='word_1_793' title='bbox 2271 4710 2504 4775; x_wconf 89' lang='lat' dir='ltr'><strong>utroque</strong></span> <span class='ocrx_word' id='word_1_794' title='bbox 2536 4709 2658 4758; x_wconf 88' lang='lat' dir='ltr'><strong>actu</strong></span> <span class='ocrx_word' id='word_1_795' title='bbox 2692 4704 2886 4776; x_wconf 68' lang='lat' dir='ltr'><strong>mquali</strong></span> <span class='ocrx_word' id='word_1_796' title='bbox 2920 4704 3295 4761; x_wconf 87' lang='lat' dir='ltr'><strong>moderatione</strong></span> <span class='ocrx_word' id='word_1_797' title='bbox 3329 4704 3557 4778; x_wconf 89' lang='lat' dir='ltr'><strong>partire.</strong></span> <span class='ocrx_word' id='word_1_798' title='bbox 3606 4701 3774 4761; x_wconf 87' lang='lat' dir='ltr'><strong>Fuisti</strong></span> 
     </span>
    </p>
   </div>
   <div class='ocr_carea' id='block_1_112' title="bbox 2181 4789 3772 4868">
    <p class='ocr_par' dir='ltr' id='par_1_112' title="bbox 2181 4789 3772 4868">
     <span class='ocr_line' id='line_1_112' title="bbox 2181 4789 3772 4868; baseline 0.004 -25"><span class='ocrx_word' id='word_1_799' title='bbox 2181 4796 2317 4847; x_wconf 91' lang='lat' dir='ltr'><strong>tunc</strong></span> <span class='ocrx_word' id='word_1_800' title='bbox 2344 4789 2573 4860; x_wconf 88' lang='lat' dir='ltr'><strong>diaboli,</strong></span> <span class='ocrx_word' id='word_1_801' title='bbox 2619 4801 2734 4849; x_wconf 88' lang='lat' dir='ltr'><strong>esto</strong></span> <span class='ocrx_word' id='word_1_802' title='bbox 2779 4811 2930 4851; x_wconf 91' lang='lat' dir='ltr'><strong>nunc</strong></span> <span class='ocrx_word' id='word_1_803' title='bbox 2973 4794 3112 4861; x_wconf 88' lang='lat' dir='ltr'><strong>Dei;</strong></span> <span class='ocrx_word' id='word_1_804' title='bbox 3163 4795 3278 4851; x_wconf 91' lang='lat' dir='ltr'><strong>imo</strong></span> <span class='ocrx_word' id='word_1_805' title='bbox 3323 4810 3457 4852; x_wconf 88' lang='lat' dir='ltr'><strong>vero</strong></span> <span class='ocrx_word' id='word_1_806' title='bbox 3497 4803 3618 4852; x_wconf 88' lang='lat' dir='ltr'><strong>esto</strong></span> <span class='ocrx_word' id='word_1_807' title='bbox 3664 4795 3772 4868; x_wconf 88' lang='lat' dir='ltr'><strong>jam</strong></span> 
     </span>
    </p>
   </div>
   <div class='ocr_carea' id='block_1_113' title="bbox 2180 4881 3774 4956">
    <p class='ocr_par' dir='ltr' id='par_1_113' title="bbox 2180 4881 3774 4956">
     <span class='ocr_line' id='line_1_113' title="bbox 2180 4881 3774 4956; baseline 0.003 -21"><span class='ocrx_word' id='word_1_808' title='bbox 2180 4885 2329 4950; x_wconf 88' lang='lat' dir='ltr'><strong>tuus,</strong></span> <span class='ocrx_word' id='word_1_809' title='bbox 2358 4881 2451 4956; x_wconf 91' lang='lat' dir='ltr'><strong>qui</strong></span> <span class='ocrx_word' id='word_1_810' title='bbox 2476 4882 2685 4940; x_wconf 90' lang='lat' dir='ltr'><strong>dudum</strong></span> <span class='ocrx_word' id='word_1_811' title='bbox 2715 4883 2895 4941; x_wconf 84' lang='lat' dir='ltr'><strong>fueras</strong></span> <span class='ocrx_word' id='word_1_812' title='bbox 2925 4886 3154 4942; x_wconf 88' lang='lat' dir='ltr'><strong>alienus.</strong></span> <span class='ocrx_word' id='word_1_813' title='bbox 3201 4886 3275 4942; x_wconf 89' lang='lat' dir='ltr'><strong>Et</strong></span> <span class='ocrx_word' id='word_1_814' title='bbox 3312 4885 3554 4942; x_wconf 82' lang='lat' dir='ltr'><strong>forsitan</strong></span> <span class='ocrx_word' id='word_1_815' title='bbox 3582 4885 3629 4941; x_wconf 91' lang='lat' dir='ltr'><strong>si</strong></span> <span class='ocrx_word' id='word_1_816' title='bbox 3655 4901 3774 4943; x_wconf 83' lang='lat' dir='ltr'><strong>con-</strong></span> 
     </span>
    </p>
   </div>
   <div class='ocr_carea' id='block_1_114' title="bbox 2180 4968 3769 5048">
    <p class='ocr_par' dir='ltr' id='par_1_114' title="bbox 2180 4968 3769 5048">
     <span class='ocr_line' id='line_1_114' title="bbox 2180 4968 3769 5048; baseline 0.006 -23"><span class='ocrx_word' id='word_1_817' title='bbox 2180 4968 2406 5040; x_wconf 81' lang='lat' dir='ltr'><strong>sideres,</strong></span> <span class='ocrx_word' id='word_1_818' title='bbox 2464 4968 2701 5029; x_wconf 80' lang='lat' dir='ltr'><strong>multdm</strong></span> <span class='ocrx_word' id='word_1_819' title='bbox 2758 4974 3023 5048; x_wconf 88' lang='lat' dir='ltr'><strong>temporis</strong></span> <span class='ocrx_word' id='word_1_820' title='bbox 3061 4974 3362 5043; x_wconf 82' lang='lat' dir='ltr'><strong>decoxisti;</strong></span> <span class='ocrx_word' id='word_1_821' title='bbox 3414 4983 3478 5032; x_wconf 91' lang='lat' dir='ltr'><strong>ut</strong></span> <span class='ocrx_word' id='word_1_822' title='bbox 3528 4971 3769 5047; x_wconf 72' lang='lat' dir='ltr'><strong>idqvod</strong></span> 
     </span>
    </p>
   </div>
   <div class='ocr_carea' id='block_1_115' title="bbox 2179 5059 3769 5137">
    <p class='ocr_par' dir='ltr' id='par_1_115' title="bbox 2179 5059 3769 5137">
     <span class='ocr_line' id='line_1_115' title="bbox 2179 5059 3769 5137; baseline 0.006 -23"><span class='ocrx_word' id='word_1_823' title='bbox 2179 5059 2460 5118; x_wconf 88' lang='lat' dir='ltr'><strong>residuum</strong></span> <span class='ocrx_word' id='word_1_824' title='bbox 2519 5070 2621 5133; x_wconf 89' lang='lat' dir='ltr'><strong>est,</strong></span> <span class='ocrx_word' id='word_1_825' title='bbox 2676 5064 2843 5120; x_wconf 89' lang='lat' dir='ltr'><strong>breve</strong></span> <span class='ocrx_word' id='word_1_826' title='bbox 2892 5073 3107 5137; x_wconf 89' lang='lat' dir='ltr'><strong>tempus</strong></span> <span class='ocrx_word' id='word_1_827' title='bbox 3153 5072 3430 5137; x_wconf 86' lang='lat' dir='ltr'><strong>angustet.</strong></span> <span class='ocrx_word' id='word_1_828' title='bbox 3481 5065 3635 5122; x_wconf 64' lang='lat' dir='ltr'><strong>Vaco</strong></span> <span class='ocrx_word' id='word_1_829' title='bbox 3665 5063 3769 5136; x_wconf 78' lang='lat' dir='ltr'><strong>jam</strong></span> 
     </span>
    </p>
   </div>
   <div class='ocr_carea' id='block_1_116' title="bbox 2176 5148 3765 5229">
    <p class='ocr_par' dir='ltr' id='par_1_116' title="bbox 2176 5148 3765 5229">
     <span class='ocr_line' id='line_1_116' title="bbox 2176 5148 3765 5229; baseline 0.002 -22"><span class='ocrx_word' id='word_1_830' title='bbox 2176 5148 2300 5219; x_wconf 89' lang='lat' dir='ltr'><strong>tibi,</strong></span> <span class='ocrx_word' id='word_1_831' title='bbox 2333 5166 2445 5208; x_wconf 90' lang='lat' dir='ltr'><strong>non</strong></span> <span class='ocrx_word' id='word_1_832' title='bbox 2474 5153 2743 5225; x_wconf 90' lang='lat' dir='ltr'><strong>tempori;</strong></span> <span class='ocrx_word' id='word_1_833' title='bbox 2777 5169 2930 5220; x_wconf 88' lang='lat' dir='ltr'><strong>vaca,</strong></span> <span class='ocrx_word' id='word_1_834' title='bbox 2961 5153 3101 5221; x_wconf 78' lang='lat' dir='ltr'><strong>dixi,</strong></span> <span class='ocrx_word' id='word_1_835' title='bbox 3144 5170 3256 5211; x_wconf 88' lang='lat' dir='ltr'><strong>non</strong></span> <span class='ocrx_word' id='word_1_836' title='bbox 3297 5163 3362 5211; x_wconf 93' lang='lat' dir='ltr'><strong>ut</strong></span> <span class='ocrx_word' id='word_1_837' title='bbox 3412 5162 3653 5229; x_wconf 67' lang='lat' dir='ltr'><strong>torpens,</strong></span> <span class='ocrx_word' id='word_1_838' title='bbox 3684 5151 3765 5210; x_wconf 85' lang='lat' dir='ltr'><strong>sed</strong></span> 
     </span>
    </p>
   </div>
   <div class='ocr_carea' id='block_1_117' title="bbox 2176 5239 3763 5312">
    <p class='ocr_par' dir='ltr' id='par_1_117' title="bbox 2176 5239 3763 5312">
     <span class='ocr_line' id='line_1_117' title="bbox 2176 5239 3763 5312; baseline 0.004 -18"><span class='ocrx_word' id='word_1_839' title='bbox 2176 5246 2239 5295; x_wconf 91' lang='lat' dir='ltr'><strong>ut</strong></span> <span class='ocrx_word' id='word_1_840' title='bbox 2268 5239 2486 5312; x_wconf 87' lang='lat' dir='ltr'><strong>negotio</strong></span> <span class='ocrx_word' id='word_1_841' title='bbox 2510 5242 2872 5299; x_wconf 86' lang='lat' dir='ltr'><strong>confessionis</strong></span> <span class='ocrx_word' id='word_1_842' title='bbox 2911 5242 3150 5301; x_wconf 85' lang='lat' dir='ltr'><strong>insistas.</strong></span> <span class='ocrx_word' id='word_1_843' title='bbox 3183 5244 3485 5302; x_wconf 81' lang='lat' dir='ltr'><strong>Revertere</strong></span> <span class='ocrx_word' id='word_1_844' title='bbox 3523 5246 3585 5302; x_wconf 89' lang='lat' dir='ltr'><strong>in</strong></span> <span class='ocrx_word' id='word_1_845' title='bbox 3630 5245 3763 5301; x_wconf 82' lang='lat' dir='ltr'><strong>viam</strong></span> 
     </span>
    </p>
   </div>
   <div class='ocr_carea' id='block_1_118' title="bbox 2167 5391 3568 5468">
    <p class='ocr_par' dir='ltr' id='par_1_118' title="bbox 2167 5391 3568 5468">
     <span class='ocr_line' id='line_1_118' title="bbox 2167 5391 3568 5468; baseline 0.006 -21"><span class='ocrx_word' id='word_1_846' title='bbox 2167 5391 2483 5468; x_wconf 57' lang='lat' dir='ltr'><strong>proﬂuuio;</strong></span> <span class='ocrx_word' id='word_1_847' title='bbox 2509 5392 2684 5468; x_wconf 75' lang='lat' dir='ltr'><strong>codex</strong></span> <span class='ocrx_word' id='word_1_848' title='bbox 2705 5394 2884 5468; x_wconf 67' lang='lat' dir='ltr'><strong>Ijem.,</strong></span> <span class='ocrx_word' id='word_1_849' title='bbox 2915 5412 3021 5468; x_wconf 83' lang='lat' dir='ltr'><strong>cur_</strong></span> <span class='ocrx_word' id='word_1_850' title='bbox 3038 5413 3146 5468; x_wconf 70' lang='lat' dir='ltr'><strong>non</strong></span> <span class='ocrx_word' id='word_1_851' title='bbox 3174 5396 3237 5451; x_wconf 83' lang='lat' dir='ltr'><strong>de</strong></span> <span class='ocrx_word' id='word_1_852' title='bbox 3261 5396 3568 5468; x_wconf 76' lang='lat' dir='ltr'><strong>profundo.</strong></span> 
     </span>
    </p>
   </div>
   <div class='ocr_carea' id='block_1_119' title="bbox 2248 5464 3758 5537">
    <p class='ocr_par' dir='ltr' id='par_1_119' title="bbox 2248 5464 3758 5537">
     <span class='ocr_line' id='line_1_119' title="bbox 2248 5464 3758 5537; baseline 0.002 -16"><span class='ocrx_word' id='word_1_853' title='bbox 2248 5464 2364 5537; x_wconf 79' lang='lat' dir='ltr'><strong>(3i)</strong></span> <span class='ocrx_word' id='word_1_854' title='bbox 2405 5466 2488 5522; x_wconf 88' lang='lat' dir='ltr'><strong>Ita</strong></span> <span class='ocrx_word' id='word_1_855' title='bbox 2529 5465 2665 5537; x_wconf 66' lang='lat' dir='ltr'><strong>cod.</strong></span> <span class='ocrx_word' id='word_1_856' title='bbox 2708 5466 2864 5522; x_wconf 84' lang='lat' dir='ltr'><strong>Rem.</strong></span> <span class='ocrx_word' id='word_1_857' title='bbox 2896 5466 3094 5537; x_wconf 86' lang='lat' dir='ltr'><strong>;edit.</strong></span> <span class='ocrx_word' id='word_1_858' title='bbox 3144 5464 3296 5537; x_wconf 76' lang='lat' dir='ltr'><strong>vero,</strong></span> <span class='ocrx_word' id='word_1_859' title='bbox 3345 5464 3405 5526; x_wconf 70' lang='lat' dir='ltr'><strong>et</strong></span> <span class='ocrx_word' id='word_1_860' title='bbox 3450 5487 3558 5528; x_wconf 87' lang='lat' dir='ltr'><strong>ms.</strong></span> <span class='ocrx_word' id='word_1_861' title='bbox 3595 5467 3758 5536; x_wconf 83' lang='lat' dir='ltr'><strong>Sorb.,</strong></span> 
     </span>
    </p>
   </div>
   <div class='ocr_carea' id='block_1_120' title="bbox 542 5520 3232 5609">
    <p class='ocr_par' dir='ltr' id='par_1_120' title="bbox 542 5520 3232 5609">
     <span class='ocr_line' id='line_1_120' title="bbox 542 5520 3232 5609; baseline 0.008 -34"><span class='ocrx_word' id='word_1_862' title='bbox 542 5520 658 5591; x_wconf 87' lang='lat'><strong>(30)</strong></span> <span class='ocrx_word' id='word_1_863' title='bbox 686 5520 837 5576; x_wconf 87' lang='lat' dir='ltr'><strong>Edit.</strong></span> <span class='ocrx_word' id='word_1_864' title='bbox 867 5521 1024 5591; x_wconf 91' lang='lat' dir='ltr'><strong>Gill.,</strong></span> <span class='ocrx_word' id='word_1_865' title='bbox 1056 5540 1149 5579; x_wconf 84' lang='lat' dir='ltr'><strong>nec</strong></span> <span class='ocrx_word' id='word_1_866' title='bbox 1193 5526 1255 5580; x_wconf 80' lang='lat' dir='ltr'><strong>de</strong></span> <span class='ocrx_word' id='word_1_867' title='bbox 1300 5525 1615 5597; x_wconf 77' lang='lat' dir='ltr'><strong>profundo;</strong></span> <span class='ocrx_word' id='word_1_868' title='bbox 1671 5528 1854 5597; x_wconf 81' lang='lat' dir='ltr'><strong>Rom.,</strong></span> <span class='ocrx_word' id='word_1_869' title='bbox 1904 5530 1953 5585; x_wconf 75' lang='lat' dir='ltr'><strong>si</strong></span> <span class='ocrx_word' id='word_1_870' title='bbox 2003 5532 2067 5589; x_wconf 73' lang='lat' dir='ltr'><strong>de</strong></span> <span class='ocrx_word' id='word_1_871' title='bbox 2170 5520 2476 5609; x_wconf 64' lang='lat' dir='ltr'><strong>impeditur,</strong></span> <span class='ocrx_word' id='word_1_872' title='bbox 2502 5520 3099 5609; x_wconf 11' lang='lat' dir='ltr'><strong>cumiinuﬁentus&#39;fuerit,</strong></span> <span class='ocrx_word' id='word_1_873' title='bbox 3125 5520 3232 5596; x_wconf 52' lang='lat' dir='ltr'><strong>etc:</strong></span> 
     </span>
    </p>
   </div>
  </div>
