3902 6198
185 205 319 264 1081

1280 206 1374 263 DE
1413 203 1874 264 POENITENTIA
1913 206 2120 265 LIBER
2160 208 2360 266 UNUS.

3341 212 3481 271 1082

179 347 212 386 a
239 331 397 404 cujus
437 331 648 387 semitis
692 329 1060 400 aberraveras,
1114 329 1314 388 damna
1366 348 1486 406 qua
1525 348 1771 406 gesseras
1797 337 1846 395 A
1883 333 2026 391 stiri.
2060 336 2200 390 Dare
2223 334 2384 406 jubet
2411 343 2465 390 et
2494 335 2784 404 annulum,
2821 335 3060 408 symboli
3090 345 3305 409 reparat
3331 337 3482 409 sigil-

182 435 366 494 quare
395 419 542 493 quod
571 418 768 476 fueras.
794 419 979 476 Primo
1007 429 1060 477 te
1089 419 1269 493 ipsum
1299 420 1509 490 inveni,
1541 431 1602 478 ut
1631 421 1778 495 quod

182 508 407 582 quaris,
458 507 750 576 invenias;
799 516 855 564 et
893 509 939 564 si
986 509 1367 579 te'inveneris,
1417 511 1514 568 abs
1558 518 1612 566 te
1661 512 1778 584 ipso

181 596 326 654 nihil
357 612 586 670 quaras.
632 596 859 654 Saccum
889 597 1078 667 indue,
1129 600 1370 656 cinerem
1413 615 1664 671 asperge,
1721 600 1780 656 in

177 684 395 759 jejunio
444 700 659 756 semper
705 701 821 754 ora,
872 685 929 742 in
977 687 1226 744 oratione
1267 686 1480 758 jejuna.
1532 689 1775 744 Pretiosa

183 773 358 846 magis
403 772 520 829 hac
562 781 711 842 sunt,
753 773 953 847 quibus
983 793 1182 848 corpus
1212 775 1487 843 afficitur;
1537 786 1600 832 ut
1644 779 1779 849 pul—

181 863 443 921 chritudo
489 863 660 918 animi
707 872 1006 935 reparetur.
1062 865 1262 921 Horret
1309 864 1540 920 humilis
1585 866 1776 934 vestis,

181 953 279 1010 sed
308 953 414 1008 hoc
443 951 603 1008 valde
634 951 809 1020 decet,
842 952 986 1025 quod
1017 955 1130 1009 Deo
1161 969 1270 1009 non
1302 951 1593 1025 displicet:
1648 953 1780 1009 vilis

181 1053 268 1102 est
295 1043 540 1117 corporis
576 1046 780 1113 cultus,
831 1046 925 1102 sed
970 1047 1084 1119 ipse
1111 1047 1425 1121 pracipuus
1471 1045 1780 1103 sanctitatis

182 1142 433 1192 ornatus.
492 1135 562 1190 Et
593 1135 770 1192 adhuc
805 1135 872 1192 de
909 1136 1236 1209 indignitate
1280 1137 1511 1194 forsitan
1538 1135 1780 1209 quereris

182 1226 521 1295 indumenti,
570 1227 664 1300 qui
705 1227 1007 1300 nuptialem
1037 1230 1279 1288 tunicam
1313 1228 1657 1303 perdidisti?
1709 1229 1782 1284 Et

182 1335 313 1376 cum
353 1333 611 1390 appareas
645 1318 906 1375 foeditatis
936 1327 1045 1375 tua
1075 1321 1323 1377 nuditate
1352 1319 1636 1386 deformis,
1669 1334 1780 1373 non

189 1407 401 1481 cogitas
427 1408 664 1480 qualiter
703 1407 1004 1466 identidem
1035 1410 1334 1467 vestiaris?
1381 1411 1501 1467 Non
1547 1415 1778 1476 metuas,

185 1515 396 1572 quaso,
429 1513 497 1553 ne
532 1514 655 1554 cum
690 1497 788 1555 illo
821 1499 914 1572 qui
958 1499 1025 1554 ad
1062 1499 1266 1572 regiam
1299 1515 1509 1556 canam
1553 1504 1782 1554 vocatur

182 1587 439 1654 intravit,
483 1602 515 1641 a
556 1587 818 1642 convivio
857 1588 1302 1644 recumbentium
1351 1587 1522 1644 simili
1572 1602 1785 1658 expro-

1889 421 2024 489 lum,
2068 422 2229 494 pedes
2277 423 2514 480 includit
2557 425 2864 482 munimine
2893 433 3312 498 praceptorum,
3343 435 3397 482 et
3426 428 3484 482 in

1888 511 2233 584 reparatione
2265 511 2382 583 ejus
2413 515 2638 571 mactari
2679 514 2837 586 jubet
2867 514 3105 572 vitulum
3151 515 3483 586 saginatum,

1889 599 1992 655 hoc
2017 609 2118 669 est,
2151 619 2248 672 pro
2278 604 2631 660 reconciliato
2651 605 2835 662 offerri
2860 604 3091 677 imperat
3111 605 3482 675 gratissimum

1889 690 2245 757 sacrificium,
2283 693 2430 764 quod
2459 703 2599 750 esset
2626 704 2909 767 acceptum
2945 702 2998 749 et
3030 697 3170 750 calo
3196 701 3250 749 et
3279 696 3484 750 exerci-

1890 780 2038 836 tibus
2063 783 2403 852 angelorum.
2435 785 2704 840 Erexerat
2734 785 2790 840 in
2814 784 3055 856 germani
3086 784 3274 839 odium
3299 783 3486 841 fratris

1887 869 2130 925 severior
2156 872 2474 942 pertinacia,
2497 874 2836 945 exprobrans
2869 873 3105 928 crimina
3135 874 3341 944 recepti
3373 889 3484 928 ma-

1885 957 1973 1030 jor
2001 958 2149 1014 ﬁlius
2177 961 2525 1018 contradicit.
2561 963 2882 1019 Mandatum
2915 978 3025 1017 non
3049 963 3485 1032 revocatur,'pie-

1889 1051 1971 1100 tas
2003 1045 2170 1117 patris
2198 1063 2308 1102 non
2340 1055 2605 1117 mutatur,
2660 1050 2830 1105 frater
2858 1049 2976 1121 ejus
3013 1049 3299 1114 asseritur,
3338 1049 3488 1105 ﬁlius

1890 1143 2286 1208 nuncupatur:
2342 1147 2397 1194 et
2453 1140 2677 1210 plenum
2732 1141 2905 1213 patris
2954 1140 3012 1195 in
3061 1156 3116 1194 se
3169 1140 3490 1211 provocavit

1888 1223 2166 1294 affectum,
2218 1226 2311 1299 qui
2344 1229 2647 1299 perfectum
2680 1229 2875 1285 habuit
2906 1229 2962 1284 in
2992 1228 3313 1300 panitendo
3344 1245 3488 1284 con-

1890 1312 2098 1370 silium.
2149 1315 2510 1385 Jucundatus,
2544 1317 2744 1391 inquit,
2777 1335 2896 1373 sum
2929 1324 2982 1372 et
3011 1317 3265 1389 gavisus:
3311 1341 3330 1365 ι
3362 1318 3491 1390 quia

1892 1400 1984 1458 hic
2015 1403 2181 1459 frater
2210 1412 2337 1462 tuus
2367 1415 2619 1462 mortuus
2647 1407 2843 1474 fuerat,
2876 1414 2930 1462 et
2960 1406 3197 1473 revixit;
3232 1408 3486 1479 perierat,

1891 1500 1945 1547 et
1974 1493 2234 1550 inventus
2279 1504 2360 1551 est
2411 1496 2573 1563 (Ibid.
2606 1495 2722 1566 24).
2761 1521 2781 1543 ι
2843 1495 3012 1552 Vides
3059 1512 3184 1568 ergo
3225 1511 3488 1552 converso

1892 1581 2010 1637 ﬁlio
2043 1584 2240 1640 stolam
2273 1585 2558 1656 pristinam
2585 1587 2921 1658 poenitentia
2944 1586 3305 1644 mercimonio
3336 1587 3490 1642 resti-

180 1675 376 1734 bratus
421 1674 776 1731 damnatione
823 1676 1064 1748 pellaris,
1124 1684 1177 1733 et
1229 1677 1420 1734 audias
1475 1676 1586 1736 dici
1639 1675 1740 1731 tibi
1768 1692 1779 1730 :
1812 1700 1856 1758 Β
1895 1679 2088 1741 tutam,
2121 1682 2176 1729 et
2209 1675 2354 1732 votis
2386 1677 2648 1733 omnibus
2677 1677 2982 1734 celebrasse
3011 1685 3219 1748 patrem
3250 1677 3489 1732 reditum

199 1789 220 1813 ε
250 1765 464 1831 Amice,
493 1765 770 1837 quomodo
800 1764 911 1822 huc
941 1765 1165 1832 venisti,
1195 1782 1308 1822 non
1338 1767 1546 1823 habens
1575 1772 1781 1821 vestem

181 1853 492 1926 nuptialem
526 1853 738 1925 (Matth.
772 1871 914 1922 xxu,
950 1855 1121 1925 12)?»
1157 1864 1212 1912 et
1239 1873 1364 1912 cum
1397 1862 1782 1927 argumentum

182 1959 302 1999 non
334 1942 602 2015 repereris
630 1942 951 2012 excusandi,
983 1943 1167 2001 dicat:
1218 1931 1463 2000 éTollite
1490 1961 1617 2000 eum
1652 1942 1780 2015 liga-

180 2030 262 2087 tis
291 2029 547 2086 manibus
577 2037 631 2086 et
659 2031 910 2103 pedibus,
961 2041 1016 2088 et
1061 2033 1268 2090 mittite
1300 2032 1356 2088 in
1385 2034 1639 2090 tenebras
1677 2048 1784 2088 ex-

183 2121 438 2189 teriores,
471 2119 588 2175 illic
611 2120 717 2175 erit
749 2120 986 2192 ploratio
1016 2129 1070 2176 et
1099 2121 1303 2176 stridor
1330 2120 1581 2176 dentium
1619 2119 1781 2194 (Ibid.

187 2211 305 2282 13).
337 2235 356 2258 ι
402 2211 474 2265 Et
502 2209 697 2282 utique
727 2209 840 2276 ille,
874 2209 1002 2281 quia
1031 2227 1142 2265 non
1172 2209 1482 2283 quaesierat,
1515 2220 1611 2266 aut
1640 2226 1785 2266 acce-

183 2306 362 2373 perat,
411 2298 618 2355 dicitur
645 2298 925 2370 abjectus;
958 2307 1187 2354 vocatus
1217 2299 1364 2354 enim
1397 2298 1648 2365 intravit,
1691 2297 1788 2352 sed

184 2404 301 2444 non
320 2386 554 2442 vestitus
573 2385 852 2442 accubuit.
872 2385 926 2442 Si
946 2402 1072 2458 ergo
1091 2387 1136 2442 is
1151 2387 1245 2460 qui
1264 2403 1544 2459 nunquam
1569 2386 1784 2453 habuit,

185 2477 396 2544 taliter,
447 2475 578 2548 quia
624 2491 735 2530 non
784 2473 1058 2548 quasivit,
1118 2475 1336 2542 exivit;
1398 2475 1633 2548 qualiter
1673 2473 1788 2546 jam

190 2563 506 2638 puniendus
537 2563 660 2628 erit,
695 2563 789 2636 qui
822 2564 1068 2620 tunicam
1099 2565 1330 2637 accepit,
1361 2572 1415 2621 et
1444 2563 1705 2637 perdidit,
1737 2573 1790 2621 et

189 2655 382 2712 vestiri
416 2656 614 2712 iterum
647 2671 759 2710 non
789 2655 1016 2726 potuit?

266 2753 494 2811 CAPUT
541 2752 897 2820 XIX—Sed,
920 2752 1105 2821 credo,
1137 2752 1358 2809 dubitas
1387 2752 1655 2809 amissum
1676 2768 1788 2808 non

192 2859 352 2915 posse
394 2841 566 2914 repeti
613 2839 1025 2910 vestimentum,
1087 2849 1182 2898 aut
1234 2841 1300 2898 ab
1353 2859 1417 2898 eo
1473 2842 1568 2914 qui
1620 2857 1792 2913 nuper

195 2930 438 2998 dederat,
497 2947 621 2987 cum
679 2930 925 3001 petieris,
982 2947 1138 3002 posse
1185 2929 1392 3002 negari.
1454 2932 1672 2987 Intuere
1731 2930 1788 2984 in

129 3088 144 3100 _
195 3018 498 3090 Evangelio
528 3018 707 3073 filium
733 3017 1011 3090 juniorem
1046 3018 1259 3090 perdito
1281 3018 1615 3090 patrimonio
1638 3034 1786 3073 men-
1818 3047 1868 3110 Ο

194 3108 492 3174 dicantem,
545 3123 718 3180 usque
747 3124 810 3162 eo
841 3108 1010 3162 fuisse
1037 3109 1386 3178 perductum,
1429 3115 1488 3162 ut
1535 3107 1791 3179 egestatis

196 3196 440 3268 impulsu
471 3203 656 3268 pastor
685 3196 854 3252 vellet
883 3212 996 3251 esse
1027 3211 1317 3267 porcorum
1353 3197 1507 3266 (Luc.
1541 3212 1636 3264 xv,
1673 3197 1786 3268 15).

198 3290 249 3345 Is
281 3302 497 3343 summa
535 3284 724 3356 inopia
762 3292 816 3341 et
862 3294 1098 3357 egestate
1147 3285 1452 3354 confectus,
1516 3301 1641 3340 cum
1692 3301 1792 3341 nec

196 3392 491 3450 porcorum
543 3374 691 3431 vesci
746 3374 990 3446 pastibus
1046 3375 1340 3442 sineretur,
1418 3390 1668 3429 reversus
1724 3373 1791 3428 ad

197 3466 488 3539 pristinam
537 3463 739 3519 mentis
784 3463 1017 3536 propria
1065 3463 1378 3532 sanitatem,
1439 3463 1640 3535 prioris
1688 3463 1792 3518 avi

195 3554 365 3628 coepit
391 3553 665 3610 desiderio
694 3552 1048 3624 conﬂagrare,
1099 3561 1153 3609 et
1194 3560 1432 3626 paterna
1459 3552 1658 3609 domus
1686 3552 1789 3608 ab-

197 3641 524 3699 undantiam
580 3640 849 3712 cogitans,
922 3648 1134 3696 reatum
1190 3656 1352 3696 suum
1411 3639 1794 3696 conversionis

196 3729 680 3787 animadversione
700 3729 980 3785 damnare.
1009 3728 1207 3785 Habito
1236 3728 1407 3800 igitur
1443 3729 1661 3784 tandem
1687 3745 1796 3800 poe-

196 3819 403 3875 nitenti
447 3825 706 3887 tractatu,
760 3827 814 3873 et
856 3834 1039 3874 secum
1092 3818 1150 3873 in
1195 3816 1363 3873 corde
1404 3817 1797 3874 satisfactionis

191 3923 402 3963 arcano
432 3907 672 3972 locutus,
720 3906 872 3962 velut
904 3906 1246 3979 postliminio
1294 3905 1363 3963 ad
1414 3907 1554 3962 lares
1592 3906 1798 3977 patrios

195 3996 386 4054 nudus
413 3997 680 4067 exsulque
709 3996 1024 4052 revertitur.
1047 3997 1186 4051 Tum
1218 3995 1312 4052 ille
1343 4003 1515 4069 pater,
1538 3995 1632 4068 qui
1653 3995 1798 4067 cogi-

195 4086 376 4145 tantis
403 4085 620 4143 viderat
658 4087 715 4140 in
751 4087 914 4144 corde
939 4087 1256 4152 consilium,
1296 4097 1587 4162 antequam
1632 4087 1802 4143 verba

195 4175 454 4250 perditus
485 4175 634 4230 filius
661 4173 719 4229 in
749 4176 1092 4230 confessione
1125 4176 1504 4248 profunderet,
1544 4177 1798 4233 affectum

196 4264 447 4324 dolentis
473 4262 759 4334 anticipat,
799 4271 853 4320 et
893 4265 1326 4320 misericorditer
1363 4266 1595 4337 suscipit
1636 4267 1802 4322 rede-

198 4361 420 4411 untem.
448 4351 510 4408 In
541 4351 748 4407 collum
781 4350 899 4422 ejus
925 4351 1111 4420 irruit,
1142 4352 1346 4407 osculis
1376 4353 1719 4420 reconciliat,
1745 4361 1800 4409 et

199 4442 391 4500 adhuc
448 4438 728 4513 trepidum
787 4439 1041 4513 nihilque
1096 4442 1410 4513 loquentem
1458 4449 1610 4513 pater
1663 4441 1801 4498 mire

199 4529 498 4588 confirmat
530 4528 672 4601 (32).
700 4528 805 4585 Sed
835 4529 929 4585 ille
956 4529 1401 4585 consultissimus
1432 4528 1728 4603 paenitens,
1750 4540 1804 4587 et

201 4619 490 4678 confessor
536 4617 784 4690 egregius
821 4617 888 4674 de
936 4625 1066 4674 voto
1113 4619 1284 4691 patris
1336 4634 1584 4686 securus,
1641 4625 1803 4691 atque

202 4707 390 4766 adhuc
435 4707 502 4763 de
541 4722 639 4762 sua
669 4705 1042 4764 satisfactione
1067 4715 1372 4779 suspectus,
1424 4713 1567 4770 600
1619 4706 1805 4762 medi-

206 4810 387 4860 tatum
419 4801 780 4858 confessionis
808 4803 1058 4859 ordinem
1091 4804 1304 4876 pandit,
1336 4814 1390 4861 et
1418 4805 1602 4862 verbis
1632 4806 1805 4880 expli-

206 4900 320 4961 cat,
361 4891 508 4966 quod
535 4891 699 4949 corde
728 4892 1104 4950 ruminaverat
1134 4911 1145 4948 :
1190 4919 1208 4940 ι
1237 4894 1416 4962 Pater,
1448 4894 1651 4968 inquit,
1687 4912 1806 4968 pec-

208 4980 335 5038 cavi
363 4980 422 5037 in
451 4981 652 5037 coelum
695 4990 750 5038 et
793 4997 975 5038 coram
1009 4989 1096 5038 te:
1147 4981 1260 5054 jam
1307 4999 1419 5038 non
1458 5000 1578 5039 sum
1609 4983 1807 5056 dignus

210 5069 400 5127 vocari
430 5069 581 5126 filius
609 5077 739 5126 tuus
761 5088 775 5138 ;
797 5070 883 5127 fac
904 5087 991 5127 me
1009 5071 1152 5128 sicut
1174 5087 1345 5126 unum
1367 5072 1435 5128 de
1458 5075 1808 5130 mercenariis

210 5157 324 5214 tuis
349 5158 502 5230 (Luc.
529 5175 624 5226 xv,
661 5158 747 5227 18,
782 5160 894 5231 l9).
923 5184 941 5207 ι
990 5160 1242 5217 Placatus
1271 5160 1456 5232 itaque
1487 5169 1638 5232 pater
1672 5179 1804 5234 pre-

220 5248 380 5304 cibus
408 5247 748 5318 confitentis,
779 5251 975 5305 stolam
1005 5249 1240 5322 primam
1269 5249 1494 5306 mandat
1519 5250 1725 5318 afferri,
1756 5261 1810 5309 et

216 5337 407 5394 statim
441 5336 656 5394 nudum
687 5339 936 5412 pracipit
960 5340 1162 5396 amisso
1180 5356 1356 5412 nuper
1374 5338 1701 5398 indumento
1722 5358 1810 5399 ve-

289 5545 414 5620 (32)
458 5546 645 5606 Codex
674 5550 854 5620 Rem.,
886 5557 1042 5624 pater
1059 5551 1188 5624 jure
1213 5552 1510 5625 conﬁrmat.

1830 4406 1879 4464 D

1892 1761 2230 1820 confitentis.
2283 1764 2691 1821 Patrimonium
2722 1766 2869 1822 enim
2909 1765 3185 1838 perditum
3231 1763 3491 1837 baptismi

1893 1850 2138 1908 insinuat
2171 1863 2597 1924 sacramentum,
2644 1856 2702 1910 in
2729 1872 2838 1928 quo
2867 1861 2996 1910 sunt
3023 1861 3222 1910 cuncta
3262 1851 3495 1908 adificia

1893 1943 2199 1998 caelestium
2229 1944 2532 2000 constituta
2575 1961 2890 2017 regnorum.
2926 1945 3042 1999 Hoc
3069 1943 3163 1997 ille
3193 1941 3361 2008 ﬁlius,
3389 1939 3496 1996 hoc

1895 2041 1994 2101 est,
2042 2033 2224 2089 ﬁdelis
2253 2033 2592 2091 christianus
2638 2035 2948 2091 libertatem
2998 2032 3169 2106 patris
3214 2031 3492 2101 indeptus,

1898 2122 2149 2178 libidinis
2178 2139 2241 2179 ac
2273 2123 2513 2180 luxuria
2544 2123 2870 2196 contagione
2900 2123 3231 2196 perdiderat,
3255 2129 3309 2177 et
3337 2121 3497 2191 longe

1896 2228 1924 2266 a
1954 2214 2066 2268 Deo
2101 2230 2199 2268 suo
2238 2214 2471 2283 positus,
2512 2213 2792 2285 probrosis
2837 2229 2892 2268 se
2942 2212 3157 2268 actibus
3188 2219 3298 2267 tota
3327 2209 3498 2266 foedi-

1896 2307 2006 2356 tate
2036 2302 2328 2372 polluerat,
2371 2319 2432 2357 ac
2459 2301 2682 2358 diabolo
2716 2302 3079 2373 mancipatus,
3113 2301 3201 2357 cui
3235 2317 3291 2356 se
3320 2297 3496 2371 perdi-

1899 2390 2120 2447 tissima
2146 2392 2562 2448 conversatione
2585 2392 2889 2460 dediderat,
2922 2408 3234 2464 porcorum,
3263 2389 3369 2445 hoc
3393 2395 3496 2456 est,

1899 2479 2315 2536 immundorum
2348 2481 2645 2552 spirituum
2687 2481 2853 2552 capit
2895 2497 3150 2537 exercere
3198 2487 3498 2552 pasturam,

1899 2583 2132 2640 quorum
2173 2583 2299 2624 cum
2337 2584 2449 2621 non
2479 2567 2894 2639 permitteretur
2939 2569 3065 2623 cibo
3096 2566 3338 2639 depasci,
3370 2564 3500 2636 quia

1901 2674 1997 2730 per
2027 2656 2208 2714 carnis
2248 2657 2534 2713 obtentum
2583 2657 2936 2714 damoniacis
2964 2673 3076 2713 non
3123 2663 3335 2729 poterat
3365 2654 3496 2709 sili-

1901 2749 2024 2821 quis
2086 2748 2433 2821 ingurgitari,
2491 2748 2783 2820 utrobique
2831 2747 3096 2815 desertus,
3153 2755 3206 2802 et
3250 2745 3497 2816 undique

1901 2837 2216 2906 destitutus,
2252 2837 2413 2892 bona
2460 2838 2635 2909 frugis
2683 2837 2869 2909 inopia
2897 2836 3140 2892 defessus
3173 2833 3493 2891 desudabat.

1901 2926 2006 2982 Sed
2037 2943 2310 2994 reversus,
2360 2942 2522 2981 omne
2558 2925 2709 2983 illico
2738 2941 2848 2998 quo
2893 2925 3069 2980 fuerat
3097 2925 3365 2995 privatus,
3394 2938 3498 2977 ac-

1902 3016 2068 3088 cepit,
2117 3024 2170 3071 et
2200 3015 2258 3070 in
2285 3015 2637 3072 concordiam
2679 3014 2849 3087 patris
2896 3021 3146 3085 reputata
3193 3010 3497 3068 substantia

1901 3103 2104 3176 prioris
2132 3103 2490 3175 possessionis
2535 3104 2818 3160 remansit.
2851 3104 3142 3159 Revertere
3171 3117 3299 3173 ergo
3328 3107 3382 3156 et
3411 3108 3496 3164 tu,

1901 3194 2092 3260 frater,
2121 3200 2416 3258 revertere,
2442 3200 2497 3248 et
2523 3209 2591 3248 ex
2623 3200 2840 3248 mortuo
2869 3191 3158 3259 revivisce,
3186 3199 3240 3246 et
3267 3205 3336 3245 ex
3366 3205 3500 3261 per-

1901 3283 1957 3338 di
1966 3291 2020 3338 to
2049 3299 2322 3355 reparare.

1975 3372 2204 3429 CAPUT
2231 3371 2359 3426 XX.
2390 3400 2461 3411 —
2489 3370 2696 3438 Quarit
2725 3386 2884 3426 ovem
2913 3386 3069 3425 suam
3110 3369 3288 3425 bonus
3317 3376 3500 3440 pastor

1903 3470 2198 3530 errantem,
2231 3469 2286 3517 et
2313 3460 2551 3532 amplius
2577 3459 2644 3515 de
2674 3458 2912 3526 invecta,
2943 3474 3104 3531 quam
3136 3457 3204 3514 de
3227 3474 3338 3514 non
3369 3473 3502 3529 per-

1903 3550 2019 3606 dita
2067 3553 2390 3623 gratulatur.
2444 3548 2700 3605 Humeris
2740 3549 2954 3604 revehit
2999 3549 3192 3620 ipsam,
3237 3547 3295 3602 in
3327 3547 3504 3619 gregis

1905 3637 1991 3693 sui
2021 3639 2304 3694 consortio
2334 3639 2570 3710 reponit,
2603 3637 2775 3710 ipsam
2799 3637 3104 3693 diversorio
3136 3635 3325 3708 prisca
3352 3653 3502 3692 secu-

1906 3727 2086 3784 ritatis
2122 3728 2363 3786 includit
2391 3746 2401 3784 :
2441 3745 2542 3785 nec
2571 3728 2806 3784 attendit
2840 3727 3156 3784 relictarum
3187 3742 3502 3792 numerum,

1907 3819 2002 3892 qui
2025 3818 2304 3891 quarebat
2329 3835 2396 3873 ex
2418 3817 2761 3889 reparatione
2780 3817 2947 3872 unius
2967 3816 3192 3888 perdita
3205 3816 3505 3886 complesse

1908 3908 2182 3980 integrum
2211 3909 2610 3965 centenarium.
2642 3906 2972 3964 Drachmam
3005 3905 3272 3976 perditam
3303 3904 3506 3960 mulier

1909 3995 2264 4052 vehementer
2301 3996 2559 4067 inquirit,
2614 3997 2892 4051 lucernam
2945 3992 3214 4060 accendit,
3275 3992 3504 4048 domum

1911 4084 2092 4156 scopis
2122 4083 2406 4151 emundat,
2437 4093 2490 4140 et
2521 4084 2713 4139 charas
2743 4083 2948 4155 pariter
2971 4099 3037 4138 ac
3065 4080 3277 4137 vicinas
3306 4081 3507 4138 invitat

1910 4172 1978 4229 ad
2027 4171 2286 4242 gaudium
2341 4171 2580 4227 inventa
2637 4171 2932 4227 drachma.
2987 4171 3058 4225 Et
3105 4179 3260 4241 putat
3307 4170 3507 4243 aliquis

1910 4262 2085 4317 Deum
2116 4277 2227 4316 non
2259 4261 2429 4316 latari
2469 4261 2536 4316 de
2566 4261 2908 4333 reparatione
2937 4259 3212 4328 conversi,
3251 4276 3378 4316 cum
3417 4275 3506 4332 pa-

1912 4355 2155 4410 rabolam
2195 4353 2382 4409 videat
2425 4354 2738 4425 specialiter
2768 4355 2825 4409 in
2856 4370 3144 4426 personam
3187 4353 3507 4425 panitentis

1912 4443 2131 4516 aptari?
2157 4445 2275 4515 ipso
2303 4443 2519 4500 dicente
2545 4462 2556 4500 :
2603 4469 2620 4491 α
2650 4445 2785 4501 Dico
2806 4445 2984 4513 vobis,
3013 4445 3092 4501 sic
3111 4445 3216 4500 erit
3247 4443 3505 4515 gaudium

1911 4548 2098 4588 coram
2125 4533 2332 4603 angelis
2362 4533 2461 4588 Dei
2492 4549 2654 4605 super
2679 4549 2790 4589 uno
2817 4541 3097 4605 peccatore
3126 4531 3505 4604 panitentiam

1912 4631 2109 4694 agente
2141 4623 2304 4694 (Ibid.
2331 4623 2443 4694 10).
2468 4648 2485 4669 ι
2511 4622 2904 4678 Animadverte
2934 4621 3154 4678 tandem
3179 4620 3508 4678 sententiam

1914 4711 2067 4766 illam
2090 4712 2311 4767 Domini
2334 4713 2688 4783 singularem,
2714 4713 2842 4784 quia
2862 4712 3034 4768 dixit:
3071 4733 3090 4756 ι
3121 4710 3242 4765 Non
3262 4718 3342 4766 est
3373 4726 3511 4782 opus

1913 4801 2061 4856 sanis
2091 4801 2356 4870 medicus,
2387 4800 2480 4856 sed
2503 4801 2643 4857 male
2673 4801 3026 4865 habentibus;
3063 4815 3171 4854 non
3197 4797 3345 4856 enim
3382 4800 3510 4856 veni

1915 4907 2109 4947 vocare
2126 4889 2325 4962 justos,
2349 4890 2442 4946 sed
2467 4899 2777 4962 peccatores
2798 4889 2866 4944 ad
2891 4889 3267 4959 paenitentiam
3292 4888 3506 4959 (Matth.

1917 4998 1994 5049 1x,
2032 4980 2117 5047 12,
2146 4978 2258 5049 13).
2293 5005 2311 5028 ι
2355 4980 2528 5036 Vocat
2557 4995 2684 5051 ergo
2718 4978 2986 5035 Dominus
3029 4978 3095 5034 ad
3127 4977 3510 5049 pmnitentiam

1917 5076 2248 5142 peccatores,
2297 5077 2350 5124 et
2382 5076 2534 5140 optat
2583 5067 2828 5125 medicus
2859 5075 3044 5123 noster
3083 5065 3356 5139 languidis
3387 5083 3512 5120 ma—

1917 5159 1998 5231 gis
2026 5157 2300 5231 prodesse,
2333 5174 2496 5231 quam
2526 5158 2698 5214 sanis.
2731 5158 2836 5214 Sed
2871 5174 2982 5213 non
3029 5156 3150 5212 ideo
3173 5155 3353 5229 justos
3380 5173 3510 5229 pra-

1918 5249 2067 5317 terit,
2117 5249 2247 5322 quia
2276 5257 2585 5322 peccatores
2613 5249 2831 5307 asciscit
2864 5268 2875 5306 :
2932 5266 3058 5306 nam
3085 5249 3362 5321 justorum
3399 5248 3514 5302 vita

1917 5339 2109 5394 divina
2138 5339 2354 5396 vocatio
2400 5346 2502 5409 est,
2549 5340 2692 5398 sicut
2736 5339 3035 5414 nonaginta
3063 5346 3118 5396 et
3153 5354 3351 5394 novem
3381 5352 3514 5394 oves
