3902 6198
383 187 523 246 1083

1397 184 1493 240 AD
1533 180 1768 238 OPERA
1807 178 1864 237 S.
1890 176 2222 235 AMBROSII
2261 175 2639 234 APPENDIX.

3549 175 3698 237 1084

381 321 442 377 in
474 318 754 375 montibus
793 315 1108 390 dereliquit,
1141 314 1236 388 qui
1266 330 1431 370 unam
1462 312 1750 369 erraticam
1782 309 1974 383 requi-
2001 312 2052 372 Α
2087 311 2258 382 ponit,
2293 308 2350 364 in
2380 323 2486 381 qua
2515 307 2887 364 Ecclesiarum
2918 309 3136 380 angelos
3166 308 3447 379 increpat,
3501 315 3564 363 ut
3593 310 3697 380 pri,

383 409 553 477 sivit;
588 409 702 464 illis
729 407 974 463 debitum
1011 403 1496 475 reddensjustitiae
1527 401 1835 473 praemium,
1862 399 1980 453 istis

381 497 710 554 beneﬁcium
745 494 1137 551 misericordias
1187 493 1508 548 collaturus.
1543 491 1658 546 Hoc
1686 491 1982 562 Apostolus

381 587 575 660 probat
603 587 841 642 dicens:
909 608 926 630 ι
975 583 1040 638 Ei
1087 589 1268 636 autem
1318 580 1413 652 qui
1463 596 1573 634 non
1621 587 1897 651 operatur,
1929 587 1982 634 et

381 677 556 733 credit
604 677 659 730 in
702 691 850 740 eum,
906 672 1000 744 qui
1047 670 1313 742 justificat
1349 669 1604 742 impium,
1654 675 1871 741 accepta
1900 675 1982 723 est

382 766 518 823 ﬁdes
547 764 665 838 ejus
699 764 756 819 in
794 760 1013 834 justitia
1057 758 1358 814 secundum
1409 759 1749 830 propositum
1797 757 1981 828 gratia:

381 855 480 912 Dei
513 855 686 924 (Rom.
723 868 796 917 1v,
831 850 911 918 5).
945 873 962 895 ι
1025 848 1272 920 Denique
1304 847 1598 906 Dominum
1626 847 1754 903 audi
1784 847 1982 919 quibus

376 942 578 1014 jaculis
610 940 667 996 in
700 938 1004 1010 Evangelio
1037 938 1198 994 feriat
1225 938 1390 993 corda
1421 936 1787 1010 peccantium,
1817 944 1871 990 et
1903 935 1982 990 in-

382 1030 595 1101 telliges
650 1027 844 1101 quanti
901 1027 1097 1084 fecerit
1154 1027 1494 1098 paznitentiaa
1555 1033 1977 1082 sacramentum.

396 1147 414 1170 ι
454 1123 698 1178 Aderant
733 1130 937 1188 autem,
983 1119 1191 1192 inquit,
1232 1119 1323 1192 qui
1357 1119 1405 1175 ei
1439 1119 1760 1174 nuntiarent
1789 1117 1855 1172 de
1883 1116 1983 1171 Ga-

385 1213 567 1279 lilzeis,
629 1228 864 1286 quorum
924 1209 1136 1264 Pilatus
1185 1208 1504 1280 sanguinem
1572 1207 1794 1262 miscuit
1856 1222 1982 1261 cum

382 1301 668 1357 sacriﬁciis
723 1315 933 1354 eorum.
987 1299 1142 1353 Tunc
1174 1297 1310 1352 dicit
1357 1295 1470 1350 illis
1516 1297 1716 1351 Jesus:
1777 1295 1986 1350 Putatis

383 1391 513 1464 quia
542 1390 631 1445 isti
665 1388 877 1445 Galilaei
910 1404 1019 1458 prae
1051 1387 1308 1442 omnibus
1344 1386 1585 1442 Galilmis
1617 1387 1822 1442 fuerint
1852 1403 1986 1458 pec-

382 1487 615 1545 catores,
665 1477 794 1550 quia
851 1477 984 1532 talia
1034 1475 1174 1548 passi
1226 1475 1402 1532 sunt?
1458 1475 1592 1530 Dico
1641 1474 1817 1542 vobis,
1875 1475 1984 1529 nisi

384 1566 771 1641 paenitentiam
799 1565 1042 1637 egeritis,
1071 1581 1260 1620 omnes
1280 1564 1537 1620 similiter
1559 1563 1808 1635 peribitis
1831 1564 1981 1633 (Luc.

2089 398 2250 454 stinis
2277 397 2513 454 fraudati
2544 397 2824 454 erroribus
2844 396 2911 453 ad
2929 398 3269 468 poenitentiae
3297 399 3553 453 lamenta
3581 413 3697 452 cur-

2091 497 2290 542 ventur
2316 505 2330 554 ;
2363 504 2488 543 nam
2522 482 2788 560 probatur
2813 487 2894 543 sic
2922 488 3191 542 Dominus
3221 487 3442 542 nullius
3470 486 3698 542 deside-

2093 592 2210 631 rare
2281 577 2518 645 ruinam,
2587 577 2684 650 qui
2739 576 2954 633 cadenti
3011 576 3212 648 ingerit
3280 577 3734 648 patuit-entiam;

2092 667 2301 737 Angelo
2329 667 2565 739 denique
2593 666 2857 722 Ecclesiae
2886 665 3089 737 Ephesi
3116 683 3127 720 :
3201 691 3219 710 ι
3251 665 3559 734 Memento,
3604 667 3700 722 in-

2092 755 2230 827 quit,
2289 756 2434 812 unde
2487 756 2772 822 cecideris,
2835 762 2888 810 et
2935 771 3031 827 age
3079 753 3494 826 paenitentiam,
3528 764 3584 811 et
3617 756 3700 812 {ac

2092 844 2267 915 prima
2287 862 2483 918 opera:
2519 845 2604 901 sin
2635 852 2839 913 autem,
2873 843 3036 900 venio
3068 843 3193 912 tibi,
3224 852 3281 900 et
3311 843 3550 900 movebo
3572 861 3699 900 can-

2093 932 2375 990 delalirum
2412 942 2564 990 tuum
2599 935 2665 990 de
2693 935 2813 991 loco
2837 950 2956 1003 suo,
3005 933 3112 989 nisi
3142 934 3530 1005 paenitentiam
3562 951 3700 1006 ege-

2092 1024 2169 1079 ris
2216 1026 2404 1097 (Apoc.
2438 1043 2498 1094 ιι,
2529 1026 2608 1098 5).
2645 1051 2662 1073 ι
2722 1026 2790 1080 Et
2818 1040 2941 1080 ecce
2973 1031 3155 1080 tamen
3201 1025 3433 1097 angelus
3463 1025 3698 1094 dicitur,

2093 1114 2181 1169 cui
2210 1116 2544 1187 poenitentiae
2589 1131 2720 1172 cura
2749 1116 3146 1187 conversioque
3179 1114 3493 1180 mandatur,
3547 1120 3695 1178 601

2093 1221 2146 1269 et
2191 1212 2258 1268 ad
2291 1212 2473 1285 priora
2518 1229 2681 1285 opera
2717 1211 3052 1284 perficienda
3097 1212 3384 1282 suadetur,
3439 1222 3502 1269 ut
3545 1215 3699 1271 nihil

2093 1303 2339 1359 amisisse
2381 1317 2452 1356 ex
2501 1303 2632 1358 totis
2677 1303 2793 1358 suis
2835 1302 3046 1357 meritis
3097 1303 3404 1359 intimetur.
3453 1303 3700 1359 Gravius

2098 1401 2278 1450 tamen
2310 1393 2554 1448 minatur
2579 1391 2884 1447 admonitio
2915 1392 3296 1464 paenitentiam
3329 1408 3443 1448 non
3480 1395 3694 1466 agenti,

2093 1485 2138 1542 si
2169 1483 2572 1542 contumaciam
2599 1481 2887 1556 pertulerit
2918 1482 3161 1539 indurati
3186 1503 3198 1551 ;
3223 1485 3330 1540 erit
3352 1484 3503 1541 enim
3531 1486 3692 1542 inex-

2092 1573 2352 1630 cusabilis
2387 1574 2647 1629 severitas
2675 1572 2928 1640 ultionis,
2975 1574 3020 1628 si
3051 1573 3325 1629 cervicem
3358 1574 3698 1632 indomitam

384 1674 512 1724 xm,
549 1657 684 1727 1-3).
723 1682 741 1704 ι
804 1659 914 1712 Aut
943 1655 1027 1710 illi
1074 1655 1260 1711 decem
1293 1663 1345 1710 et
1383 1661 1507 1710 οοῐο
1536 1669 1700 1725 super
1728 1669 1864 1725 quos
1902 1667 1982 1708 οϐ-
2014 1670 2056 1730 Β
2093 1680 2202 1718 non
2231 1663 2447 1719 ﬂexerit
2483 1661 2660 1734 prima
2689 1660 2989 1718 correctio:
3049 1669 3102 1716 et
3132 1661 3278 1717 malo
3321 1678 3422 1718 suo
3461 1663 3695 1736 peribit,

382 1744 520 1800 cidit
552 1744 717 1800 turris
749 1744 805 1798 in
837 1744 1005 1810 Siloe,
1033 1751 1082 1799 et
1105 1742 1309 1798 occidit
1350 1759 1460 1808 eos,
1498 1741 1701 1813 putatis
1725 1740 1852 1814 quia
1873 1757 1980 1812 prae

381 1832 595 1890 caeteris
630 1840 942 1904 peccatores
974 1832 1200 1900 fuerint,
1254 1832 1349 1904 qui
1407 1831 1728 1887 habitabant
1756 1832 1983 1886 Jerusa-

382 1921 488 1979 lem
508 1923 536 1978 ‘i
579 1947 596 1968 ε
625 1921 759 1977 Dico
789 1921 968 1988 vobis,
1010 1921 1118 1975 nisi
1168 1919 1548 1992 paenitentiam
1579 1920 1819 1992 egeritis,
1853 1937 1984 1975 om-

383 2026 479 2066 nes
507 2009 764 2064 similiter
793 2009 1066 2080 peribitis.
1092 2033 1109 2054 ι
1141 2011 1210 2063 Et
1238 2008 1473 2080 subjecit
1502 2008 1568 2063 ad
1601 2008 1980 2080 probationem

385 2098 464 2154 rei
494 2097 921 2170 comparationis
964 2099 1303 2168 exemplum,
1355 2097 1606 2153 ficulneae
1636 2097 1848 2153 arboris
1892 2098 1982 2152 fa-

382 2185 538 2243 ciens
569 2188 928 2254 mentionem,
972 2204 1092 2260 quaa
1123 2187 1306 2242 fructu
1337 2186 1542 2242 sterilis
1573 2194 1626 2241 et
1658 2187 1983 2258 infrugifera

376 2274 604 2347 jubetur
632 2275 880 2331 abscindi
920 2293 932 2330 :
983 2275 1076 2330 sed
1109 2275 1429 2330 interventu
1478 2275 1660 2330 coloni
1694 2274 1980 2331 interitum

381 2368 592 2424 differri
647 2367 1009 2440 permittitur,
1075 2366 1249 2422 donec
1304 2365 1562 2437 congruis
1626 2366 1983 2422 circumfossa

382 2456 638 2522 culturis,
668 2455 924 2511 adhibito
953 2453 1194 2527 cophino
1223 2453 1500 2523 stercoris,
1531 2454 1597 2510 ad
1630 2455 1982 2526 proferendos

384 2545 596 2601 fructus
640 2544 980 2616 poenitentia:
1030 2543 1336 2599 differatur.
1386 2545 1555 2599 Porro
1586 2543 1632 2599 si
1661 2545 1824 2599 arbor
1861 2560 1981 2617 quas

384 2633 596 2705 generis
644 2633 730 2688 sui
784 2633 1026 2690 fructum
1082 2634 1298 2688 nullum
1348 2632 1544 2700 edidit,
1592 2641 1718 2688 ante
1768 2641 1982 2704 tempus

384 2730 653 2796 praecepta
682 2731 764 2779 est
793 2722 1088 2794 amputari,
1134 2722 1281 2794 quali
1308 2720 1422 2794 jam
1452 2723 1785 2777 ferramento
1815 2728 1983 2776 trun-

383 2813 576 2880 canda,
609 2813 698 2867 vel
727 2811 905 2867 securi
935 2811 1189 2867 credenda
1215 2820 1316 2878 est,
1339 2828 1459 2883 quae
1490 2812 1750 2883 vepribus
1778 2811 1977 2879 obsita,

381 2908 434 2955 et
463 2900 638 2971 spinis
679 2900 1002 2970 alienigenis
1050 2899 1376 2970 constipata,
1423 2900 1633 2955 nullam
1682 2899 1876 2955 habuit
1924 2900 1979 2955 in

2091 1754 2184 1826 qui
2233 1751 2625 1810 comminantis
2666 1751 2991 1807 auctoritate
3029 1753 3411 1822 praamonitus,
3457 1753 3699 1810 satisfa-

2091 1841 2291 1898 ctionis
2315 1840 2447 1912 jugo
2479 1839 2784 1912 pervicacia
2800 1840 2941 1896 colla
2962 1856 3072 1896 non
3088 1841 3332 1913 subjicit.
3358 1842 3698 1900 Rediturum

2091 1947 2214 1986 eum
2248 1945 2375 1984 sane
2403 1929 2469 1984 ad
2497 1936 2700 1985 statum
2729 1930 3067 2001 praeteritum
3111 1931 3419 2003 proﬁtetur,
3469 1932 3566 2006 qui
3624 1933 3697 1988 ad

2091 2037 2230 2076 verre
2263 2019 2390 2075 vitae
2423 2019 2659 2075 stadium
2691 2019 3093 2077 decurrendum
3128 2021 3296 2094 digna
3321 2022 3697 2080 confessionis

2091 2109 2406 2166 humilitate
2434 2108 2751 2181 corrigitur.
2809 2109 2926 2166 Hoc
2963 2110 3189 2166 uberius
3219 2111 3380 2184 paulo
3408 2113 3691 2184 posterius

2092 2199 2419 2268 declaratur,
2460 2217 2583 2255 cum
2616 2200 2840 2272 angelus
2870 2199 3130 2256 Ecclesiae
3162 2199 3438 2272 Thyatira:
3482 2201 3692 2272 objur-

2092 2292 2328 2363 gatiouis
2359 2291 2586 2348 verbere
2616 2292 2956 2364 castigatur:
3016 2315 3034 2340 ι
3064 2291 3269 2361 Habeo,
3320 2292 3526 2365 inquit,
3577 2292 3695 2349 ad-

2093 2399 2310 2438 versum
2341 2390 2397 2438 te
2424 2383 2617 2449 multa,
2669 2383 2800 2455 quia
2837 2381 3076 2438 dimittis
3113 2381 3398 2437 mulierem
3443 2383 3688 2452 Iezabel,

2091 2487 2210 2544 qua:
2240 2487 2296 2526 se
2325 2470 2462 2526 dicit
2493 2470 2914 2542 prophetissam,
2947 2478 3001 2526 et
3030 2469 3206 2537 docet,
3239 2479 3292 2526 et
3321 2470 3541 2528 seducit
3573 2489 3690 2528 ser-

2091 2577 2189 2615 vos
2221 2576 2369 2616 meos
2399 2559 2661 2616 fornicari
2696 2568 2748 2616 et
2781 2557 3109 2615 manducare
3143 2559 3209 2615 de
3242 2561 3567 2618 immolatis.
3619 2564 3690 2618 Et

2090 2648 2215 2706 dedi
2263 2649 2348 2705 illi
2379 2657 2594 2721 tempus
2639 2656 2700 2703 ut
2749 2649 3128 2720 pcenitentiam
3159 2658 3360 2723 ageret,
3410 2659 3467 2706 et
3506 2651 3694 2710 noluit

2091 2738 2354 2810 pmnitere
2401 2755 2431 2794 a
2480 2738 2942 2794 fornicationibus
2990 2737 3135 2795 suis:
3187 2747 3241 2795 et
3281 2741 3500 2796 mittam
3532 2741 3688 2797 illam

2091 2829 2149 2884 in
2181 2829 2380 2885 lectum
2406 2846 2420 2896 ;
2463 2835 2517 2884 et
2543 2827 2636 2900 qui
2667 2827 3012 2884 mmchantur
3037 2845 3163 2885 cum
3192 2845 3276 2895 ea,
3317 2829 3375 2884 in
3405 2830 3688 2888 tribulati-

2089 2933 2193 2973 one
2221 2933 2415 2989 magna
2444 2925 2627 2985 erunt,
2660 2916 2766 2972 nisi
2795 2917 3173 2990 paenitentiam
3215 2920 3426 2992 egerint
3455 2919 3525 2976 ab
3553 2938 3692 2978 om-

381 2992 466 3043 sui
497 2987 895 3043 restauratione
915 2989 1186 3045 culturam
1206 2990 1233 3043 ?
1263 2989 1398 3044 Nam
1421 2991 1733 3061 exemplum
1765 2989 1976 3045 arboris
2007 3024 2052 3084 C
2089 3007 2251 3063 nibus
2286 2987 2542 3079 o'peribus
2570 3005 2684 3062 suis
2715 3025 2725 3062 ;
2776 2987 2830 3062 ei
2869 3006 3012 3064 ﬁlios
3041 3007 3159 3080 ejus
3197 2987 3532 3067 inim-ﬁdam
3573 3012 3690 3083 ειει.

382 3075 690 3133 similitudo
719 3084 801 3132 est
830 3076 1074 3131 hominis
1102 3076 1302 3145 ﬁdelis,
1353 3077 1447 3150 qui
1488 3077 1615 3133 ﬁdei
1647 3095 1755 3134 sum
1790 3078 1976 3133 fructu

374 3167 619 3240 jejunus,
663 3167 804 3224 nihil
836 3167 984 3242 quod
1013 3168 1078 3224 ad
1111 3169 1309 3224 futuras
1340 3169 1455 3240 spei
1493 3170 1706 3260 lucrum
1738 3169 1979 3241 proﬁce-

378 3273 482 3334 ret,
515 3264 818 3336 cogitavit;
863 3265 1104 3336 plantata
1134 3265 1280 3321 enim
1315 3267 1371 3322 in
1421 3267 1581 3323 vinea
1611 3266 1805 3334 fuerat,
1857 3283 1977 3339 quae

381 3358 543 3412 vinea
574 3357 885 3428 specialiter
930 3357 1177 3429 designat
1212 3358 1543 3425 Ecclesium,
1596 3360 1651 3413 in
1684 3375 1790 3431 qua
1818 3359 1980 3414 arbor

375 3446 552 3501 fuerat
589 3447 686 3500 illa
732 3447 976 3516 plantata
1006 3463 1017 3500 :
1065 3447 1157 3500 sed
1190 3447 1370 3502 cultor
1407 3447 1573 3518 hujus
1622 3448 1794 3503 vineae
1827 3447 1978 3503 illius

375 3532 673 3588 sacerdotis
721 3547 952 3602 persona
1001 3532 1221 3585 videtur
1267 3533 1537 3601 exprimi,
1589 3535 1685 3604 qui
1729 3533 1975 3590 scrobem

375 3617 704 3676 infructuosi
754 3617 1013 3688 plantarii
1042 3619 1259 3674 cultura
1289 3619 1696 3674 dominicorum
1729 3631 1977 3678 exerceat

375 3715 773 3780 praceptorum
809 3723 820 3761 :
872 3713 925 3762 et
957 3707 1213 3762 stercoris
1241 3707 1480 3779 cophino
1521 3708 1859 3779 ptenitentiaa
1886 3711 1974 3767 de-

373 3797 622 3870 signatur
667 3795 929 3853 oﬂicium.
979 3796 1136 3864 Quod
1176 3797 1219 3852 si
1276 3796 1515 3852 inveniri
1562 3798 1619 3852 in
1661 3814 1723 3854 ea
1764 3799 1977 3858 fructus

374 3894 497 3960 post
524 3885 849 3943 dilationem
884 3887 1146 3958 temporis
1188 3885 1416 3941 omnino
1459 3903 1570 3941 non
1605 3895 1805 3959 posset,
1847 3906 1974 3945 con-

374 3976 533 4032 vulsa
553 3977 609 4032 in
635 3978 822 4034 futuro
843 3977 1109 4034 radicitus
1132 3983 1492 4045 exaresceret,
1523 3977 1625 4033 hoc
1654 3985 1753 4046 est,
1786 3978 1974 4036 futuro

372 4065 614 4122 abscissa
641 4066 856 4137 judicio
904 4075 1164 4140 tanquam
1203 4066 1339 4138 ligni
1371 4066 1586 4122 inutilis
1624 4066 1833 4138 abjecta
1864 4087 1971 4124 ma-

374 4153 556 4220 teries,
594 4157 852 4226 pabulum
881 4157 1075 4213 effecta
1104 4157 1295 4213 arterni
1335 4156 1481 4227 ignis
1512 4157 1761 4225 arderet;
1804 4175 1972 4231 quan-

373 4258 534 4314 quam
568 4241 672 4298 hoc
718 4251 772 4299 et
807 4245 874 4298 de
903 4243 1124 4301 Christo
1151 4244 1322 4316 possit
1349 4252 1403 4300 et
1432 4245 1498 4300 de
1530 4245 1686 4318 plebe
1718 4246 1832 4319 (33)
1881 4247 1971 4304 Ju-

371 4333 529 4392 daica
555 4331 863 4388 subaudiri.

443 4443 672 4503 CAPUT
703 4444 939 4500 XXI.—
959 4443 1135 4503 Credo
1162 4446 1276 4501 tuis
1301 4446 1552 4503 sensibus
1581 4447 1668 4503 his
1697 4447 1970 4520 probatio-

371 4533 555 4602 nibus,
589 4549 708 4606 quaa
739 4532 922 4589 studio
949 4532 1016 4589 de
1046 4533 1284 4590 infirmis
1316 4534 1525 4606 ingenti
1555 4536 1621 4591 ad
1650 4536 1969 4608 erigendum

369 4623 619 4680 animum
659 4630 817 4678 tuum
869 4622 1359 4697 suscitandumque
1421 4624 1773 4695 protulimus,
1841 4626 1971 4682 satis

370 4713 696 4786 abundeque
729 4712 1011 4781 claruisse,
1063 4712 1141 4769 ita
1188 4715 1362 4768 Deum
1395 4713 1789 4768 misericordiae
1837 4713 1970 4770 fon-

369 4813 481 4861 tem
525 4805 673 4859 nolle
729 4803 1017 4860 interitum
1070 4802 1433 4875 peccantium,
1495 4804 1587 4860 sed
1634 4804 1967 4877 ﬂagitiosum

371 4894 542 4967 magis
589 4893 790 4949 habere
835 4899 1142 4951 correctum
1178 4911 1190 4950 :
1233 4900 1295 4948 ut
1343 4902 1559 4967 quantae
1607 4903 1969 4951 numerantur

369 4984 610 5052 offensae,
662 4991 816 5040 tanta
867 4984 940 5039 sit
968 4983 1112 5039 actio
1161 4983 1521 5056 poenitentiae.
1568 4985 1687 5040 Non
1720 4984 1966 5057 desperet

369 5073 579 5129 reditus
645 5073 730 5128 sui
770 5071 1237 5153 reformationem
1301 5073 1552 5141 celerem,
1623 5074 1717 5146 qui
1779 5073 1968 5130 audiat

369 5163 549 5235 ipsum
576 5162 877 5219 Dominum
909 5162 1183 5235 peccatori
1215 5163 1592 5235 paenitentiam
1624 5163 1963 5220 suadentem.

369 5253 485 5309 Hoc
514 5253 824 5326 expressius
853 5253 1216 5326 Apocalypsis
1253 5254 1557 5311 beatissimi
1601 5255 1827 5311 Joannis
1858 5271 1965 5310 ex-

443 5413 559 5486 (33)
584 5412 761 5486 Edit.
803 5421 858 5470 et
890 5431 992 5470 ms.
1027 5414 1206 5482 Sorb.,
1243 5416 1335 5470 hoc
1363 5415 1425 5470 de
1472 5415 1680 5470 Christo
1709 5415 1884 5486 possit
1908 5415 1965 5469 in

364 5483 530 5561 ptebe1
577 5485 650 5561 Et
675 5483 841 5561 infra,
881 5485 962 5539 his
994 5487 1397 5561 probationibus
1421 5487 1675 5561 patuisse,
1709 5483 1830 5561 qua
1857 5493 1963 5561 stu-

368 5552 454 5613 dio
495 5555 558 5609 de
604 5553 834 5626 inﬁrmis
884 5552 1272 5634 unguentis”...
1323 5552 1667 5634 pro—tulimus,
1719 5552 1962 5618 abunde-

2087 3097 2180 3152 dio
2212 3116 2224 3165 ;
2259 3105 2312 3152 et
2342 3097 2516 3152 scient
2547 3113 2738 3152 omnes
2767 3097 3045 3165 Ecclesiae,
3087 3097 3216 3170 quia
3245 3116 3346 3170 ego
3376 3116 3500 3155 sum
3535 3118 3691 3157 scru~

2086 3192 2231 3240 tator
2258 3185 2440 3241 cordis
2470 3192 2524 3240 et
2556 3201 2770 3253 renum,
2815 3184 2910 3258 qui
2941 3184 3109 3241 reddo
3137 3187 3442 3261 unicuique
3471 3206 3686 3244 secun-

2087 3273 2218 3329 dum
2251 3273 2394 3330 facta
2422 3291 2518 3331 sua
2550 3275 2737 3346 (Apoc.
2775 3292 2833 3342 II,
2863 3273 3077 3342 20-23).
3109 3299 3127 3321 ι
3170 3273 3316 3342 Quid
3345 3293 3480 3332 vero
3510 3285 3689 3349 potest

2089 3363 2405 3431 humanius,
2447 3363 2577 3436 quid
2607 3363 2935 3420 clementius
2965 3364 3124 3421 dici?
3160 3387 3178 3412 ι
3201 3365 3271 3421 Et
3300 3366 3451 3432 dedi,
3479 3367 3684 3440 inquit,

2085 3451 2168 3507 illi
2201 3459 2415 3524 tempus
2446 3460 2505 3508 ut
2534 3452 2914 3524 paenitentiam
2957 3461 3158 3525 ageret,
3191 3463 3243 3510 et
3294 3455 3480 3512 noluit
3515 3456 3685 3528 poeni-

2086 3548 2218 3597 tere.
2245 3567 2263 3590 ι
2296 3543 2415 3598 Non
2438 3543 2623 3610 habes,
2648 3551 2918 3615 peccator,
2937 3560 3048 3599 non
3065 3544 3230 3601 habes
3253 3545 3403 3617 quod
3421 3563 3674 3602 excuses:

2087 3649 2194 3687 non
2227 3641 2307 3688 est
2332 3633 2475 3706 quod
2507 3650 2633 3689 cum
2663 3649 2825 3688 causa
2855 3632 3092 3701 dubites,
3127 3650 3237 3689 non
3269 3644 3350 3690 est
3383 3634 3536 3708 quod
3565 3635 3685 3691 sine

2085 3740 2247 3779 causa
2283 3723 2578 3795 desperes;
2634 3723 2721 3778 his
2771 3730 2822 3778 te
2867 3723 2934 3779 ad
2979 3723 3361 3781 confitendum
3414 3726 3686 3798 exemplis

2084 3814 2386 3885 accingere,
2435 3811 2520 3868 his
2555 3812 2622 3868 ad
2654 3813 3033 3886 paenitentiam
3059 3813 3410 3871 documentis
3449 3833 3681 3871 armare.

2154 3905 2381 3964 CAPUT
2420 3905 2598 3960 XXII.
2651 3935 2721 3945 —
2763 3904 2958 3962 Differt
2986 3907 3135 3961 enim
3164 3908 3439 3963 Dominus
3467 3924 3679 3980 poenam

2083 4003 2143 4050 ut
2175 3995 2419 4050 inveniat
2451 3993 2834 4066 paenitentiam
2865 4012 2876 4048 :
2923 4001 2977 4050 et
3012 3996 3310 4051 moraturis
3348 4004 3514 4053 utens
3553 4014 3684 4069 spa-

2083 4085 2195 4153 tiis,
2254 4085 2487 4156 protelat
2540 4084 2899 4156 patientiam;
2973 4099 3044 4139 ne
3091 4086 3312 4142 amittat
3366 4086 3680 4154 clementia,

2082 4173 2226 4248 quod
2259 4173 2450 4229 debuit
2477 4171 2595 4227 fieri
2631 4188 2880 4228 censura.
2929 4171 3050 4228 Non
3082 4174 3364 4244 praterita
3393 4175 3537 4230 mala
3564 4191 3681 4247 spe-

2081 4273 2210 4334 ctat,
2261 4280 2372 4320 non
2402 4269 2581 4318 errata
2610 4271 2914 4334 computat,
2964 4263 3058 4318 sed
3098 4271 3347 4320 correcta
3379 4264 3680 4320 collaudat.

2088 4353 2262 4410 Habes
2307 4353 2636 4425 promissum
2691 4350 2757 4406 ad
2789 4352 3171 4424 paenitentiam
3220 4352 3508 4409 suadentis
3558 4353 3680 4420 tibi,

2085 4445 2130 4500 si
2165 4460 2277 4499 non
2304 4442 2647 4515 pmnitueris,
2672 4441 3006 4512 imputabit:
3045 4441 3453 4510 «Etdeditilli,
3476 4442 3682 4516 inquit,

2079 4542 2296 4606 tempus
2325 4540 2384 4588 ut
2413 4531 2790 4604 paenitentiam
2823 4538 3026 4602 ageret,
3059 4539 3113 4588 et
3143 4533 3328 4588 noluit
3353 4534 3669 4604 pmnitenea

2081 4626 2222 4682 Huic
2248 4624 2430 4681 simile
2450 4623 2834 4696 propheticum
2868 4623 3036 4680 illud:
3077 4649 3094 4671 ι
3121 4623 3192 4679 Et
3221 4623 3366 4692 dixi,
3387 4639 3684 4698 postquam

2079 4715 2348 4772 fornicata
2373 4723 2455 4770 est
2489 4715 2678 4768 omnia
2706 4713 2854 4769 haec:
2908 4712 2994 4768 Ad
3035 4729 3122 4768 me
3153 4722 3452 4780 revertere,
3501 4725 3555 4770 et
3585 4731 3684 4770 no-

2079 4805 2184 4861 luit
2223 4804 2292 4860 ad
2323 4821 2407 4859 me
2438 4803 2639 4860 reverti
2687 4803 2903 4873 (Jerem.
2933 4819 3019 4871 ιιι,
3053 4803 3135 4874 7).
3165 4827 3183 4850 ι
3247 4803 3524 4861 Caeterum
3555 4803 3599 4859 si
3632 4813 3686 4860 te

2078 4895 2135 4950 in
2165 4893 2562 4966 desperationis
2593 4893 2862 4965 gurgitem
2893 4893 3223 4948 enormitate
3252 4900 3480 4948 tuorum
3512 4894 3686 4950 scele-

2077 5000 2199 5039 rum
2229 4984 2599 5040 circumactus
2627 4979 2909 5052 abjeceris,
2958 4989 3053 5037 aut
3090 4981 3312 5036 itineris
3344 4982 3431 5036 tui
3460 4980 3684 5038 dubita-

2076 5072 2221 5127 veris
2286 5087 2532 5144 represso
2596 5070 2766 5142 gradu
2820 5069 3126 5140 exstirpare
3174 5071 3515 5144 congeriem,
3592 5073 3685 5128 vel

2075 5161 2313 5218 sinistrae
2342 5161 2541 5217 mentis
2573 5159 2829 5234 prolapso
2868 5157 3140 5217 declivior
3181 5160 3240 5216 in
3281 5177 3526 5232 pronum
3554 5179 3682 5218 ver-

2076 5253 2256 5324 gentia
2282 5250 2522 5329 adducas
2552 5249 2765 5306 lubrica
2793 5250 3194 5306 exercitatione
3225 5252 3490 5325 vestigia,
3525 5253 3684 5309 illico

2072 5413 2487 5540 quetclaruisse;
2536 5413 2690 5469 Rem.
2726 5427 2828 5468 ms.
2859 5419 3092 5485 utroque
3125 5411 3272 5480 loco,
3329 5421 3394 5471 ut
3442 5413 3504 5470 in
3553 5431 3678 5472 cono

2072 5493 2164 5540 tex
2192 5501 2246 5540 ιι.

2071 5493 2226 5541 textu
2235 5527 2246 5540 .
