3902 6198
240 235 385 294 1085
408 240 411 241 ⁷

1333 224 1428 282 DE
1466 222 1930 282 ΡΟΕΝΙΤΕΝΤΙΑ
1967 222 2177 283 LIBER
2216 223 2417 282 UNUS.

3402 221 3539 279 1086

237 364 345 423 tibi
392 381 515 438 spes
563 362 763 419 amissa
806 357 1167 432 reparationis
1213 356 1498 424 adimitur,
1552 354 1726 427 rapiet
1772 362 1827 410 te
1873 357 1919 416 A
1950 353 2234 426 quaesisses
2280 351 2527 418 evadere,
2564 358 2660 406 aut
2690 349 2736 405 si
2785 350 2927 422 fugai
2956 346 3140 404 aditus
3179 347 3541 420 praeberetur,

236 455 470 512 sorbens
499 454 558 510 in
581 452 876 524 abruptum
923 465 1122 521 vorago
1152 447 1485 514 facinorum,
1515 443 1845 502 claudentur

237 544 392 602 oculi
426 543 510 598 tui
541 549 700 597 nocte
730 539 970 612 peccati,
999 552 1066 593 ne
1096 536 1210 592 veri
1241 535 1473 591 luminis
1497 533 1722 590 videant
1746 549 1845 588 ra-

237 633 400 690 dium
431 630 827 705 permicantem
863 645 877 695 ;
920 627 1114 683 mortis
1148 642 1205 682 se
1247 624 1464 682 caicitas
1509 631 1766 696 opponet,
1788 632 1841 681 et

241 740 342 796 per
383 722 573 780 ludum
623 717 914 793 quemdam
955 717 1065 773 huc
1112 724 1275 788 atque
1317 715 1454 771 illuc
1501 721 1556 769 te
1593 713 1844 769 circum—

238 814 451 871 ducent
493 810 672 883 angeli
719 808 1051 880 deceptores.
1100 805 1260 862 Fient
1309 803 1411 860 tibi
1459 811 1611 877 grata
1641 811 1844 859 cuncta

241 903 472 976 ﬂagitia,
490 911 546 958 et
578 899 842 973 peccandi
871 898 1096 955 licentia
1113 896 1216 952 tibi
1238 895 1406 968 pmnit
1423 911 1483 949 us
1502 893 1830 950 allubescet:

239 991 458 1050 tenebit
484 997 538 1046 te
557 989 813 1046 diabolus
841 987 943 1044 sub
972 1003 1066 1059 spe
1097 985 1370 1041 libertatis
1396 983 1678 1040 addictum
1700 983 1843 1054 (3’s),

241 1089 310 1137 ut
337 1081 412 1136 sit
465 1079 569 1135 tibi
615 1078 850 1134 liberum
883 1093 1127 1149 peccare,
1177 1091 1290 1130 non
1320 1074 1527 1129 vivere.
1562 1073 1674 1129 Nec
1702 1072 1847 1128 sinet

241 1177 300 1226 te
325 1169 600 1242 respicere
633 1175 758 1222 ante
789 1165 883 1239 qui
924 1166 1122 1233 fueras,
1152 1179 1278 1220 cum
1303 1162 1679 1218 blandimento
1707 1177 1845 1234 pec-

241 1258 430 1327 candi,
453 1257 746 1314 dulcedine
777 1263 830 1312 te
858 1254 1158 1313 criminum
1210 1252 1610 1325 pellacissimus
1640 1268 1847 1308 avoca—

240 1347 392 1404 verit
426 1365 437 1402 :
468 1355 522 1402 et
554 1353 617 1401 ut
650 1345 815 1402 semel
851 1343 1111 1410 dixerim,
1169 1343 1247 1399 ita
1292 1349 1345 1397 te
1372 1340 1638 1415 pereundi
1667 1340 1849 1396 suavi-

241 1448 360 1498 tate
379 1439 642 1512 decipiet,
659 1446 721 1494 ut
739 1435 1124 1495 delectabilius
1143 1435 1362 1492 tibimet
1379 1433 1632 1490 videatur
1647 1433 1847 1505 perire,

243 1529 433 1604 potius
460 1545 623 1603 quam
673 1527 873 1584 redire.
929 1526 1103 1582 Omne
1146 1541 1382 1597 namque
1413 1533 1696 1596 peccatum
1728 1523 1847 1579 abs-

243 1634 357 1692 que
387 1618 473 1674 sui
501 1616 866 1674 delectatione
895 1631 1007 1669 non
1037 1614 1264 1686 geritur,
1296 1630 1397 1670 nec
1427 1613 1564 1669 alias
1594 1612 1850 1668 invisca-

245 1725 308 1800 re
359 1708 484 1780 (35)
534 1706 783 1763 animum
834 1704 1057 1778 poterit,
1100 1703 1208 1760 nisi
1269 1703 1540 1760 suavitate
1589 1698 1848 1758 desiderii
1880 1741 1925 1800 Β

244 1796 470 1865 illiciat,
501 1811 666 1870 quem
710 1793 1027 1866 deceperit;
1080 1792 1258 1849 dulcis
1303 1791 1453 1848 enim
1503 1790 1755 1858 mistura,
1796 1796 1850 1844 et

245 1887 438 1944 suavis
467 1886 540 1944 sit
569 1901 788 1942 necesse
817 1892 898 1940 est
927 1883 1184 1940 faucibus
1214 1883 1436 1940 lethalis
1465 1881 1651 1955 poculi
1679 1880 1852 1936 fune-

221 1975 335 2034 sta
366 1975 659 2043 confectio,
693 1991 762 2031 ne
789 1971 1178 2030 amaritudinis
1207 1972 1385 2046 prima
1413 1971 1606 2027 libatio
1635 1976 1856 2026 revocet

247 2067 622 2125 haurientem.
665 2065 756 2122 Sic
794 2064 1031 2136 denique
1059 2062 1241 2117 visum
1289 2069 1371 2118 est
1399 2061 1620 2117 mulieri
1651 2059 1854 2133 primi-

243 2157 381 2214 tivze
413 2155 623 2212 bonum
658 2170 774 2210 esse
803 2152 872 2208 ad
919 2159 1210 2224 aspectum
1259 2157 1314 2205 et
1363 2149 1523 2206 dulce
1571 2149 1639 2206 ad
1668 2149 1854 2204 cibum

245 2243 467 2302 arboris
527 2242 680 2298 illius
736 2257 1032 2308 venenum,
1083 2237 1244 2310 cujus
1291 2245 1577 2311 postquam
1624 2238 1858 2292 mentita

246 2344 336 2392 est
377 2331 669 2390 suavitatis
727 2330 894 2386 labris
941 2326 1302 2395 comedentis,
1347 2325 1539 2383 infecit
1569 2325 1857 2381 morientis

247 2427 486 2484 haustus
517 2425 761 2480 violenta
789 2421 1089 2490 subtilitas,
1117 2418 1264 2493 quod
1293 2417 1486 2489 vigens
1512 2432 1575 2471 ac
1604 2414 1858 2470 vividum

257 2515 541 2583 manebat,
572 2513 878 2580 exstinxit;
912 2519 966 2568 et
993 2511 1050 2566 in
1090 2507 1426 2566 contrarium
1475 2522 1569 2578 per
1593 2505 1858 2576 intempe-

261 2605 505 2663 rantiam
537 2603 910 2660 recidentibus
957 2600 1122 2668 votis,
1172 2597 1242 2653 ad
1281 2596 1543 2653 exsilium
1585 2593 1778 2650 mundi
1807 2601 1862 2649 et

259 2696 635 2770 spectaculum
668 2691 853 2749 seculi
893 2690 960 2746 de
975 2687 1227 2763 paradiso
1241 2683 1606 2743 beatitudinis
1633 2691 1686 2740 et
1728 2698 1861 2756 prae-

258 2785 362 2841 dio
390 2782 702 2842 securitatis
730 2781 912 2854 ejecit.

334 2891 562 2950 CAPUT
584 2890 790 2946 XXIII.
821 2919 893 2930 —
919 2887 1028 2944 Oro
1053 2893 1128 2954 te,
1162 2885 1350 2953 frater,
1382 2883 1501 2940 haec
1529 2889 1761 2949 metuas,
1781 2879 1863 2934 fu-

255 2983 378 3056 gias
407 2990 461 3038 et
489 2997 860 3055 expavescas;
907 2994 1010 3034 nec
1056 2977 1280 3048 patiaris
1329 2975 1621 3030 inimicum
1657 2972 1723 3028 de
1772 2979 1866 3027 tua

263 3073 582 3147 perditione
612 3071 866 3145 gaudere,
894 3078 948 3125 et
977 3068 1035 3124 in
1056 3073 1354 3139 conspectu
1377 3064 1478 3121 Dei
1509 3061 1863 3136 supercilium
1900 3095 1943 3155 Ο

267 3163 470 3220 eﬁ'erre
514 3160 765 3218 victoris.
818 3159 963 3216 Cave
1019 3156 1258 3213 reditum
1304 3162 1512 3226 septem
1567 3151 1868 3225 spirituum

260 3251 707 3320 immundorum,
758 3249 960 3323 quibus
989 3264 1046 3305 se
1092 3246 1287 3302 ducem
1321 3244 1591 3299 malorum
1617 3241 1866 3297 omnium

259 3343 504 3401 sociavit
531 3349 779 3399 octavus.
812 3341 884 3395 Et
920 3354 1046 3395 cum
1081 3351 1250 3391 unum
1273 3349 1436 3389 nemo
1486 3332 1723 3405 patiatur
1754 3331 1866 3388 dia-

263 3432 486 3500 bolum,
527 3430 652 3504 quis
717 3437 842 3487 octo
900 3427 1174 3484 sustinere
1227 3425 1408 3480 valeat
1455 3422 1808 3479 dominatum
1840 3420 1868 3477 ?

256 3521 506 3580 Domino
535 3519 785 3576 dicente:
835 3542 852 3566 ε
881 3517 1021 3575 Cum
1053 3514 1376 3571 immundus
1405 3511 1638 3584 spiritus
1671 3509 1869 3566 exierit

253 3611 336 3670 ab
369 3609 614 3679 homine,
653 3607 948 3682 pertransit
993 3606 1112 3662 loca
1162 3603 1448 3676 inaquosa,
1495 3616 1745 3674 quaerens
1785 3615 1865 3654 re-

254 3699 476 3775 quiem,
504 3708 558 3757 et
587 3715 696 3756 non
729 3695 1040 3765 inveniens,
1065 3693 1203 3751 dicit
1236 3711 1248 3748 :
1283 3693 1546 3750 Revertar
1566 3691 1623 3746 in
1639 3689 1867 3746 domum

259 3805 472 3856 meam,
503 3807 536 3846 a
583 3804 690 3862 qua
738 3787 979 3843 exieram
1017 3803 1028 3842 :
1080 3792 1134 3840 et
1177 3797 1428 3839 reversus
1483 3778 1702 3836 invenit
1747 3795 1867 3835 eam

255 3887 570 3949 vacantem,
600 3877 919 3934 mundatam
954 3875 1154 3947 scopis,
1198 3879 1253 3928 et
1294 3869 1675 3943 compositam.
1709 3869 1864 3924 Tunc

255 3970 422 4027 vadit
451 3979 504 4027 et
529 3968 752 4026 adducit
795 3983 981 4024 secum
1014 3965 1152 4022 alios
1180 3971 1388 4036 septem
1419 3961 1649 4034 spiritus
1678 3957 1868 4032 nequi-

256 4076 392 4119 ores
419 4075 497 4128 se,
527 4066 583 4114 et
611 4056 841 4129 ingressi
872 4055 1201 4111 habitabunt
1229 4053 1347 4109 illic
1372 4071 1384 4108 :
1431 4058 1484 4106 et
1512 4051 1648 4106 fient
1677 4049 1862 4105 novis-

255 4153 408 4213 sima
449 4148 604 4206 illius
657 4145 902 4202 hominis
947 4142 1133 4215 pejora
1178 4140 1456 4213 prioribus
1502 4141 1717 4212 (Matth.
1757 4154 1863 4204 xu,

256 4249 479 4321 43-45).
505 4271 524 4296 ι
566 4245 624 4303 Si
663 4251 717 4300 te
748 4241 1034 4298 obsidione
1079 4239 1278 4295 bellica
1307 4245 1524 4310 septum
1555 4252 1754 4292 manus
1781 4251 1868 4292 ac-

256 4349 502 4420 cepisset
545 4338 787 4407 hostilis,
831 4344 885 4392 et
923 4335 1024 4392 sub
1053 4333 1370 4390 incursione
1398 4329 1683 4386 barbarica
1711 4336 1866 4384 tenu-

258 4418 400 4496 isset
449 4429 720 4507 prazdonis
767 4441 907 4484 urna
950 4422 1255 4496 captivum,
1287 4436 1426 4494 quos
1462 4418 1622 4475 ﬂetus
1651 4418 1857 4486 ederes,

259 4539 406 4599 quos
430 4520 668 4593 eiulatus
695 4516 872 4583 dares,
903 4529 1023 4587 qua:
1070 4513 1308 4568 lamenta
1340 4508 1576 4599 jactares
1601 4508 1629 4564 ?
1660 4507 1862 4579 Ageres

261 4597 424 4670 omni
451 4609 541 4667 die
572 4615 840 4678 nocteque
868 4601 1190 4675 suspirium,
1211 4615 1324 4655 non
1341 4597 1527 4654 cibum
1558 4611 1853 4671 quaereres,

264 4710 460 4777 potum
512 4714 626 4754 non
678 4693 1033 4759 desiderares,
1107 4687 1198 4746 siti
1255 4687 1558 4744 exhaustus
1611 4693 1666 4742 et
1719 4686 1865 4742 fame

264 4797 518 4859 enectus,
553 4788 668 4844 sola
697 4787 755 4842 in
783 4794 837 4842 te
865 4796 1066 4856 aspere
1104 4779 1247 4839 cutis
1293 4778 1522 4836 ariditas
1567 4787 1622 4836 et
1668 4795 1867 4851 rugosa

263 4881 470 4938 macies
497 4883 800 4952 appareret,
849 4875 1050 4946 rigeret
1093 4878 1350 4928 concreta
1395 4867 1652 4925 sordibus
1681 4883 1860 4936 coma,

263 4981 322 5029 et
349 4969 562 5026 hirsuta
605 4965 850 5025 caesaries
895 4961 1218 5037 squallentis
1250 4960 1496 5028 verticis,
1551 4957 1864 5030 promissa:-

264 5077 373 5134 que
424 5058 607 5115 barbae
636 5054 886 5128 impressi
932 5059 1085 5108 artus
1114 5050 1420 5116 horrerent,
1454 5047 1858 5119 patrimonium

269 5151 524 5210 redderes
578 5145 943 5220 redemptoris
971 5143 1073 5200 sub
1119 5141 1320 5216 gladio,
1354 5139 1640 5197 districtus
1670 5139 1862 5196 ambu-

266 5245 411 5301 lares
451 5239 652 5308 nudus,
698 5251 904 5310 pauper
948 5243 1110 5308 atque
1149 5231 1303 5289 omni
1351 5246 1515 5287 sensu
1557 5229 1815 5287 evolutus
1845 5247 1858 5287 :

340 5393 460 5466 (34)
491 5393 597 5466 Alta
619 5388 814 5466 _codex
864 5387 1062 5455 Rem.;
1112 5383 1246 5442 edit.
1291 5399 1443 5452 vero,
1477 5382 1720 5439 diabolus
1757 5398 1865 5438 suae

269 5462 502 5526 libertati
527 5462 814 5519 addictum.

340 5536 468 5609 (35)
496 5533 676 5609 E_dit.,
720 5548 811 5588 nec
847 5530 990 5591 alitis
1016 5530 1250 5588 inescare
1276 5544 1299 5596 ;
1339 5525 1514 5587 codex
1542 5527 1723 5598 Bem.,
1771 5540 1862 5582 nec

266 5605 408 5668 alius
437 5605 716 5664 invisoare.

1965 5437 2342 5524 praescriptum
2390 5442 2636 5524 genuinae.
2668 5437 2940 5524 pri-tientia:

1953 441 2056 498 sub
2105 439 2349 497 maximo
2379 441 2620 497 incertus
2648 439 2967 497 discrimine
3011 437 3356 493 meditareris
3386 436 3544 509 peri-

1952 533 2137 588 culum
2169 547 2440 604 superare.
2475 531 2765 602 Captivum
2789 539 2844 586 te
2873 537 3022 586 tenet
3040 537 3231 584 auctor
3250 527 3542 592 scelerum,

1953 620 2193 678 vinculis
2239 637 2351 676 non
2398 619 2608 686 ferreis,
2653 619 2749 675 sed
2787 619 2995 675 catenis
3042 617 3213 673 habet
3244 615 3539 673 criminum

1955 719 2007 767 te
2057 712 2334 783 ligatum:
2380 709 2670 781 compedes
2717 709 2820 764 tibi
2871 707 3122 764 libidinis
3173 705 3460 778 imposuit,
3493 710 3548 758 et

1956 800 2200 873 undique
2240 810 2290 856 te
2319 799 2486 871 sepsit
2510 798 2731 854 arctiori
2783 797 3070 854 custodia:
3107 798 3278 867 legem
3307 795 3410 851 tibi
3441 793 3548 850 de-

1960 889 2043 946 dit
2070 899 2130 945 ut
2180 888 2391 945 licitum
2425 895 2578 960 putes
2612 904 2775 943 omne
2822 885 2972 958 quod
3013 901 3122 940 non
3153 885 3317 940 licet:
3353 885 3546 938 vivum

1960 986 2014 1033 te
2043 986 2259 1035 eterna:
2309 978 2504 1033 mortis
2535 977 2694 1032 fovea
2723 975 2990 1031 demersit
3025 991 3038 1040 ;
3072 981 3128 1029 et
3156 990 3266 1028 non
3305 971 3549 1043 ingemi-

1955 1067 2062 1124 scis
2108 1066 2300 1123 salutis
2333 1077 2438 1122 tuis
2463 1066 2750 1134 damnum,
2780 1065 2895 1138 spei
2927 1074 3145 1120 aeternae
3171 1062 3547 1135 dispendium,

1956 1161 2011 1210 et
2052 1154 2179 1210 vitae
2225 1162 2500 1226 perpetuis
2535 1155 2930 1210 detrimentum
2965 1155 2992 1210 ‘?
3045 1152 3262 1209 Incedis
3295 1158 3551 1221 comptus

1957 1255 2153 1304 ornatu
2178 1247 2442 1316 vestium,
2467 1249 2714 1304 celebras
2736 1246 3013 1318 opulentis
3033 1243 3173 1302 cibis
3202 1241 3550 1308 refectiones,

1957 1342 2089 1398 vino
2120 1342 2322 1410 mades,
2356 1341 2684 1413 pinguiﬁcas
2708 1341 2888 1414 epulis
2917 1339 3257 1414 quotidianis
3285 1337 3550 1405 animam,

1959 1441 2014 1489 et
2057 1433 2227 1490 torosi
2259 1434 2506 1506 corporis
2541 1433 2793 1490 excolere
2818 1448 2927 1488 non
2959 1430 3197 1505 quiescis
3227 1427 3552 1502 ingluviem,

1959 1529 2023 1578 ut
2071 1522 2297 1578 interim
2351 1523 2419 1578 de
2463 1523 2674 1579 caeteris
2732 1521 3062 1580 criminibus
3107 1527 3336 1576 taceam.
3391 1515 3556 1572 Putas

1959 1611 2144 1680 etiam,
2176 1621 2335 1683 putas
2377 1620 2430 1668 et
2460 1611 2564 1668 hoc
2615 1627 2724 1667 non
2764 1628 2879 1667 esse
2935 1605 3430 1666 animadversionis
3460 1602 3558 1658 di-

1959 1701 2125 1768 vinae,
2165 1709 2226 1756 ut
2253 1701 2465 1757 nescias
2497 1697 2966 1773 quemadmodum
2999 1698 3196 1754 debeas
3212 1695 3278 1753 de
3311 1695 3424 1752 tuis
3447 1708 3557 1750 sce-

1961 1789 2167 1845 leribus
2222 1790 2538 1862 paenitere;
2597 1789 2863 1862 Apostolo
2919 1789 3204 1860 probante,
3265 1785 3360 1857 qui
3421 1782 3499 1837 ait
3543 1797 3554 1835 :

1975 1901 1992 1924 ε
2033 1878 2260 1952 Propter
2313 1881 2462 1952 quod
2516 1897 2626 1936 non
2669 1880 2984 1936 habuerunt
3033 1881 3206 1933 Deum
3247 1875 3305 1929 in
3340 1871 3560 1939 notitia,

1965 1967 2191 2025 tradidit
2239 1986 2330 2026 eos
2363 1971 2420 2025 in
2454 1970 2748 2042 reprobum
2798 1984 3042 2035 sensum,
3081 1968 3258 2022 facere
3290 1965 3564 2020 inconve-

1965 2056 2175 2114 nientia
2205 2060 2382 2132 (Rom.
2407 2078 2446 2129 ι,
2463 2061 2580 2133 28);
2602 2086 2618 2108 ν
2649 2069 2704 2116 et
2726 2061 2927 2116 iterum
2957 2075 2968 2112 :
3016 2082 3034 2105 ι
3055 2057 3159 2112 Pro
3179 2071 3243 2112 eo
3263 2053 3409 2128 quod
3429 2053 3564 2108 dile-

1964 2155 2116 2202 ctum
2147 2149 2401 2206 veritatis
2424 2166 2532 2206 non
2556 2157 2898 2222 receperunt,
2924 2155 2987 2203 ut
3017 2147 3385 2211 salvarentur,
3413 2140 3565 2197 misit

1966 2240 2114 2294 Deus
2156 2239 2274 2295 illis
2319 2239 2692 2311 operationem
2745 2239 2973 2304 erroris,
3014 2244 3076 2292 ut
3119 2235 3442 2309 judicentur
3468 2229 3564 2303 qui

1967 2343 2079 2381 non
2111 2325 2466 2383 crediderunt
2495 2327 2721 2383 veritati
2755 2327 2844 2398 (II
2880 2327 3060 2382 Thess.
3095 2341 3156 2391 ii,
3191 2321 3445 2391 10,11).›
3488 2320 3566 2374 De

1968 2415 2175 2473 talibus
2222 2416 2460 2489 denique
2491 2417 2709 2485 metuit,
2741 2433 2809 2472 ne
2839 2417 3070 2472 veniens
3096 2411 3429 2472 Corinthum
3465 2409 3567 2464 lu-

1970 2516 2118 2582 geret
2148 2509 2352 2564 multos
2397 2524 2466 2564 ex
2506 2508 2615 2577 his,
2649 2508 2743 2580 qui
2774 2525 2884 2564 non
2916 2513 3145 2579 egerunt
3175 2500 3560 2576 paenitentiam

1969 2613 2040 2653 ex
2070 2596 2444 2653 immunditiis
2487 2613 2621 2670 quas
2661 2597 2935 2663 fecerunt,
2984 2603 3038 2650 et
3075 2589 3561 2657 fornicationibus,
3637 2621 3640 2624 ~

1970 2694 2026 2742 et
2059 2684 2289 2740 libidine
2324 2687 2413 2756 (II
2441 2687 2566 2742 Cor.
2600 2702 2700 2753 xu,
2734 2685 2853 2757 ει).

2043 2774 2271 2832 CAPUT
2316 2775 2520 2831 XXIV.
2560 2805 2625 2816 —
2652 2775 2843 2847 Cogita
2891 2773 3088 2830 divitis
3117 2771 3274 2827 illius
3311 2767 3564 2842 opiparas

1972 2881 2178 2933 ccenas,
2225 2873 2279 2921 et
2330 2864 2678 2937 copiosarum
2709 2864 2912 2936 dapum
2945 2863 3171 2920 uberem
3202 2857 3562 2924 aﬂluentiam,

1973 2969 2232 3026 purpura,
2267 2954 2476 3010 murice
2503 2954 2803 3027 pinguiori,
2847 2961 2901 3009 et
2927 2949 3220 3008 textilibus
3251 2945 3454 3004 inclusi
3486 2962 3564 3001 se-

1975 3044 2074 3100 rici
2106 3044 2400 3114 nitoribus,
2428 3053 2607 3102 totum
2638 3046 2705 3102 de
2732 3061 2828 3117 spe
2858 3042 3141 3117 praesentis
3170 3036 3454 3112 temporis,
3483 3035 3564 3090 ni-

1978 3139 2056 3194 hil
2103 3147 2287 3196 tamen
2326 3140 2394 3196 de
2422 3141 2609 3196 futuro
2636 3137 2943 3195 tractantis.
2995 3134 3139 3203 Quid
3171 3131 3255 3188 illi
3299 3139 3419 3205 post
3465 3129 3570 3186 ista

1977 3228 2165 3285 omnia
2193 3238 2508 3301 reponatur,
2539 3229 2805 3285 ausculta.
2838 3228 2968 3282 Post
2998 3238 3294 3297 purpuram
3324 3221 3566 3285 ﬂamma,

1977 3323 2121 3383 602
2156 3327 2278 3394 post
2323 3320 2513 3392 epulas
2539 3327 2768 3391 egestas,
2804 3323 2867 3371 ut
2913 3330 3066 3387 aqua:
3098 3311 3366 3385 guttulam
3409 3325 3568 3382 quie—

1979 3424 2140 3484 reret,
2188 3413 2284 3487 qui
2315 3417 2521 3484 guttam
2571 3416 2734 3462 antea
2761 3403 2985 3477 pretiosi
3036 3399 3271 3458 nectaris
3309 3397 3568 3454 ebibisset

1977 3507 2124 3564 etab
2161 3486 2226 3561 eo
2263 3509 2491 3576 peteret,
2520 3515 2622 3556 nec
2666 3505 2851 3553 tamen
2882 3494 3174 3567 acciperet,
3231 3486 3568 3547 summitatis

1977 3596 2137 3670 digiti
2165 3590 2446 3650 humentis
2479 3588 2761 3655 solatium,
2791 3586 2879 3642 cui
2912 3586 2969 3642 in
3001 3584 3200 3640 saeculo
3231 3581 3398 3636 micas
3435 3593 3569 3633 sua-

1976 3703 2099 3742 rum
2129 3689 2422 3757 negaverat
2449 3679 2758 3752 epularum.
2808 3676 3107 3742 Confitere,
3137 3688 3342 3746 quaeso,
3373 3672 3571 3724 cuncta

1975 3777 2176 3850 quibus
2204 3791 2358 3830 reum
2389 3782 2442 3829 te
2471 3770 2808 3837 memineris,
2839 3765 3126 3831 conﬁtere,
3156 3769 3209 3817 et
3239 3760 3434 3816 faciem
3469 3754 3569 3814 Dei
3608 3783 3615 3790 -

1977 3865 2215 3938 praeveni
2246 3863 2641 3920 satisfactionis
2668 3858 2871 3926 ofﬁcio,
2904 3852 3138 3911 humilia
3168 3859 3293 3905 ante
3323 3864 3447 3903 eum
3477 3862 3572 3902 cor

1975 3963 2155 4022 tuum,
2188 3962 2240 4010 et
2273 3954 2332 4008 in
2377 3960 2674 4023 conspectu
2702 3947 2820 4019 ejus
2857 3960 3028 4002 curva
3056 3938 3327 3997 cervicem
3363 3954 3374 3992 :
3413 3935 3570 3991 ﬂecte

1977 4060 2171 4117 genua,
2223 4051 2277 4098 et
2306 4041 2440 4096 eliso
2472 4040 2632 4094 vultu
2678 4045 2837 4091 terrai
2885 4039 3248 4104 prosternere.
3293 4023 3569 4097 Suscipiet

1978 4116 2244 4209 gemitum
2273 4137 2431 4184 tuum
2469 4125 2710 4184 ctelestis
2739 4124 2833 4180 ille
2881 4120 3134 4194 protinus
3161 4116 3482 4182 advocatus,
3517 4120 3573 4168 et

1977 4241 2088 4282 non
2119 4219 2500 4295 praetermittet
2528 4233 2625 4288 pro
2653 4223 2705 4270 te
2750 4212 3101 4285 interpellare
3131 4209 3350 4264 Patrem
3380 4221 3568 4270 suum,

1978 4313 2073 4387 qui
2105 4292 2275 4367 {idum
2307 4307 2542 4381 priebere
2570 4303 2859 4363 consuevit
2892 4297 3289 4374 pmnitentibus
3317 4292 3570 4368 patroci-

1978 4381 2153 4458 nium.
2194 4399 2424 4457 Causam
2467 4411 2621 4452 suam
2651 4410 2764 4448 non
2810 4388 3147 4463 argumentis
3195 4385 3264 4441 ad
3309 4381 3574 4456 praescri-

1970 4497 2127 4564 ptum
2158 4504 2326 4562 genus
2354 4483 2682 4558 eloquentiae
2712 4480 3012 4555 perorabit,
3043 4478 3195 4534 illico
3231 4476 3571 4552 impetratu—

1972 4597 2068 4637 rus
2098 4577 2273 4636 venire
2299 4573 2652 4641 beneﬁcium,
2677 4573 2771 4646 qui
2793 4573 2861 4629 de
2877 4576 3131 4641 superato
3160 4581 3274 4621 non
3294 4569 3574 4635 exspectat

1973 4671 2196 4747 aliquod
2248 4670 2609 4728 honorarium
2661 4666 2802 4736 (36).
2858 4664 2973 4718 Hoc
3013 4655 3312 4732 Apostolus
3356 4653 3571 4727 probat,

1973 4765 2161 4824 dicens
2185 4781 2197 4818 :
2246 4789 2264 4811 ι
2285 4763 2420 4831 Quis
2445 4756 2725 4817 accusabit
2751 4755 3014 4811 adversus
3035 4751 3237 4806 electos
3261 4748 3360 4805 Dei
3378 4747 3406 4804 ‘I
3427 4749 3576 4806 Deus

1973 4856 2068 4930 qui
2091 4853 2390 4927 justiﬁcat,
2420 4851 2544 4925 quis
2572 4856 2656 4906 est
2683 4846 2778 4920 qui
2798 4840 3174 4901 condemnet?
3198 4839 3453 4898 Christus
3473 4839 3570 4913 qui

1975 4957 2228 5004 mortuus
2242 4954 2343 5013 est,
2366 4959 2560 5000 verum
2576 4940 2742 4997 etiam
2759 4935 3150 5002 etresurrexit,
3167 4932 3348 5007 quiest
3366 4932 3424 4988 in
3441 4931 3572 4988 dex-

1975 5047 2088 5095 tera
2114 5035 2234 5103 Dei,
2263 5034 2359 5107 qui
2378 5041 2432 5089 et
2453 5029 2771 5102 interpellat
2808 5042 2907 5100 pro
2931 5024 3091 5080 nobis
3116 5024 3293 5096 (Rom.
3316 5039 3442 5090 vui,
3483 5020 3572 5089 33,

1972 5127 2064 5201 34)
2075 5152 2113 5185 ,ι
2147 5126 2457 5185 Concinens
2473 5123 2720 5178 Joannes
2737 5116 3017 5190 apostolus
3029 5113 3379 5171 beatissimus
3396 5112 3450 5167 in
3465 5109 3576 5182 epi-

1970 5219 2111 5276 stola
2124 5235 2223 5275 sua
2241 5213 2398 5290 ponit
2423 5221 2478 5270 et
2499 5211 2638 5269 dicit
2667 5228 2678 5266 :
2699 5209 2786 5265 «Si
2807 5204 3118 5265 dixerimus
3141 5203 3269 5277 quia
3289 5207 3572 5276 peccatum

2045 5377 2191 5452 (36)_
2222 5374 2410 5432 Codex
2457 5374 2610 5452 Item.
2667 5375 2722 5424 et
2753 5365 2949 5452 Sorba
2997 5357 3498 5452 nong‘ufp‘umentis!
3523 5362 3576 5452 ξε

2181 5427 2361 5506 intum
2390 5427 2630 5506 genuinae
2670 5427 2945 5506 patientiai
2988 5427 3352 5506 perorqbit....
3399 5427 3491 5500 qui
3517 5427 3579 5482 de

1972 5504 2207 5600 suspectd
2235 5533 2343 5579 non
2370 5504 2640 5595 caspectat
2667 5504 2888 5588 aliquod
2914 5504 3282 5566 hohorarium.
