3902 6198
407 215 539 273 1087

1420 215 1516 269 AD
1557 212 1791 268 OPERA
1826 211 1881 267 S.
1926 209 2261 268 AMBROSII
2307 209 2694 268 APPENDIX.

3597 212 3735 271 I088

400 358 511 398 non
557 341 843 410 habemus,
891 355 993 397 nos
1031 339 1176 413 ipsos
1217 338 1544 412 decipimus,
1592 346 1645 394 et
1685 336 1888 393 veritas
1927 336 1983 391 in
2023 339 2071 398 Α
2101 345 2162 392 ut
2190 344 2345 392 tanta
2389 336 2529 394 scias
2559 353 2716 409 posse
2747 335 2846 393 tibi
2889 337 3120 408 dimitti,
3169 347 3447 413 quantum
3492 349 3564 396 tu
3615 357 3732 413 pro-

403 431 561 488 nobis
589 448 700 488 non
731 440 813 488 est
845 447 856 485 :
901 430 946 486 si
975 438 1158 486 autem
1187 429 1428 486 confessi
1475 427 1746 482 fuerimus
1776 435 1996 498 peccata

403 530 607 590 nostra,
639 530 694 578 et
736 521 917 578 fidelis
954 531 1008 578 et
1030 521 1220 593 justus
1250 529 1329 575 est
1351 522 1520 584 Deus,
1549 517 1643 589 qui
1675 516 1834 572 nobis
1863 532 1997 588 pec—

401 619 520 668 cata
570 611 835 678 dimittat,
885 618 938 665 et
967 610 1200 665 mundet
1247 624 1347 663 nos
1374 607 1442 662 ab
1480 606 1630 662 omni
1682 605 1992 678 iniquitate.

401 701 458 756 Si
487 700 797 756 dixerimus
845 698 974 771 quia
1018 715 1126 752 non
1156 713 1465 769 peccamus,
1500 695 1815 751 mendacem
1849 694 1997 750 faci—

402 807 525 845 mus
553 807 701 856 eum,
741 797 794 843 et
821 787 1049 842 verbum
1085 785 1203 857 ejus
1231 802 1342 840 non
1391 793 1471 840 est
1501 786 1556 840 in
1590 785 1769 840 nobis.
1806 784 1995 840 Filioli

403 880 533 947 mei,
557 880 673 935 haec
694 879 875 934 scribo
906 877 1085 945 vobis,
1135 885 1198 932 ut
1240 892 1351 931 non
1384 875 1620 946 peccetis
1653 891 1664 929 :
1700 883 1753 930 et
1796 875 1842 929 si
1873 873 1998 946 quis

402 967 728 1039 peccaverit,
781 966 1046 1022 habemus
1103 966 1429 1022 advocatum
1458 964 1602 1036 apud
1651 964 1861 1020 Patrem
1898 963 1996 1018 Je—

405 1073 552 1124 sum,
585 1065 638 1111 et
684 1056 800 1129 ipse
836 1064 1026 1112 exorat
1074 1073 1172 1128 pro
1215 1055 1451 1128 peccatis
1491 1054 1694 1110 nostris
1728 1054 1747 1126 (
1779 1056 1809 1109 Ι
1835 1054 1992 1109 Joan.

403 1163 464 1214 ιι,
513 1144 680 1213 8-10;
730 1147 956 1217 111,1)»
1017 1146 1192 1201 Omne
1227 1144 1373 1218 quod
1424 1145 1522 1200 Dei
1575 1144 1749 1199 Filius
1797 1141 1997 1198 Domi-

403 1252 509 1291 nus
534 1236 690 1291 Jesus
719 1235 994 1304 Christus,
1018 1237 1111 1308 qui
1155 1244 1238 1291 est
1261 1235 1370 1304 via,
1405 1235 1608 1291 veritas
1636 1243 1691 1290 et
1722 1233 1859 1299 vita,
1903 1233 1994 1286 lo—

404 1335 564 1382 cutus
590 1334 691 1391 est,
726 1326 816 1380 lex
860 1335 976 1381 est:
1011 1334 1064 1380 et
1093 1325 1194 1380 sub
1230 1326 1487 1396 exemplo
1518 1324 1603 1379 sui
1635 1323 1754 1378 fieri
1785 1320 1996 1385 docuit,

403 1413 552 1487 quod
583 1412 744 1469 nobis
776 1415 832 1468 in
863 1414 1068 1485 scripto
1100 1413 1382 1468 mandavit
1411 1431 1424 1480 ;
1466 1428 1641 1483 neque
1669 1410 1817 1466 enim
1851 1426 1881 1463 a
1905 1425 1996 1464 no-

401 1503 488 1560 bis
531 1503 651 1559 fieri
701 1502 914 1576 aliquid
966 1504 1156 1569 vellet,
1184 1503 1330 1576 quod
1358 1511 1452 1558 aut
1500 1501 1614 1572 ipse
1643 1515 1754 1554 non
1785 1497 1995 1565 fecerit,

401 1605 495 1652 aut
525 1596 671 1668 quod
703 1595 751 1650 ei
795 1596 851 1650 in
891 1593 1052 1650 nobis
1083 1595 1415 1651 facientibus
1458 1609 1569 1648 non
1607 1591 1862 1664 placeret.
1894 1587 1998 1644 Sed

2107 427 2226 498 prio
2253 427 2532 483 dimiseris
2561 427 2838 483 debitori:
2894 429 3007 484 imo
3061 444 3192 484 vero
3230 437 3294 486 ut
3339 429 3452 485 tibi
3499 446 3732 503 parcere

2106 516 2364 585 videaris,
2397 534 2523 573 cum
2563 518 2660 572 alii
2707 517 3024 575 obsecratus
3069 518 3370 590 ignoveris.
3405 520 3555 575 Nam
3583 519 3726 591 judi-

2106 607 2193 664 cio
2223 616 2316 664 tuo
2347 609 2536 680 procul
2562 607 2734 664 dubio
2761 607 3120 680 judicaberis,
3142 609 3188 664 si
3219 609 3439 667 dimitti
3474 609 3584 666 tibi
3618 610 3726 684 ipse

2113 705 2359 775 cupiens,
2392 703 2486 758 alii
2533 701 2816 758 dimittere
2861 701 3128 768 nolueris,
3174 702 3421 759 Domino
3465 701 3721 759 dicente:

2119 818 2136 840 ι
2160 795 2219 849 In
2249 811 2357 866 quo
2380 793 2596 865 judicio
2617 791 3022 866 judicaveritis,
3053 791 3109 846 in
3143 791 3337 847 eodem
3367 790 3726 864 judicabitnr

2107 883 2172 940 de
2214 884 2400 939 vobis:
2442 893 2495 940 et
2527 884 2583 938 in
2615 899 2721 955 qua
2751 898 3007 938 mensura
3041 883 3218 938 mensi
3266 882 3514 951 fueritis,
3553 883 3615 939 in
3645 900 3724 939 ea-

2107 975 2230 1030 dem
2258 974 2578 1030 remetietur
2607 973 2765 1029 vobis
2799 975 3012 1045 (Matth.
3049 992 3148 1040 vn,
3182 974 3263 1043 2).
3299 999 3319 1022 ι
3376 975 3562 1046 Legas
3598 976 3723 1030 volo

2105 1067 2375 1123 intentius
2424 1065 2705 1138 prophetae
2755 1065 3030 1123 Zacharias
3084 1065 3452 1138 principium,
3511 1072 3573 1121 et
3610 1065 3723 1121 illic

2107 1189 2214 1246 quo
2247 1167 2528 1226 robustius
2547 1159 2830 1226 animeris,
2875 1159 3124 1216 invenies
3157 1177 3169 1214 :
3217 1182 3236 1206 ι
3270 1159 3456 1214 Iratus
3498 1166 3608 1226 est,
3644 1158 3722 1213 in-

2112 1265 2250 1337 quit,
2283 1261 2550 1319 Dominus
2571 1259 2637 1315 ad
2667 1265 2848 1330 patres
2867 1261 3082 1311 nostros
3109 1253 3189 1308 ira
3219 1268 3419 1323 magna
3450 1251 3718 1320 (Zachar.

2112 1371 2150 1421 ι,
2183 1353 2262 1423 2).
2299 1377 2317 1400 ι
2361 1350 2494 1418 Quis
2542 1365 2652 1404 non
2703 1347 2809 1402 hoc
2854 1343 3082 1400 audiens
3115 1343 3566 1400 contremiscat?
3599 1344 3720 1416 quis

2107 1459 2217 1497 non
2253 1439 2419 1512 hujus
2449 1439 2602 1496 vocis
2649 1436 2861 1492 tonitru
2913 1433 3238 1506 perterritus
3284 1433 3546 1488 areﬁeret
3568 1435 3599 1490 ’ἲ
3628 1442 3721 1490 aut

2107 1545 2268 1602 quem
2301 1545 2520 1584 sensum
2557 1543 2668 1583 non
2719 1525 2836 1581 haec
2877 1521 3184 1594 indignatio
3232 1521 3496 1578 intimata
3531 1522 3717 1578 turba-

2107 1628 2188 1675 ret
2219 1620 2246 1676 ?
2275 1620 2408 1686 Quis
2437 1619 2586 1674 enim
2619 1625 2793 1673 status
2834 1612 3008 1670 teneri
3060 1619 3272 1684 poterat
3313 1614 3599 1684 sanitatis,
3623 1617 3716 1674 ubi

403 1704 504 1780 ne?
552 1687 843 1780 displicere
892 1696 1075 1780 Posset
1126 1686 1272 1780 quoii
1323 1687 1436 1780 ipse
1485 1684 1832 1780 ηξδηάξίδδθίξ
1870 1681 2000 1780 Ψξίθ
2033 1702 2078 1762 Β
2112 1717 2224 1764 tam
2253 1681 2550 1765 vehemens
2580 1708 2662 1764 ira
2689 1681 3118 1763 denuntiabatdr
3165 1705 3425 1760 Auctoris
3453 1706 3483 1761 2
3632 1723 3716 1780 pa-

404 1777 500 1849 qui
541 1776 870 1843 mandasset,
903 1777 1017 1848 ipse
1046 1784 1206 1832 antea
1234 1775 1466 1830 fecisset.
1516 1773 1698 1828 Inanis
1731 1773 1876 1826 enim
1911 1771 2002 1826 tie-

399 1874 481 1921 ret
504 1864 756 1920 doctrina
783 1865 1048 1933 mandati,
1077 1865 1123 1920 si
1161 1864 1218 1918 in
1247 1864 1392 1920 facto
1419 1862 1661 1919 doctoris
1692 1877 1802 1917 non
1838 1860 1993 1932 praei-

398 1962 480 2010 ret
511 1953 808 2009 auctoritas
840 1970 852 2008 :
885 1952 979 2008 sed
1027 1952 1298 2025 quidquid
1347 1951 1616 2007 Dominus
1662 1951 1919 2022 praecepit
1948 1959 2001 2006 et

393 2040 542 2109 fecit,
575 2041 736 2097 inane
762 2057 871 2096 non
901 2041 1004 2096 erit
1034 2039 1179 2112 quod
1210 2039 1310 2094 sub
1339 2039 1646 2094 imitatione
1666 2039 1752 2094 sui
1785 2038 1990 2094 facien-

395 2129 526 2187 dum
575 2148 688 2187 esse
751 2129 1054 2186 mandavit.
1106 2127 1255 2183 Idem
1297 2146 1434 2201 (ergo
1491 2129 1760 2184 Dominus
1815 2127 1998 2185 disci—

394 2220 539 2292 pulis
565 2219 682 2276 haec
713 2218 1071 2276 custodienda
1090 2219 1375 2290 proposuit
1399 2233 1409 2270 :
1449 2241 1466 2264 ι
1494 2217 1779 2273 Attendite
1815 2218 1993 2274 vobis:

395 2307 442 2364 si
493 2307 800 2380 peccaverit
846 2307 904 2361 in
947 2316 999 2362 te
1049 2307 1216 2362 frater
1251 2315 1401 2374 tuus,
1431 2306 1650 2362 dimitte
1698 2303 1824 2371 illi;
1860 2314 1914 2361 et
1943 2305 1992 2361 si

399 2395 600 2468 septies
629 2397 687 2450 in
716 2395 804 2452 die
830 2395 1136 2467 peccaverit
1166 2395 1224 2449 in
1256 2403 1330 2462 te,
1363 2404 1417 2450 et
1446 2395 1646 2466 septies
1676 2404 1986 2451 revertatur

398 2488 470 2544 ad
501 2497 553 2544 te
583 2488 803 2545 dicens:
829 2489 1068 2546 Pcenitet
1089 2504 1175 2543 me
1198 2507 1211 2556 ;
1236 2488 1456 2544 dimitte
1478 2488 1582 2555 illi,
1607 2498 1660 2544 et
1679 2487 1996 2544 dimittetur

397 2576 496 2632 tibi
525 2577 677 2650 (Luc.
710 2594 852 2643 xvn,
883 2577 1034 2647 3,4).
1066 2602 1084 2624 ι
1125 2581 1305 2650 Atque
1322 2593 1447 2632 cum
1477 2593 1507 2630 a
1537 2587 1725 2634 sancto
1749 2579 1995 2649 apostolo

397 2667 562 2723 Petro
594 2667 788 2723 fuisset
820 2667 877 2722 in
907 2681 1070 2722 causa
1099 2666 1404 2734 consultus,
1435 2674 1498 2722 et-
1515 2665 1724 2724 diceret
1751 2685 1763 2724 :
1821 2691 1838 2714 ι
1869 2669 1995 2723 Do-

396 2757 568 2825 mine,
620 2757 666 2814 si
731 2755 1040 2830 peccaverit
1087 2755 1143 2810 in
1201 2772 1284 2810 me
1333 2755 1501 2810 frater
1553 2773 1728 2824 meus,
1777 2756 1993 2829 quoties

396 2845 675 2901 dimittam
705 2844 788 2900 illi
813 2845 841 2900 ‘7
871 2861 1042 2916 usque
1068 2844 1270 2915 septies
1291 2845 1318 2900 ?
1349 2846 1503 2901 Dixit
1534 2846 1615 2902 illi
1643 2847 1833 2902 .lesus:
1867 2849 1989 2902 Non

395 2933 520 2990 dico
547 2933 650 2989 tibi
680 2949 850 3004 usque
880 2932 1101 3002 septies,
1132 2932 1225 2986 sed
1248 2949 1417 3005 usque
1445 2933 1749 3006 septuagies
1781 2936 1984 3007 septies

397 3022 612 3090 (Matth.
669 3036 833 3088 xvm,
881 3020 970 3089 21,
1010 3021 1125 3092 22).
1159 3043 1177 3067 ι
1212 3021 1318 3087 Qui
1367 3038 1493 3094 ergo
1537 3023 1866 3079 dimittenda
1893 3041 1987 3079 se-

395 3110 536 3185 pties
563 3110 720 3167 fratri
753 3111 810 3166 in
841 3127 941 3166 nos
971 3111 1219 3183 peccanti
1238 3110 1423 3168 debita
1452 3113 1613 3168 nobis
1642 3114 1845 3170 donare
1877 3115 2018 3170 ini--

394 3210 566 3274 perat,
616 3217 742 3273 erga
789 3217 888 3256 nos
927 3200 1159 3257 formam
1195 3202 1448 3275 praecepti
1481 3204 1567 3258 sui
1607 3219 1719 3258 non
1755 3212 1936 3259 servat
1966 3205 1994 3260 ?

393 3290 507 3346 Aut
553 3289 649 3362 qui
695 3289 882 3346 dixit:
929 3313 947 3336 ε
978 3291 1411 3347 Misericordiam
1457 3292 1582 3363 plus
1633 3292 1783 3360 volo,
1829 3309 1991 3366 quam

395 3380 728 3437 sacrificium
781 3380 934 3452 (Osee
958 3398 1037 3448 vr,
1067 3381 1124 3452 6)
1154 3401 1168 3450 ;
1199 3406 1217 3429 ι
1262 3381 1655 3439 misericordiae
1687 3383 1845 3439 nobis
1886 3398 1994 3454 po-

393 3477 500 3525 test
546 3485 740 3540 negare
791 3468 1110 3523 thesaurum
1157 3469 1185 3525 ?
1241 3471 1356 3526 Hoc
1408 3480 1509 3539 est,
1566 3472 1712 3544 quod
1769 3480 1994 3527 exorata

393 3556 545 3627 prius
614 3554 776 3610 venia
831 3555 1094 3622 dixerim,
1152 3557 1372 3611 credere
1447 3561 1744 3614 Dominum
1805 3560 1989 3615 Jesum

390 3651 588 3701 cuncta
623 3658 744 3714 quae
790 3640 998 3710 docuit,
1061 3642 1228 3699 fuisse
1274 3645 1590 3714 mentitum,
1633 3648 1678 3702 si
1716 3647 1862 3703 circa
1891 3664 1990 3704 nos

351 3731 625 3792 .formam
678 3729 955 3788 custodire
1002 3748 1226 3787 suorum
1278 3733 1517 3790 noluerit
1567 3745 1985 3807 praeceptorum.

459 3862 688 3922 CAPUT
734 3862 915 3920 XXV.
964 3895 1035 3905 —
1072 3864 1142 3920 Et
1192 3865 1330 3921 bene
1386 3867 1534 3940 quod
1582 3877 1806 3940 repente
1837 3878 1988 3942 aptat

391 3952 524 4009 huic
563 3953 852 4010 sententia;
903 3952 970 4008 de
1026 3956 1436 4026 comparatione
1474 3957 1787 4028 parabolam
1838 3957 1988 4014 duo-

391 4059 513 4098 rum
561 4044 775 4100 scilicet
819 4044 1190 4113 servulorum,
1240 4045 1306 4101 de
1349 4045 1550 4117 quibus
1592 4063 1734 4102 unus
1762 4064 1887 4104 cum
1915 4047 1985 4104 ob

389 4133 637 4189 debitum
696 4149 1077 4204 numerosum,
1108 4153 1213 4192 aere
1243 4136 1492 4206 decocto,
1522 4155 1629 4192 una
1659 4155 1782 4194 cum
1814 4155 1986 4194 uxore

391 4230 443 4276 et
502 4219 633 4274 ﬁliis
676 4219 911 4277 distrahi
955 4223 1266 4293 juberetur,
1299 4234 1352 4281 et
1394 4229 1714 4297 patientiam
1764 4228 1983 4283 Domini

390 4316 692 4381 prostratus
738 4306 855 4378 ejus
907 4311 1138 4382 pedibus
1181 4323 1452 4380 exoraret,
1507 4324 1567 4370 ut
1611 4316 1821 4371 tributo
1877 4316 1983 4371 sibi

390 4400 589 4472 spatio,
635 4418 800 4457 omne
859 4399 1109 4456 debitum
1167 4400 1513 4469 reddidisset,
1588 4405 1984 4477 meruissetque
2018 4434 2066 4492 D

389 4489 770 4548 misericordia
822 4489 1045 4546 Domini
1091 4499 1289 4545 cuncta
1330 4490 1434 4545 sibi
1488 4492 1680 4546 donari
1716 4510 1727 4547 :
1761 4495 1856 4565 qui
1887 4495 1988 4551 sub

387 4579 706 4636 conditione
752 4580 852 4637 tali
899 4581 966 4636 ad
1012 4578 1290 4635 cruciatus
1333 4578 1684 4635 detinebatur
1710 4581 1982 4651 addictus,

389 4667 504 4740 ipse
555 4685 823 4726 conservo
863 4685 965 4725 suo
1024 4667 1264 4724 debitori
1310 4669 1491 4723 noluit
1537 4668 1818 4735 misereri;
1858 4669 1987 4741 quia

388 4755 593 4811 oblitus
621 4766 703 4814 est
748 4758 932 4813 collati
966 4757 1071 4813 Sibi
1103 4757 1424 4829 nuperrime
1456 4757 1707 4813 beneficii
1750 4775 1761 4811 :
1798 4759 1983 4814 statim

387 4845 693 4903 tortoribus
747 4848 1004 4915 traditur,
1062 4856 1117 4903 et
1166 4847 1233 4903 de
1279 4847 1396 4920 ejus
1448 4848 1784 4904 cruciatibus
1811 4848 1981 4918 idem,

387 4935 535 5008 quod
583 4936 793 4992 dudum
857 4938 1040 4993 fuerat
1083 4936 1371 5006 donatum,
1417 4939 1682 5010 exigitur.
1727 4939 1859 4995 Inde
1901 4946 1983 4994 est

386 5024 535 5097 quod
582 5026 853 5082 Dominus
891 5025 1213 5099 hujusmodi
1268 5026 1463 5083 orandi
1517 5027 1766 5083 ordinem
1798 5028 1982 5100 posuit

385 5113 574 5170 dicens
598 5132 610 5170 :
645 5137 664 5162 ι
684 5116 755 5171 Et
776 5114 998 5190 dimitte
1021 5115 1180 5170 nobis
1199 5114 1384 5172 debita
1413 5127 1622 5186 nostra,
1649 5117 1791 5175 sicut
1809 5125 1862 5172 et
1880 5135 1980 5173 nos

384 5200 721 5259 dimittimus
770 5202 1114 5260 debitoribus
1160 5203 1364 5260 nostris
1403 5205 1618 5274 (Matth.
1659 5223 1736 5274 vr,
1781 5204 1909 5276 I2):
1943 5229 1962 5253 ι

457 5482 572 5555 (37)
605 5483 793 5555 C‘odex
823 5484 1001 5552 Rem.,
1033 5485 1321 5555 indignatis
1348 5485 1626 5541 irascitur.

458 5552 572 5622 (38)
601 5551 750 5608 Idem
781 5551 1241 5624 codex,videavtar
1267 5557 1495 5612 habenas
1523 5557 1721 5612 dedisse
1745 5556 1970 5612 licentia.

2111 1816 2233 1854 rum
2265 1799 2371 1855 fuit
2409 1798 2613 1854 dixisse
2637 1797 2794 1863 iram,
2827 1794 2935 1850 nisi
2966 1793 3389 1851 denuntiaretur
3418 1805 3474 1851 et
3498 1813 3712 1869 magna,

2111 1889 2266 1960 quasi
2295 1889 2338 1944 si
2369 1905 2480 1944 non
2513 1896 2652 1944 esset
2685 1901 2900 1958 magna,
2933 1883 3190 1940 sustineri
3236 1883 3357 1955 ejus
3405 1894 3594 1956 posset
3623 1887 3708 1942 vel

2111 1979 2312 2035 lentior
2341 1977 2648 2034 iracundia.
2680 1974 2784 2032 Sed
2819 1975 3102 2031 videamus
3151 1989 3312 2046 quem
3343 1974 3560 2030 exitum
3592 1993 3710 2049 pro-

2111 2070 2330 2126 nuntiet
2358 2077 2509 2126 tanta
2542 2067 2863 2126 commotio.
2915 2065 3114 2130 Credo,
3163 2064 3331 2131 dixit,
3362 2065 3585 2122 bellicis
3615 2083 3710 2122 vos

2111 2160 2429 2233 inquietabo
2458 2158 2815 2226 tumultibus,
2847 2164 2900 2212 et
2945 2154 3286 2228 captivitatis
3325 2172 3423 2212 vos
3453 2173 3601 2211 saeva
3630 2157 3706 2213 di-

2111 2250 2260 2306 tione
2290 2249 2590 2316 mulctabo,
2624 2248 2769 2303 fame
2800 2262 2898 2301 vos
2930 2244 3190 2312 afﬁciam,
3225 2245 3417 2300 morbo
3438 2247 3704 2318 quatiam,

2109 2349 2283 2396 morte
2325 2357 2665 2408 consumam,
2708 2338 2948 2393 ferarum
2996 2343 3158 2410 atque
3202 2335 3503 2392 bestiarum
3537 2339 3706 2411 rapiet

2107 2433 2390 2504 inopinata
2438 2430 2694 2497 vastatio,
2745 2429 3004 2501 profugos
3061 2435 3114 2483 et
3169 2427 3376 2501 ubique
3431 2427 3703 2500 dispersos

2104 2521 2338 2594 agitabit
2365 2520 2645 2577 exsilium.
2683 2520 2798 2575 H0:
2827 2518 2975 2573 enim
3003 2517 3311 2573 intellectui
3345 2516 3700 2589 relinquitur,

2103 2621 2165 2668 ut
2212 2613 2350 2667 iram
2403 2626 2654 2682 magnam
2703 2607 3086 2664 vehementior
3131 2606 3382 2663 vindicta
3423 2615 3696 2680 sequatur.

2116 2727 2133 2748 ι
2172 2703 2347 2757 Iratus
2397 2707 2498 2766 est,
2550 2698 2753 2770 inquit,
2821 2695 3092 2752 Dominus
3143 2694 3208 2750 ad
3258 2703 3440 2767 patres
3491 2703 3701 2752 nostros

2103 2791 2183 2845 ira
2206 2806 2419 2861 magna,
2448 2789 2642 2845 dicens
2671 2786 2739 2842 ad
2773 2801 2892 2840 eos.
2923 2807 2942 2833 ι
2986 2782 3130 2852 Quid
3152 2783 3361 2840 dixerit
3378 2784 3696 2842 audiamus:

2117 2904 2133 2927 ι
2151 2878 2553 2936 Convertimini
2577 2878 2645 2932 ad
2668 2891 2774 2944 me,
2801 2881 2855 2930 et
2874 2881 3168 2931 convertar
3185 2873 3252 2929 ad
3271 2891 3371 2930 vos
3393 2875 3558 2946 (Ibid.
3577 2875 3654 2947 3).
3670 2901 3686 2923 ι

2101 2969 2144 3025 Ο
2177 2967 2613 3040 indignationem
2643 2965 2710 3022 de
2742 2965 2942 3037 pietate
2979 2971 3292 3019 manantem
3328 2964 3341 3020 i
3387 2981 3420 3019 ο
3451 2981 3696 3037 magnam

2023 3068 2066 3126 (ς,
2103 3057 2266 3124 iram,
2298 3073 2417 3129 quae
2450 3056 2621 3111 infert
2657 3051 3128 3109 misericordiam!
3164 3053 3313 3124 Rogo
3335 3053 3432 3125 qui
3469 3053 3551 3109 sic
3578 3055 3700 3109 iras-

2102 3145 2269 3214 citur,
2303 3143 2766 3217 quemadmodum
2795 3142 3089 3198 miseretur
3117 3141 3146 3197 ?
3175 3143 3288 3198 Aut
3328 3141 3378 3197 si
3425 3143 3505 3198 ita
3535 3143 3699 3200 mise-

2103 3245 2273 3303 retur,
2322 3234 2784 3310 quemadmodum
2843 3234 3166 3304 indignatus
3214 3232 3476 3290 irascitur
3518 3234 3632 3305 (37)
3673 3233 3700 3289 ?

2104 3329 2218 3384 Hoc
2264 3327 2406 3383 alius
2454 3325 2722 3398 propheta
2771 3324 3172 3396 proloquitur:
3218 3345 3237 3369 σ
3269 3323 3588 3390 Revertere,
3632 3322 3696 3378 ls-

2102 3417 2237 3485 rael,
2270 3415 2338 3472 ad
2371 3416 2667 3473 Dominum
2712 3423 2892 3482 tuum,
2929 3422 3152 3485 pr0pter
3204 3411 3352 3484 quod
3391 3411 3699 3467 inﬁrmatus

2104 3523 2162 3562 es
2216 3507 2273 3562 in
2330 3505 2726 3579 iniquitatibus
2767 3504 2898 3560 tuis.
2949 3503 3128 3559 Dicite
3173 3502 3265 3557 ei:
3313 3501 3522 3558 Potens
3549 3517 3698 3558 esre-

2107 3596 2326 3652 mittere
2356 3604 2576 3669 peccata
2621 3602 2829 3662 nostra,
2859 3609 2970 3648 non
3017 3601 3077 3648 ut
3105 3592 3390 3664 accipiatis
3427 3591 3699 3664 iniquita-

2099 3695 2232 3755 tem,
2289 3687 2383 3743 sed
2420 3695 2482 3742 ut
2529 3685 2814 3758 accipiatis
2845 3684 3022 3751 bona;
3056 3691 3111 3739 et
3152 3682 3365 3739 reddite
3395 3682 3448 3739 ei
3497 3682 3701 3740 fructus

2099 3777 2369 3832 labiorum
2435 3783 2765 3843 vestrorum,
2822 3783 2877 3831 et
2923 3773 3239 3846 epulabitur
3281 3773 3338 3827 in
3397 3770 3568 3828 bonis
3613 3787 3700 3828 cor

2097 3874 2338 3923 vestrum
2363 3867 2513 3938 (Osee
2536 3882 2656 3934 xiv,
2679 3865 2734 3933 2,
2753 3865 2809 3937 3)
2832 3883 2845 3930 ;
2869 3888 2887 3911 ›
2931 3863 3130 3920 etalibi
3157 3881 3170 3918 :
3214 3889 3230 3910 ε
3260 3863 3482 3932 Redite,
3502 3863 3694 3942 inquit,

2095 3958 2198 4013 filii
2227 3959 2553 4026 desertores,
2586 3956 2725 4012 dicit
2752 3955 3022 4011 Dominus
3055 3955 3197 4024 (Isa.
3242 3969 3402 4020 va1,
3449 3952 3512 4025 8)
3549 3972 3564 4020 ;
3597 3978 3615 4002 ι
3654 3958 3702 4007 et

2098 4049 2300 4104 iterum
2331 4065 2342 4103 :
2385 4072 2402 4093 ε
2435 4045 2823 4114 Revertimini,
2872 4043 2976 4101 ﬁlii
3027 4051 3384 4109 revertentes,
3418 4051 3476 4098 et
3506 4041 3702 4098 satiabo

2096 4135 2511 4192 tribulationem
2561 4142 2798 4190 vestram
2835 4134 3050 4204 (Jerem.
3102 4149 3184 4198 III,
3235 4131 3351 4202 22).
3385 4154 3404 4178 ι
3449 4131 3552 4188 His
3580 4148 3699 4188 con-

2095 4241 2229 4281 sona
2265 4223 2443 4280 David
2492 4223 2686 4279 beatus
2735 4229 3086 4294 peccatorum
3139 4219 3342 4275 solatia
3388 4218 3700 4277 decantavit

2095 4313 2284 4368 dicens
2309 4331 2321 4368 :
2369 4338 2387 4359 ι
2415 4311 2773 4369 Conﬁtemini
2796 4310 3036 4366 Domino
3059 4308 3320 4382 quoniam
3344 4309 3554 4378 bonus,
3575 4327 3700 4383 quo.

2095 4403 2244 4458 niam
2275 4403 2332 4458 in
2360 4410 2629 4457 aeternum
2663 4399 3045 4456 misericordia
3073 4398 3192 4470 ejus
3230 4399 3408 4468 (Psal.
3442 4415 3536 4468 cv,
3568 4399 3643 4470 1).
3671 4425 3688 4446 ι

2170 4491 2399 4548 CAPUT
2429 4491 2640 4546 XXVI.
2679 4520 2750 4530 —
2777 4491 2888 4547 Nec
2917 4487 3023 4545 hoc
3071 4488 3337 4552 dixerim,
3383 4496 3446 4544 ut
3483 4489 3703 4544 latiores

2095 4581 2394 4638 admodum
2431 4581 2618 4637 videar
2645 4581 2892 4637 habenas
2931 4580 3152 4636 dedisse
3194 4578 3433 4635 licentiae
3469 4579 3614 4650 (38),
3650 4585 3701 4634 et

2094 4671 2196 4727 sub
2227 4671 2410 4726 veniae
2452 4670 2727 4726 divinitus
2776 4669 3084 4725 tribuenda:
3132 4675 3409 4741 praetextu
3439 4667 3700 4739 peccandi

2095 4761 2265 4832 magis
2311 4759 2564 4816 fomitem
2613 4758 2884 4814 Auctoris
2929 4757 3311 4830 paenitentiam
3362 4755 3695 4829 praebuisse;

2093 4851 2199 4908 hoc
2243 4851 2392 4908 enim
2437 4866 2689 4906 sermone
2737 4867 2858 4906 meo
2903 4850 3191 4906 cadentem
3236 4849 3414 4920 erigo,
3463 4855 3697 4905 stantem

2091 4958 2201 4996 non
2230 4941 2456 5012 impello
2487 4959 2500 5008 ;
2537 4957 2640 4996 nec
2667 4939 2971 5012 praejudico
3001 4938 3360 5006 innocentia,
3387 4938 3484 5010 qui
3506 4937 3700 4994 exhor-

2091 5037 2176 5085 tor
2211 5028 2277 5084 ad
2325 5028 2709 5100 paenitentiam
2757 5035 3120 5100 peccatorem.
3163 5026 3476 5100 Siquidem,
3525 5033 3589 5081 ut
3615 5041 3695 5080 su-

2089 5135 2186 5190 pra
2212 5117 2325 5190 jam
2348 5117 2615 5186 diximus,
2650 5118 2979 5174 innocentia
3003 5116 3179 5188 exigit
3210 5115 3278 5172 de
3308 5117 3426 5172 Deo
3455 5115 3695 5172 debitam

2087 5207 2217 5263 vitae
2247 5223 2361 5264 suis
2390 5207 2678 5280 praemium
2713 5225 2725 5264 :
2758 5205 3086 5278 poenitentia
3114 5221 3247 5260 vero
3275 5211 3565 5276 exspectat
3601 5204 3694 5257 ωι-
