3902 6198
234 339 376 396 1089

1326 337 1422 396 DE
1461 337 1921 396 POENITENTIA
1961 339 2168 396 LIBER
2208 339 2402 395 UNUS.

3397 341 3537 400 1090

227 461 547 520 sericordiaa
588 461 950 531 beneficium;
1005 479 1116 520 non
1163 480 1386 537 peccare
1440 465 1587 521 enim
1631 466 1823 522 timere
1851 468 1902 526 Α
1935 464 2052 536 25).
2084 491 2102 513 ι
2155 464 2556 522 Convertamur
2597 481 2727 539 ergo
2766 475 2820 522 et
2865 466 3229 524 confiteamur
3275 469 3535 538 Domino,

231 561 338 621 est,
359 552 624 626 poenitere
649 569 781 608 vero
813 555 934 625 plus
963 569 1126 627 quam
1162 556 1376 610 timere.
1408 555 1542 610 Nam
1576 557 1830 628 plerum-

231 659 342 716 que
371 640 769 700 offensionibus
791 641 1037 714 subjacet
1083 660 1274 700 secura
1313 643 1582 700 felicitas:
1619 645 1831 700 cautior

231 739 416 788 autem
447 731 516 787 ad
554 731 811 787 evitanda
843 733 1114 804 praeterita
1156 733 1415 802 efficitur,
1461 749 1621 805 quem
1654 743 1832 790 metus

231 820 523 887 emendat;
555 819 685 893 quia
712 821 1006 878 sollicitior
1035 838 1247 894 semper
1286 822 1412 889 erit,
1457 822 1551 894 qui
1578 831 1734 878 cavet
1765 840 1829 879 ne

232 910 538 968 identidem
571 915 714 972 603
744 909 820 965 ibi
861 910 1088 980 incidat,
1137 911 1233 966 ubi
1274 911 1389 984 jam
1421 921 1579 968 antea
1607 912 1826 968 cecidit.

231 1007 327 1064 Sic
360 1007 780 1080 gubernatorem
829 1009 1042 1065 faciunt
1087 1010 1330 1080 pericula
1368 1019 1592 1082 experta
1628 1010 1829 1066 sollici-

231 1106 375 1164 tum,
407 1105 460 1153 et
514 1098 572 1153 in
631 1099 868 1154 offensos
923 1109 1116 1171 portus
1169 1117 1563 1174 nonnunquam
1609 1108 1831 1156 veretur

233 1185 462 1256 intrare,
494 1188 590 1260 qui
619 1190 707 1244 vel
737 1189 903 1245 semel
937 1189 1233 1246 incurrerit
1261 1207 1331 1246 ex
1368 1192 1660 1246 securitate
1699 1206 1829 1245 nau-

232 1277 492 1350 fragium.
525 1278 773 1352 Denique
802 1279 1088 1352 Scriptura
1116 1279 1309 1336 divina
1333 1297 1344 1334 :
1395 1306 1412 1327 ι
1441 1280 1545 1348 Qui
1582 1297 1691 1335 non
1714 1288 1828 1335 ten-

232 1373 382 1422 tatus
410 1374 511 1434 est,
531 1367 732 1440 inquit,
765 1368 948 1441 qualia
975 1369 1079 1426 scit
1097 1369 1290 1440 (Ecclt'.
1323 1387 1523 1437 xxxrv,
1556 1369 1680 1440 ii)?
1710 1393 1726 1414 ι
1769 1378 1830 1425 ιιι

232 1457 547 1513 ostenderet
575 1473 670 1528 per
701 1458 1026 1514 tentationis
1069 1475 1287 1514 causam
1320 1466 1591 1514 tentatum
1619 1474 1830 1529 semper

232 1545 377 1602 eﬂici
406 1546 729 1616 cautiorem,
785 1554 838 1603 et
867 1564 964 1620 per
991 1549 1247 1604 timorem
1283 1547 1453 1620 magis
1480 1547 1704 1620 corrigi,
1734 1548 1828 1620 qui

232 1633 490 1691 incautus
539 1643 699 1691 antea
751 1636 919 1692 fuerit
967 1637 1289 1694 tentationis
1342 1637 1590 1694 scientia.
1650 1637 1829 1709 Usque

230 1721 370 1778 adeo
398 1731 579 1780 autem
614 1725 966 1796 peccantibus
1008 1727 1280 1783 Dominus
1324 1735 1476 1798 Optat
1525 1727 1826 1798 ignoscere,

230 1811 330 1884 qui
353 1827 466 1867 non
506 1814 629 1869 vult
660 1823 892 1870 mortem
924 1815 1231 1884 morientis,
1261 1824 1528 1888 quantum
1561 1823 1621 1870 ut
1649 1832 1827 1871 rever-

228 1908 382 1959 tatur
407 1910 460 1958 et
490 1902 668 1971 vivat;
703 1911 765 1959 ut
793 1921 930 1977 quos
960 1922 1058 1978 pro
1090 1905 1428 1962 facinoribus
1455 1905 1571 1961 suis
1608 1905 1832 1978 aliquo-

227 1994 340 2051 ties
368 1994 609 2053 destinat
647 2013 846 2068 paenae,
870 1998 1249 2070 interpellatus
1275 1999 1620 2072 poenitentia,
1679 1999 1832 2056 illico

224 2083 458 2141 festinet
486 2085 800 2143 absolvere:
827 2094 880 2142 et
910 2095 972 2142 ut
999 2089 1257 2146 recondat
1297 2105 1355 2144 in
1375 2089 1572 2161 vagina
1603 2088 1831 2144 machae-

224 2189 372 2242 ram,
405 2181 712 2232 commutat
751 2175 1247 2235 animadversionis
1289 2178 1665 2235 satisfactione
1709 2195 1830 2235 sen-

223 2263 488 2320 tentiam.

303 2465 536 2524 CAPUT
566 2467 797 2524 XXVII.
829 2497 900 2508 —
929 2468 1000 2524 Et
1037 2483 1349 2542 quanquam
1402 2467 1507 2525 hoc
1536 2483 1605 2523 ex
1662 2466 1832 2522 Nini—

225 2556 478 2612 vitarum
511 2557 654 2614 facto
680 2557 932 2629 superius
979 2558 1052 2614 sit
1092 2557 1403 2630 probatum,
1434 2567 1617 2614 tamen
1666 2557 1830 2612 etiam

225 2646 486 2702 Jeremias
517 2645 796 2718 propheta:
847 2662 1011 2718 super
1069 2663 1134 2702 eo
1189 2647 1372 2718 accipe
1417 2645 1828 2711 testimonium;

225 2743 296 2791 ut
318 2751 390 2790 ex
428 2735 764 2791 testimoniis
793 2734 1010 2807 plenius
1043 2735 1146 2792 tibi
1196 2735 1459 2807 probetur
1493 2736 1829 2806 exemplum.

245 2849 267 2872 ε
297 2825 511 2892 Sermo,
547 2824 747 2897 inquit,
784 2823 879 2896 qui
936 2823 1114 2880 factus
1146 2831 1228 2879 est
1256 2840 1284 2878 a
1315 2823 1552 2879 Domino
1575 2823 1644 2879 ad
1673 2825 1833 2879 Jere-

226 2912 429 2980 miam,
488 2911 708 2968 dicens:
765 2912 1013 2984 Exsurge
1045 2956 1059 2981 ,
1092 2921 1146 2968 et
1192 2912 1460 2969 descende
1491 2914 1547 2968 in
1603 2913 1831 2968 domum

226 3000 416 3073 ﬁguli,
447 3009 500 3057 et
519 3001 596 3056 ibi
623 3000 814 3056 audies
839 3001 1007 3056 verba
1036 3018 1175 3058 mea.
1208 3003 1279 3058 Et
1307 3002 1567 3058 descendi
1610 3003 1667 3058 in
1723 3002 1832 3058 do-

229 3106 392 3146 mum
423 3091 599 3162 figuli,
632 3099 685 3146 et
713 3107 838 3147 ecce
867 3091 984 3163 ipse
1014 3108 1152 3163 opus
1183 3091 1415 3148 faciebat
1461 3108 1623 3164 super
1683 3091 1832 3163 lapi-

1937 569 2063 608 cum
2097 553 2152 607 in
2194 551 2301 607 hoc
2347 552 2532 607 saeculi
2578 552 2828 625 degimus
2876 563 3207 623 commeatu,
3261 563 3315 612 et
3358 555 3538 628 judici

1939 649 2126 696 nostro
2156 640 2490 712 pmnitentize
2539 640 2804 696 viaticum
2853 658 3242 714 praeparemus.
3276 646 3399 700 Non
3428 646 3540 703 sint

1941 730 2200 801 temporis
2242 730 2414 785 nostri
2459 730 2634 786 otiosa
2681 731 2981 799 curricula,
3039 748 3140 788 nec
3170 749 3272 789 nos
3311 734 3427 789 nati
3469 735 3539 792 ad

1939 819 2298 891 peccandum,
2357 819 2450 875 sed
2505 819 2574 875 ad
2629 819 2765 876 bene
2825 820 3095 891 agendum
3150 824 3534 881 convivamus.

1938 911 2050 965 Aut
2081 910 2127 965 si
2159 917 2378 981 peccato
2417 909 2685 965 fuerimus
2731 911 2982 978 obnoxii,
3038 912 3297 983 quoniam
3353 913 3540 971 deesse

1940 1015 2047 1054 non
2079 1007 2255 1071 potest
2306 1000 2361 1055 in
2409 998 2515 1055 hoc
2558 999 2750 1055 mundi
2781 999 2996 1055 theatro
3042 1000 3177 1071 quin
3229 1017 3536 1072 peccemus,

1940 1087 2358 1144 reminiscamur
2398 1090 2596 1156 nostri,
2647 1096 2708 1144 ut
2741 1089 2970 1144 evadere
3003 1089 3265 1160 gehennae
3294 1091 3538 1163 praecipi-

1938 1177 2077 1232 tium
2108 1178 2416 1250 cupiamus.
2460 1177 2832 1234 Pmniteamus
2876 1194 3004 1250 ergo
3033 1194 3102 1233 ex
3143 1177 3270 1248 fide,
3319 1196 3540 1237 oremus

1937 1283 2006 1322 ex
2041 1267 2225 1336 corde,
2278 1269 2556 1340 ploremus
2599 1285 2666 1323 ex
2715 1268 2942 1325 viscere.
2995 1269 3066 1324 Et
3096 1268 3240 1324 sicut
3269 1269 3541 1341 Propheta

1937 1355 2074 1414 dicit
2099 1375 2110 1413 :
2149 1380 2167 1404 ε
2193 1357 2523 1425 Adoremus,
2556 1367 2610 1414 et
2640 1357 3012 1430 procidamus,
3032 1365 3084 1412 et
3105 1357 3383 1429 ploremus
3409 1365 3538 1414 ante

1936 1446 2258 1514 Dominum,
2315 1447 2409 1519 qui
2463 1446 2596 1504 fecit
2647 1463 2747 1502 nos
2810 1447 3168 1517 (Psal.xc1v,
3198 1445 3296 1517 6);
3338 1471 3357 1494 ι
3409 1446 3538 1520 quia

1952 1555 1971 1580 ι
2009 1535 2103 1607 qui
2133 1543 2322 1591 serunt
2352 1536 2408 1590 in
2460 1537 2739 1608 lacrymis,
2791 1535 2848 1590 in
2878 1534 3076 1608 gaudio
3121 1542 3328 1590 metent
3361 1536 3535 1606 (Psat.

1937 1641 2106 1692 cxxv,
2147 1625 2229 1694 5).
2268 1649 2285 1672 ι
2340 1626 2518 1694 Felix,
2569 1625 2679 1682 heu
2724 1625 2960 1681 nimium
3004 1625 3141 1680 felix
3187 1624 3430 1680 ofIicium
3467 1626 3540 1680 la-

1937 1729 2273 1784 crymarum,
2303 1729 2412 1786 quo
2434 1713 2624 1769 futuro
2649 1723 2894 1786 tempore
2913 1713 3257 1784 colliguntur
3281 1713 3534 1785 praemia!

1859 1819 1904 1879 Β
1937 1810 1990 1856 et
2020 1800 2242 1856 beatum
2275 1803 2504 1857 seminis
2534 1803 2962 1870 incrementum,
2993 1801 3139 1874 quod
3172 1801 3230 1855 in
3259 1800 3391 1857 ﬂetu
3420 1817 3540 1873 pro-

1941 1891 2219 1955 funditur,
2248 1900 2311 1947 ut
2340 1891 2398 1946 in
2429 1892 2626 1948 laetitia
2646 1892 2911 1948 metatur!
2945 1890 3222 1962 Scriptum
3249 1898 3328 1944 est
3357 1889 3534 1948 enim:

1957 2005 1974 2027 ι
2005 1980 2162 2036 Felix
2191 1979 2380 2048 homo,
2420 1981 2514 2054 qui
2565 1981 2813 2052 agnoscit
2841 1981 3114 2034 ululatum
3163 1995 3323 2034 suum
3354 1980 3531 2050 (Eccl.

1942 2087 2061 2138 xiv,
2094 2070 2173 2141 2).
2208 2094 2225 2116 ι
2268 2071 2538 2126 Levemus
2568 2071 2757 2127 oculos
2785 2078 3003 2125 nostros
3033 2067 3100 2124 ad
3133 2075 3366 2137 montes,
3395 2068 3541 2125 unde

1941 2159 2130 2214 veniet
2160 2159 2434 2215 auxilium
2469 2159 2629 2216 nobis
2654 2179 2667 2227 ;
2701 2160 2830 2233 quia
2865 2183 2882 2206 ι
2909 2158 3053 2215 sicut
3082 2157 3228 2214 oculi
3257 2176 3538 2216 servorum

1943 2248 2000 2304 in
2031 2249 2286 2304 manibus
2337 2247 2692 2304 dominorum
2727 2265 2976 2316 suorum,
3011 2255 3065 2303 et
3093 2247 3237 2303 sicut
3266 2247 3413 2304 oculi
3441 2265 3541 2304 an-

1943 2336 2086 2392 cillae
2117 2337 2185 2392 ad
2218 2353 2412 2391 manus
2443 2336 2684 2392 dominae
2713 2354 2825 2393 sure
2856 2356 2867 2393 :
2900 2337 2980 2393 sic
3009 2345 3061 2392 et
3092 2337 3238 2392 oculi
3271 2337 3444 2405 nostri
3474 2337 3542 2393 ad

1941 2424 2239 2480 Dominum
2275 2427 2448 2480 Deum
2497 2433 2770 2494 nostrum,
2822 2441 2994 2499 usque
3040 2425 3170 2483 dum
3222 2426 3545 2484 misereatur

1942 2512 2102 2568 nobis
2134 2513 2308 2584 (Psal.
2345 2529 2522 2583 cxxn,
2557 2513 2636 2586 2).
2680 2538 2699 2560 ι

2013 2728 2240 2788 CAPUT
2270 2727 2798 2801 XXVIll.—Neque
2826 2728 2902 2784 ita
2930 2727 3310 2786 conversionis
3339 2735 3539 2786 nostrae

1941 2818 2235 2875 consilium
2295 2818 2558 2891 temporis
2614 2817 3076 2874 delectationibus
3130 2819 3536 2890 prolongemus,

1941 2919 2003 2966 ut
2049 2909 2150 2964 sub
2181 2909 2414 2965 scientia
2465 2907 2724 2980 peccandi
2777 2915 2830 2963 et
2875 2907 3238 2964 delectatione
3277 2908 3541 2980 pereundi

1941 3015 2114 3070 usque
2139 2998 2208 3053 ad
2247 3005 2548 3053 extremam
2585 3005 2799 3054 aetatem
2844 3013 2944 3052 nos
2975 2997 3032 3051 in
3063 2998 3382 3069 voraginem
3419 2998 3540 3056 cri-

1942 3087 2156 3142 minum
2207 3087 2622 3160 demergamus;
2668 3103 2794 3143 cum
2837 3086 3064 3142 vivendi
3114 3089 3276 3143 nobis
3320 3105 3482 3144 usum
3509 3104 3541 3144 a

227 3179 355 3248 des,
386 3187 440 3234 et
473 3179 673 3236 cecidit
703 3197 798 3236 vas
828 3181 976 3253 quod
1037 3182 1151 3253 ipse
1200 3181 1433 3237 faciebat
1476 3182 1533 3236 in
1582 3180 1838 3236 manibus
1867 3180 1908 3240 C
1944 3177 2134 3233 divina
2164 3177 2483 3248 dignatione
2529 3177 2791 3234 collatum
2835 3176 2930 3249 qui
2979 3177 3252 3232 terminus
3298 3175 3538 3245 claudat,

232 3269 389 3334 suis;
421 3275 475 3323 et
505 3268 705 3325 iterum
749 3269 880 3326 fecit
927 3269 1068 3324 illud
1114 3286 1210 3324 vas
1237 3269 1409 3338 aliud,
1455 3270 1598 3326 sicut
1630 3269 1835 3340 placuit

230 3373 425 3414 coram
458 3357 577 3429 ipso
607 3359 803 3414 facere.
845 3358 916 3412 Et
948 3357 1126 3413 factus
1165 3366 1246 3414 est
1287 3374 1466 3414 sermo
1503 3356 1734 3413 Domini
1765 3356 1834 3412 ad

231 3462 350 3514 me,
379 3445 600 3502 dicens:
633 3447 788 3503 Sicut
841 3447 1042 3519 figulus
1083 3447 1185 3504 iste
1232 3465 1344 3504 non
1397 3455 1587 3520 potero
1633 3463 1732 3502 vos
1758 3447 1833 3502 fa-

230 3553 384 3605 cere,
407 3535 605 3594 domus
627 3539 791 3594 Israel
810 3538 980 3595 c(Ecce
994 3539 1138 3595 sicut
1154 3540 1330 3594 lutum
1351 3540 1504 3610 ﬁguli
1519 3556 1616 3594 vos
1634 3538 1832 3594 estisin

232 3625 503 3683 manibus
531 3627 668 3683 meis
692 3645 703 3682 :
740 3636 794 3683 et
809 3634 1023 3683 tantum
1047 3629 1094 3683 si
1125 3631 1493 3700 loquarsuper
1511 3635 1723 3699 gentem
1741 3636 1836 3684 aut

233 3731 408 3788 super
437 3732 696 3785 regnum;
734 3727 796 3773 ut
810 3717 1000 3773 tollam
1032 3735 1144 3786 eos,
1173 3726 1228 3774 et
1264 3726 1324 3774 ut
1345 3718 1566 3791 perdam
1582 3734 1693 3774 eos.
1715 3717 1834 3772 Etsi

232 3821 507 3864 conversa
535 3807 703 3862 fuerit
721 3823 852 3879 gens
873 3807 968 3863 illa
985 3825 1016 3864 a
1035 3807 1200 3863 malis
1235 3809 1351 3863 suis
1379 3807 1833 3879 cogitationibus,

235 3895 624 3969 pmnitentiam
657 3914 810 3970 agam
859 3915 958 3972 pro
1009 3898 1191 3967 malis,
1248 3915 1368 3970 quae
1424 3897 1728 3970 cogitabam
1776 3907 1837 3954 ut

234 3984 475 4040 facerem
507 3985 608 4054 eis,
631 3995 686 4042 et
726 4003 837 4042 non
892 3987 1114 4044 faciam.
1179 3988 1250 4042 Et
1304 3993 1487 4042 tamen
1527 3986 1573 4042 si
1620 3987 1837 4042 locutus

236 4074 400 4130 fuero
429 4091 593 4146 super
621 4092 850 4147 regnum
881 4084 978 4131 aut
1008 4084 1247 4148 gentem,
1281 4083 1344 4131 ut
1372 4076 1738 4132 reazdificetur
1783 4084 1852 4132 et.

233 4164 736 4235 circumplantetur
757 4185 770 4232 ;
795 4173 850 4220 et
864 4166 1054 4222 fecerit
1076 4167 1269 4238 iniqua
1293 4166 1350 4220 in
1373 4177 1671 4238 conspectu
1689 4184 1834 4237 meo,

237 4261 302 4310 ut
322 4268 436 4308 non
458 4251 719 4308 exaudiat
738 4269 927 4309 vocem
946 4269 1142 4309 meam:
1168 4253 1544 4323 paenitentiam
1563 4271 1715 4325 agam
1740 4271 1837 4326 pro

231 4343 428 4411 bonis,
445 4334 566 4416 qua:
581 4344 799 4400 locutus
811 4361 931 4400 sum
956 4356 1016 4402 ut
1037 4346 1272 4402 facerem
1293 4346 1393 4412 eis,
1413 4353 1466 4400 et
1483 4361 1595 4400 non
1613 4346 1833 4404 faciam.

227 4435 313 4492 Et
326 4449 477 4490 nunc
504 4433 595 4490 dic
606 4435 674 4491 ad
693 4434 842 4490 viros
869 4436 894 4491 ,Ι
903 4434 1030 4504 uda,
1043 4443 1098 4491 et
1115 4434 1497 4491 inhabitantes
1512 4435 1833 4494 Jerusalem:

1943 3269 2209 3325 habeatur
2241 3269 2533 3323 incertum.
2586 3269 2657 3323 Et
2686 3267 2917 3322 forsitan
2964 3267 3069 3324 hoc
3115 3267 3262 3340 quod
3293 3276 3387 3323 aut
3415 3267 3542 3339 pri-

1944 3375 2094 3414 mum
2126 3365 2368 3430 putatur,
2393 3365 2486 3412 aut
2507 3357 2771 3426 medium,
2799 3357 3142 3413 imminentis
3159 3357 3375 3414 occidui
3399 3364 3541 3414 meta

1939 3447 2052 3520 jam
2083 3447 2306 3516 limitet,
2336 3447 2516 3520 sitque
2544 3447 2763 3504 debitus
2794 3447 2923 3502 finis
2943 3447 3285 3520 indignantis
3314 3447 3539 3503 Domini

1943 3555 2013 3594 ex
2043 3538 2421 3595 conversionis
2459 3537 2715 3594 tarditate
2759 3537 3012 3604 vocatio;
3062 3537 3282 3609 quando
3319 3535 3540 3609 quidem

1945 3645 2014 3684 ex
2089 3627 2468 3684 admonitione
2543 3626 2973 3699 rumpendarum
3051 3625 3110 3680 in
3183 3624 3543 3682 conversione

1948 3737 2226 3776 morarum
2273 3722 2615 3793 propositum
2667 3720 2922 3776 videatur
2969 3721 3298 3776 oraculum:
3363 3742 3382 3766 σ
3420 3719 3542 3776 Non

1945 3810 2129 3866 tardes
2174 3811 2420 3866 converti
2466 3810 2534 3865 ad
2567 3809 2889 3876 Dominum,
2933 3817 2987 3864 et
3019 3825 3084 3862 ne
3113 3808 3332 3862 differas
3359 3806 3426 3862 de
3452 3807 3543 3862 die

1945 3899 2005 3954 in
2037 3899 2184 3954 diem
2209 3916 2224 3964 ;
2255 3899 2440 3954 subito
2469 3899 2616 3955 enim
2649 3899 2834 3954 veniet
2858 3898 2939 3952 ira
2968 3895 3106 3967 ejus,
3139 3895 3268 3950 etin
3298 3902 3542 3966 tempore

1945 3987 2210 4042 vindicta:
2241 3987 2520 4058 disperdet
2550 3994 2601 4042 te
2634 3987 2826 4059 (Eccli.
2852 4003 2906 4052 v,
2940 3985 2993 4052 8,
3025 3985 3081 4056 9)
3110 4002 3123 4050 ;
3161 4007 3179 4030 ι
3221 3993 3275 4040 et
3302 3982 3536 4039 iterum:

1962 4099 1980 4122 ι
2013 4075 2140 4143 Fili,
2174 4076 2434 4146 peccasti,
2467 4091 2535 4129 ne
2573 4075 2800 4145 adjicias
2831 4074 3054 4142 iterum,
3105 4072 3198 4129 sed
3243 4080 3297 4128 et
3335 4071 3402 4128 de
3434 4073 3542 4145 pri-

1946 4164 2106 4220 stinis
2124 4163 2436 4236 deprecare,
2460 4173 2520 4219 ut
2541 4164 2644 4218 tibi
2675 4163 3030 4220 dimittantur
3061 4164 3382 4235 (Eccliarxi,
3408 4163 3484 4233 I);
3508 4187 3526 4209 ι

1961 4280 1978 4302 ι
2009 4265 2062 4311 et
2084 4271 2150 4310 ne
2177 4253 2403 4324 adjicias
2424 4261 2706 4325 peccatum
2738 4270 2900 4326 super
2928 4263 3232 4326 peccatum,
3263 4263 3318 4310 et
3341 4253 3492 4310 dicas
3525 4271 3537 4309 :

1946 4343 2225 4401 Miseratio
2254 4343 2352 4398 Dei
2384 4360 2578 4414 magna
2607 4351 2718 4412 est;
2761 4343 3140 4401 misericordia
3187 4344 3334 4399 enim
3365 4351 3421 4398 et
3461 4342 3542 4398 ira

1947 4433 2014 4488 ab
2043 4433 2142 4488 illo
2175 4433 2365 4503 (Eccli.
2399 4449 2456 4502 v,
2489 4433 2630 4505 5-7).
2668 4458 2686 4482 ι
2729 4435 2840 4491 Nec
2875 4451 2974 4490 nos
3005 4450 3179 4506 usque
3208 4434 3276 4489 ad
3305 4439 3541 4487 mortem

231 4523 387 4579 Ecce
414 4538 514 4594 ego
544 4523 694 4596 ﬁngo
724 4525 868 4580 mala
896 4541 1062 4596 super
1091 4541 1210 4590 vos,
1253 4532 1307 4579 et
1334 4525 1516 4596 cogito
1546 4541 1710 4598 super
1737 4544 1836 4584 vos
1867 4545 1916 4603 Ι)
1947 4525 2065 4580 ﬁeri
2098 4524 2370 4597 mancipia
2418 4525 2710 4596 patiamur,
2758 4533 2810 4580 et
2857 4524 3050 4580 demus
3080 4539 3309 4595 corpora
3357 4529 3544 4576 nostra

230 4609 652 4682 cogitationem.
718 4613 1086 4671 Convertatur
1139 4613 1517 4686 unusquisque
1555 4632 1586 4670 a
1627 4615 1715 4670 via
1743 4633 1841 4673 sua

236 4699 506 4770 maligna,
533 4701 787 4757 meliores
802 4702 963 4758 facite
983 4702 1350 4774 cogitationes
1380 4711 1588 4760 vestras
1622 4705 1834 4775 (Jerem.

234 4805 410 4857 xvm,
462 4789 633 4862 1-12).
665 4814 684 4839 ι
735 4790 937 4846 Suadet
993 4807 1121 4863 ergo
1151 4791 1352 4863 figulus
1411 4801 1596 4849 noster
1647 4811 1678 4849 a
1734 4795 1840 4851 viis

239 4877 504 4951 pessimis
535 4885 589 4933 et
625 4879 1056 4950 cogitationibus
1111 4895 1210 4934 nos
1242 4881 1500 4952 malignis
1537 4885 1736 4952 averti,
1779 4891 1839 4938 ut

237 4967 537 5024 conversio
567 4967 905 5039 paenitentia
958 4969 1018 5023 in
1048 4968 1200 5024 aliud
1250 4983 1346 5024 vas
1372 4969 1544 5039 possit
1573 4971 1840 5027 fracturas

239 5068 460 5116 nostras
487 5057 733 5130 vitiaque
768 5059 1056 5130 plasmare.
1107 5059 1179 5114 Et
1225 5059 1346 5114 vult
1375 5060 1555 5130 operis
1585 5061 1670 5116 sui
1699 5061 1840 5118 sub-

240 5147 502 5205 stantiam
535 5163 647 5202 non
677 5147 856 5218 perire
885 5146 944 5203 in
992 5147 1406 5219 paenitentiam;
1450 5165 1518 5204 ne
1570 5152 1840 5206 sententia

242 5253 398 5294 reum
428 5243 633 5304 teneat,
663 5252 826 5308 quem
879 5237 1154 5294 confessio
1191 5246 1435 5294 excusat.
1499 5239 1640 5295 Huic
1695 5257 1839 5296 con-

243 5335 402 5384 sonat
427 5326 706 5398 Sapientia
735 5325 1075 5384 Salomonis:
1123 5352 1141 5376 σ
1173 5327 1279 5384 Sed
1311 5328 1608 5395 misereris,
1634 5329 1837 5402 inquit,

243 5415 500 5484 Domine,
535 5414 810 5483 omnium,
868 5417 998 5490 quia
1054 5417 1243 5472 omnia
1289 5424 1463 5489 potes,
1517 5427 1572 5474 et
1610 5419 1841 5491 negligis

243 5514 465 5578 peccata
514 5504 826 5574 hominum,
895 5515 1118 5580 propter
1172 5507 1586 5580 paenitentiam;
1655 5508 1841 5566 subest

245 5595 392 5652 enim
425 5593 528 5650 tibi
559 5610 686 5652 cum
732 5595 884 5652 voles
936 5613 1112 5669 posse,
1172 5605 1226 5654 et
1280 5614 1405 5655 cum
1456 5597 1533 5654 sis
1589 5598 1838 5655 omnium

245 5683 535 5754 Dominus,
566 5683 826 5742 omnibus
880 5693 935 5744 te
987 5703 1207 5759 parcere
1261 5686 1394 5748 facis
1444 5689 1599 5762 (Sep.
1631 5707 1712 5759 xi,
1747 5689 1838 5759 24,

1951 4616 2217 4670 scelerum
2250 4614 2473 4682 ditioni,
2523 4616 2615 4670 sed
2644 4614 2964 4669 obediamus
2991 4613 3256 4684 Apostolo
3285 4610 3491 4668 dicenti
3526 4629 3538 4670 ξ

1964 4729 1980 4750 ι
2011 4705 2128 4760 Νοιι
2178 4713 2366 4774 regnet
2411 4711 2691 4775 peccatum
2731 4703 2788 4758 in
2820 4709 3002 4757 vestro
3044 4701 3262 4756 mortali
3293 4717 3540 4772 corpore,

1948 4801 2009 4848 ut
2051 4792 2320 4848 obediatis
2363 4792 2414 4847 ei
2467 4793 2642 4860 (Rom.
2675 4808 2753 4859 vi,
2788 4790 2918 4860 i2);
2962 4815 2980 4838 ι
3036 4798 3098 4845 ιιι
3142 4789 3272 4862 quia
3323 4797 3544 4861 peccata

1947 4881 2133 4936 deesse
2162 4897 2272 4935 non
2304 4887 2549 4951 possunt,
2583 4886 2728 4935 certe
2767 4895 2879 4933 non
2918 4887 3165 4950 regnent,
3198 4878 3304 4933 hoc
3329 4886 3430 4948 est,
3476 4897 3542 4936 ne

1949 4971 2066 5026 sine
2110 4976 2360 5041 respectu
2394 4967 2682 5024 .evadendi
2738 4967 2833 5024 fiat
2877 4968 3110 5040 abrupta
3153 4968 3376 5024 licentia
3422 4983 3543 5040 pec-

1949 5060 2132 5116 candi.
2166 5060 2278 5114 Aut
2307 5065 2452 5114 certe
2481 5059 2526 5114 si
2558 5065 2712 5130 putat
2738 5058 2944 5130 aliquis
2972 5066 3172 5113 restare
3203 5057 3306 5112 sibi
3329 5066 3545 5130 tempus

1949 5158 2010 5206 ut
2040 5157 2245 5223 peccet,
2295 5159 2349 5206 et
2378 5144 2572 5206 satiata
2616 5149 2848 5205 libidine
2880 5165 3004 5204 cum
3041 5149 3156 5220 jam
3187 5147 3547 5221 imperassent

1949 5242 2136 5298 animo
2162 5243 2410 5314 corporis
2437 5242 2605 5310 vires,
2647 5251 2779 5298 tunc
2807 5240 2876 5297 ad
2906 5239 3210 5313 paenitendi
3241 5241 3419 5296 redire
3442 5239 3544 5311 ju-

1949 5333 2180 5402 dicium,
2205 5334 2464 5389 ultimum
2497 5333 2624 5388 vitae
2654 5349 2766 5388 sum
2789 5331 2929 5386 mihi
2961 5340 3178 5402 tempus
3205 5329 3403 5397 edicat,
3433 5347 3544 5402 quo

1949 5423 2278 5492 calculante,
2325 5423 2602 5490 didicerit,
2658 5438 2768 5494 quo
2815 5419 3152 5487 insinuante,
3188 5417 3541 5490 cognoverit;

1950 5521 2011 5568 ut
2039 5511 2162 5582 jure
2191 5511 2318 5580 sibi,
2368 5521 2432 5567 ut
2460 5512 2536 5567 ita
2565 5511 2767 5578 dicam,
2799 5509 2866 5565 de
2895 5508 3157 5581 temporis
3187 5508 3364 5579 spatio
3393 5506 3548 5562 blan-

1949 5603 2153 5660 diatur.
2189 5603 2260 5656 At
2289 5619 2413 5659 cum
2439 5600 2598 5657 nobis
2627 5600 2943 5672 inopinatus
2972 5599 3044 5655 sit
3073 5597 3254 5654 exitus
3288 5596 3546 5652 termina-

1951 5689 2040 5758 lis,
2077 5698 2130 5746 et
2160 5687 2287 5746 vita)
2317 5697 2518 5746 nostra;
2547 5686 2717 5743 dubia
2753 5687 2868 5742 sint
2897 5701 2965 5741 ex
2996 5683 3188 5738 mortis
3237 5679 3547 5752 ignorantia
