3902 6198
440 335 573 392 1091

1475 337 1570 394 ΑΙ)
1610 337 1844 395 OPERA
1881 336 1939 396 S.
1980 338 2314 397 AMBROSII
2351 340 2734 402 APPENDIX.

3635 351 3764 411 1093

435 462 743 529 curricula;
773 461 1051 534 quomodo
1080 462 1184 518 sibi
1216 463 1447 536 quisque
1475 478 1752 535 superesse
1780 462 1848 519 ad
1887 480 2029 520 con—
2060 468 2108 527 A
2142 465 2326 532 locus;
2384 465 2480 522 sed
2531 483 2708 540 neque
2760 467 2855 541 qui
2911 469 3136 543 decipit,
3190 487 3376 546 neque
3435 474 3538 548 qui
3579 475 3755 550 decipi

434 550 702 607 fitendum
753 560 970 624 tempus
1005 552 1308 620 existimat,
1359 551 1453 624 qui
1495 552 1760 624 temporis
1788 554 1873 608 sui
1902 561 2036 609 tem-

437 654 538 710 pus
584 640 821 711 ignorat,
869 657 995 696 cum
1030 641 1220 711 utique
1259 639 1446 694 audiat
1493 639 1763 695 dicentem
1796 641 2035 714 Scriptu-

435 744 547 784 ram
580 748 591 784 :
637 755 653 776 ε
683 730 891 784 Vivens
915 737 967 782 et
994 745 1159 783 sanus
1189 727 1468 795 fateberis,
1490 737 1542 784 et
1570 729 1816 786 laudabis
1836 733 2032 800 Deum,

436 823 490 872 et
520 817 575 871 in
613 827 822 886 partem
858 817 1022 871 vades
1050 817 1237 871 saeculi
1277 817 1452 872 sancti
1482 835 1606 873 cum
1639 819 1784 876 vivis
1809 828 1861 876 et
1891 821 2037 877 dan-

433 905 585 960 tibus
630 905 1036 960 confessionem
1085 906 1278 976 (Eccli.
1311 923 1450 974 xvu,
1479 907 1569 972 25,
1601 908 1715 979 27).
1755 933 1772 956 ι
1831 910 2036 966 Dilatio

433 991 580 1046 enim
624 992 889 1063 temporis
922 993 1321 1050 confessionem
1355 1004 1518 1064 creet,
1552 1004 1604 1051 et
1635 1013 1746 1052 non
1785 998 2033 1070 despera-

433 1080 642 1135 tionem
687 1090 946 1152 generet;
981 1083 1110 1156 quia
1138 1095 1493 1155 exaggeratur
1525 1086 1580 1140 in
1611 1085 1782 1142 dilato
1811 1087 2032 1144 damna-

433 1173 533 1241 tio,
586 1174 678 1246 qui
713 1173 958 1230 divinam
1003 1175 1322 1246 patientiam
1373 1177 1639 1247 pertinaci
1686 1178 2032 1235 animositate

433 1264 658 1334 cogitat.
706 1264 863 1330 Quod
908 1266 1083 1321 sancti
1124 1267 1236 1321 Noe
1274 1267 1612 1337 temporibus
1652 1268 1879 1326 docetur
1908 1269 2029 1324 elfe-

431 1359 605 1420 ctum,
645 1369 769 1408 cum
821 1370 916 1425 per
969 1364 1192 1410 centum
1249 1371 1422 1410 annos
1473 1365 1742 1427 pertracta
1773 1357 2033 1430 patientia

432 1439 838 1512 implacabilem
888 1459 983 1514 per
1030 1443 1222 1499 mundi
1262 1443 1528 1500 ambitum
1567 1445 1714 1502 fudit
1760 1448 2031 1519 cataclys~

434 1545 606 1598 mum,
653 1529 961 1587 inundante
993 1549 1240 1590 censura.
1295 1535 1448 1591 Unde
1494 1534 1686 1591 beatus
1738 1538 2033 1608 Apostolus

429 1619 507 1674 ait
542 1638 554 1676 :
613 1644 631 1667 ε
665 1622 753 1677 An
796 1623 1068 1696 numquid
1110 1625 1448 1697 opulentiam
1491 1625 1756 1683 bonitatis
1795 1627 1932 1699 ejus,
1979 1635 2032 1684 et

431 1707 650 1779 longam
699 1710 1019 1781 patientiam
1069 1713 1402 1782 contemnis,
1451 1713 1709 1785 ignorans
1750 1717 1895 1788 quod
1931 1717 2029 1772 Dei

2146 556 2337 626 possit,
2381 556 2599 628 penitus
2656 556 2961 615 invenitur.
3019 560 3141 618 Illic
3185 561 3337 618 bona
3387 565 3610 632 omnia,
3647 566 3758 622 illic

2145 653 2346 701 cuncta
2371 645 2575 714 felicia,
2637 647 2757 704 illic
2812 665 3068 722 prospera
3107 651 3402 720 universa;
3468 671 3588 710 non
3643 655 3754 712 dies

2145 735 2284 792 lucis
2313 735 2658 792 incremento
2690 738 2989 808 mutabilis,
3014 756 3124 797 non
3156 744 3239 798 sol
3271 744 3486 800 lentior
3516 744 3579 801 in
3611 755 3749 814 ortu,

2145 825 2204 880 in
2245 826 2509 899 fulgendo
2556 828 2778 897 clarior,
2827 829 2885 885 in
2924 847 3122 888 occasu
3177 833 3394 891 fuscior
3424 837 3750 908 apparebit:

2143 931 2256 972 nox
2280 917 2510 974 omnino
2541 918 2780 987 vacabit,
2842 919 2977 976 luna
3033 937 3144 978 non
3203 924 3332 994 erit,
3369 941 3478 981 nec
3507 925 3751 984 siderum

2144 1006 2377 1064 micatus
2407 1008 2689 1066 ardentior
2724 1011 2979 1069 rutilabit
3010 1031 3023 1068 :
3083 1013 3267 1068 famen
3320 1031 3492 1072 nemo
3529 1017 3751 1087 sentiet,

2143 1095 2402 1169 lacrymae
2435 1097 2988 1171 detergentur,timor
3010 1103 3226 1172 nullus,
3249 1115 3433 1162 metus
3454 1123 3524 1162 ex
3545 1108 3749 1178 nihilo,

2136 1183 2458 1256 jucunditas
2517 1189 2723 1257 omnia,
2784 1205 2892 1261 pax
2930 1199 3132 1260 totum,
3178 1193 3443 1264 gaudium
3479 1197 3749 1272 quidquid

2141 1279 2446 1338 obnoxium
2477 1283 2720 1340 tristitia:
2738 1284 2932 1354 fuerat,
2966 1286 3346 1357 possidebunt.
3390 1291 3598 1349 Omnia
3629 1313 3748 1368 pro-

2142 1370 2305 1442 pheta
2334 1371 2500 1427 Isaias
2530 1373 2816 1430 evidenter
2844 1375 3076 1447 exponit
3107 1377 3243 1446 (Isa.
3278 1395 3374 1447 1.x,
3406 1379 3586 1452 2-21).
3619 1384 3745 1451 Qua

2140 1467 2275 1516 tunc
2296 1459 2374 1515 ibi
2403 1461 2576 1531 gloria
2607 1462 2877 1532 felicium,
2910 1481 3030 1537 quae
3083 1466 3358 1538 supplicia
3388 1469 3743 1541 miserorum,

2141 1546 2235 1619 qui
2269 1548 2524 1620 gemitus,
2555 1565 2675 1623 quae
2707 1553 2943 1625 suspiria
2974 1555 3515 1630 peccantiumtquze
3563 1559 3744 1616 beati-

2139 1635 2277 1693 tudo
2315 1649 2633 1698 sanctorum
2669 1642 2696 1698 ’ἲ
2751 1643 2850 1699 His
2905 1660 3030 1700 cum
3074 1646 3189 1702 Deo
3219 1650 3592 1718 consortium,
3625 1651 3745 1708 illos

2141 1725 2336 1784 donari
2365 1731 2757 1802 gehennalium
2788 1735 3167 1791 cruciamento
3205 1735 3562 1794 ﬂammarum
3599 1759 3613 1795 :
3647 1740 3743 1797 hos

425 1795 649 1853 bonitas
677 1800 741 1854 ad
776 1800 1157 1871 pumitentiam
1194 1811 1244 1858 te
1291 1803 1564 1860 adducit?
1611 1805 1692 1896 Tu
1730 1814 1913 1863 autem
1949 1823 2028 1862 se-
2062 1827 2107 1888 Β
2141 1795 2563 1890 incomparabili
2595 1822 2802 1894 perfrui
2846 1823 3151 1896 refrigerio,
3207 1826 3338 1882 illos
3367 1827 3634 1885 incendio
3663 1830 3741 1886 in-

426 1887 675 1944 eundum
723 1889 985 1945 duritiam
1023 1899 1171 1946 tuam
1206 1901 1258 1947 et
1288 1910 1382 1948 cor
1413 1894 1764 1966 impmnitens
1815 1897 2028 1952 thesau-

427 1975 568 2031 rizas
597 1978 701 2033 tibi
732 1977 868 2032 iram
903 1979 959 2033 in
990 1980 1078 2035 die
1106 1981 1199 2036 ira:
1245 1991 1297 2037 et
1330 1982 1848 2055 revelationis.justi
1878 1984 2026 2057 judi-

425 2065 496 2121 cii
532 2065 652 2134 Dei,
687 2066 782 2140 qui
834 2066 1024 2124 reddet
1072 2070 1376 2143 unicuique
1423 2071 1727 2128 secundum
1757 2074 1900 2130 facta
1929 2092 2028 2131 sua

427 2154 604 2226 (Rom.
637 2173 696 2223 It,
728 2155 866 2226 11-6).
896 2181 912 2202 ι
1430 2203 1454 2230 ,τ

495 2243 723 2300 CAPUT
759 2246 968 2301 XXIX.
1001 2276 1067 2287 -—
1099 2247 1240 2303 Volo
1270 2247 1420 2304 dicas
1465 2249 1627 2318 mihi,
1678 2269 1798 2324 quas
1840 2269 2023 2309 rerum

421 2333 775 2405 praesentium
806 2335 1001 2406 gloria,
1036 2336 1131 2409 qui
1157 2338 1270 2393 sint
1300 2337 1466 2410 hujus
1497 2341 1762 2411 temporis
1787 2342 2021 2412 fructus,

421 2438 543 2494 quae
573 2423 784 2478 utilitas
828 2423 1182 2481 caducorum.
1235 2428 1406 2498 Regni
1461 2429 1726 2500 potentia,
1773 2439 1834 2487 ut
1881 2433 2021 2501 dixi,

422 2520 600 2568 morte
649 2513 861 2582 ﬁnitur,
912 2517 1197 2586 potestatis
1245 2517 1475 2573 ambitio
1517 2520 1859 2576 successione
1893 2523 2024 2578 diri-

422 2600 613 2670 mitur,
647 2602 974 2658 divitiarum
1003 2604 1160 2677 copia
1187 2605 1329 2660 vivis
1358 2606 1517 2662 nobis
1546 2608 1869 2680 plerutnque
1898 2610 2021 2666 sub-

425 2690 688 2762 trahitur,
742 2695 1044 2766 voluptatis
1088 2695 1301 2752 effectio
1349 2696 1574 2751 tristitia
1620 2699 2021 2755 interveniente

421 2783 817 2854 corrumpitur,
863 2782 1188 2853 jucunditas
1233 2783 1557 2856 gaudiorum
1599 2795 1778 2843 metus
1815 2788 2020 2844 formi-

428 2870 556 2926 dine
611 2873 873 2941 violatur,
937 2881 991 2928 et
1042 2891 1204 2929 omne
1256 2874 1402 2946 quod
1459 2875 1671 2947 capitur
1723 2877 2014 2948 desiderio,

418 2975 619 3030 corpus
665 2968 759 3015 aut
805 2961 990 3015 anima
1039 2963 1286 3033 corporis
1339 2962 1630 3034 desiderat,
1691 2971 1838 3029 604
1889 2968 2018 3023 ﬁnis

424 3054 562 3111 falce
593 3056 897 3112 succiditur
928 3057 1069 3130 (39).
1119 3061 1228 3118 Nec
1275 3069 1452 3132 potest
1495 3064 1795 3135 perfectum
1831 3065 2015 3138 privi—

418 3144 624 3216 legium
655 3145 1016 3203 beatitudinis
1044 3147 1313 3219 obtinere,
1361 3151 1509 3225 quod
1547 3154 1873 3210 aeternitatis
1902 3172 2012 3210 non

414 3233 801 3292 circumvallat
846 3236 1124 3308 infinitas;
1177 3239 1443 3296 caducum
1493 3243 1642 3298 enim
1692 3243 1764 3298 sit
1795 3260 2013 3301 necesse

414 3332 517 3394 est,
539 3327 686 3400 quod
717 3328 1031 3384 inevitabili
1061 3330 1382 3388 necessitate
1411 3333 1674 3389 metitur:
1705 3333 2012 3392 obnoxium

413 3425 467 3472 et
496 3414 816 3473 inconstans
843 3427 1005 3491 atque
1034 3419 1318 3476 inﬁrmum
1348 3423 1536 3493 procul
1571 3422 1741 3479 dubio
1772 3441 2011 3482 remane-

410 3501 512 3570 bit,
571 3504 729 3574 cujus
784 3505 955 3558 vitam
1020 3523 1418 3579 nonnunquam
1464 3510 1731 3569 fortuitus
1782 3523 2012 3571 eventus

411 3591 710 3661 intercipit.
768 3592 865 3646 llis
895 3607 1021 3661 ergo
1050 3595 1266 3650 cunctis
1297 3605 1473 3652 morte
1523 3597 1718 3668 finitis,
1759 3614 2007 3660 nostrum

409 3679 468 3736 in
515 3679 631 3752 ipsa
663 3688 839 3736 morte
887 3683 1020 3755 quid
1052 3685 1334 3756 proprium
1355 3687 1383 3744 i'
1430 3687 1488 3742 Si
1519 3688 1661 3744 nihil
1692 3692 1838 3762 quod
1876 3692 2007 3749 boni

407 3772 588 3846 Operis
615 3773 958 3838 incremento
1006 3776 1345 3834 conscientia
1371 3779 1800 3851 subsarcinetur,
1833 3783 2010 3841 habe-

406 3865 629 3935 bimus;
663 3875 717 3923 et
745 3867 790 3924 si
819 3867 963 3924 nihil
994 3867 1124 3924 boni
1156 3886 1225 3925 ex
1257 3870 1417 3928 nobis
1453 3871 1655 3929 habere
1702 3877 2001 3950 potuimus,

405 3957 540 4031 quid
588 3959 877 4016 nobiscum
924 3969 1228 4017 remeantes
1270 3961 1339 4018 ad
1388 3963 1618 4036 patriam
1653 3964 2005 4027 deferemus?

402 4046 577 4114 Quam
605 4051 752 4106 nuda
768 4059 930 4123 atque
949 4052 1216 4108 deformis
1246 4053 1430 4110 anima
1458 4062 1647 4112 nostra
1674 4058 2002 4129 remanebit,

401 4141 446 4196 si
491 4158 592 4196 nos
639 4160 756 4198 eam
786 4145 976 4201 saltem
1011 4147 1349 4218 poenitentiae
1378 4151 1749 4210 velaminibus
1777 4163 1831 4211 et
1861 4171 2002 4212 con-

400 4227 658 4284 fessionis
685 4229 981 4288 amictibus
1010 4251 1121 4290 non
1152 4237 1472 4309 obtegamus
1497 4241 1508 4295 l
1539 4240 1646 4297 nisi
1673 4243 1801 4314 quia
1827 4245 2000 4317 turpi-

399 4316 652 4374 tudinem
698 4317 1026 4376 festinamus
1065 4325 1420 4395 abscondere,
1461 4336 1515 4384 et
1553 4328 1750 4388 animae
1787 4316 1998 4404 operire

397 4423 510 4465 non
539 4407 928 4467 contendimus
959 4412 1289 4482 nuditatem,
1340 4416 1498 4487 cujus
1525 4436 1650 4476 cum
1685 4422 1756 4478 sit
1781 4432 1996 4480 natura-

2136 1905 2453 1964 domitabili
2481 1910 2745 1967 trucidari
2772 1929 2784 1967 :
2843 1911 2944 1968 hos
2960 1913 3197 1985 paradisi
3227 1915 3504 1986 fontibus,
3537 1935 3740 1975 nemo—

2136 2012 2370 2069 rumque
2411 1999 2716 2058 verticibus
2759 2017 2791 2057 a
2837 2002 3036 2059 rivulis
3086 2003 3395 2061 indefessos
3447 2009 3735 2077 amoenari,

2135 2084 2262 2142 illos
2289 2093 2482 2160 stagno
2537 2089 2703 2162 ignis,
2742 2099 2796 2147 et
2841 2090 3048 2149 ﬂuento
3101 2092 3372 2164 incendii,
3404 2105 3570 2171 atque
3601 2109 3730 2157 atra:

2135 2176 2314 2234 noctis
2336 2179 2579 2235 tenebris
2603 2179 2872 2249 obsessos,
2895 2181 3074 2254 panis
3102 2181 3592 2244 inextricabilibus
3622 2206 3735 2262 per-

2133 2267 2345 2340 urgeri:
2380 2269 2448 2327 ad
2507 2280 2844 2342 postremum
2904 2272 3006 2328 hos
3056 2273 3220 2332 bonis
3267 2277 3588 2335 caelestibus
3627 2281 3732 2348 uti,

2132 2357 2262 2413 illos
2291 2359 2464 2415 totius
2521 2361 2783 2433 gehennaa
2839 2371 2893 2419 et
2949 2371 3165 2422 aeternae
3221 2368 3419 2424 mortis
3467 2371 3736 2429 edacitate

2133 2449 2384 2506 consumi
2415 2451 2442 2506 Ἰν
2589 2505 2594 2508 .

2203 2538 2432 2596 CAPUT
2468 2540 2676 2598 XXXI.
2698 2573 2770 2583 —
2798 2542 2853 2600 Si
2877 2560 3028 2602 nunc
3065 2554 3335 2618 quantum
3365 2547 3438 2604 ad
3469 2551 3730 2608 secutum

2131 2627 2403 2701 quispiam
2427 2633 2765 2704 paupertatis
2786 2633 2907 2690 labe
2935 2634 3202 2707 defectus,
3235 2638 3295 2694 in
3322 2649 3592 2713 promptu
3620 2659 3728 2700 non

2130 2717 2328 2776 habeat
2354 2720 2500 2776 unde
2554 2722 2925 2796 qualicunque
2981 2725 3135 2784 victu
3173 2728 3491 2787 famelicam
3523 2743 3727 2789 susten-

2127 2813 2243 2863 tare
2278 2809 2453 2879 possit
2480 2811 2740 2882 esuriem,
2773 2813 3066 2888 videatque
3093 2818 3230 2874 alios
3259 2820 3467 2891 opimis
3498 2821 3729 2894 dapibus

2128 2914 2341 2954 mensas
2370 2917 2620 2970 onerare,
2677 2920 2740 2961 ac
2791 2905 3020 2964 refertos
3058 2909 3235 2980 epulis
3274 2909 3467 2968 bibere
3495 2929 3723 2985 gemma,

2125 2994 2179 3042 et
2207 2989 2527 3058 protrahere
2558 2993 2718 3064 longe
2763 3003 3056 3066 apparatus
3086 2997 3395 3056 ambitione
3421 3003 3726 3074 peregrinis

2124 3078 2413 3151 saporibus
2444 3081 2780 3154 pigmentata
2809 3085 3088 3155 convivia,
3122 3104 3243 3160 quae
3274 3097 3438 3160 putas
3469 3107 3598 3147 eum
3629 3093 3721 3149 duo

2123 3182 2244 3222 cere
2267 3168 2336 3224 ab
2366 3170 2565 3226 ultima
2592 3171 2866 3228 viscerum
2905 3182 3056 3246 parte
3085 3177 3344 3249 suspiria,
3391 3195 3532 3252 quas
3561 3181 3715 3238 edere

2122 3256 2388 3315 intestino
2417 3259 2607 3316 dolore
2637 3263 2904 3333 querelas;
2937 3262 3215 3320 interdum
3239 3267 3407 3323 etiam
3443 3269 3714 3341 lacrymas

2122 3347 2372 3418 fundere,
2406 3366 2531 3406 cum
2565 3351 2730 3422 paulo
2758 3353 2996 3425 amplius
3021 3355 3140 3426 capi
3172 3355 3412 3429 incipiat
3441 3357 3712 3417 desiderio

2121 3437 2390 3508 visorum,
2421 3449 2478 3496 et
2505 3439 2852 3499 inardescere
2899 3443 3073 3514 magis
3125 3459 3188 3500 ac
3217 3446 3396 3516 magis
3421 3448 3627 3504 sentiat
3652 3465 3716 3504 ex

2119 3526 2396 3585 desiderio
2430 3529 2698 3588 inefﬁcax
2727 3531 3102 3588 desiderium?
3141 3533 3381 3601 Quinam
3423 3552 3560 3607 ergo
3592 3546 3716 3596 tunc

2119 3627 2280 3674 erunt
2310 3618 2546 3689 gemitus
2580 3619 2912 3690 infelicium,
2953 3621 3101 3694 quod
3142 3621 3542 3682 inconsolabili
3573 3629 3714 3684 luctu

2117 3707 2295 3764 inilla
2325 3712 2734 3782 comparatione
2788 3719 3153 3781 tormentum,
3217 3730 3346 3770 cum
3404 3716 3714 3774 cmlestibus

2115 3796 2312 3868 copiis,
2343 3800 2682 3871 perennibus
2705 3799 2923 3857 divitiis
2952 3801 3160 3872 perfrui
3194 3801 3448 3860 felicium
3478 3805 3712 3863 viderint

2115 3903 2310 3961 agmen
2337 3889 2674 3961 animarum,
2723 3899 2778 3947 et
2831 3907 2890 3947 se
2945 3890 3237 3947 stillicidio
3286 3896 3534 3951 rorantis
3563 3895 3708 3967 digiti

2113 3977 2449 4049 defraudari,
2508 3990 2563 4038 et
2619 3980 2860 4054 perferre
2904 3980 3128 4052 insuper
3189 3981 3708 4055 inexstinguibilem

2112 4065 2412 4138 ﬂammam,
2449 4087 2575 4127 cum
2604 4070 2760 4126 nulla
2815 4086 2911 4143 spe
2953 4078 3305 4128 reserventur
3333 4071 3407 4127 ad
3437 4073 3654 4128 veniam
3683 4072 3710 4128 ?

2111 4156 2256 4213 Solis
2285 4157 2536 4216 ardorem
2568 4160 2710 4216 ferre
2739 4177 2852 4216 non
2883 4177 3193 4232 possumus,
3227 4159 3524 4220 balneares
3549 4171 3703 4219 aestus

2110 4247 2344 4304 minime
2375 4251 2702 4318 toleramus,
2727 4251 3002 4308 sentimus
3029 4251 3290 4308 incendia
3313 4252 3628 4319 fornacum,
3655 4261 3702 4308 et

2109 4339 2270 4412 longe
2301 4340 2632 4410 secedimus;
2666 4340 2791 4414 quis
2821 4342 2960 4400 ferat
2989 4341 3350 4400 ﬂuctuantem
3381 4343 3700 4416 gehennam,

2106 4436 2160 4485 et
2183 4429 2418 4486 caminis
2445 4430 2698 4488 tartareis
2749 4439 3070 4488 aestuantem
3122 4433 3237 4504 pati
3291 4433 3594 4506 strepitum
3621 4433 3698 4489 fu.

398 4499 530 4554 mer
550 4498 856 4556 inViSibiliS
879 4501 1077 4572 P1110hr
1079 4501 1257 4571 itUdO,
1277 4503 1516 4561 ViSibilis
1534 4506 1628 4562 ﬁet
1651 4519 1996 4580 peccatorum
2022 4555 2070 4614 Β
2109 4519 2314 4574 mantis
2333 4519 2582 4576 barathri
2606 4521 2829 4593 poterit,
2855 4528 2909 4576 et
2935 4498 3206 4578 sustinere
3225 4498 3573 4578 infernarum
3594 4523 3699 4594 glo-

398 4588 551 4614 .--ΔΑ
583 4589 899 4614 ,ιΑεΑ-...εμη
2107 4607 2119 4614 .
2367 4608 2381 4614 -
2691 4609 2744 4614 --
2842 4611 2854 4614 _
3053 4611 3089 4614 _-
3260 4611 3273 4614 _
3324 4612 3335 4614 μ
3574 4612 3587 4614 ,

393 4588 552 4645 sorde
580 4589 920 4646 deformitas.

464 4688 691 4745 CAPUT
732 4689 914 4745 XXX.
947 4720 1019 4731 —
1051 4691 1154 4747 llla
1195 4699 1326 4749 sunt
1364 4695 1683 4767 occupanda
1726 4714 1990 4756 commer-

390 4778 495 4846 cia,
528 4778 639 4834 illae
669 4779 1093 4851 complectenda;
1119 4780 1354 4853 divitiae,
1386 4784 1483 4840 illa
1509 4785 1776 4859 captanda
1804 4797 1989 4860 poten-

394 4866 486 4935 tia,
520 4882 684 4940 quam
734 4884 843 4924 non
875 4861 1096 4941 tempus
1125 4871 1308 4944 eripit,
1349 4890 1461 4930 non
1510 4875 1664 4932 locus
1691 4875 1986 4948 subtrahit,

392 4972 503 5012 non
537 4973 770 5029 persona
814 4960 1098 5031 subducit,
1145 4978 1265 5034 quae
1305 4973 1487 5021 manet
1518 4973 1663 5022 statu
1704 4975 1986 5040 perpetuo,

387 5060 508 5120 quae
536 5048 830 5120 privilegio
877 5061 1130 5108 servatur
1165 5062 1391 5122 aeterno,
1443 5072 1562 5128 quae
1591 5056 1690 5112 fini
1719 5074 1830 5113 non
1860 5055 1985 5114 sub-

387 5137 630 5207 ducitur,
672 5157 796 5212 qua;
827 5141 1024 5197 mortis
1065 5141 1199 5214 jugo
1247 5160 1348 5199 nec
1377 5146 1648 5215 premitur
1692 5163 1792 5204 nec
1831 5164 1984 5220 urge-

2103 4607 2204 4664 bos
2239 4608 2608 4677 tenebrarum;
2651 4609 2749 4666 ubi
2777 4611 2928 4668 solus
2963 4611 3189 4668 auditur
3217 4611 3471 4668 ululatus
3497 4612 3698 4668 arden-

2099 4698 2264 4768 tium,
2297 4707 2351 4756 et
2406 4699 2644 4772 ejulatus
2701 4709 2920 4758 resonat
2975 4703 3279 4760 crudeliter
3314 4704 3642 4776 punitorum
3668 4703 3695 4758 Ῡ

2101 4789 2248 4857 Haec,
2282 4805 2400 4858 oro,
2433 4807 2596 4863 quam
2632 4790 2895 4863 fugienda
2951 4799 3100 4860 sunt,
3160 4809 3326 4866 quam
3365 4792 3610 4850 cavenda
3637 4809 3696 4848 ac

2098 4877 2232 4933 totis
2261 4877 2495 4945 viribus,
2529 4887 2582 4935 et
2611 4879 2764 4936 omni
2793 4880 2982 4937 animo
3033 4898 3098 4939 ac
3126 4892 3310 4939 mente
3339 4881 3689 4940 declinanda!

2168 4966 2398 5024 CAPUT
2423 4967 2660 5025 XXXII.
2692 4999 2764 5010 —
2791 4969 2930 5027 Cum
2968 4979 3156 5044 patent
3200 4971 3376 5044 igitur
3396 4971 3584 5044 januaa
3609 4987 3691 5028 ve-

2095 5054 2290 5124 niales,
2321 5073 2448 5113 cum
2481 5057 2880 5116 ﬂuctuantibus
2932 5068 2987 5117 et
3033 5061 3334 5118 criminum
3374 5069 3690 5134 tempestate

2088 5143 2312 5218 jactatis
2341 5146 2680 5218 poenitentiae
2729 5156 2920 5220 portus
2964 5149 3211 5218 offertur,
3251 5167 3383 5207 cum
3412 5149 3689 5206 mentibus

385 5233 496 5284 tur.
550 5228 631 5285 Ibi
665 5231 813 5287 enim
844 5231 991 5288 bona
1023 5239 1144 5288 tuta
1172 5241 1303 5289 sunt
1329 5233 1698 5306 conscientiae,
1747 5237 1843 5293 ubi
1866 5236 1981 5309 jam
2093 5236 2441 5309 promittitur
2469 5253 2603 5294 cura
2631 5238 3044 5311 languentibus,
3075 5250 3128 5296 et
3157 5238 3423 5297 sauciatis
3460 5239 3686 5296 vitalem

383 5333 495 5374 non
521 5318 712 5376 licebit
740 5327 862 5392 post
891 5323 1181 5393 praesentia
1208 5325 1396 5380 saeculi
1425 5325 1569 5380 mala
1607 5342 1848 5398 peccare,
1885 5327 1980 5384 ubi

380 5403 604 5464 diabolo
660 5411 850 5467 nullus
895 5427 1163 5482 accessus,
1210 5412 1307 5469 ubi
1347 5413 1694 5472 tenebrarum
1742 5432 1853 5473 non
1899 5424 1982 5474 est

2091 5328 2383 5401 pollicetur
2437 5329 2724 5387 ultroneus
2767 5330 2968 5387 artifex
3025 5329 3391 5388 medicinam:
3421 5347 3550 5388 cum
3589 5330 3685 5386 mi-

2089 5417 2392 5476 sericordia
2418 5417 2652 5477 habetur
2707 5420 2767 5477 in
2800 5427 3088 5493 promptu,
3117 5427 3414 5492 antequam
3469 5419 3683 5492 justitia

458 5629 578 5716 (φρ)
617 5630 768 5686 Edit.
802 5633 1006 5716 item,
1052 5639 1148 5692 aut
1194 5653 1385 5709 corpus
1411 5642 1506 5693 aut
1531 5637 1713 5695 anima
1741 5639 1866 5712 ﬁnis
1898 5641 2036 5700 calce
2084 5642 2391 5716 succiditur;
2440 5645 2616 5708 codex
2652 5653 2832 5706 autem
2871 5645 3029 5704 Rom.
3087 5659 3149 5702 ac
3179 5644 3319 5702 Gill.
3385 5645 3676 5704 lectionem

387 5707 630 5757 nostram
661 5703 1026 5760 constituunt.
