3902 6198
209 388 236 439 9
251 383 364 444 093

1651 388 2066 448 ADMONITIO.

3384 391 3524 450 1094

203 511 415 582 capulo
461 517 620 566 tenus
677 509 929 568 extrahat
975 512 1291 584 pugionem,
1337 529 1618 570 sumamus
1661 530 1813 570 arma
1847 521 1897 579 A
1927 523 2131 584 nostra,
2153 523 2215 571 ut
2237 516 2598 588 pnmnicium,
2634 526 2696 573 ut
2721 517 2909 574 nivem
2942 516 3316 574 dealbabitzsi
3337 526 3521 574 autem

208 600 585 673 poenitentiae,
636 610 690 658 et
713 601 920 673 judicis
948 603 1183 675 rigorem
1213 604 1608 662 satisfactionis
1636 606 1818 663 olIicio

209 689 582 744 mulceamus.
633 689 852 746 Certum
885 692 1032 748 enim
1069 692 1232 748 habet
1260 693 1464 749 donum
1500 694 1695 761 venia,
1727 695 1816 751 cui

208 778 563 848 permittitur
614 780 918 850 poenitere;
951 797 1074 836 nam
1127 783 1317 853 procul
1366 781 1536 838 dubio
1565 784 1815 839 conﬁteri

209 880 335 920 non
364 866 588 932 sinitur,
620 867 709 922 cui
743 868 912 939 pietas
941 869 1094 924 nulla
1143 877 1413 926 servatur.
1468 871 1582 926 Hoc
1625 871 1818 943 probat

212 954 513 1012 inveterati
551 959 818 1027 serpentis
841 957 896 1013 in
921 959 1035 1030 ipsa
1065 958 1275 1031 origine
1297 959 1488 1016 mundi
1514 961 1816 1028 damnatio,

210 1059 384 1116 quem
407 1044 716 1101 inauditum
743 1047 1028 1102 sententia:
1062 1048 1272 1106 fulmen
1304 1051 1546 1106 excussit
1579 1067 1590 1104 :
1631 1059 1684 1107 et
1707 1068 1818 1108 non

211 1142 562 1207 peroptatum
615 1135 862 1192 absoluta
916 1138 1178 1195 severitas
1233 1147 1406 1196 status
1469 1141 1553 1196 sui
1613 1158 1817 1213 posses-

211 1228 376 1285 sione
433 1227 650 1300 dejecit.
704 1225 818 1285 Hoc
845 1229 1094 1286 Sodoma:
1141 1239 1192 1286 et
1239 1231 1560 1287 Gomorrhae
1606 1234 1814 1289 caelesti

212 1316 486 1374 incendio
517 1326 872 1373 concrematas
911 1319 1202 1390 perhibent
1235 1322 1504 1392 regiones,
1539 1339 1662 1395 erga
1684 1339 1821 1396 quas

210 1405 292 1461 ob
323 1422 607 1462 excessum
641 1405 948 1461 facinorum
981 1407 1124 1463 nihil
1156 1419 1492 1465 reservatum
1523 1419 1604 1466 est
1631 1413 1818 1483 poeni-

209 1497 444 1563 tentiae;
491 1513 557 1552 ne
607 1497 854 1554 fortassis
897 1498 1168 1554 admoniti
1201 1510 1422 1571 possent
1469 1503 1700 1558 ultionis
1732 1503 1818 1575 ju-

207 1587 428 1644 stitiam
473 1586 770 1644 declinare.
805 1588 920 1645 Hoc
952 1589 1251 1647 Pharaonis
1295 1591 1353 1647 in
1392 1591 1588 1648 Exodo
1619 1594 1819 1650 clamat

207 1675 498 1741 interitus,
523 1675 628 1732 hoc
647 1677 806 1746 Core,
824 1677 1039 1733 Dathan
1062 1686 1115 1734 et
1132 1679 1340 1735 Abiron
1381 1680 1817 1754 inexspectatum

206 1771 454 1821 testatur
483 1765 717 1821 exitium
743 1785 756 1834 ;
785 1765 894 1822 hoc
922 1767 1185 1823 Antiochi
1213 1776 1266 1824 et
1288 1769 1519 1825 llerodis
1548 1770 1820 1842 supplicia

1928 613 1988 660 ut
2017 605 2326 674 coccinum,
2359 613 2419 661 ut
2452 606 2630 662 lanam
2661 605 2950 663 candidam
2999 607 3220 664 efficiet.
3271 609 3343 663 Et
3387 606 3517 680 quia

1927 701 2171 764 asperget
2221 694 2479 767 hyssopo,
2513 702 2566 750 et
2614 695 3029 763 mundabimur,
3079 697 3287 753 lavabit
3317 713 3439 765 nos,
3469 704 3526 752 et

1927 797 2090 852 super
2117 783 2200 836 nix
2215 800 2299 838 em
2330 784 2676 841 candidiores
2703 784 2908 839 erimus
2932 785 3106 855 (Psal.
3139 803 3188 853 L,
3221 785 3304 857 9).

2000 869 2226 926 CAPUT
2264 873 2523 929 XXXIII.
2561 903 2632 914 —
2654 873 2779 928 Tria
2809 879 2937 928 sunt
2967 890 3088 945 quae
3119 891 3244 946 erga
3273 891 3372 930 nos
3403 876 3525 931 Do-

1930 958 2114 1013 minus
2170 960 2400 1016 arbitrio
2465 979 2566 1018 suo
2611 963 2914 1018 constituta
2977 971 3270 1018 conservat
3341 980 3353 1017 :
3414 961 3526 1018 bo-

1929 1047 2155 1103 nitatem
2223 1049 2393 1118 dico,
2464 1051 2936 1120 misericordiam,
3001 1061 3164 1126 atque
3221 1050 3521 1123 justitiam.

1931 1137 2155 1194 Bonitas
2201 1148 2302 1208 est,
2339 1156 2443 1211 qua
2489 1157 2604 1197 esse
2629 1141 2742 1212 jam
2773 1141 3041 1213 coepimus
3075 1159 3086 1196 :
3121 1141 3522 1212 misericordia,

1931 1241 2037 1298 qua
2065 1228 2129 1282 ad
2162 1229 2542 1299 pmnitentiam
2591 1247 2955 1303 provocamur
2989 1249 2999 1286 :
3028 1229 3264 1302 justitia,
3300 1247 3407 1302 qua
3441 1230 3526 1286 fu-

1930 1324 2054 1372 turo
2105 1324 2348 1389 tempore
2391 1316 2784 1389 judicabimur.
2833 1319 2959 1374 Haec
3003 1319 3226 1380 interim
3275 1319 3524 1375 ordinem

1929 1409 2238 1474 temporum
2260 1406 2317 1460 in
2351 1422 2465 1461 sese
2495 1405 2834 1474 custodiunt,
2869 1405 3230 1478 praeteritum,
3261 1423 3521 1477 praesens,

1929 1501 1983 1547 et
2012 1491 2260 1548 futurum
2294 1512 2304 1549 :
2339 1494 2698 1566 przeteritum,
2731 1510 2840 1566 quo
2878 1495 3116 1549 Domino
3144 1503 3365 1552 auctore
3381 1512 3526 1553 crea-

1930 1597 2054 1636 mur
2083 1591 2136 1638 et
2170 1583 2452 1639 nascimur
2484 1601 2495 1639 :
2529 1600 2786 1656 praesens,
2846 1599 2954 1655 quo
3007 1585 3258 1642 conversi
3299 1585 3530 1642 miseri-

1928 1670 2171 1726 cordiam
2226 1689 2602 1744 promeremur
2636 1690 2649 1728 ;
2709 1673 2985 1741 futurum,
3039 1689 3150 1746 quo
3172 1672 3337 1745 juxta
3364 1691 3531 1746 opera

1928 1769 2136 1828 nostra,
2166 1760 2384 1832 justitia
2427 1763 2812 1832 distribuente,
2857 1764 3290 1820 munerabimur.
3340 1766 3529 1838 Itaque

210 1855 629 1928 proloquuntur
659 1873 672 1922 ;
705 1854 812 1911 hoc
839 1855 1068 1911 Ananiae
1098 1864 1151 1912 et
1172 1856 1452 1929 Sapphira:
1491 1857 1699 1915 indicat
1737 1876 1818 1914 re.
1855 1879 1891 1937 Β
1926 1867 2053 1906 cum
2094 1853 2485 1911 misericordire
2541 1872 2768 1927 regnum
2826 1855 3092 1912 habemus
3140 1856 3197 1912 in
3250 1857 3526 1926 manibus,

211 1944 450 2017 pentina
476 1944 952 2000 animadversione
981 1945 1328 2018 naufragium
1365 1964 1377 2001 :
1410 1963 1549 2020 quos
1579 1948 1646 2003 ad
1687 1965 1820 2020 pra:-

213 2049 352 2089 sens
383 2041 598 2106 tempus
627 2033 872 2090 vindicta
903 2050 1013 2088 non
1043 2033 1282 2102 distulit,
1324 2044 1373 2090 et
1408 2045 1603 2108 negata
1632 2038 1816 2096 venia.

209 2123 488 2179 severitas
541 2122 803 2178 comitata
850 2123 1151 2179 truncavit.
1202 2124 1322 2179 Non
1371 2142 1470 2182 nos
1524 2128 1822 2200 imparatos

212 2207 344 2264 dies
371 2209 706 2266 abcessionis
738 2209 1006 2277 inveniat,
1038 2226 1138 2265 nec
1170 2209 1314 2267 intra
1343 2221 1518 2268 castra
1546 2215 1821 2276 diabolica

210 2301 426 2359 hiemis
457 2301 607 2357 illius
660 2309 758 2356 aut
801 2300 1012 2356 sabbati
1065 2309 1278 2374 tempus
1319 2304 1584 2362 includat.
1618 2309 1820 2381 Vigile-

213 2410 350 2449 mus
380 2399 569 2448 contra
601 2389 775 2445 hostis
805 2389 1018 2462 antiqui
1067 2390 1446 2449 fraudulentas
1493 2394 1722 2454 insidias
1769 2407 1821 2454 et

215 2491 441 2554 apertas
471 2479 680 2546 minas;
733 2495 857 2551 erga
886 2495 1180 2537 conversos
1208 2481 1354 2537 enim
1396 2483 1576 2540 acrius
1605 2486 1822 2542 excita-

221 2582 343 2638 tur,
386 2578 438 2625 et
467 2569 683 2641 refugos
721 2587 848 2625 suos
894 2570 1135 2626 severior
1166 2579 1424 2644 tanquam
1458 2573 1652 2632 irrisus
1682 2575 1821 2632 inse-

219 2660 442 2734 quitur.
474 2659 627 2714 Tunc
655 2675 782 2714 cum
809 2657 1102 2730 deciperet,
1126 2659 1524 2718 blandimentis
1547 2663 1819 2734 illexerat,

220 2765 382 2805 nunc
413 2745 806 2802 tentationibus
830 2754 883 2802 et
902 2747 1322 2804 crudelitatibus
1348 2750 1618 2824 inquietat
1643 2768 1654 2805 ς
1691 2762 1823 2811 tunc

217 2839 409 2894 fuerat
454 2845 515 2893 ut
567 2837 797 2905 amicus,
848 2853 997 2893 nunc
1029 2846 1088 2894 ut
1120 2838 1380 2895 inimicus
1428 2840 1726 2911 irascitur;
1770 2853 1823 2901 et

216 2945 325 3004 per
353 2945 536 2984 casum
569 2926 764 2982 elisum
812 2927 990 2983 effecit
1031 2928 1355 2998 cautiorem,
1401 2932 1493 2987 sed
1525 2933 1820 2990 elidentem

216 3019 522 3092 aliquoties
567 3019 705 3074 solet
752 3017 920 3074 elisus
951 3018 1174 3076 elidere.
1203 3022 1503 3094 Fugiamus
1532 3041 1822 3097 pomposus

218 3107 514 3166 illecebras
555 3107 770 3176 mundi,
819 3116 872 3163 et
914 3107 1314 3166 ambitionibus
1347 3111 1464 3182 ejus
1512 3113 1707 3171 demus
1753 3133 1823 3172 ex

217 3207 345 3254 toto
398 3195 708 3270 repudium.
759 3196 874 3251 Hoc
925 3197 1159 3254 Joannes
1205 3201 1484 3270 apostolus
1531 3203 1818 3273 persuadet

216 3287 417 3344 dicens
449 3304 460 3341 :
518 3313 535 3334 ι
565 3285 744 3342 Nolite
789 3285 1017 3358 diligere
1047 3288 1339 3357 mundum,
1373 3307 1547 3363 neque
1594 3308 1658 3348 ea
1696 3310 1816 3365 qua:

217 3383 358 3433 sunt
389 3375 444 3430 in
477 3376 704 3432 mundo.
763 3377 820 3432 Si
865 3377 989 3448 quis
1043 3376 1226 3450 diligit
1271 3379 1560 3449 mundum,
1593 3398 1704 3438 non
1743 3391 1825 3438 est

219 3464 469 3522 charitas
495 3465 672 3521 Patris
702 3465 754 3520 in
801 3481 900 3533 eo;
955 3467 1084 3539 quia
1123 3484 1285 3523 omne
1327 3469 1474 3540 quod
1519 3469 1577 3525 in
1617 3470 1825 3528 mundo

217 3563 333 3623 est,
385 3555 831 3628 concupiscentia
899 3555 1080 3612 carnis
1137 3561 1236 3625 est,
1282 3565 1336 3613 et
1381 3558 1826 3630 concupiscentia

220 3643 540 3712 oculorum,
587 3653 641 3700 et
664 3644 894 3700 ambitio
924 3646 1134 3712 smculi,
1181 3663 1302 3719 quae
1336 3663 1447 3702 non
1477 3655 1557 3702 est
1585 3664 1616 3702 a
1644 3649 1824 3718 Patre,

216 3739 322 3798 sed
352 3756 421 3796 ex
450 3741 896 3813 concupiscentia
925 3742 1116 3798 mundi
1140 3749 1224 3798 est
1248 3761 1260 3798 :
1285 3751 1339 3799 et
1379 3743 1621 3800 mundus
1649 3752 1824 3800 trans-

218 3830 351 3899 ibit,
393 3838 445 3887 et
492 3833 940 3905 concupiscentia
968 3832 1105 3905 ejus.
1153 3832 1258 3901 Qui
1289 3849 1419 3889 vero
1459 3832 1590 3889 facit
1615 3834 1825 3888 volun—

219 3927 396 3976 tatem
442 3921 564 3989 Dei,
596 3933 780 3980 manet
825 3925 882 3980 in
941 3935 1228 3987 aeternum;
1261 3923 1536 3994 quomodo
1579 3929 1634 3978 et
1679 3923 1826 3978 Deus

220 4013 415 4064 manet
465 4006 522 4061 in
551 4013 817 4062 aeternum
856 4007 876 4079 (
905 4008 940 4064 Ι
962 4009 1120 4065 Joan.
1158 4027 1220 4079 ιι,
1253 4011 1458 4081 15-17).
1482 4036 1499 4059 ι
1553 4011 1826 4067 Lavemur

216 4096 500 4170 baptismo
530 4094 890 4167 poenitentiae,
913 4105 976 4153 ut
997 4098 1270 4170 possimus
1295 4099 1595 4156 Dominum
1619 4099 1825 4155 mundo

215 4183 389 4243 corde
419 4182 607 4239 videre
641 4200 653 4238 :
706 4185 1018 4241 auferamus
1067 4187 1342 4258 nequitias
1384 4188 1452 4242 ab
1500 4188 1702 4243 animis
1731 4205 1824 4244 no-

216 4273 357 4330 stris
388 4287 420 4327 a
448 4279 745 4342 conspectu
771 4272 1061 4328 oculorum
1090 4275 1210 4342 Dei,
1243 4274 1519 4331 discamus
1552 4275 1824 4346 justitiam

216 4365 446 4430 facere;
484 4361 829 4434 inquiramus
853 4361 1150 4434 judicium,
1209 4363 1508 4435 eripiamus
1561 4363 1826 4435 injuriam

215 4451 928 4525 accipientem,judicemus
951 4453 1183 4526 pupillo,
1194 4451 1562 4524 justiﬁcemus
1578 4452 1826 4524 viduam,

213 4551 276 4600 et
308 4559 435 4600 cum
469 4542 706 4600 Domino
735 4543 1163 4614 disputabimus.
1196 4543 1267 4600 Et
1295 4542 1341 4598 si
1373 4542 1580 4600 fuerint
1604 4551 1825 4616 peccata

217 4749 434 4760 -.ο-..κ

1930 1948 1984 1995 et
2041 1940 2099 1996 in
2149 1943 2380 1999 arbitrio
2428 1952 2618 2000 nostro
2669 1952 2799 2000 sunt
2855 1945 3032 2016 posita
3075 1945 3219 2001 dona
3261 1945 3520 2017 pietatis;

1929 2029 2022 2086 hic
2051 2047 2348 2104 purgemus
2381 2033 2749 2090 conscientias
2799 2043 3014 2090 nostras
3057 2034 3124 2089 ab
3164 2035 3315 2090 omni
3347 2033 3527 2108 inqui-

1933 2120 2178 2186 natione,
2236 2133 2290 2178 et
2347 2123 2690 2195 spiritalibus
2743 2140 2844 2180 nos
2891 2123 3150 2196 deinceps
3200 2141 3295 2196 per
3322 2124 3525 2180 bonam

1931 2212 2407 2267 conversationem
2469 2212 2855 2269 instrumentis
2906 2220 3178 2284 aptemus.
3239 2212 3528 2269 Evitemus

1931 2299 2204 2357 desideria
2250 2318 2368 2373 quae
2420 2303 2664 2359 militant
2711 2312 2901 2360 contra
2952 2303 3162 2358 animas
3205 2311 3445 2371 nostras,
3477 2309 3532 2358 et

1931 2388 2215 2459 profanam
2271 2390 2664 2446 conscientiam
2713 2393 3032 2446 nullatenus
3063 2389 3354 2462 patiamur.
3389 2390 3528 2447 Con-

1931 2492 2222 2548 sequentur
2271 2478 2479 2546 omnia,
2536 2497 2656 2552 qua:
2702 2496 2771 2535 ex
2809 2480 2915 2536 ﬁde
2965 2481 3263 2549 credimus,
3294 2481 3340 2536 si
3367 2480 3532 2552 justis

1933 2581 2034 2620 nos
2079 2565 2292 2622 actibus
2343 2566 2454 2621 vita
2502 2567 2920 2638 invituperabili
2971 2585 3389 2639 componamus.
3421 2568 3529 2624 Me-

1931 2654 2177 2711 rebimur
2233 2657 2513 2712 remissam
2560 2657 2810 2713 omnium
2852 2666 3222 2729 peccatorum,
3267 2673 3530 2728 resurge-

1932 2761 2056 2800 mus
2104 2745 2160 2800 in
2210 2746 2380 2802 vitam
2439 2755 2694 2802 reternam
2744 2746 2800 2801 in
2843 2747 3240 2802 resurrectione
3290 2745 3532 2802 creden—

1933 2835 2111 2901 tium;
2159 2839 2304 2898 605
2332 2843 2386 2890 et
2437 2845 2498 2892 ut
2541 2834 2778 2907 amplius
2804 2834 3063 2908 loquendi
3098 2843 3390 2906 praesumat
3419 2849 3529 2888 au-

1931 2922 2106 2991 dacia,
2159 2923 2218 2979 in
2273 2941 2437 2996 regna
2483 2926 2748 2981 caelorum
2795 2941 2920 2981 cum
2959 2922 3127 2995 justis
3157 2920 3524 2989 intrabimus,

1932 3029 2055 3069 cum
2103 3013 2304 3086 quibus
2352 3024 2556 3086 partem
2599 3031 2693 3087 per
2739 3013 3117 3086 pcenitentiam
3169 3011 3368 3067 habere
3418 3027 3526 3066 me-

1932 3101 2162 3169 ruimus,
2219 3104 2501 3176 Scriptura
2539 3103 2756 3160 dicente
2790 3120 2801 3158 ε
2850 3129 2867 3150 ε
2898 3101 3300 3159 Ρωῐιὶιθηῐὶιιιιε
3336 3109 3520 3156 autem

1931 3191 2083 3248 dedit
2152 3201 2358 3264 partem
2408 3193 2669 3266 justitiae,
2728 3201 2783 3248 et
2837 3191 3150 3264 corrogavit
3203 3189 3521 3247 deﬁcientes

1934 3280 2224 3349 sustinere,
2280 3290 2334 3337 et
2388 3281 2686 3338 destinavit
2727 3281 2856 3337 illos
2897 3280 2956 3336 in
3017 3287 3218 3335 sortem
3272 3277 3528 3334 veritatis

1938 3370 2130 3442 (Eceli.
2164 3388 2307 3439 xvu,
2338 3372 2454 3441 20.)
2489 3397 2508 3420 ι

2006 3470 2152 3538 Haec,
2205 3470 2582 3526 amantissime
2628 3470 2814 3538 frater,
2861 3468 3062 3543 quibus
3100 3475 3282 3524 tecum
3321 3466 3527 3539 pariter

1934 3560 2002 3617 ad
2033 3562 2392 3618 exercendam
2450 3562 2832 3634 paenitentiam
2881 3561 3218 3626 cohortarer,
3253 3567 3521 3631 quantum

1934 3668 2004 3707 ex
2049 3651 2358 3708 Dominicis
2407 3651 2735 3708 lectionibus
2784 3651 3041 3724 colligere
3069 3649 3420 3706 mediocritas
3446 3647 3528 3704 in-

1936 3741 2082 3812 genii
2113 3740 2220 3797 mei
2250 3741 2450 3814 potuit,
2484 3741 2728 3797 exaravi.
2761 3740 2894 3808 Quae
2926 3740 2973 3796 si
3007 3739 3142 3812 jam,
3177 3746 3238 3794 ut
3265 3737 3528 3806 arbitror,

1934 3831 2108 3887 animi
2165 3832 2350 3888 studio
2380 3849 2408 3888 e
2438 3834 2662 3904 proprio
2709 3832 2971 3888 instituto
3001 3829 3246 3896 sectaris,
3280 3835 3333 3883 et
3357 3827 3528 3883 curri-

1932 3918 2037 3975 bus
2089 3921 2457 3977 confessionis
2489 3921 2758 3988 insidens,
2810 3919 2991 3976 tendis
3037 3917 3106 3972 ad
3152 3915 3410 3981 veniam;
3445 3931 3531 3971 ac-

1935 4008 2056 4080 cipe
2099 4025 2185 4063 me
2224 4015 2405 4065 tecum
2452 4008 2510 4063 in
2558 4008 2660 4065 hac
2707 4008 3039 4079 cogitatione
3086 4010 3418 4070 consortem,
3468 4009 3531 4057 ut

1934 4094 2195 4166 adjuncto
2225 4095 2509 4152 communi
2539 4097 2828 4163 comitatu,
2859 4094 2928 4150 ad
2967 4101 3142 4149 metas
3170 4089 3527 4163 indulgentia:

1935 4199 2332 4257 properemus:
2385 4191 2479 4238 aut
2528 4183 2573 4239 si
2621 4185 2855 4257 pigritia:
2913 4182 3113 4239 inertia
3166 4179 3523 4254 praepeditus,

1936 4273 2313 4347 pernicitatem
2344 4280 2495 4329 tuam
2525 4274 2678 4347 sequi
2707 4290 2818 4329 non
2847 4281 3056 4347 potero,
3091 4278 3365 4327 memento
3396 4270 3525 4326 mei:

1935 4372 1988 4420 et
2043 4381 2169 4420 eum
2235 4361 2521 4436 praemium
2583 4362 2649 4418 de
2715 4363 2814 4418 Dei
2881 4361 3171 4434 largitione
3239 4359 3528 4425 merueris,

1936 4471 2118 4526 quaeso
2135 4453 2273 4510 utin
2295 4450 2636 4509 orationibus
2662 4451 2774 4508 tuis
2796 4452 2952 4508 nulla
2977 4449 3212 4523 capiaris
3242 4447 3528 4504 oblivione

1936 4542 2198 4599 Victoris.

1534 4923 2218 5012 MONITUM.

299 5307 514 5366 Prodiit
543 5307 635 5365 hic
665 5305 884 5362 libellus
911 5310 1007 5359 aut
1035 5303 1220 5376 potius
1249 5302 1617 5375 fragmentum
1649 5317 1679 5358 e
1708 5302 2048 5362 bibliotheca
2104 5303 2278 5362 sancti
2332 5301 2585 5376 Dionysii
2621 5301 2678 5358 in
2728 5301 2981 5370 Francia,
3013 5300 3160 5357 unde
3185 5300 3347 5358 illum
3386 5299 3532 5356 eruit

227 5399 492 5456 Gillotius
521 5415 589 5454 ex
616 5397 846 5470 antiquo
869 5394 1078 5463 codice,
1119 5393 1217 5451 ubi
1259 5393 1440 5449 tribus
1488 5393 1645 5450 libris
1675 5392 2055 5450 Ambrosianis
2082 5396 2144 5449 de
2176 5395 2386 5465 Spiritu
2415 5399 2593 5448 sancto
2623 5391 2844 5449 additus
2875 5433 2891 5458 ,
2927 5390 3059 5447 liber
3087 5397 3317 5460 quartus
3362 5390 3533 5446 sancti

226 5489 499 5549 Ambrosii
553 5489 616 5545 de
669 5489 876 5562 Spiritu
902 5485 1552 5544 sancto-inscribebatur.
1597 5485 1714 5540 Non
1765 5494 1947 5541 tamen
1995 5484 2120 5540 viro
2165 5484 2329 5539 docto
2385 5481 2651 5552 imposuit
2688 5480 2806 5536 hac
2845 5479 3158 5551 epigraphe,
3205 5477 3409 5552 quippe
3435 5477 3532 5551 qui

231 5579 530 5651 Scriptum
558 5578 707 5636 locos
746 5577 806 5633 in
857 5577 962 5635 hoc
1005 5584 1242 5634 tractatu
1287 5574 1522 5632 subinde
1562 5574 1822 5646 allegatos
1862 5590 1975 5630 non
2003 5572 2144 5645 ejus,
2186 5589 2349 5646 quam
2396 5571 2722 5627 Ambrosius
2758 5568 3074 5638 adhibebat,
3106 5567 3378 5624 versionis
3409 5581 3529 5622 esse

231 5675 523 5741 totumque
551 5667 742 5742 opella;
789 5667 995 5740 stylum
1025 5667 1096 5724 ab
1124 5666 1494 5724 Ambrosiano
1539 5664 1848 5738 discrepare
1885 5662 2277 5720 animadvertit
2305 5679 2316 5716 :
2369 5660 2570 5734 quibus
2616 5659 2808 5732 adjicit
2836 5658 3132 5714 Auctorem
3166 5658 3225 5712 in
3256 5655 3364 5712 ﬁne
3395 5671 3532 5728 pro-

236 5758 380 5817 ﬁteri
422 5757 659 5816 strictim
705 5773 762 5815 se
789 5757 857 5814 de
885 5757 1097 5831 Spiritu
1141 5766 1332 5818 sancto
1355 5757 1698 5831 disseruisse,
1740 5773 1868 5816 cum
1897 5772 1926 5814 e
1958 5753 2236 5814 contrario
2264 5770 2427 5827 quam
2460 5751 2737 5810 fusissime
2765 5750 2833 5808 de
2871 5746 3064 5806 eodem
3093 5746 3265 5820 egerit
3293 5744 3530 5800 Ambro-
