3902 6198
375 360 514 423 1095

1368 355 1464 410 AD
1499 352 1733 410 OPERA
1771 351 1826 408 S.
1868 348 2201 408 AMBROSII
2237 345 2618 404 APPENDlX.

3576 341 3734 399 1096

377 489 509 544 sius.
535 488 874 559 Quapropter
921 498 1031 538 non
1059 481 1166 536 alia
1196 495 1252 534 re
1280 479 1386 534 hoc
1425 477 1570 532 idem
1620 478 1986 548 fragmentum
2023 474 2297 532 edendum
2322 471 2622 544 judicavit,
2655 469 2764 526 nisi
2803 467 2953 543 quod
2980 477 3032 525 et
3063 468 3286 542 antiqui
3324 467 3646 534 Auctoris,
3677 478 3733 524 et

379 577 612 633 lectione
643 557 1026 645 dignissimum
1059 586 1174 624 esse
1224 566 1521 622 arbitratus
1551 574 1652 634 est,
1703 583 1812 638 quo
1841 565 2064 621 nomine
2093 581 2220 622 cum
2251 563 2391 618 illud
2438 561 2669 619 Romani
2701 559 2760 615 in
2793 558 3092 632 appendice
3121 559 3298 614 etiam
3331 557 3732 620 retinuerint,

382 680 480 720 nos
512 664 770 719 similiter
798 677 908 715 non
941 657 1258 729 putavimus
1288 655 1670 726 rejiciendum.

793 976 1099 1145 DE
1258 969 2188 1146 SPIRITU
2357 966 3263 1141 SANCTO

1453 1253 2115 1342 LIBELLUS
2224 1253 2614 1339 UNUS.

476 1590 492 1610 ι
533 1562 644 1619 Vos
691 1568 875 1616 autem
919 1559 975 1614 in
1023 1574 1184 1615 carne
1234 1574 1343 1614 non
1400 1556 1554 1624 estis,
1608 1555 1702 1612 sed
1751 1556 1809 1612 in
1862 1559 1985 1627 spi-
2017 1562 2064 1618 Α
2095 1551 2318 1610 Christo
2347 1551 2611 1624 injuriain
2641 1569 2751 1608 non
2784 1552 2973 1610 fecisse
3009 1569 3021 1607 :
3072 1553 3188 1610 sive
3211 1555 3338 1626 Dei,
3368 1563 3429 1612 et
3461 1555 3726 1622 Domini,

392 1652 546 1718 ritu;
598 1650 644 1706 si
694 1658 876 1705 tamen
923 1649 1161 1720 Spiritus
1202 1647 1302 1704 Dei
1350 1646 1562 1702 habitat
1603 1645 1661 1701 in
1691 1646 1849 1701 vobis
1882 1663 1892 1700 :
1931 1643 1975 1699 si

391 1743 514 1815 quis
565 1746 744 1794 autem
791 1738 1057 1808 Spiritum
1103 1736 1308 1792 Christi
1358 1752 1471 1792 non
1519 1735 1701 1802 habet,
1742 1734 1834 1791 hic
1873 1749 1982 1788 non

391 1836 474 1883 est
502 1825 639 1896 ejus.
693 1825 747 1879 Si
800 1830 983 1877 autem
1034 1821 1286 1878 Christus
1339 1823 1395 1877 in
1442 1821 1599 1876 vobis
1637 1829 1737 1887 est,
1787 1835 1986 1889 corpus

392 1916 613 1988 quidem
652 1919 930 1966 mortuum
971 1918 1052 1964 est
1102 1918 1322 1981 propter
1377 1917 1658 1981 peccatum
1695 1927 1706 1964 :
1758 1907 1987 1980 spiritus

393 2020 524 2058 vero
555 2001 696 2055 vivit
727 2006 948 2071 propter
994 1996 1291 2068 justitiam.
1338 1997 1495 2063 Quod
1525 1997 1569 2051 si
1599 1997 1836 2069 Spiritus
1866 1994 1986 2068 ejus

394 2095 486 2167 qui
545 2091 833 2148 suscitavit
860 2089 1041 2143 Iesum
1073 2104 1105 2142 a
1134 2087 1386 2152 mortuis,
1443 2085 1653 2141 habitat
1687 2086 1746 2140 in
1777 2084 1935 2140 vobis
1971 2099 1983 2137 :

395 2183 488 2255 qui
523 2178 811 2237 suscitavit
839 2177 1119 2234 Christum
1167 2192 1236 2231 ex
1284 2174 1539 2240 mortuis,
1587 2173 1897 2230 viviﬁcabit
1935 2181 1991 2229 et

397 2271 649 2326 mortalia
699 2284 926 2339 corpora
958 2275 1140 2321 vestra
1170 2273 1393 2336 propter
1423 2263 1825 2320 inhabitantem
1857 2261 1991 2334 Spi-

396 2365 563 2420 ritum
596 2362 714 2433 ejus
762 2360 820 2415 in
867 2359 1026 2414 vobis
1071 2359 1248 2428 (Rom.
1297 2373 1426 2421 vm,
1477 2355 1655 2426 9-11).
1713 2379 1731 2403 ι
1785 2352 1993 2408 Divino

397 2453 692 2524 Apostolus
745 2447 908 2504 modo
965 2455 1019 2502 et
1070 2446 1264 2504 divino
1313 2444 1533 2517 eloquio
1584 2449 1990 2499 sacramentum

397 2541 702 2598 Dominicae
747 2537 1036 2594 Trinitatis
1067 2546 1120 2593 et
1149 2536 1277 2592 ﬁdei
1325 2543 1524 2590 nostrae
1556 2533 1835 2589 mentibus
1865 2532 1992 2587 inti-

400 2633 593 2690 mavit.
624 2632 758 2687 Nam
817 2645 942 2685 cum
974 2626 1205 2683 dixisset
1239 2642 1249 2679 :
1299 2651 1317 2672 ε
1355 2625 1468 2680 Vos
1501 2632 1681 2678 autem
1735 2623 1792 2678 in
1833 2636 1996 2678 carne

399 2739 508 2779 non
563 2721 713 2788 estis,
755 2717 848 2774 sed
895 2716 951 2772 in
999 2715 1234 2786 spiritu;
1283 2713 1328 2768 si
1381 2720 1566 2767 tamen
1618 2710 1857 2783 Spiritus
1897 2709 1995 2765 Dei

401 2811 617 2866 habitat
647 2810 703 2863 in
731 2807 888 2862 vobis
921 2824 934 2871 ;
965 2804 1165 2876 adjecit
1201 2821 1212 2858 :
1245 2803 1301 2858 Si
1332 2801 1456 2875 quis
1496 2808 1678 2856 autem
1729 2799 1994 2870 Spiritum

406 2898 612 2956 Christi
644 2913 754 2950 non
806 2895 996 2961 habet,
1047 2894 1139 2949 hic
1185 2908 1295 2948 non
1343 2900 1422 2947 est
1461 2891 1597 2962 ejus.
1629 2915 1646 2938 ι
1695 2890 1839 2958 Quid
1869 2906 1996 2960 ergo

404 2986 703 3058 Apostolus
728 2981 879 3036 aliud
917 2996 1080 3052 quam
1111 2979 1373 3036 unionem
1400 2979 1687 3034 Trinitatis
1716 2978 1936 3034 edocuit
1967 2977 1994 3033 ?

403 3077 539 3133 Nam
573 3073 810 3144 Spiritus
839 3070 936 3126 Dei
964 3069 1201 3140 Spiritus
1233 3068 1438 3126 Christi
1468 3077 1550 3124 est
1582 3086 1592 3123 :
1631 3069 1857 3140 spiritus
1886 3084 1994 3123 au-

405 3172 514 3219 tem
545 3158 748 3217 Christi
777 3166 828 3214 et
858 3157 957 3213 Dei
984 3173 1158 3229 neque
1204 3173 1235 3211 a
1281 3156 1503 3214 Christo
1550 3155 1762 3212 divisus
1793 3162 1887 3210 aut
1915 3171 1995 3211 se-

406 3258 628 3324 paratus
671 3255 793 3314 est;
826 3247 1085 3319 quoniam
1128 3262 1307 3318 neque
1333 3247 1476 3302 Deus
1515 3245 1584 3301 ab
1613 3244 1825 3317 Spiritu
1871 3261 1994 3312 suo,

403 3357 578 3414 neque
606 3338 860 3397 Christus
894 3336 1038 3392 idem
1088 3335 1154 3391 ab
1209 3335 1417 3407 Spiritu
1446 3353 1545 3391 suo
1580 3342 1756 3407 potest
1786 3351 1995 3406 separa-

401 3430 531 3484 bilis
560 3428 816 3484 indicari.
845 3427 900 3480 Si
928 3435 1111 3481 autem
1142 3425 1526 3496 inseparabilis
1546 3425 1771 3481 Deusab
1787 3424 1997 3495 Spiritu

400 3540 499 3579 suo
543 3530 645 3589 est,
678 3519 1060 3591 inseparabilis
1089 3519 1281 3588 utique
1309 3528 1362 3572 et
1393 3519 1648 3574 Christus
1688 3518 1756 3572 ab
1785 3518 1995 3588 Spiritu

400 3626 498 3664 suo
528 3615 607 3662 est
641 3625 652 3661 :
685 3622 813 3677 ergo
843 3605 1084 3675 Spiritus
1113 3604 1211 3658 Dei
1236 3614 1290 3658 et
1321 3604 1556 3674 Spiritus
1586 3604 1794 3660 Christi
1831 3603 1994 3659 inse-

400 3695 660 3770 parabilis
699 3711 730 3750 a
784 3695 897 3749 Deo
943 3701 997 3748 et
1048 3691 1298 3759 Christo;
1347 3708 1410 3747 ac
1457 3707 1552 3762 per
1584 3690 1689 3747 hoc
1721 3694 1890 3760 Deus,
1942 3701 1999 3749 et

408 3785 663 3842 Christus
690 3790 743 3839 et
772 3780 1012 3854 Spiritus
1036 3787 1256 3836 sanctus
1283 3778 1512 3835 indivisi
1544 3780 1992 3850 manifestantur,

401 3879 533 3953 quia
576 3893 790 3950 semper
833 3873 1070 3947 Spiritus
1112 3873 1168 3928 in
1213 3874 1328 3928 Deo
1379 3882 1433 3929 et
1472 3871 1691 3929 Christo
1738 3873 1997 3945 perennis

405 3980 506 4029 est.
549 3973 684 4028 Nam
740 3969 874 4043 quid
905 3967 1058 4024 aliud
1085 3966 1537 4025 concatenatione
1567 3964 1670 4023 hac
1697 3973 1750 4022 et
1779 3981 1996 4022 conne-

402 4063 568 4118 xione
621 4061 919 4133 signiﬁcari
974 4059 1297 4126 contendit,
1357 4074 1521 4131 quam
1574 4056 1992 4130 intelligentiam

403 4150 670 4215 unitatis;
716 4151 848 4205 dum
897 4165 992 4220 per
1021 4150 1287 4221 Spiritum
1319 4150 1464 4205 Deus
1493 4155 1546 4203 et
1579 4146 1848 4215 Christus,
1900 4146 1994 4220 qui

404 4239 793 4311 inseparabiles
839 4255 871 4292 a
913 4254 1027 4293 sese
1055 4248 1205 4307 sunt,
1237 4240 1402 4308 uniti,
1436 4249 1490 4296 et
1518 4247 1581 4296 ut
1628 4241 1859 4296 ulterius
1900 4237 1996 4294 di-

403 4346 544 4397 cam,
565 4345 736 4383 unum
769 4327 1088 4399 intelligunt
1117 4328 1146 4384 ‘I

478 4437 593 4494 Hoc
621 4435 876 4493 divinum
911 4439 1315 4492 sacramentum
1337 4446 1439 4502 est,
1462 4433 1567 4493 hoc
1593 4433 1651 4492 in
1680 4454 1736 4493 se
1751 4444 1998 4494 creatura

404 4527 730 4585 naturaliter
759 4535 853 4583 aut
883 4523 1324 4596 inseparabiliter
1366 4541 1477 4580 non
1527 4525 1690 4581 habet
1714 4545 1728 4594 ;
1761 4534 1823 4581 ut
1853 4541 1998 4580 unus

403 4624 640 4697 Spiritus
671 4621 845 4678 Patris
874 4629 927 4677 et
974 4619 1124 4687 Filii,
1170 4625 1266 4676 aut
1296 4625 1406 4674 tres
1438 4633 1601 4684 unus,
1634 4624 1688 4673 et
1715 4633 1884 4672 unum
1916 4618 1999 4674 in-

403 4713 764 4770 divisibiliter
812 4728 926 4768 esse
980 4717 1298 4767 noscantur.
1347 4709 1418 4764 Et
1448 4707 1571 4764 ideo
1603 4723 1827 4763 securus
1855 4710 1996 4780 Apoo

404 4806 597 4872 stolus,
632 4802 725 4877 qui
774 4801 879 4859 hoc
919 4800 1339 4857 fundamentum
1372 4799 1500 4855 ﬁdei
1527 4797 1594 4853 de
1641 4807 1825 4854 sancta
1858 4798 1998 4854 Scri-

404 4903 564 4968 ptura
591 4891 809 4960 didicit,
845 4899 899 4946 et
928 4891 995 4946 de
1025 4890 1217 4945 divina
1258 4887 1593 4944 revelatione
1623 4887 1900 4960 cognovit,
1931 4886 1998 4943 de

404 4969 604 5038 caetero
633 4998 744 5036 non
786 4979 946 5036 timet
974 4976 1105 5033 alibi
1139 4994 1310 5032 unum
1348 4979 1545 5042 Deum,
1576 4976 1709 5032 alibi
1738 4993 1864 5032 cum
1895 4977 1998 5031 Do-

405 5073 575 5142 mino,
606 5073 738 5128 alibi
787 5088 913 5128 cum
944 5073 1056 5126 Deo
1087 5079 1140 5126 et
1171 5069 1410 5125 Domino
1444 5077 1696 5126 sanctum
1730 5068 1996 5140 Spiritum

404 5162 742 5234 praedicare;
793 5160 922 5233 quia
973 5160 1091 5216 sive
1130 5176 1276 5215 unus
1323 5160 1470 5214 Deus
1509 5159 1737 5227 dixerit,
1789 5158 1893 5215 scit
1941 5175 1996 5213 se

405 5268 606 5309 nomen
664 5249 952 5306 Trinitatis
985 5249 1240 5320 implesse
1273 5266 1284 5304 :
1327 5249 1444 5304 sive
1473 5255 1653 5303 autem
1683 5247 1780 5304 Dei
1811 5256 1865 5303 et
1893 5250 1995 5304 Do-

406 5339 545 5394 mini
594 5339 942 5395 solummodo
992 5354 1202 5393 memor
1241 5336 1331 5405 sit,
1383 5336 1487 5393 scit
1539 5337 1766 5394 dicere:
1831 5339 1998 5409 «Ipse

407 5434 587 5482 autem
626 5429 791 5495 Deus,
838 5437 892 5484 et
943 5428 1120 5495 Pater,
1179 5433 1234 5482 et
1282 5427 1552 5482 Dominus
1608 5434 1793 5482 noster
1843 5427 1998 5483 Iesus

406 5514 660 5571 Christus
715 5515 916 5587 dirigat
947 5515 1093 5572 viam
1149 5523 1389 5570 nostram
1417 5514 1485 5571 ad
1514 5531 1611 5570 vos
1643 5517 1663 5588 (
1693 5517 1730 5572 Ι
1759 5517 1993 5572 Thessal.

406 5620 490 5672 ιιι,
543 5605 657 5674 11),
689 5628 707 5651 -
775 5613 829 5660 et
854 5621 1047 5662 cavere
1093 5620 1164 5660 ne
1198 5604 1382 5661 dicat:
1428 5604 1536 5676 Ipsi
1575 5604 1847 5678 dirigant;
1880 5605 1998 5661 sive

405 5689 503 5745 Dei
560 5697 614 5744 et
673 5692 845 5745 sancti
903 5691 1142 5761 Spiritus
1185 5693 1350 5748 faciat
1405 5692 1760 5761 mentionem,
1809 5692 1913 5748 scit
1940 5709 1996 5747 se

2091 1651 2145 1698 et
2193 1641 2432 1713 Spiritus
2484 1642 2658 1699 sancti
2715 1643 2894 1700 causis
2931 1644 3377 1716 competentibus
3447 1661 3728 1718 personas

2091 1739 2262 1803 aptet,
2294 1731 2398 1787 scit
2427 1730 2610 1786 dicere
2662 1747 2673 1785 :

2093 1828 2256 1893 atque
2294 1818 2439 1874 idem
2493 1818 2750 1891 Spiritus,
2800 1820 3055 1878 dividens
3100 1822 3338 1894 singulis
3387 1831 3566 1894 prout
3598 1823 3724 1877 vult

2743 1756 2761 1779 ε
2795 1732 2865 1787 Et
2895 1732 3084 1787 omnia
3113 1732 3233 1789 hac
3263 1741 3543 1806 operatur
3577 1751 3728 1790 unus

2096 1914 2150 1986 (Ι
2184 1914 2312 1970 Cor.
2343 1930 2444 1980 xu,
2482 1914 2592 1984 11);
2625 1937 2644 1960 ι
2713 1913 2970 1984 quoniam
3003 1922 3056 1970 et
3087 1921 3193 1969 tres
3223 1913 3358 1968 deos
3385 1912 3584 1968 dicere
3616 1912 3719 1967 im-

2097 2004 2248 2076 pium
2280 2013 2380 2071 est,
2415 2014 2469 2061 et
2504 2021 2672 2059 unum
2717 2020 2828 2059 non
2857 2003 2915 2059 in
2946 2004 3236 2060 Trinitatis
3264 2003 3500 2059 nomine
3539 2002 3719 2059 conﬁ«

2099 2092 2220 2161 teri,
2253 2091 2552 2148 admodum
2585 2091 2970 2164 irreligiosum.

2169 2183 2417 2254 Denique
2473 2181 2754 2254 sequentia
2809 2180 3243 2246 consideremus,
3298 2181 3506 2254 quibus
3558 2181 3715 2238 hunc

2099 2297 2320 2337 sensum
2357 2280 2648 2337 conﬁrmat
2695 2287 2748 2336 et
2795 2279 3030 2346 solidat;
3078 2295 3205 2334 nam
3253 2295 3382 2334 cum
3417 2278 3710 2335 dixisset:

2116 2393 2134 2418 ι
2175 2370 2230 2425 Si
2262 2370 2385 2443 quis
2410 2379 2592 2426 autem
2643 2368 2909 2441 Spiritum
2958 2367 3165 2425 Christi
3213 2384 3325 2423 non
3375 2368 3568 2434 habet,
3619 2367 3712 2422 hic

2104 2474 2214 2513 non
2259 2465 2340 2513 est
2391 2457 2528 2529 ejus,
2575 2481 2593 2505 ι
2647 2456 2892 2529 adjecit:
2953 2481 2971 2505 ι
3022 2457 3078 2513 Si
3133 2464 3318 2512 autem
3358 2455 3626 2513 Christus
3653 2455 3709 2510 in

2104 2548 2263 2604 vobis
2293 2556 2392 2605 est.
2430 2573 2448 2597 ι
2491 2549 2634 2620 Ergo
2666 2547 3017 2604 manifestum
3067 2557 3149 2604 est
3176 2547 3306 2620 quia
3353 2563 3454 2619 per
3489 2546 3709 2602 inhabi-

2103 2645 2311 2693 tantem
2361 2637 2628 2709 Spiritum
2681 2635 2887 2693 Christi
2936 2635 3188 2692 Christus
3236 2635 3494 2702 habitat;
3537 2635 3582 2689 si
3616 2651 3707 2689 au-

2105 2733 2214 2782 tem
2247 2742 2340 2798 per
2361 2725 2760 2782 inhabitantem
2788 2725 3056 2798 Spiritum
3089 2724 3292 2782 Christi
3320 2722 3586 2781 Christus
3612 2721 3704 2778 ha-

2105 2816 2266 2884 bitat,
2298 2815 2487 2888 utique
2505 2821 2558 2870 et
2588 2831 2683 2886 per
2714 2814 3114 2870 inhabitantem
3147 2814 3416 2885 Spiritum
3446 2812 3544 2868 Dei
3566 2814 3706 2867 Deus

2107 2903 2334 2960 habitat.
2361 2902 2608 2978 Denique
2640 2902 2957 2975 subjunxit:
3001 2930 3017 2951 ι
3039 2903 3195 2970 Quod
3222 2903 3268 2958 si
3292 2903 3537 2974 Spiritus
3565 2900 3703 2972 ejus,

2105 2994 2200 3067 qui
2230 2993 2519 3050 suscitavit
2548 2993 2832 3051 Christum
2863 3009 2932 3049 ex
2981 2992 3237 3060 mortuis,
3267 2990 3484 3046 habitat
3524 2989 3583 3045 in
3615 3006 3705 3044 vo-

2103 3083 2207 3150 bis,
2233 3107 2250 3130 ι
2295 3081 2402 3139 hoc
2429 3091 2529 3151 est,
2565 3081 2663 3138 Dei
2688 3100 2701 3149 ;
2742 3098 2806 3139 ac
2836 3097 2932 3154 per
2961 3081 3067 3137 hoc
3097 3096 3209 3136 non
3241 3079 3398 3135 aliud
3427 3096 3546 3135 esse
3587 3078 3703 3150 Spi-

2104 3172 2242 3228 ritus
2289 3181 2531 3240 sanctus,
2588 3187 2750 3244 quam
2786 3172 2945 3240 _Deus
3005 3178 3059 3225 et
3117 3169 3372 3227 Christus
3417 3167 3702 3240 probatur,

2105 3279 2200 3335 per
2243 3277 2405 3335 quem
2459 3264 2604 3318 Deus
2634 3268 2688 3316 et
2717 3259 2971 3318 Christus
3014 3258 3226 3314 habitat
3260 3277 3272 3313 :
3315 3273 3483 3330 quem
3524 3256 3703 3329 quiin

2103 3369 2160 3408 se
2192 3368 2303 3407 non
2331 3351 2497 3407 habet
2526 3350 2888 3417 habitantem,
2934 3365 3036 3405 nec
3063 3349 3238 3404 Deum
3268 3353 3451 3418 potest
3481 3345 3699 3414 habere,

2105 3457 2205 3497 nec
2233 3440 2536 3498 Christum.

2175 3537 2282 3595 Sed
2328 3537 2466 3596 dicit
2511 3537 2756 3612 aliquis:
2798 3535 2855 3592 Si
2903 3552 2999 3609 per
3047 3533 3314 3608 Spiritum
3364 3550 3531 3590 suum
3563 3533 3696 3590 Deus

2105 3627 2317 3684 habitat
2346 3627 2405 3683 in
2452 3627 2633 3694 nobis,
2689 3635 2742 3682 et
2794 3624 3032 3698 Spiritus
3077 3641 3203 3680 cum
3243 3625 3358 3679 Deo
3394 3631 3450 3679 et
3485 3622 3696 3679 Christo

2105 3734 2276 3774 unum
2309 3727 2472 3790 atque
2504 3717 2650 3773 idem
2681 3723 2798 3784 est;
2840 3713 3115 3789 quomodo
3171 3730 3389 3769 rursum
3447 3712 3692 3769 dicitur:

2118 3830 2136 3854 ι
2167 3807 2272 3875 Qui
2325 3807 2615 3864 suscitavit
2652 3805 2934 3864 Christum
2986 3819 3055 3860 ex
3085 3804 3338 3871 mortuis,
3397 3801 3695 3858 viviﬁcabit

2104 3903 2157 3954 et
2189 3896 2443 3953 mortalia
2487 3913 2719 3969 corpora
2747 3895 2974 3952 vestra?
3021 3919 3038 3942 ι
3109 3891 3400 3960 Quomodo
3457 3893 3603 3949 Deus
3646 3899 3696 3947 et

2105 3987 2359 4046 Christus
2403 4003 2576 4042 unum
2624 3993 2772 4054 sunt,
2827 4001 2954 4041 cum
3000 3982 3254 4041 Christus
3294 3998 3393 4054 per
3434 3981 3691 4054 Spiritum

2104 4076 2203 4133 Dei
2232 4075 2527 4132 suscitetur
2559 4093 2628 4132 ex
2659 4073 2892 4131 mortuis
2912 4074 2941 4130 ‘P
2985 4100 3002 4121 ι
3031 4073 3076 4130 Ο
3107 4071 3344 4129 altitudo
3375 4071 3690 4128 divitiarum

2103 4163 2385 4238 sapientia:
2431 4174 2485 4222 et
2515 4165 2762 4222 scientia
2798 4164 2899 4220 Dei
2943 4162 3118 4235 (Rom.
3166 4179 3246 4229 χι,
3293 4159 3429 4232 33)!
3476 4185 3496 4208 ο
3539 4158 3686 4224 Vere.

2117 4279 2136 4303 ι
2171 4255 2268 4310 ubi
2305 4254 2560 4328 sapiens?
2589 4255 2684 4311 ubi
2737 4254 2916 4311 scriba
2960 4254 3022 4325 _(I
3050 4254 3177 4310 Cor.
3227 4269 3268 4320 1,
3314 4248 3442 4322 20)?
3484 4275 3502 4296 -
3560 4247 3690 4304 Vere

2106 4345 2210 4402 hoc
2242 4343 2343 4415 est,
2391 4372 2410 4394 ι
2439 4344 2586 4418 quod
2615 4345 2808 4402 oculus
2838 4334 2960 4400 non'
2978 4343 3142 4412 vidit,
3167 4357 3268 4397 nec
3287 4341 3437 4397 auris
3461 4337 3684 4406 audivit,

2107 4450 2207 4490 nec
2237 4434 2296 4490 in
2326 4450 2419 4491 cor
2449 4434 2692 4490 hominis
2736 4431 3006 4498 ascendit,
3047 4448 3169 4506 qua;
3199 4429 3526 4504 praeparavit
3555 4431 3688 4490 606

2106 4537 2252 4590 Deus
2281 4533 2641 4607 diligentibus
2688 4551 2745 4591 se
2795 4533 2853 4605 (Ι
2894 4533 3020 4591 Cor.
3067 4551 3129 4602 ιι,
3160 4533 3241 4604 9).
3295 4558 3314 4581 ι
3363 4527 3689 4602 Ριδξρειιειγὶὶ

2107 4631 2289 4680 autem
2320 4625 2466 4694 Deus
2495 4624 2854 4696 diligentibus
2899 4640 2977 4692 se,
3025 4633 3088 4679 ut
3131 4622 3386 4680 Christus
3431 4618 3690 4676 Dominus

2107 4728 2231 4768 cum
2267 4712 2320 4767 in
2349 4711 2526 4769 forma
2555 4713 2652 4768 Dei
2685 4718 2844 4780 esset,
2868 4711 3103 4768 formam
3143 4708 3291 4767 servi
3320 4709 3606 4780 acciperet,
3633 4716 3689 4763 ut

2107 4803 2255 4860 solus
2301 4803 2647 4860 inveniretur
2703 4811 3018 4874 utrumque.
3067 4801 3204 4860 Cum
3264 4816 3393 4871 ergo
3449 4797 3689 4855 Christus

2105 4903 2401 4967 utrumque
2455 4894 2548 4964 sit,
2605 4895 2750 4950 Deus
2794 4892 3005 4950 scilicet
3067 4900 3122 4948 et
3179 4891 3365 4957 homo,
3416 4888 3688 4944 suscitatio

2106 4982 2224 5039 hzec
2252 4999 2363 5038 non
2403 4983 2528 5051 ideo
2579 4981 2863 5039 divinitati
2892 4981 3010 5053 ejus
3039 4979 3366 5047 ascribitur;
3400 4979 3530 5052 quia
3556 4976 3687 5033 divi-

2106 5071 2250 5128 nitas
2296 5071 2414 5143 ejus
2458 5081 2553 5129 aut
2579 5073 2692 5144 pati
2729 5079 2824 5127 aut
2854 5071 2994 5126 mori
3024 5078 3204 5142 posset
3233 5087 3246 5123 :
3280 5067 3377 5125 sed
3411 5069 3540 5140 quia
3565 5067 3686 5124 Ver-

2105 5160 2236 5216 bum
2286 5163 2430 5218 Deus
2483 5177 2606 5217 caro
2655 5161 2830 5218 factus
2870 5169 2971 5228 est,
3003 5167 3056 5216 et
3104 5157 3380 5214 habitavit
3430 5157 3486 5212 in
3517 5155 3682 5212 nobis.

2107 5248 2380 5306 (laterum
2411 5249 2457 5305 si
2487 5249 2754 5306 divinitas
2773 5247 2891 5320 ejus
2916 5249 3029 5321 pati
3053 5247 3344 5320 potuisset,
3374 5262 3488 5302 non
3509 5246 3684 5318 utique

2107 5354 2242 5409 opus
2289 5339 2504 5406 fuisset,
2551 5349 2613 5396 ut
2656 5339 2887 5395 formam
2943 5338 3088 5394 servi
3141 5336 3415 5410 acciperet
3448 5354 3460 5393 :
3491 5336 3682 5408 accepit

2105 5436 2286 5483 autem
2335 5429 2568 5485 formam
2617 5430 2762 5485 servi
2806 5445 2916 5484 non
2957 5427 3231 5486 aliam,ob
3257 5441 3502 5495 causam,
3534 5441 3679 5498 quam

2107 5525 2168 5572 ut
2197 5533 2296 5589 per
2324 5536 2440 5576 eam
2473 5536 2573 5593 pro
2614 5519 2790 5575 salute
2833 5516 3184 5588 diligentium
3232 5523 3288 5571 et
3333 5514 3448 5588 pati
3477 5524 3531 5571 et
3555 5514 3678 5570 mori

2105 5616 2304 5679 posset.
2344 5609 2416 5665 Et
2471 5609 2596 5666 ideo
2643 5615 2788 5666 recte
2835 5607 3041 5664 dicitur
3067 5605 3342 5663 Dominus
3400 5604 3678 5677 majestatis

2105 5693 2422 5766 cruciﬁxus,
2470 5703 2524 5754 et
2564 5696 2833 5754 Dominus
2866 5695 3022 5752 Iesus
3067 5691 3327 5751 Christus
3361 5709 3435 5749 ex
3466 5692 3678 5749 mortuis
