3902 6198
78 396 211 454 1097

1120 397 1214 456 DE
1251 395 1523 454 SPIRITU
1561 395 1832 455 SANCTO
1873 396 2083 455 LIBER
2120 397 2318 454 UNUS.

3233 397 3369 454 1098

74 523 380 588 excitatus;
416 519 545 593 quia
574 527 872 592 spontanea
899 520 1236 593 benignitate
1266 530 1320 578 et
1349 522 1540 578 divina
1566 538 1664 579 sua
1697 532 1746 590 Α
1778 521 1970 589 stolus,
2023 529 2075 577 et
2119 519 2427 594 prudentiae
2476 536 2587 575 suae
2634 520 2866 588 cautela,
2912 519 3026 575 imo
3077 526 3139 574 ut
3185 521 3372 575 verius

77 611 286 666 ratione
317 625 413 683 per
443 609 637 682 templi
659 609 744 665 sui
770 610 1075 682 passionem
1102 619 1301 668 cuncta
1329 613 1445 684 ipse
1472 627 1668 668 susce-

77 699 161 773 pit
183 707 234 754 et
262 699 510 772 pertulit.
545 699 624 754 Ac
649 715 744 770 per
767 697 890 767 hoc,
923 699 980 755 id
1010 700 1156 773 quod
1186 699 1438 759 Christus
1465 702 1667 759 excita-

77 795 170 844 tur
205 806 272 844 ex
303 787 554 857 mortuis,
587 789 805 860 proﬁcit
831 789 900 845 ad
930 790 1157 862 gloriam
1183 791 1282 848 Dei
1313 799 1366 847 et
1404 808 1668 864 compro-

77 878 171 936 bat
198 877 656 952 omnipotentiam
688 878 918 938 Christi.

151 1037 251 1095 Sed
279 1046 332 1094 et
363 1037 650 1111 sequentia
677 1039 784 1095 loci
825 1038 992 1112 hujus
1021 1056 1132 1095 non
1163 1038 1346 1096 minus
1380 1038 1672 1111 diligenter

77 1129 347 1199 inspicere
375 1127 676 1196 debemus;
711 1128 969 1202 quoniam
1005 1129 1116 1184 alta
1167 1137 1220 1185 et
1262 1129 1534 1201 profunda
1562 1130 1674 1186 do-

72 1217 254 1275 ctrina
281 1219 581 1290 Apostolus
603 1217 679 1274 ita
712 1218 930 1274 locutus
960 1227 1040 1275 est
1069 1218 1259 1275 dicens
1291 1264 1302 1275 .
1345 1241 1364 1266 «
1416 1217 1572 1285 Quod
1626 1218 1668 1274 si

73 1309 316 1382 Spiritus
346 1307 462 1380 ejus
509 1309 602 1382 qui
647 1309 935 1366 suscitavit
963 1310 1143 1365 Iesum
1178 1327 1246 1365 ex
1276 1308 1532 1374 mortuis,
1563 1308 1674 1364 ha-

70 1399 216 1454 bitat
260 1398 317 1454 in
381 1398 576 1466 vobis;
637 1398 732 1472 qui
779 1399 1067 1455 suscitavit
1114 1399 1397 1456 Christum
1431 1414 1499 1452 ex
1530 1413 1672 1452 mor-

73 1489 210 1558 tuis,
268 1487 575 1545 viviﬁcabit
630 1496 684 1544 et
740 1490 995 1545 mortalia
1044 1505 1272 1560 corpora
1342 1496 1522 1544 vestra
1577 1502 1674 1558 per

71 1577 476 1634 inhabitantem
525 1578 790 1651 Spiritum
850 1578 968 1651 ejus
1020 1579 1078 1634 in
1136 1579 1313 1634 vobis.
1345 1602 1363 1625 »
1425 1575 1674 1631 Primum

70 1669 587 1740 ergo-manifestum
619 1677 700 1724 est
730 1669 857 1743 quia
905 1671 1091 1726 omnia
1140 1672 1283 1725 Deus
1340 1677 1395 1724 et
1423 1666 1676 1724 Christus

70 1775 175 1832 per
203 1757 600 1816 inhabitantem
635 1759 901 1832 Spiritum
931 1777 1090 1816 suum
1119 1760 1176 1814 in
1197 1758 1357 1815 nobis
1383 1765 1670 1829 operatur;

69 1867 141 1906 ac
171 1865 266 1921 per
291 1849 395 1906 hoc
424 1857 638 1906 constat
667 1851 926 1923 quoniam
959 1859 1176 1908 sanctus
1205 1848 1443 1921 Spiritus
1488 1845 1673 1903 omnia

68 1947 368 2010 operatur;
399 1939 528 2012 quia
555 1949 609 1995 et
638 1939 895 1996 mortalia
923 1956 1150 2012 corpora
1196 1947 1384 1995 nostra
1427 1936 1674 1992 viviﬁca-

64 2026 159 2084 bit
189 2028 254 2096 is,
289 2028 382 2100 qui
415 2028 702 2084 suscitavit
730 2028 912 2084 Iesum
937 2045 1006 2084 ex
1035 2027 1287 2096 mortuis,
1323 2043 1417 2099 per
1461 2025 1675 2080 inhabi-

65 2126 286 2175 tantem
309 2118 575 2190 Spiritum
608 2119 814 2176 Christi
845 2120 902 2174 in
931 2119 1109 2174 nobis.
1139 2120 1210 2174 Et
1231 2136 1343 2174 non
1374 2117 1519 2173 dixit
1549 2118 1678 2190 quia

67 2226 171 2283 per
207 2224 263 2264 se
295 2211 524 2265 suscitat
552 2209 617 2278 is,
654 2209 748 2282 qui
775 2209 1066 2264 suscitavit
1094 2209 1279 2264 Iesum
1315 2225 1385 2264 ex
1420 2208 1673 2275 mortuis,

68 2315 253 2371 neque
286 2298 568 2355 Christum
601 2315 696 2370 per
725 2315 780 2353 se
813 2298 1077 2354 suscitare
1118 2315 1129 2351 :
1188 2297 1283 2354 sed
1323 2313 1418 2369 per
1461 2295 1675 2350 inhabi-

67 2395 284 2443 tantem
337 2387 396 2442 in
454 2387 614 2443 nobis
667 2385 933 2459 Spiritum
980 2386 1207 2444 Christi.
1254 2385 1490 2458 Spiritus
1536 2384 1673 2456 ejus,

68 2478 168 2551 qui
203 2477 495 2533 suscitavit
528 2477 710 2533 Iesum
741 2493 812 2532 ex
843 2477 1098 2545 mortuis,
1133 2475 1440 2531 viviﬁcabit
1466 2483 1518 2530 et
1537 2490 1678 2529 mor-

68 2567 214 2623 talia
239 2583 470 2638 corpora
499 2575 704 2621 nostra.
739 2565 809 2620 Et
858 2565 1047 2639 utique
1091 2565 1149 2620 in
1197 2564 1498 2635 Evangelio
1543 2562 1675 2634 legi-

66 2676 224 2727 mus,
263 2657 480 2714 dicente
508 2656 780 2712 Domino:
823 2679 840 2703 ι
883 2656 1037 2712 Sicut
1077 2656 1235 2712 Pater
1280 2654 1507 2710 suscitat
1538 2670 1677 2708 mor-

64 2757 205 2805 tuos
230 2757 286 2804 et
315 2747 604 2814 viviticat;
653 2747 731 2804 ita
769 2754 822 2803 et
875 2746 1052 2801 Filius
1106 2762 1243 2818 quos
1290 2744 1430 2812 vult,
1483 2743 1680 2798 viviﬁ-

61 2849 162 2896 cat
208 2839 392 2909 (Joan.
424 2855 479 2906 v,
522 2837 638 2904 21).
672 2863 688 2885 ι
735 2837 807 2892 Εῐ
849 2853 959 2914 non
1015 2845 1094 2893 est
1147 2835 1356 2892 dictum
1413 2835 1490 2890 ibi
1552 2834 1681 2905 quia

62 2945 174 3002 per
203 2926 474 2999 Spiritum
506 2943 666 2982 suum
699 2927 924 2982 suscitat
965 2927 1110 2981 Deus
1139 2934 1193 2982 et
1221 2924 1495 2982 Christus.
1536 2923 1678 2990 Quid

61 3035 210 3090 ergo
232 3017 261 3073 ?
324 3016 674 3074 Contrarium
735 3016 840 3072 hoc
885 3016 988 3070 erit
1019 3015 1101 3069 illi
1132 3013 1452 3069 sententiae?
1483 3012 1676 3068 Absit!

59 3106 173 3164 sed
212 3105 530 3162 intellectus
562 3107 785 3162 illorum
816 3105 976 3160 nobis
1003 3105 1270 3172 redditur,
1323 3112 1376 3159 et
1422 3103 1683 3158 docemur

58 3213 174 3270 per
208 3196 574 3268 Evangelium
605 3194 910 3251 beatissimi
940 3195 1096 3250 Pauli
1151 3211 1257 3266 qua
1286 3192 1495 3247 ratione
1537 3193 1683 3246 Deus

55 3284 330 3352 suscitet,
363 3299 458 3356 per
528 3282 932 3339 inhabitantem
977 3281 1189 3338 scilicet
1234 3280 1498 3353 Spiritum
1538 3277 1689 3335 Chri-
1724 3275 1764 3334 Ο

52 3375 141 3432 sti
179 3375 241 3430 in
271 3375 466 3441 nobis;
515 3391 576 3431 ac
623 3391 718 3446 per
765 3373 870 3429 hoc
901 3372 1241 3444 apertissime
1270 3371 1525 3438 traditur,
1558 3369 1686 3442 quia

51 3465 272 3522 omnia
309 3480 472 3537 opera
527 3463 719 3520 divina
771 3461 1008 3535 Spiritus
1052 3470 1273 3517 sanctus
1307 3467 1581 3532 operatur.
1613 3460 1684 3513 Et

49 3561 206 3618 ideo
236 3555 351 3613 alio
379 3555 437 3612 in
504 3557 625 3612 loco
681 3555 827 3612 idem
884 3554 1182 3627 Apostolus
1235 3552 1394 3608 docet
1445 3551 1679 3608 dicens:

69 3675 94 3697 ι
128 3646 458 3704 Divisiones
495 3645 798 3719 gratiarum
834 3653 985 3712 sunt,
1011 3643 1157 3699 idem
1189 3650 1370 3698 autem
1396 3640 1634 3713 Spiritus
1667 3658 1678 3696 :

1775 609 1976 678 dicam,
2017 610 2256 682 Spiritus
2301 609 2476 666 sancti
2520 609 2934 681 gubernatione,
2969 626 3128 682 quem
3179 626 3236 666 se
3275 627 3372 665 re—

1777 700 2076 756 velatorem
2122 707 2176 755 et
2220 699 2501 755 doctorem
2544 697 2743 753 habere
2772 715 2911 769 saepe
2950 699 3255 769 proﬁtetur,
3289 700 3375 754 si-

1777 797 1868 844 cut
1912 787 2102 842 dixit:
2149 814 2167 834 ι
2203 787 2308 844 Sed
2360 788 2508 845 docti
2558 787 2787 859 Spiritu,
2837 787 3178 858 spiritalibus
3229 793 3373 851 607

1777 882 2047 954 spiritalia
2079 890 2460 955 comparantes
2509 883 2567 953 (Ι
2601 883 2726 938 Cor.
2759 899 2820 949 ιι,
2855 881 2978 953 13);
3027 907 3044 932 ›
3088 890 3141 936 et
3178 884 3288 940 alio
3319 885 3376 940 in

1781 972 1903 1028 loco
1938 990 1948 1027 :
1997 995 2016 1018 ι
2047 972 2216 1028 Nobis
2253 980 2433 1028 autem
2483 971 2748 1028 revelavit
2790 973 2934 1026 Deus
2983 987 3078 1043 per
3109 971 3374 1043 Spiritum

1779 1069 2030 1126 sanctum
2109 1061 2270 1131 (Ibid.
2341 1060 2453 1131 10),
2523 1086 2541 1108 ι
2610 1059 2851 1116 reddidit
2911 1061 3098 1116 omnia
3159 1061 3375 1129 unioni,

1780 1150 1970 1206 dicens
2003 1168 2013 1205 :
2061 1173 2080 1197 ι
2109 1150 2223 1205 Alii
2269 1151 2417 1206 enim
2451 1151 2611 1206 datur
2640 1166 2736 1222 per
2775 1150 3040 1221 Spiritum
3074 1167 3252 1207 sermo
3281 1168 3377 1208 sa-

1781 1238 2022 1310 pientiae,
2082 1239 2179 1294 alii
2235 1255 2413 1295 sermo
2469 1238 2711 1296 scientia:
2767 1237 3068 1294 secundum
3125 1240 3377 1297 eumdem

1781 1329 2070 1400 Spiritum,
2117 1329 2212 1384 alii
2260 1328 2395 1386 ﬁdes
2442 1329 2498 1384 in
2547 1329 2738 1385 eodem
2788 1328 3016 1400 Spiritu,
3062 1330 3157 1385 alii
3209 1332 3379 1402 gratia

1784 1419 2136 1475 curationum
2163 1419 2222 1474 in
2251 1436 2363 1475 uno
2392 1419 2623 1492 Spiritu,
2656 1445 2674 1466 ι
2718 1428 2822 1476 etc.
2849 1421 2909 1490 (Ι
2939 1421 3062 1476 Cor.
3095 1437 3196 1488 x11,
3218 1421 3271 1489 8,
3295 1421 3377 1492 9).

1783 1509 1854 1564 Et
1885 1507 1945 1563 in
1975 1508 2278 1564 novissima
2304 1517 2456 1581 parte
2483 1508 2820 1566 concludens
2853 1509 2931 1565 ait
2960 1527 2971 1564 :
3018 1533 3036 1556 ι
3067 1509 3266 1565 Omnia
3289 1527 3380 1565 an-

1787 1604 1893 1652 tem
1933 1597 2051 1654 haec
2089 1605 2348 1670 operatur
2393 1615 2537 1655 unus
2565 1607 2728 1671 atque
2759 1599 2902 1655 idem
2947 1599 3183 1671 Spiritus
3217 1599 3376 1671 (Ibid.

1786 1685 1966 1756 11);ι
2011 1685 2106 1758 qui
2156 1703 2319 1758 supra
2366 1687 2578 1744 scilicet
2627 1690 2792 1744 Deus.
2843 1690 2988 1760 Ergo
3032 1688 3161 1760 quia
3197 1689 3383 1743 omnia

1784 1781 2041 1845 operatur
2069 1777 2216 1830 Deus
2255 1783 2417 1847 atque
2461 1776 2605 1832 idem
2652 1777 2910 1849 Spiritus,
2943 1779 3157 1832 Patrem
3195 1785 3248 1831 et
3284 1776 3384 1831 ls‘i—

1706 1907 1754 1968 Β
1783 1862 1921 1918 lium
1971 1871 2024 1917 et
2062 1863 2328 1935 Spiritum
2362 1875 2632 1933 sanctum,
2667 1866 2722 1921 in
2775 1883 3010 1938 quorum
3041 1865 3264 1920 nomine
3292 1880 3385 1936 per

1788 1951 2216 2022 regenerationis
2272 1952 2543 2024 baptisma
2593 1970 2922 2021 recreamur,
2969 1969 3143 2008 unum
3186 1954 3382 2020 Deum,

1790 2041 1936 2112 quod
1984 2048 2066 2096 est
2114 2057 2314 2098 nomen
2355 2059 2547 2112 unum,
2582 2043 2826 2113 accipere
2869 2042 3131 2099 debemus
3168 2050 3221 2098 et
3257 2057 3386 2097 cre-

1790 2133 1954 2199 dere;
2014 2134 2144 2207 quia
2190 2151 2302 2190 uno
2358 2143 2520 2209 atque
2575 2136 2766 2192 eodem
2831 2135 3014 2202 modo,
3084 2135 3386 2210 iisdemque

1790 2223 2111 2292 virtutibus,
2144 2242 2244 2281 nec
2276 2244 2386 2282 non
2419 2235 2474 2283 et
2502 2227 3033 2300 prophetationibus,
3067 2227 3268 2300 quibus
3293 2229 3386 2283 Pa-

1789 2320 1927 2368 trem
1979 2315 2152 2369 Deum
2202 2315 2488 2386 discimus,
2523 2317 2588 2372 de
2625 2317 2837 2390 Spiritu
2867 2334 3083 2391 quoque
3114 2325 3302 2375 sancto
3333 2327 3386 2375 et

1788 2401 1855 2457 de
1884 2402 2027 2458 Filio
2057 2402 2373 2462 edocemur.

1861 2499 1965 2554 Sed
1995 2500 2134 2556 forte
2163 2503 2286 2574 quis
2318 2502 2464 2558 dicat
2499 2521 2510 2558 :
2544 2503 2744 2559 Omnia
2766 2504 2932 2574 dixit,
2967 2522 3087 2578 quae
3118 2505 3185 2562 ad
3223 2506 3386 2562 ordi—

1789 2590 2070 2645 nationem
2119 2591 2379 2648 Ecclesiae
2429 2595 2708 2664 pertinent
2744 2612 2755 2649 :
2790 2611 2901 2649 non
2947 2604 3128 2650 autem
3179 2597 3384 2664 omnia,

1790 2699 1910 2756 quae
1942 2686 2086 2740 Deus
2125 2695 2403 2756 operatur,
2435 2695 2488 2742 et
2525 2685 2795 2743 Dominus
2836 2693 3093 2758 operatur
3119 2695 3173 2741 et
3203 2687 3387 2758 Spiri—

1788 2779 1897 2829 tus.
1958 2774 2103 2846 Ergo
2154 2773 2220 2830 de
2268 2775 2524 2830 omnibus
2582 2775 2667 2830 vel
2727 2791 2896 2847 pauca
2939 2773 3187 2846 ponenda
3235 2785 3383 2843 sunt,

1792 2863 1992 2934 quibus
2034 2864 2295 2935 probetur
2324 2865 2589 2937 Spiritum
2619 2875 2868 2923 sanctum
2902 2866 3159 2922 omnibus
3197 2867 3388 2922 omni-

1793 2969 1864 3008 no
1895 2953 2103 3009 divinis
2135 2955 2392 3027 operibus
2418 2955 2622 3023 adesse,
2648 2965 2700 3011 et
2731 2955 2909 3027 ipsum
2934 2956 3120 3011 omnia
3143 2957 3386 3027 implere.

1792 3045 2006 3114 Moyses
2057 3043 2267 3114 Spiritu
2313 3052 2501 3101 sancto
2546 3046 2825 3118 impletur,
2876 3053 2930 3101 et
2981 3062 3077 3117 per
3123 3045 3388 3117 Spiritum

1793 3130 2094 3202 prophetiae
2144 3133 2488 3203 pracscientia
2527 3131 2774 3202 docetur,
2802 3140 2856 3188 et
2903 3133 3090 3190 futura
3121 3135 3386 3206 praedicit.

1798 3218 1944 3284 Quid
1971 3224 2251 3290 prophetae
2291 3237 2482 3278 omnes
2507 3222 2763 3294 deinceps
2785 3223 2812 3278 ‘l
2841 3223 2982 3278 Num
3014 3222 3224 3293 Spiritu
3255 3240 3392 3278 san—

1799 3315 1886 3363 cto
1922 3309 2067 3379 pleni
2115 3309 2602 3381 prophetaverunt,
2635 3318 2687 3366 et
2727 3312 2909 3383 plagas
2953 3311 3156 3382 populo
3195 3311 3390 3366 immi—

1794 3403 1985 3452 nentes
2011 3399 2504 3469 annuntiaverunt,
2528 3405 2581 3454 et
2612 3399 2912 3455 adventum
2941 3399 3165 3455 Domini
3191 3408 3245 3455 et
3273 3417 3389 3472 pas-

1793 3485 2002 3542 sionem
2051 3487 2508 3559 praedicaverunt,
2570 3487 2834 3562 probante
2891 3489 3128 3544 Domino
3184 3497 3237 3544 et
3295 3488 3391 3543 di—

1792 3585 1947 3634 cente
1990 3593 2085 3649 per
2135 3595 2194 3633 os
2239 3578 2516 3635 Zachariae
2567 3579 2892 3650 prophetae:
2945 3603 2963 3626 ι
2996 3578 3388 3635 Verumtamen

1793 3665 1959 3720 verba
1987 3681 2106 3720 mea
2135 3674 2188 3721 et
2217 3667 2463 3738 legitima
2488 3683 2609 3723 mea
2637 3667 2886 3738 accipite,
2909 3683 3029 3738 quae
3061 3681 3159 3738 ego
3190 3665 3390 3722 mando

45 3750 119 3800 et
152 3738 468 3798 divisiones
522 3738 960 3794 ministeriorum
1009 3746 1159 3805 sunt,
1191 3735 1336 3792 idem
1368 3742 1552 3790 autem
1579 3735 1682 3789 Do-

43 3833 271 3890 minus
307 3846 320 3884 :
354 3835 408 3883 et
436 3827 741 3884 divisiones
771 3826 1154 3899 operationum
1186 3832 1335 3892 sunt,
1368 3823 1512 3879 idem
1552 3839 1682 3879 vero

42 3924 248 3988 Deus,
283 3917 376 3992 qui
409 3925 664 3989 operatur
692 3917 880 3973 omnia
909 3915 967 3971 in
1017 3913 1274 3972 omnibus
1326 3915 1384 3987 (I
1421 3913 1546 3969 Cor.
1579 3929 1682 3980 xu,

42 4011 220 4081 4-6).
258 4034 278 4056 ο
340 4006 626 4074 Quomodo
667 4016 749 4063 est
797 4007 938 4063 illud
987 4005 1133 4063 idem
1163 4005 1421 4078 Spiritus,
1454 4002 1499 4059 si
1531 4000 1682 4057 aliud

40 4108 154 4158 est
191 4096 457 4171 Spiritus,
506 4111 669 4168 quam
715 4098 863 4150 Deus
891 4105 944 4150 et
972 4097 1244 4151 Dominus
1262 4095 1289 4151 ‘2
1318 4101 1412 4149 aut
1441 4091 1574 4166 quid
1603 4098 1684 4146 est

42 4188 261 4249 illud:
298 4189 440 4244 Idem
469 4187 747 4255 Dominus,
790 4187 836 4241 si
878 4184 1031 4240 aliud
1077 4192 1158 4241 est
1198 4183 1487 4249 Dominus,
1519 4196 1680 4253 quam

37 4283 229 4338 Deus
259 4285 314 4334 et
343 4273 633 4347 Spiritus?
671 4279 766 4328 aut
813 4289 920 4345 qua
966 4273 1177 4328 ratione
1225 4271 1459 4342 accipies
1494 4288 1504 4324 :
1539 4271 1683 4324 Idem

35 4369 244 4435 Deus,
279 4365 327 4422 si
358 4363 510 4420 aliud
549 4368 630 4418 est
679 4361 845 4429 Deus,
896 4377 1058 4434 quam
1098 4360 1365 4415 Dominus
1395 4356 1632 4428 Spiritus
1655 4357 1682 4411 Τ

32 4468 116 4516 ει
155 4456 210 4512 εί
256 4453 496 4511 essentia
528 4451 615 4508 νει
657 4458 811 4533 οὐσίᾳ
842 4457 896 4506 ει
926 4449 1217 4505 divisisse
1263 4455 1317 4502 ει
1361 4446 1682 4502 suetos-uss
1793 4446 3390 4555 ginem."mgna."agisagis;agriagri;

28 4551 520 4647 aliudft_a!i_ud’
555 4560 608 4609 et
634 4567 749 4647 n_°_n
782 4565 965 4647 11mm},
985 4554 1134 4647 δῗηίζ
1165 4544 1329 4647 NB"?
1362 4543 1682 4642 m°d°,p03'
1708 4633 1752 4647 ἢ
1791 4588 1822 4628 a
1869 4571 2073 4627 Iudaeis
2109 4573 2255 4644 quod
2284 4575 2342 4627 in
2373 4543 2687 4629 Beelzebub'
2713 4543 2958 4645 principe
2989 4571 3387 4627 daemoniorum

23 4651 204 4705 Sent
233 4642 346 4732 dici
380 4641 547 4732 mem:
579 4641 674 4714 qui
705 4642 864 4709 longe
896 4636 1047 4732 aliud
1084 4645 1155 4732 εί,
1179 4633 1330 4732 3“th
1380 4647 1677 4732 ’ePeUFenf
1708 4633 1756 4691 D
1791 4662 2063 4719 daemonia
2091 4633 2408 4732 expelleret,
2451 4633 2753 4717 secundum
2804 4633 3005 4716 Lucam
3053 4659 3273 4732 quidem
3308 4677 3388 4715 re-

25 4745 167 4792 tur
207 4745 219 4782 ⁵
259 4728 605 4824 imm-inim
633 4723 1226 4824 amemFF‘Aposmh}?
1259 4723 1610 4824 falf’us‘tfasii‘s
1630 4728 1683 4776 et
1792 4751 2074 4824 spondisse
2103 4723 2422 4822 perhibetur
2454 4767 2466 4804 :
2518 4774 2536 4798 ι
2565 4749 2722 4816 Quod
2767 4751 2812 4804 si
2851 4766 2951 4820 ego
2990 4749 3048 4802 in
3069 4723 3259 4819 .digito
3291 4747 3386 4803 Dei

20 4826 388 4882 contumax
419 4816 476 4872 in
509 4818 704 4886 Deum,
746 4815 1025 4912 qui_idem
1058 4811 1495 4912 ascriberet,.ub-i
1528 4810 1680 4912 idem
1791 4810 2006 4912 θςφεηο
2045 4810 2317 4895 démonia
2361 4840 2510 4910 (Lua
2663 4839 2795 4909 20);
2843 4864 2862 4886 ,
2885 4810 3210 4893 "secundu'm
3240 4838 3391 4893 Μω-

23 4925 195 5003 ηφη
227 4913 332 4964 θεῖ·
364 4906 468 5003 Sed
497 4906 638 4963 abs“
663 4907 797 5003 δέκ’
829 4905 950 4961 Non
981 4903 1454 5003 sfnsucAposwuf
1476 4900 1681 5003 1f“???
1791 4900 1994 4988 thaeum
2026 4948 2155 4985 vero
2191 4948 2201 4986 :
2253 4953 2270 4976 ι
2299 4900 2574 4985 Stantem
2611 4900 2713 5001 ego
2853 4928 3061 5001 Spiritu
3089 4929 3185 4984 Dei
3227 4927 3389 5000 ejicio

18 5002 160 5060 Vit
203 5015 235 5098 ³-
263 4996 424 5052 nov“
468 5003 650 5098 autem“
900 5002 954 5051 et
1000 4993 1299 5092 D°.mi’.‘“m
1335 4990 1681 5098 eihi???
1791 5029 2066 5086 daemones
2101 5029 2315 5098 (Matth.
2349 5044 2450 5093 χιι,
2496 5027 2589 5096 28)
2615 4990 2679 5093 ;:
2725 5024 2871 5080 unde
2892 4990 3271 5080 .manifestum'
3310 5033 3390 5080 est

14 5094 365 5192 93“?"}ms
399 5101 569 5142 unum
618 5083 887 5157 Spiritum
943 5082 1130 5139 omnia
1179 5081 1238 5137 in
1267 5079 1525 5136 omnibus
1557 5095 1680 5151 Ope“
1793 5119 2056 5192 Spiritum
2089 5079 2324 5187 digitum
2359 5079 2454 5171 Dei
2499 5079 2630 5171 dici:
2665 5115 2802 5171 Cum
2846 5130 2974 5185 ergo
3017 5121 3228 5170 constet
3256 5113 3390 5185 Spi—

14 5183 326 5240 l‘antem-
691 5249 722 5270 η
1792 5183 1958 5263 ritum
1992 5183 2244 5262 sanctum
2294 5204 2528 5275 digitum
2579 5204 2677 5260 Dei
2726 5202 2857 5272 dici,
2912 5183 3262 5260 manifestum
3296 5183 3391 5260 est

1793 5299 1922 5372 quia
1951 5296 2164 5352 tabulas
2197 5295 2436 5367 lapideas
2465 5293 2702 5365 Spiritus
2732 5301 2953 5351 sanctus
2985 5295 3225 5367 scripsit,
3257 5311 3390 5367 quas

1792 5390 2006 5460 Moyses
2055 5388 2228 5459 digito
2273 5386 2370 5442 Dei
2420 5385 2649 5458 scriptas
2705 5386 2916 5457 accepit
2976 5404 2986 5440 :
3045 5395 3099 5441 et
3154 5385 3392 5457 Spiritus

1793 5486 2014 5534 sanctus
2069 5476 2244 5544 dedit,
2278 5475 2408 5548 quia
2451 5474 2658 5546 digitus
2712 5475 2812 5531 Dei
2861 5491 2970 5529 non
3024 5474 3173 5531 aliud
3225 5491 3388 5547 quam

1793 5568 1938 5623 Deus
1967 5574 2080 5634 est;
2112 5565 2372 5638 quoniam
2414 5565 2472 5619 in
2503 5564 2764 5620 omnibus
2793 5570 3067 5636 operatur.

1794 3753 1851 3808 in
1884 3752 2094 3825 Spiritu
2115 3771 2238 3810 meo
2267 3755 2441 3812 servis
2470 3755 2604 3811 meis
2634 3755 2918 3828 prophetis
2941 3756 3126 3826 (Zach.
3159 3772 3197 3820 ι,
3231 3754 3324 3825 6);
3358 3778 3375 3798 ι

1792 3859 1854 3900 ac
1906 3860 2001 3914 per
2045 3843 2151 3900 hoc
2193 3845 2544 3900 manifestum
2588 3853 2670 3901 est
2727 3861 2919 3901 omnes
2975 3841 3271 3914 prophetas
3332 3842 3387 3896 in

1791 3935 2002 4008 Spiritu
2029 3946 2219 3994 sancto
2249 3938 2621 4010 prophetasse.

1862 4041 2057 4112 Legem
2089 4057 2302 4112 quoque
2354 4042 2526 4113 ipsam
2567 4056 2662 4112 per
2694 4039 2959 4112 Spiritum
2990 4045 3242 4094 sanctum
3277 4037 3385 4095 ἀει-

1792 4137 1902 4186 tam
1945 4129 2254 4200 accepimus
2299 4138 2353 4184 et
2401 4130 2700 4200 scriptam;
2753 4128 2889 4184 dicit
2935 4127 3081 4182 enim
3125 4128 3378 4201 Moyses:

1807 4242 1826 4267 ι
1852 4219 1925 4274 Ει
1965 4217 2118 4272 dedit
2159 4218 2428 4273 Dominus
2473 4216 2610 4272 duas
2664 4216 2878 4273 tabulas
2928 4217 3168 4289 lapideas
3216 4217 3388 4290 digito

1791 4306 1890 4362 Dei
1921 4305 2150 4377 scriptas
2183 4306 2386 4377 (Exod.
2411 4322 2572 4375 XXXI,
2600 4306 2712 4377 18).
2749 4331 2766 4353 ι
2811 4305 3057 4378 Digitum
3086 4314 3268 4362 autem
3293 4308 3385 4362 Dei

1793 4395 2059 4466 Spiritum
2083 4401 2330 4450 sanctum
2358 4393 2470 4450 dici
2502 4395 2808 4466 Evangelia
2836 4394 3229 4461 manifestant;
3261 4411 3386 4449 cum

143 5321 232 5378 Et
253 5335 323 5376 ne
343 5318 478 5392 quid
499 5319 642 5375 forte
677 5317 919 5390 scrupuli
951 5333 1105 5372 mens
1133 5313 1476 5372 audientium
1506 5312 1684 5368 susti—

13 5417 282 5477 neret;
331 5407 459 5481 quia
514 5425 639 5464 cum
689 5407 978 5463 Trinitatis
1027 5420 1284 5477 personas
1334 5401 1679 5471 ostendisset,

13 5510 265 5567 Deum
297 5503 495 5554 cuncta
533 5497 591 5552 in
649 5496 906 5552 omnibus
934 5494 1150 5551 dixerat
1181 5499 1517 5565 operantem,
1549 5491 1682 5546 dum

13 5593 191 5659 scit
219 5597 279 5647 et
307 5589 632 5645 Trinitatem
662 5603 788 5643 vere
819 5587 1066 5660 probare,
1116 5587 1259 5642 sicut
1292 5601 1418 5640 vere
1447 5590 1502 5640 et
1529 5582 1684 5638 unio-

13 5699 248 5754 nem;
306 5695 623 5756 quanquam
673 5693 825 5734 error
871 5677 1060 5733 nullus
1106 5683 1319 5748 poterat
1351 5673 1552 5742 videri,
1587 5672 1684 5728 ubi
1865 5671 2112 5730 Virtutes
2169 5688 2384 5747 quoque
2440 5672 2605 5744 ipsas,
2654 5687 2788 5744 quas
2837 5670 3029 5726 divina
3059 5667 3304 5741 potentia
3333 5667 3391 5721 in

13 5779 240 5842 idem
265 5787 407 5845 saepe
424 5768 537 5843 jam
560 5769 800 5825 dixerat:
835 5769 998 5826 solito
1019 5777 1202 5826 tamen
1233 5784 1331 5824 suo
1363 5781 1512 5822 more
1543 5764 1686 5836 Apo-
1795 5763 2038 5837 [Egypto
2068 5763 2125 5820 in
2155 5763 2463 5820 doctrinam
2495 5771 2549 5816 et
2583 5761 2638 5816 in
2669 5759 3109 5830 experimentum
3139 5755 3225 5812 sui
3255 5769 3394 5824 pec-

421 5869 660 5924 Parnm.
702 5867 879 5924 XVII.

3001 5855 3070 5911 35
