3902 6198
511 412 650 472 1099

1522 403 1618 459 AD
1657 400 1892 457 OPERA
1928 400 1984 457 S.
2027 397 2358 457 AMBROSII
2389 391 2765 451 APPENDIX.

3700 380 3804 438 ιω)

508 536 785 597 catoribus
831 539 1052 606 operata
1092 536 1195 597 est,
1241 542 1375 583 num
1405 524 1759 582 manifestum
1806 531 1889 579 est
1914 522 1972 577 in
2000 522 2097 578 di-
2125 524 2175 583 Α
2202 519 2348 588 Quid
2376 534 2504 590 ergo
2533 515 2752 583 clarius,
2793 511 2926 585 quid
2956 508 3213 566 lucidius
3243 506 3317 563 ad
3347 502 3805 562 manifestandam

508 627 622 700 gito
666 624 765 682 Dei
815 638 929 679 esse
974 618 1263 691 perfectas,
1312 613 1579 686 probante
1611 612 1868 679 Domino,
1915 612 2010 684 qui
2050 626 2106 667 se

508 717 565 772 in
595 713 771 786 digito
800 709 921 776 Dei,
956 706 1011 763 id
1057 716 1159 773 est,
1195 704 1253 760 in
1296 703 1509 775 Spiritu
1545 709 1735 757 sancto
1764 700 1961 772 ejicere
2001 701 2107 756 daa-

508 803 696 860 monia
739 797 1063 872 proﬁtetur;
1117 793 1246 867 quia
1296 792 1440 848 idem
1490 793 1603 864 ipse
1650 791 1706 845 in
1751 791 2013 862 Egypto,
2052 796 2108 846 et

508 890 748 961 Spiritus
801 891 1023 941 sanctus
1079 882 1267 938 eadem
1332 879 1741 937 consummavit
1805 888 1859 935 et
1925 879 2104 950 gessit.

508 976 667 1044 Quod
714 973 936 1046 quidem
981 972 1232 1027 sensibus
1280 971 1481 1026 nostris
1522 970 1785 1025 intimans
1814 969 2100 1025 Dominus.

510 1066 569 1122 in
589 1064 763 1136 digito
790 1063 889 1119 Dei
910 1077 966 1117 se
988 1060 1277 1133 profitetur
1296 1061 1569 1131 expellere
1592 1058 1881 1124 dmmonia,
1907 1056 2110 1111 docens

510 1153 722 1212 scilicet
754 1166 918 1223 opera
951 1167 1048 1206 sua
1100 1165 1263 1221 opera
1305 1164 1419 1204 esse
1458 1147 1633 1203 sancti
1673 1146 1948 1219 Spiritus;
1982 1161 2107 1200 cum

512 1260 676 1317 opera
722 1241 895 1298 sancti
938 1240 1175 1313 Spiritus
1213 1255 1378 1310 opera
1404 1238 1607 1294 Christi
1631 1237 1742 1291 sint
1775 1254 1787 1303 ;
1826 1250 1990 1316 opera
2018 1250 2109 1288 au-

512 1312 622 1389 tem
671 1330 876 1389 Christi
920 1312 1085 1401 opera
1132 1328 1308 1383 Patris
1346 1334 1494 1393 sunt,
1526 1326 1670 1380 sicut
1718 1324 1775 1378 in
1807 1312 2109 1393 Evangelio

512 1421 817 1479 secundum
848 1420 1113 1475 Joannem
1143 1418 1393 1489 legimus,
1429 1417 1546 1486 ipso
1576 1412 1814 1469 Domino
1843 1412 2059 1467 dicente
2094 1429 2105 1467 :

527 1535 546 1560 ι
573 1512 773 1578 Amen,
806 1524 965 1564 amen
994 1507 1120 1563 dico
1156 1505 1331 1572 vobis,
1367 1520 1476 1559 non
1511 1512 1685 1574 potest
1724 1502 1899 1557 Filius
1936 1501 2111 1556 facere

514 1619 547 1659 a
573 1617 631 1658 se
650 1598 972 1673 quidquam,
1002 1594 1111 1650 nisi
1143 1593 1289 1666 quod
1312 1592 1517 1648 viderit
1538 1593 1750 1647 Patrem
1776 1590 2103 1655 facientem;

515 1702 856 1766 quaecunque
901 1691 1083 1741 autem
1133 1682 1227 1737 ille
1275 1681 1428 1748 facit,
1460 1678 1648 1735 eadem
1681 1686 1735 1733 et
1764 1678 1939 1733 Filius
1982 1678 2113 1733 facit

515 1779 772 1836 similiter
821 1776 1002 1847 (Joan.
1049 1789 1106 1840 v,
1159 1771 1289 1842 19);
1325 1795 1343 1819 »
1386 1777 1439 1825 et
1474 1787 1485 1825 :
1534 1794 1551 1815 ι
1586 1768 1740 1823 Sicut
1768 1768 1926 1822 Pater
1956 1784 2111 1823 mor-

2214 611 2563 669 divinitatem
2627 614 2681 664 et
2735 604 3114 662 auctoritatem
3173 599 3426 673 Spiritus
3490 598 3679 655 sancti
3722 596 3805 653 dici

2215 710 2393 774 potest
2436 719 2447 757 :
2493 724 2510 746 -
2537 699 2818 772 Segregate
2852 694 2988 750 mihi
3014 693 3044 750 7
3076 717 3095 741 ι
3138 692 3263 749 Non
3291 691 3457 764 enim
3500 689 3659 745 dixit
3690 707 3703 744 :
3742 689 3809 745 Se

2217 796 2429 862 gregale
2458 790 2590 855 Deo,
2637 786 2729 844 sed
2766 785 2933 851 mihi;
2987 798 3161 857 neque
3213 782 3272 837 in
3326 796 3500 853 opus,
3562 778 3638 835 ad
3693 778 3811 850 quod

2217 878 2536 935 vocavimus
2574 893 2685 943 eos,
2736 874 2827 930 sed
2872 874 2930 928 in
2977 888 3115 943 opus
3143 870 3211 927 ad
3242 870 3392 945 quod
3432 870 3670 926 vocavi.
3698 869 3814 925 Satis

2217 969 2407 1039 utique
2437 966 2687 1038 probavit
2722 964 2880 1019 nobis
2925 961 3316 1017 auctoritatem
3368 968 3426 1015 et
3468 960 3816 1015 divinitatem

2216 1072 2390 1123 suam,
2415 1056 2507 1127 qui
2538 1052 2963 1126 segregationem
2993 1050 3374 1122 apostolorum
3407 1065 3531 1103 non
3555 1048 3657 1103 alii
3681 1065 3816 1121 quam

2217 1147 2323 1202 sibi
2353 1145 2647 1217 ascripsit:
2698 1159 2835 1215 quos
2884 1148 2937 1197 et
2987 1140 3047 1195 in
3091 1156 3229 1211 opus
3268 1155 3385 1195 non
3429 1137 3714 1205 alienum,
3745 1137 3818 1191 sed

2217 1253 2375 1291 suum
2398 1235 2690 1290 advocasse
2720 1249 2775 1287 se
2805 1230 2951 1286 dixit
2976 1248 2989 1297 ;
3024 1228 3172 1302 quod
3204 1229 3399 1301 utique
3430 1228 3663 1283 alienus
3685 1229 3821 1282 aDeo

2217 1333 2271 1382 et
2297 1326 2534 1381 Domino
2554 1331 2608 1380 et
2633 1324 2699 1379 ab
2731 1320 3064 1378 auctoritate
3094 1317 3289 1374 divina
3319 1317 3508 1374 facere
3548 1333 3822 1388 nunquam

2218 1415 2507 1488 potuisset.
2836 1412 2841 1417 ’

2289 1508 2467 1577 Atque
2498 1511 2559 1559 ut
2586 1503 2788 1559 clarius
2826 1501 3005 1556 luceat
3048 1498 3340 1553 Trinitatis
3394 1506 3613 1553 sancta:
3643 1504 3825 1552 aucto-

2218 1595 2351 1650 ritas
2381 1610 2490 1649 una
2535 1601 2589 1648 et
2644 1589 2918 1647 divinitas
2973 1587 3297 1656 excolenda,
3347 1585 3508 1642 Isaiae
3540 1582 3823 1659 propheta:

2219 1683 2380 1738 nobis
2433 1679 2856 1752 contemplanda
2916 1676 3269 1750 prophetatio
3326 1683 3453 1742 est,
3519 1690 3697 1746 quam
3747 1689 3827 1744 per

2218 1774 2494 1847 apostolos
2537 1772 2651 1844 ipse
2681 1770 2919 1843 Spiritus
2948 1775 3169 1823 sanctus
3215 1764 3381 1820 nobis
3435 1763 3826 1835 interpretatus

515 1880 639 1928 tuos
686 1866 934 1932 suscitat,
986 1871 1039 1919 et
1080 1862 1258 1918 Filius
1304 1876 1440 1932 quos
1483 1858 1625 1923 vult,
1666 1856 1913 1913 viviﬁcat
1946 1857 2108 1928 (Ibid.
2139 1879 2184 1939 B
2218 1872 2321 1931 est,
2354 1880 2517 1936 quam
2550 1864 2625 1919 ita
2655 1860 2918 1934 legimus:
2955 1883 2973 1906 ι
3003 1858 3074 1914 Et
3118 1855 3312 1913 audivi
3368 1870 3569 1910 vocem
3602 1853 3821 1909 Domini

516 1961 632 2033 2i).
665 1983 684 2008 ι
724 1959 869 2029 Ergo
915 1955 1022 2010 hoc
1068 1951 1237 2027 gradu
1285 1959 1338 2007 et
1381 1950 1484 2005 hac
1523 1949 1734 2003 ratione
1764 1948 2111 2019 agnoscimus

516 2064 680 2123 opera
703 2046 877 2104 sancti
911 2044 1148 2117 Spiritus
1187 2057 1303 2097 esse
1333 2056 1495 2112 opera
1533 2046 1792 2111 paterna;
1837 2037 1965 2109 quia
1994 2055 2112 2109 quae

516 2140 675 2196 Pater
706 2142 984 2210 operatur,
1011 2132 1199 2189 eadem
1229 2138 1284 2186 et
1316 2130 1494 2186 Filius
1521 2135 1777 2199 operatur
1805 2127 2064 2181 similiter
2096 2144 2108 2182 :

515 2245 638 2301 qua
665 2234 848 2282 autem
878 2222 1054 2280 Filius
1098 2227 1375 2293 Operatur,
1408 2218 1595 2275 eadem
1637 2225 1691 2272 ct
1729 2224 1948 2271 sanctus
1997 2215 2112 2287 Spi-

517 2317 658 2374 ritus
705 2322 979 2388 operatur.
1012 2313 1094 2368 Ac
1134 2311 1213 2368 sic
1250 2324 1463 2380 semper
1510 2307 1750 2362 Trinitas
1795 2321 1938 2360 unus
1969 2306 2113 2360 Deus

518 2415 571 2464 et
596 2423 742 2463 unus
773 2404 1011 2477 Spiritus
1036 2418 1133 2475 per
1161 2417 1236 2469 se,
1269 2399 1362 2456 sed
1392 2414 1461 2454 ex
1491 2413 1605 2453 sese
1637 2396 1824 2452 eadem
1850 2405 1903 2452 et
1927 2397 2112 2451 omnia

520 2498 577 2554 in
607 2493 864 2551 omnibus
907 2499 1182 2564 operatur.
1215 2490 1389 2557 Quem
1421 2486 1642 2561 quidem
1692 2492 1939 2541 sanctum
1982 2484 2114 2556 Spi-

519 2585 689 2642 ritum
736 2582 863 2655 quia
912 2580 971 2636 in
1018 2577 1322 2634 virtutibus
1368 2575 1482 2632 suis
1526 2583 1579 2629 et
1634 2572 1879 2644 potentia
1921 2572 2114 2627 divina

518 2686 809 2745 agnoscere
851 2668 1103 2741 IEgyptii
1134 2667 1451 2732 noluerunt,
1487 2663 1657 2734 plagis
1685 2661 1956 2733 compulsi
1985 2670 2115 2717 sunt

519 2761 791 2830 conﬁteri,
842 2762 901 2815 in
950 2774 1084 2831 quas
1132 2774 1201 2813 ne
1249 2772 1398 2811 nunc
1442 2753 1728 2809 audientes
1780 2751 2049 2819 incidant,
2082 2768 2114 2807 a

518 2851 756 2911 Domino
808 2848 1192 2912 admonentur,
1254 2852 1315 2900 ut
1370 2858 1490 2898 sero
1540 2840 1807 2912 incipiant
1862 2838 2046 2895 dicere
2097 2857 2109 2894 :

534 2942 796 3014 «Digitus
838 2938 939 2995 Dei
995 2944 1078 2992 est
1124 2934 1327 3005 (Exod.
1378 2950 1501 2999 vm,
1548 2932 1676 3001 l9);
1720 2956 1739 2978 ι
1798 2946 1862 2986 ac
1890 2945 1986 3001 per
2008 2929 2114 2985 hoc

520 3033 869 3089 manifestum
894 3035 993 3095 est,
1026 3025 1155 3098 quia
1183 3040 1329 3079 unus
1357 3030 1520 3093 atque
1543 3020 1689 3075 idem
1718 3018 1956 3091 Spiritus
1983 3036 2115 3076 om-

519 3122 613 3178 nia
643 3121 703 3177 in
733 3116 991 3175 omnibus
1019 3120 1275 3185 operatur
1304 3112 1363 3183 (I
1390 3110 1517 3165 Cor.
1553 3125 1651 3176 xu,
1682 3107 1763 3179 8).

2221 1951 2497 2009 dicentis:
2535 1952 2706 2019 Quem
2754 1951 2988 2011 mittam,
3030 1955 3083 2002 et
3134 1947 3261 2018 quis
3310 1944 3415 1999 ibit
3460 1943 3534 1999 ad
3564 1944 3827 2015 populum

2222 2042 2387 2098 istum
2410 2042 2438 2098 ?
2466 2043 2539 2097 Et
2569 2040 2724 2097 dixi:
2751 2041 2889 2112 Ego,
2920 2054 3019 2110 ego
3041 2054 3183 2104 sum,
3220 2035 3381 2091 mitte
3414 2050 3523 2089 me.
3560 2034 3635 2088 Et
3668 2032 3825 2088 dixit:

2223 2133 2393 2199 Vade,
2426 2140 2480 2189 et
2537 2132 2628 2189 dic
2686 2131 2889 2203 populo
2940 2128 3073 2184 huic
3108 2146 3120 2183 :
3153 2128 3301 2182 Aure
3337 2124 3607 2192 audietis,
3640 2132 3698 2180 et
3728 2140 3828 2179 non

2224 2221 2584 2294 intelligetis:
2634 2228 2686 2276 et
2734 2217 2987 2273 videntes
3032 2214 3319 2282 videbitis,
3350 2221 3551 2269 etnon
3605 2212 3829 2284 aspicie-

2225 2311 2313 2379 tis,
2345 2336 2362 2359 ι
2414 2318 2517 2367 etc.
2567 2310 2701 2381 (Isa.
2732 2325 2812 2377 v1,
2843 2306 3037 2378 8-10).
3088 2306 3160 2361 Et
3206 2306 3398 2377 utique
3444 2300 3622 2357 modo
3649 2300 3829 2356 dicens

2176 2406 2185 2410 '
2222 2416 2386 2473 supra
2430 2401 2487 2456 in
2518 2399 2706 2455 eadem
2738 2398 2975 2465 visione,
3009 2395 3311 2452 Dominum
3347 2392 3595 2449 Sabaoth
3634 2390 3827 2446 vidisse

2222 2506 2278 2547 se
2310 2490 2456 2546 dixit
2483 2490 2759 2547 sedentem
2789 2489 2849 2543 in
2870 2488 3072 2544 throno
3088 2485 3277 2558 gloriae
3299 2501 3438 2549 suae,
3469 2490 3525 2538 et
3542 2481 3823 2554 Seraphim

2222 2580 2497 2637 audivisse
2556 2578 2840 2635 dicentes:
2907 2601 2926 2625 ι
2993 2577 3243 2643 Sanctus,
3300 2580 3551 2639 sanctus,
3616 2578 3826 2627 sanctus

2222 2672 2492 2727 Dominus
2520 2672 2663 2726 Deus
2690 2666 2931 2724 Sabaoth
2957 2685 2972 2735 ;
3005 2667 3168 2739 plena
3193 2672 3277 2721 est
3304 2662 3493 2720 omnis
3524 2670 3678 2717 terra
3714 2677 3827 2715 tua-

2216 2760 2412 2834 jestate
2439 2760 2557 2833 ejus
2589 2760 2753 2832 (Ibid.
2789 2759 2872 2830 3).
2904 2783 2922 2805 ι
2969 2759 3038 2813 Et
3064 2765 3208 2813 certe
3240 2754 3525 2811 Dominus
3572 2750 3823 2817 Sabaoth,

2221 2853 2312 2909 cui
2344 2854 2462 2907 laus
2492 2851 2608 2907 haec
2628 2860 2680 2906 et
2721 2848 2893 2922 gloria
2924 2847 3193 2915 redditur,
3224 2863 3371 2902 unus
3399 2852 3572 2918 atque
3604 2844 3752 2899 idem
3776 2843 3825 2898 in

2223 2942 2507 3016 prophetis
2537 2942 2873 3009 ostenditur,
2906 2947 2960 2996 et
3005 2939 3121 3011 ipse
3169 2947 3250 2995 est
3280 2938 3377 3011 qui
3420 2938 3581 2993 Isaia:
3624 2938 3827 2993 locutus

2223 3042 2303 3090 est
2334 3033 2525 3089 dicens
2560 3052 2572 3089 :
2621 3056 2640 3080 ι
2686 3030 2860 3098 Quem
2913 3029 3157 3097 mittam,
3187 3037 3241 3084 et
3270 3027 3397 3100 quis
3427 3026 3537 3082 ibit
3565 3027 3643 3082 ad
3671 3043 3827 3099 pOpu-

2224 3125 2339 3179 lum
2371 3122 2581 3179 istum?
2611 3146 2628 3169 -
2671 3122 2742 3176 Et
2770 3137 2897 3177 cum
2930 3134 3074 3175 unus
3106 3127 3270 3190 atque
3302 3116 3455 3172 idem
3489 3116 3552 3171 in
3593 3117 3829 3189 prophe-

590 3239 863 3297 Nativitas
891 3250 1108 3309 quoque
1156 3232 1329 3305 ipsius
1377 3228 1601 3286 Domini
1644 3226 1771 3282 Jesu
1805 3224 2108 3281 secundum
2143 3236 2187 3297 α
2222 3212 2692 3309 Lis-signiﬁcetur,
2722 3210 2790 3308 ab
2845 3209 3107 3309 apostolis
3156 3215 3343 3306 tamen
3384 3215 3441 3262 et
3472 3207 3543 3262 ab
3591 3208 3830 3265 Ecclesia

519 3345 737 3389 carnem
780 3342 962 3384 nonne
1012 3341 1107 3397 per
1143 3323 1408 3394 Spiritum
1442 3326 1692 3375 sanctum
1742 3315 1887 3371 facta
1919 3313 2111 3387 praedi-

519 3426 695 3485 catur,
725 3416 1134 3486 evangelizante
1164 3412 1416 3467 Gabriele
1461 3408 1653 3479 angelo
1689 3405 1893 3472 Mariae,
1936 3411 1987 3459 et
2019 3402 2115 3457 di-

519 3513 675 3562 cente
709 3522 720 3558 :
764 3526 783 3547 ε
809 3502 1048 3571 Spiritus
1068 3509 1289 3553 sanctus
1309 3498 1657 3569 superveniet
1679 3495 1734 3549 in
1761 3503 1835 3562 te,
1859 3502 1912 3548 et
1939 3493 2117 3546 virtus

519 3588 793 3646 Altissimi
821 3584 1173 3640 obumbrabit
1203 3585 1304 3639 tibi
1335 3585 1488 3653 (Luc.
1524 3600 1561 3649 ι,
1593 3583 1683 3651 35)
1713 3582 1741 3637 Ῡ
1769 3604 1787 3627 ι
1831 3588 1885 3635 et
1914 3580 2114 3634 iterum

520 3674 719 3748 Ioseph
747 3674 973 3745 angelus
994 3672 1052 3726 in
1083 3671 1292 3726 somnis
1319 3678 1561 3740 apparet,
1594 3670 1781 3723 dicens
1812 3685 1825 3723 :
1871 3691 1889 3713 ε
1918 3668 2117 3740 Joseph

522 3764 604 3821 ﬁli
651 3762 852 3831 David,
882 3777 951 3816 ne
1000 3758 1251 3816 timueris
1299 3758 1544 3828 accipere
1574 3756 1799 3811 Mariam
1831 3755 2119 3827 conjugem

523 3862 678 3912 tuam
715 3870 727 3909 :
762 3850 909 3925 quod
958 3849 1105 3906 enim
1155 3848 1212 3903 in
1243 3863 1304 3904 ea
1335 3852 1649 3919 generatum
1681 3853 1779 3911 est,
1813 3843 1879 3899 de
1910 3844 2121 3915 Spiritu

528 3953 717 4002 sancto
744 3948 827 3998 est
857 3940 1069 4012 (Matth.
1101 3956 1141 4006 ι,
1170 3937 1262 4009 20)
1288 3937 1316 3992 Ῡ
1344 3960 1363 3983 ι
1407 3941 1461 3989 et
1491 3933 1620 3990 inde
1667 3933 2011 4005 perspicuum
2040 3939 2123 3988 est

531 4033 662 4107 quia
689 4031 876 4089 omnia
904 4038 958 4087 et
987 4030 1044 4086 in
1073 4026 1335 4085 omnibus
1364 4025 1480 4098 ipse
1518 4032 1775 4096 operatur
1804 4030 1857 4077 et
1884 4022 2117 4093 perﬁcit.

602 4122 710 4178 Sed
735 4121 893 4178 aiunt
923 4120 1147 4193 quidam
1181 4136 1192 4174 :
1226 4117 1428 4174 Omnia
1465 4114 1687 4186 quidem
1719 4111 1911 4169 divina
1937 4127 2122 4183 Opera-

532 4218 645 4277 tur,
689 4218 745 4264 et
798 4209 866 4263 de
922 4208 1179 4279 operibus
1232 4208 1377 4261 Deus
1439 4201 1773 4274 intelligitur
1831 4219 1844 4258 :
1899 4201 1995 4256 sed
2041 4200 2121 4255 ni-

534 4295 617 4352 hil
697 4302 881 4349 tamen
941 4310 1040 4349 sua
1121 4293 1444 4349 auctoritate
1535 4291 1797 4362 probatur
1869 4288 2120 4361 operari;

535 4384 666 4459 quia
716 4382 902 4439 omnia
948 4398 1044 4453 per
1088 4399 1213 4438 eum
1251 4385 1397 4438 Deus
1441 4391 1697 4452 operatur
1735 4389 1790 4435 et
1831 4379 2121 4436 Dominus.

535 4474 653 4531 Jam
699 4470 920 4546 quidem
965 4469 1033 4526 de
1074 4460 1409 4525 auctoritate.
1427 4467 1544 4538 ejus
1570 4470 1703 4524 satis
1731 4476 1964 4536 constat,
1999 4484 2123 4524 cum

2224 3301 2464 3357 Trinitas
2508 3298 2860 3371 intelligitur.
2896 3298 3049 3353 Unde
3098 3297 3264 3353 etiam
3314 3301 3561 3351 tractum
3616 3302 3699 3350 est
3746 3310 3831 3366 per

2225 3408 2416 3447 omnes
2454 3390 2566 3445 fere
2616 3389 2909 3445 orientales
2944 3387 3241 3455 Ecclesras,
3274 3395 3329 3441 et
3360 3385 3673 3441 nonnullas
3701 3384 3830 3440 occi-

2225 3480 2491 3547 dentales,
2525 3487 2585 3534 ut
2616 3479 2673 3533 in
2704 3477 3078 3533 oblationibus
3108 3474 3542 3542 sacriﬁciorum,
3572 3492 3698 3548 quae
3730 3476 3830 3530 Deo

2230 3570 2377 3626 Patri
2409 3569 2737 3638 oﬂ'eruntur,
2770 3583 2883 3624 una
2930 3583 3055 3622 cum
3103 3563 3385 3621 sacerdote
3429 3580 3572 3619 voce
3606 3562 3831 3635 populus

2228 3666 2437 3728 utatur,
2470 3659 2528 3714 id
2565 3667 2667 3727 est,
2714 3685 2733 3708 ι
2762 3658 3011 3728 Sanctus,
3037 3664 3278 3725 sanctus,
3310 3665 3543 3712 sanctus
3568 3655 3827 3711 Dominus

2228 3748 2375 3803 Deus
2423 3748 2708 3805 Sabaoth:
2766 3749 2927 3821 plena
2970 3754 3053 3802 est
3108 3747 3293 3801 omnis
3348 3753 3501 3801 terra
3560 3743 3826 3816 majestate

2228 3834 2364 3907 ejus.
2395 3862 2413 3885 ν
2457 3838 2603 3911 Ergo
2633 3837 2934 3894 secundum
2972 3834 3294 3909 prophetam
3342 3842 3569 3892 constat
3619 3834 3722 3891 hoc
3765 3829 3824 3886 ad

2231 3941 2517 3997 personam
2546 3927 2646 3982 Dei
2675 3926 2851 3983 Patris
2878 3925 3071 3982 referri
3101 3934 3378 3998 oportere.

2301 4017 2536 4074 Joannes
2572 4027 2753 4074 autem
2789 4018 3125 4091 evangelista
3156 4018 3426 4074 informat
3460 4034 3583 4086 nos,
3607 4024 3662 4073 et
3685 4014 3825 4072 docet

2230 4106 2297 4163 de
2345 4108 2488 4163 Filio
2544 4109 2781 4180 intelligi
2818 4108 3052 4175 debere;
3109 4124 3240 4163 nam
3282 4125 3416 4164 cum
3461 4107 3825 4181 supradictum

2231 4202 2609 4258 testimonium
2650 4200 2951 4273 Evangelio
2999 4199 3399 4272 inscripsisset,
3464 4207 3523 4255 et
3577 4200 3828 4269 interpre-

2232 4297 2377 4347 tatus
2431 4300 2591 4360 esset,
2646 4299 2829 4362 postea
2881 4288 3220 4361 subjunxit:
3279 4290 3411 4345 Haec
3464 4289 3613 4346 dixit
3651 4287 3827 4351 Isaias,

2234 4380 2452 4453 quando
2484 4379 2627 4434 vidit
2656 4378 2885 4450 gloriam
2933 4377 3070 4449 ejus,
3121 4385 3175 4433 et
3215 4378 3436 4433 locutus
3466 4362 3549 4432 est
3574 4376 3644 4432 de
3671 4392 3752 4439 eo,
3780 4372 3830 4427 id

2234 4477 2336 4536 est,
2367 4468 2604 4524 Domino
2633 4466 2875 4524 Christo.
2907 4467 3108 4523 Paulus
3153 4474 3338 4521 autem
3391 4466 3676 4538 apostolus
3722 4464 3833 4518 Bo-

536 4565 682 4620 Deus
724 4560 1005 4653 probatur,
1037 4560 1182 4614 Deus
1228 4557 1559 4653 agnoscitur,
1592 4573 1717 4653 cum
1748 4556 2127 4628 inseparabilis
2158 4596 2204 4653 Β
2238 4577 2338 4615 mae
2367 4559 2570 4616 Judaais
2595 4557 3099 4615 contradicentibus
3131 4557 3401 4613 doctrina:
3427 4573 3563 4622 sua,
3620 4563 3674 4611 et
3715 4553 3836 4608 bla-

536 4669 570 4709 a
596 4654 710 4709 Deo
751 4648 1056 4715 invenitur,
1092 4663 1218 4704 cum
1247 4645 1508 4701 unionem
1538 4643 1739 4700 habere
1767 4661 1894 4701 cum
1934 4647 2047 4700 Deo
2073 4654 2127 4701 et

536 4743 775 4802 Domino
804 4740 1186 4811 manﬁestetur
1217 4755 1229 4793 :
1269 4736 1363 4792 sed
1394 4735 1655 4808 quoniam
1704 4735 1772 4791 de
1806 4738 2129 4792 auctoritate

538 4832 657 4905 ejus
703 4829 987 4905 quaeritur,
1029 4844 1192 4902 quam
1224 4826 1507 4899 Scriptura
1534 4841 1646 4880 non
1692 4823 1885 4892 tacuit,
1914 4824 2129 4905 edoceri

538 4896 640 4979 nos
684 4896 917 4994 oportet,
953 4896 1193 4992 primum
1242 4896 1464 4990 quidem
1495 4931 1621 4971 cum
1651 4914 1858 4971 dicitur
1890 4932 1902 4969 :
1952 4896 2130 4972 {Haec

538 5021 719 5070 autem
763 5011 950 5067 omnia
990 5018 1246 5082 operatur
1274 5024 1422 5065 nunc
1451 5016 1613 5079 atque
1655 5006 1800 5062 idem
1839 5010 1985 5069 608
2013 5006 2129 5077 Spi-

538 5112 699 5181 ritus,
730 5109 986 5166 dividens
1013 5107 1248 5180 singulis
1278 5113 1438 5177 prout
1466 5105 1586 5159 vult
1609 5103 1667 5173 (I
1695 5106 1819 5160 Cor.
1853 5103 2116 5174 111,11)»

535 5200 771 5267 Dividit,
806 5198 1160 5254 manifestum
1191 5204 1273 5252 est
1301 5193 1431 5268 quia
1451 5208 1562 5248 non
1583 5210 1652 5248 ex
1681 5192 1915 5265 imperio
1943 5208 2129 5264 opera-

534 5300 627 5347 tur
655 5288 837 5344 alieno
871 5304 882 5342 :
915 5294 971 5342 et
998 5282 1391 5341 attendendum
1440 5281 1568 5353 quia
1615 5297 1735 5353 qua:
1782 5289 1946 5353 prout
1984 5281 2125 5348 vult,

534 5380 760 5449 dividit,
793 5395 905 5436 non
951 5385 1033 5435 est
1075 5377 1340 5448 scriptum
1371 5390 1490 5446 quas
1520 5372 1700 5428 aliena
1727 5378 1876 5428 sunt.
1908 5372 1979 5426 Et
2012 5388 2127 5427 rur-

532 5487 655 5528 sum
686 5470 744 5525 in
773 5468 1005 5526 Actibus
1031 5465 1406 5539 apostolorum
1438 5462 1673 5535 legimus
1706 5479 1717 5517 :
1765 5485 1783 5507 ι
1806 5461 2127 5518 Deservien-

530 5558 680 5614 tibus
725 5563 906 5611 autem
967 5555 1081 5611 illis
1136 5562 1189 5611 et
1247 5550 1631 5624 jejunantibus
1680 5550 1935 5617 Domino,
1983 5548 2129 5607 dixit

529 5645 770 5716 Spiritus
822 5652 1040 5700 sanctus
1099 5661 1110 5698 :
1170 5636 1454 5714 Segregate
1516 5639 1655 5696 mihi
1712 5639 2019 5695 Barnabam
2074 5645 2129 5693 et

530 5730 782 5795 Paulum,
815 5731 873 5785 in
901 5747 1038 5801 opus
1070 5731 1138 5788 ad
1167 5731 1315 5802 quod
1342 5729 1536 5787 vocavi
1562 5746 1654 5786 eos
1685 5729 1826 5799 (Act.
1861 5745 1982 5797 xm,
2008 5728 2113 5800 2).»

2235 4648 2651 4721 sphemantibus
2679 4647 2825 4703 viam
2852 4647 3077 4704 Domini
3109 4646 3338 4715 Christi,
3371 4645 3624 4701 exaltans
3653 4659 3833 4700 vocem

2238 4755 2412 4809 suam,
2444 4741 2521 4796 ait
2551 4758 2562 4795 :
2610 4764 2629 4786 ι
2660 4740 2804 4795 Bene
2835 4738 3189 4812 prophetavit
3218 4739 3464 4811 Spiritus
3498 4744 3725 4793 sanctus
3753 4753 3839 4810 per

2239 4829 2456 4897 Isaiam,
2510 4828 2697 4885 dicens
2729 4847 2740 4885 :
2777 4828 2948 4897 Vade,
3000 4835 3054 4884 et
3101 4827 3192 4884 dic
3221 4828 3430 4900 populo
3462 4825 3602 4882 huic
3635 4844 3649 4881 :
3700 4827 3838 4881 Aure

2239 4918 2494 4987 audietis,
2525 4927 2579 4974 et
2608 4935 2719 4975 non
2746 4919 3102 4992 intelligetis;
3152 4927 3207 4974 et
3254 4916 3513 4972 videntes
3558 4913 3837 4981 videbitis,

2239 5017 2291 5064 et
2312 5024 2422 5064 non
2450 5009 2744 5081 aspicietis,
2777 5035 2795 5058 ι
2838 5018 2941 5065 etc.
2971 5010 3113 5079 (Act.
3149 5024 3359 5074 xxvm,
3399 5005 3489 5076 25,
3540 5006 3663 5079 26).
3708 5004 3838 5063 Cum

2239 5114 2366 5169 ergo
2395 5098 2453 5153 in
2483 5097 2769 5170 prophetia
2812 5098 3078 5153 divinitas
3126 5112 3238 5152 una
3286 5095 3557 5152 doceatur
3600 5094 3669 5151 ab
3708 5109 3838 5166 apo—

2239 5189 2415 5256 stolis,
2458 5197 2511 5245 et
2555 5196 2737 5245 tamen
2773 5188 2841 5244 ab
2887 5187 3133 5245 Ecclesia
3181 5188 3433 5243 Trinitas
3479 5186 3831 5258 intelligatur,

2239 5276 2538 5333 certissime
2568 5277 2756 5350 utique
2803 5277 3068 5333 docemur
3105 5275 3234 5349 quia
3274 5275 3529 5331 Trinitas
3558 5275 3704 5332 idem
3734 5273 3833 5327 Pa-

2239 5374 2323 5422 ter
2375 5374 2429 5421 et
2489 5366 2664 5423 Filius
2724 5374 2780 5423 et
2829 5366 3068 5438 Spiritus
3118 5372 3346 5422 sanctus
3405 5381 3585 5421 unum
3614 5373 3669 5420 et
3702 5376 3830 5418 unus

2238 5456 2383 5509 Deus
2409 5464 2538 5511 sunt
2563 5472 2573 5510 :
2606 5463 2660 5511 et
2688 5471 2812 5511 cum
2845 5471 2990 5510 unus
3018 5456 3164 5511 Deus
3193 5454 3585 5527 intelligantur
3604 5462 3659 5510 et
3682 5467 3831 5524 agno-

2237 5551 2480 5614 scantur,
2510 5543 2676 5601 unius
2720 5544 2886 5600 etiam
2944 5552 2999 5600 et
3051 5543 3406 5601 auctoritatis
3464 5543 3833 5616 intelligantur

2237 5650 2453 5690 necesse
2482 5642 2581 5690 est.
2614 5635 2685 5689 Et
2730 5650 2948 5689 rursum
2986 5632 3257 5688 Dominus
3301 5632 3362 5688 in
3400 5632 3706 5704 Evangelio
3733 5630 3825 5685 hu-

2229 5728 2324 5799 jus
2349 5727 2574 5785 unionis
2602 5726 2926 5784 Trinitatem
2956 5727 3115 5786 docet
3132 5726 3327 5787 dicens
3360 5745 3375 5786 :
3430 5753 3452 5778 ι
3476 5729 3692 5786 Euntes
3713 5738 3824 5795 ergo
