3902 6198
277 418 411 479 1101

1256 426 1350 482 DE
1393 425 1799 486 CONCORDIA
1835 429 2183 486 MATTHZEI
2226 430 2315 485 ET
2354 429 2582 487 LUCzE.

3435 439 3571 495 1102

274 549 467 606 docete
528 566 718 606 omnes
773 557 978 624 gentes,
1033 551 1370 624 baptizantes
1410 569 1501 609 eos
1551 555 1607 608 in
1645 555 1870 609 nomine
1905 556 1951 613 A
1984 554 2248 626 abnegare
2283 563 2587 612 conantur:
2635 556 2809 627 ipsam
2857 565 3036 614 autem
3090 568 3308 630 negant,
3359 563 3577 633 quando

274 639 475 704 Patris,
506 647 559 695 et
587 639 739 708 Filii,
793 649 847 696 et
895 640 1133 712 Spiritus
1182 643 1378 710 sancti,
1430 667 1448 689 ι
1501 651 1608 700 etc.
1659 644 1871 715 (Matth.

275 745 479 798 xxvm,
525 729 636 800 19).
687 731 758 786 Et
798 745 922 785 cum
976 730 1172 798 Patris,
1221 739 1275 786 et
1333 731 1482 799 Filii,
1537 741 1590 787 et
1639 733 1876 804 Spiritus

276 817 454 874 sancti
511 818 937 890 signiﬁcantiam
1005 819 1284 887 edidisset,
1350 819 1638 878 Trinitatis
1693 830 1873 878 tamen

276 907 452 980 ipsius
484 923 684 962 nomen
716 924 889 962 unum
920 906 1208 964 observare
1239 925 1338 964 nos
1363 907 1572 976 docuit,
1606 910 1751 981 quod
1773 918 1872 978 est,

291 1018 311 1042 ι
334 996 590 1061 Sanctus,
624 1005 866 1063 sanctus,
897 1004 1137 1064 sanctus,
1163 998 1432 1052 Dominus
1447 999 1593 1053 Deus
1614 997 1871 1065 Sabaoth;

279 1086 442 1158 plena
493 1093 576 1140 est
629 1086 810 1140 omnis
857 1079 1004 1142 terra
1056 1086 1341 1158 majestate
1381 1087 1531 1159 ejus;
1589 1112 1606 1135 ι
1660 1105 1722 1144 ac
1782 1105 1878 1160 per

276 1174 384 1231 hoc
413 1175 754 1231 consuetudo
802 1174 1098 1246 Scriptura
1154 1177 1444 1232 manifesta
1499 1184 1598 1244 est,
1649 1193 1769 1248 quae
1825 1185 1878 1232 et

278 1282 405 1322 cum
437 1281 609 1320 unum
641 1267 816 1321 Deum
849 1274 1150 1339 nuncupat,
1176 1267 1517 1324 intellectum
1547 1277 1729 1324 tamen
1761 1269 1876 1324 Tri-

280 1353 473 1410 nitatis
520 1370 630 1409 non
683 1363 974 1427 amputat:
1035 1363 1089 1411 et
1139 1373 1264 1412 cum
1312 1357 1487 1413 Patris
1534 1365 1587 1413 et
1641 1357 1769 1412 Filii
1823 1364 1878 1412 et

278 1445 518 1518 Spiritus
546 1447 723 1504 sancti
758 1448 1034 1519 meminit,
1069 1465 1270 1506 nomen
1301 1466 1413 1508 non
1451 1451 1723 1507 interimit
1753 1467 1878 1506 ma-

271 1535 490 1608 jestatis
518 1537 704 1593 unius.

347 1629 420 1686 Et
449 1627 583 1702 quid
613 1630 813 1701 plura?
841 1630 1070 1688 Deﬁciet
1099 1629 1238 1687 mihi
1269 1631 1482 1704 pagina,
1503 1632 1721 1689 deﬁciet
1744 1639 1878 1687 tem-

278 1733 402 1790 pus,
435 1717 480 1772 si
519 1727 718 1774 cuncta
746 1736 867 1792 quae
897 1719 966 1775 ad
1007 1720 1340 1792 probandam
1371 1720 1718 1777 divinitatem
1747 1720 1881 1792 Spi-

277 1806 421 1863 ritus
457 1807 634 1864 sancti
664 1810 870 1881 scripta
907 1819 1056 1878 sunt,
1102 1810 1384 1866 revolvere
1425 1819 1519 1866 aut
1561 1826 1879 1866 enumerare

1986 662 2095 701 non
2133 645 2208 702 ita
2255 653 2316 700 ut
2365 655 2464 713 est,
2514 647 2688 701 Deum
2728 647 3002 703 fatentur:
3059 650 3277 721 quando
3335 667 3444 707 non
3505 653 3580 707 ita

1985 736 2238 803 credunt,
2271 743 2332 791 ut
2361 735 2640 806 Scriptura
2669 735 2860 792 divina
2902 755 3000 793 nos
3044 739 3250 808 docuit,
3279 751 3332 797 et
3361 751 3420 798 ut
3452 760 3579 799 cre-

1986 825 2112 880 dere
2159 832 2411 896 oportet;
2463 825 2554 880 sed
2597 835 2758 897 prout
2807 825 2931 881 illos
2981 828 3208 884 traxerit
3258 847 3447 886 sensus
3494 835 3578 888 sui

1987 912 2190 968 libido:
2226 920 2278 967 et
2308 921 2367 967 ut
2398 913 2708 984 intelligant
2747 931 2907 986 quam
2946 917 3103 986 longe
3131 933 3161 971 a
3192 917 3297 973 [ide
3328 921 3425 974 Dei
3447 921 3576 990 sint,

1986 1011 2079 1058 aut
2112 1020 2272 1074 quam
2315 1004 2478 1058 alieni
2512 1020 2541 1058 a
2580 1005 2752 1060 salute
2793 1021 2911 1076 quae
2951 1014 3031 1060 est
3079 1007 3134 1060 in
3183 1008 3400 1063 Christo
3431 1011 3577 1077 Jesu,

1986 1093 2078 1164 qui
2111 1091 2375 1162 Spiritum
2411 1102 2679 1161 sanctum,
2728 1110 2836 1166 quo
2879 1094 3159 1151 credentes
3198 1097 3478 1167 signamur
3522 1099 3578 1153 in

1986 1180 2074 1236 die
2124 1181 2516 1252 redemptionis
2572 1191 2792 1251 nostra},
2846 1185 3170 1241 contristare
3217 1195 3269 1241 et
3316 1186 3582 1259 abnegare

1986 1272 2276 1328 nituntur:
2313 1280 2364 1328 et
2385 1274 2636 1329 utsciant
2664 1277 2756 1346 qui
2789 1275 2920 1329 talia
2945 1275 3209 1342 sentiunt,
3244 1277 3371 1349 quia
3393 1278 3579 1349 hujus-

1987 1362 2136 1417 modi
2169 1363 2571 1430 machinantur,
2606 1380 2724 1436 quae
2747 1380 2921 1438 neque
2950 1365 3018 1420 ad
3046 1366 3284 1434 veniam,
3318 1384 3493 1441 neque
3514 1371 3580 1426 ad

1989 1452 2365 1507 remissionem
2389 1461 2732 1523 peccatorum
2752 1467 2976 1508 suorum
2999 1462 3256 1525 poterunt
3283 1457 3578 1527 pertinere;

1987 1539 2116 1612 quia
2150 1540 2413 1612 scriptum
2443 1549 2525 1596 est
2555 1560 2566 1596 :
2616 1565 2633 1589 ε
2673 1541 2779 1608 Qui
2817 1549 2996 1597 autem
3034 1543 3494 1615 blasphemaverit
3525 1547 3582 1601 in

1987 1629 2253 1700 Spiritum
2293 1637 2566 1699 sanctum,
2607 1647 2719 1685 non
2761 1631 3076 1687 remittetur
3104 1633 3152 1688 ei
3184 1650 3358 1707 neque
3389 1636 3446 1690 in
3477 1635 3583 1693 hoc

1987 1719 2208 1786 saeculo,
2243 1735 2416 1790 neque
2448 1721 2504 1774 in
2533 1720 2718 1775 futuro
2761 1721 2972 1790 (Matth.
3002 1739 3103 1790 xu,
3138 1723 3269 1794 32);
3312 1747 3329 1770 ι
3373 1725 3465 1780 sed
3500 1725 3579 1780 illi

1988 1823 2043 1861 se
2074 1807 2259 1878 potius
2291 1809 2576 1864 sententiae
2626 1807 2894 1879 subjicere
2942 1826 3052 1864 non
3102 1813 3367 1881 nesciant,
3420 1830 3582 1885 quam

279 1895 526 1952 voluero.
567 1897 694 1954 Haec
724 1908 906 1954 autem
937 1898 1180 1956 breviter
1208 1899 1357 1956 dicta
1401 1908 1528 1956 sunt
1574 1899 1642 1955 ad
1681 1907 1880 1954 retun-
1909 1909 1954 1968 Β
1991 1895 2181 1951 divina
2211 1911 2466 1952 mensura
2494 1896 2637 1952 idem
2670 1913 2766 1967 per
2801 1913 2862 1963 ps
2900 1897 3050 1952 Isaia:
3081 1899 3312 1969 protulit
3357 1900 3578 1956 dicens:

281 1983 519 2041 dendam
561 1985 962 2059 impudentiam
993 2005 1204 2057 eorum,
1237 1989 1332 2062 qui
1367 1988 1715 2044 divinitatem
1747 1987 1882 2060 Spi-

278 2075 420 2132 ritus
452 2077 648 2146 sancti,
672 2079 806 2147 imo,
831 2087 890 2134 ut
918 2078 1103 2134 verius
1121 2079 1324 2148 dicam,
1355 2080 1529 2152 ipsam
1558 2079 1882 2134 Trinitatem

277 2200 2403 2230 ῃ

2005 2011 2023 2034 ι
2053 1985 2272 2043 Vermis
2300 2000 2488 2040 eorum
2520 2000 2630 2040 non
2665 1984 2951 2053 morietur,
2994 1995 3045 2040 et
3086 1985 3227 2057 ignis
3255 2003 3442 2043 eorum
3473 2006 3583 2045 non

1991 2075 2376 2146 exstinguetur
2404 2074 2540 2146 (Isa.
2575 2089 2728 2140 var,
2758 2071 2877 2143 24).
2910 2097 2928 2120 ι

2868 2213 3242 2224 ———_

3245 2215 3582 2224 ——————-—-—

1593 2359 2278 2446 MONITUM.

352 2635 505 2692 Hanc
532 2651 748 2708 quoque
778 2634 1239 2708 scriptiunculam
1283 2634 1544 2692 debemus
1573 2636 1820 2700 Gillotio,
1862 2634 1958 2708 qui
1987 2651 2105 2690 eam
2137 2651 2164 2690 e
2193 2633 2476 2691 codicibus
2503 2633 2719 2692 duobus
2751 2652 2918 2692 manu
2947 2635 3202 2705 exaratis,
3237 2639 3409 2694 altero
3437 2641 3585 2695 Dio-

279 2726 538 2798 nysiano.
580 2728 752 2783 altero
783 2726 1094 2794 Victorino,
1130 2728 1187 2782 in
1218 2727 1419 2799 quibus
1447 2727 1740 2783 ascribitur
1766 2734 1953 2782 sancto
1985 2723 2300 2791 Ambrosio,
2351 2722 2405 2777 in
2457 2724 2635 2778 lucem
2689 2723 2892 2780 emisit.
2943 2724 3097 2790 Quod
3151 2743 3281 2780 vero
3329 2744 3446 2783 eam
3494 2745 3583 2782 nec

276 2816 505 2870 materia
531 2832 620 2870 nec
648 2819 786 2887 style
831 2816 1126 2872 abhorrere
1156 2833 1187 2871 a
1214 2818 1449 2872 Doctore
1478 2824 1665 2871 nostro
1694 2815 2000 2888 proﬁtetur.
2030 2830 2140 2868 non
2173 2829 2462 2884 possumus
2477 2813 2720 2884 profecto
2749 2813 3092 2868 subscribere
3127 2814 3277 2870 illius
3307 2817 3578 2886 opinioni,

275 2906 373 2962 sed
404 2906 473 2962 ad
517 2893 824 2978 simplicem
855 2906 1131 2964 schedulaa
1163 2908 1334 2980 ipsius
1373 2908 1688 2975 lectionem,
1733 2916 1783 2962 et
1833 2906 2070 2961 maxime
2110 2902 2306 2957 horum
2345 2903 2659 2967 verborum,
2709 2901 2796 2956 sed
2828 2903 2991 2973 hujus
3027 2903 3331 2973 quaestionis
3381 2906 3503 2959 talis
3549 2924 3580 2961 a

277 2995 534 3051 Patribus
562 2995 754 3051 solutio
784 2996 978 3065 datur,
1011 2995 1507 3054 considerationem
1537 2995 1771 3052 ﬁdenter
1799 3009 2180 3066 provocamus.

542 3280 738 3426 DE
860 3158 1671 3427 CONGORDIA
1786 3277 2484 3426 MATTHXEI
2601 3277 2785 3424 ET
2898 3278 3318 3426 LUC/E

931 3560 936 3564 -
1031 3524 1161 3608 IN
1251 3523 2123 3610 GENEALOGIA
2213 3520 2819 3609 CHRISTI.

329 3805 496 3881 ’609
526 3827 589 3882 In
622 3825 828 3884 Christi
868 3826 1216 3900 generatione
1262 3827 1552 3884 Mattheus
1602 3835 1656 3882 et
1703 3825 1876 3880 Lucas
1911 3819 1954 3878 C
1983 3833 2155 3889 usque
2206 3817 2274 3874 ad
2328 3817 2607 3875 Christum
2650 3824 2840 3873 natum
2879 3817 3076 3874 ducere
3124 3821 3335 3889 volenS,
3387 3838 3497 3878 non
3551 3839 3579 3879 a

258 3915 562 3973 dissentire
592 3915 873 3985 videntur,
919 3926 1203 3988 propterea
1247 3915 1394 3989 quod
1443 3933 1568 3972 cum
1608 3915 1764 3982 alter,
1815 3913 1872 3970 id

257 4014 374 4075 est,
422 4006 712 4062 Mattheus
751 4006 1154 4075 descendendo,
1210 4008 1368 4072 alter,
1427 4005 1483 4062 id
1537 4013 1638 4074 est,
1701 4005 1874 4060 Lucas

256 4094 636 4162 ascendendo,
706 4093 954 4164 ejusdem
1013 4095 1379 4164 generationis
1438 4093 1632 4148 seriem
1701 4100 1868 4148 texat.

256 4182 562 4240 Matthaaus
583 4181 804 4252 quidem
837 4181 905 4235 ab
929 4181 1205 4237 Abraham
1229 4181 1517 4236 exordium
1541 4181 1872 4236 narrationis

254 4285 514 4334 sumens,
542 4275 596 4322 et
627 4266 695 4322 ad
724 4267 901 4322 David
932 4284 1102 4339 usque
1140 4268 1496 4334 descendens,
1545 4268 1744 4324 deinde
1780 4285 1873 4340 per

257 4359 619 4418 Salomonem
646 4371 818 4426 usque
844 4354 913 4410 ad
940 4355 1140 4426 Ioseph
1181 4355 1381 4410 lineam
1433 4354 1657 4409 deducit
1690 4373 1701 4410 :
1754 4357 1873 4410 Lu-

258 4464 363 4506 cas
389 4462 518 4501 vero
547 4461 579 4500 a
607 4443 808 4515 Ioseph
834 4442 1124 4515 incipiens,
1168 4459 1262 4514 per
1291 4442 1508 4498 Nathan
1555 4442 1624 4498 ad
1670 4444 1867 4514 David,

260 4546 327 4595 et
356 4553 389 4592 a
414 4535 592 4593 David
626 4549 800 4606 usque
827 4532 896 4588 ad
928 4532 1226 4600 Abraham,
1259 4540 1533 4605 postremo
1577 4532 1644 4587 ab
1685 4533 1871 4588 Abra—

262 4629 401 4685 ham
442 4642 615 4699 usque
646 4623 714 4680 ad
742 4622 919 4679 Adam
969 4622 1334 4694 generationis
1381 4622 1628 4678 ordinem
1681 4624 1872 4677 revol—

265 4717 455 4773 vendo
475 4714 738 4772 ascendit.
770 4713 922 4770 Unde
951 4711 1220 4783 contingit
1241 4721 1302 4768 ut
1329 4729 1360 4768 a
1388 4713 1563 4768 David
1592 4712 1866 4782 deorsum,

265 4823 400 4866 cum
431 4807 525 4862 ille
555 4822 651 4878 per
675 4804 911 4872 Nathan,
944 4802 1046 4860 iste
1075 4819 1170 4873 per
1198 4801 1542 4857 Salomonem
1574 4803 1869 4874 generatio-

268 4896 365 4954 nis
393 4896 668 4951 tramitem
700 4894 1117 4961 deducat,totus
1136 4907 1273 4963 pene
1294 4893 1718 4963 computationis
1735 4893 1870 4948 ordo

272 4985 560 5043 dissideat.
593 4985 698 5040 Sed
728 4985 856 5057 quia
885 4981 1163 5053 Scriptura
1193 4997 1344 5037 sacra
1373 4981 1588 5036 diversa
1614 4984 1872 5055 quando-

275 5091 384 5148 que
401 5075 617 5145 recipit,
633 5073 858 5129 adversa
879 5079 1059 5126 autem
1079 5071 1305 5125 omnino
1317 5085 1426 5124 non
1442 5070 1710 5138 admittit;
1738 5072 1869 5127 dum

1985 3909 2162 3980 primo
2193 3916 2412 3979 parente
2443 3909 2642 3975 Adam,
2674 3908 2766 3962 sed
2798 3907 2865 3962 ab
2899 3907 3173 3962 Abraham
3206 3925 3434 3966 exorsus
3460 3921 3573 3980 est;

1981 4007 2042 4050 ut
2070 3995 2377 4050 ostenderet
2405 3995 2553 4067 quod
2583 3995 2855 4066 susceptio
2886 3996 3065 4051 carnis
3088 3997 3142 4050 in
3168 3997 3310 4050 Filio
3339 3999 3434 4053 Dei
3465 4017 3572 4055 non

1983 4084 2088 4138 fuit
2119 4083 2306 4154 primae
2343 4083 2678 4138 conditionis
2707 4083 3005 4152 institutio,
3054 4083 3146 4139 sed
3194 4086 3574 4157 promissionis

1982 4171 2328 4244 postmodum
2361 4170 2515 4224 factae
2555 4169 2821 4241 impletio.
2874 4171 3048 4227 Lucas
3093 4190 3224 4228 vero
3272 4191 3301 4229 a
3354 4173 3572 4231 Christo

1981 4258 2253 4331 baptizato
2283 4257 2571 4330 incipiens,
2604 4273 2714 4313 non
2764 4258 2819 4313 in
2861 4258 3038 4315 David
3068 4261 3154 4316 vel
3186 4262 3243 4317 in
3270 4263 3568 4331 Abraham,

1981 4348 2074 4405 sed
2123 4365 2222 4405 nec
2270 4348 2325 4402 in
2375 4348 2548 4404 Adam
2597 4349 2762 4404 ﬁnem
2803 4351 2977 4407 fecit:
3024 4352 3116 4407 sed
3163 4369 3258 4424 per
3305 4355 3481 4410 David
3519 4363 3572 4409 et

1980 4436 2255 4493 Abraham
2287 4445 2448 4510 atque
2473 4437 2647 4493 Adam
2679 4440 2970 4506 transiens,
3002 4441 3070 4496 ad
3100 4442 3270 4495 Deum
3305 4443 3568 4509 ascendit,

1980 4535 2041 4582 ut
2066 4535 2246 4599 aperte
2275 4525 2427 4582 daret
2467 4527 2721 4598 intelligi,
2767 4528 2913 4600 quod
2943 4527 2981 4582 ii
3013 4529 3106 4600 qui
3134 4546 3228 4600 per
3257 4531 3572 4600 generatio-

1981 4633 2102 4672 nem
2160 4616 2340 4674 carnis
2395 4616 2497 4672 lilii
2551 4624 2680 4672 sunt
2723 4616 3032 4684 hominum,
3064 4635 3158 4689 per
3197 4620 3570 4689 regeneratio—

1980 4723 2102 4762 nem
2143 4707 2486 4778 baptiswatis
2516 4707 2571 4760 in
2603 4707 2949 4777 adoptionem
2997 4716 3282 4764 transeunt
3326 4709 3566 4766 deitatis.

1980 4797 2106 4852 Ideo
2134 4797 2422 4852 Matthazus
2451 4796 2506 4848 in
2540 4795 2852 4865 genealogia
2891 4812 3001 4849 non
3042 4797 3147 4851 nisi
3193 4801 3466 4854 naturales
3496 4802 3571 4854 li—

1981 4887 2082 4941 lios
2113 4894 2428 4956 computare
2458 4883 2636 4937 voluit
2671 4901 2680 4937 :
2716 4884 2886 4939 Lucas
2932 4901 3061 4940 vero
3111 4885 3254 4942 inter
3293 4891 3572 4945 naturales

1979 4975 2140 5030 etiam
2167 4973 2453 5044 adoptivos
2482 4972 2737 5039 ascribit;
2763 4983 2823 5028 ut
2843 4975 3160 5030 ostendatur
3187 4987 3238 5032 et
3270 4978 3326 5032 in
3353 4978 3571 5035 Christo

1981 5071 2236 5120 nascente
2266 5079 2393 5118 vera
2433 5061 2600 5116 fuisse
2638 5061 2818 5117 carnis
2864 5065 3158 5136 susceptio,
3208 5075 3261 5122 et
3308 5066 3363 5121 in
3414 5070 3574 5124 nobis

276 5177 394 5220 non
434 5161 814 5234 permittimur
842 5159 1062 5216 credere
1105 5157 1567 5226 contrarietatem,
1620 5159 1875 5215 latentem
1907 5176 1954 5234 D
1987 5153 2398 5209 renascentibus
2444 5167 2552 5207 non
2598 5167 2691 5222 per
2735 5159 3012 5219 naturam,
3061 5155 3155 5210 sed
3203 5173 3298 5228 per
3346 5159 3572 5228 gratiam

275 5255 530 5328 cogimur
556 5272 796 5328 quaerere
827 5255 1137 5310 veritatem.
1173 5251 1463 5308 Matthzeus
1501 5251 1667 5322 igitur
1705 5267 1875 5323 gene—

277 5346 548 5404 rationem
581 5345 786 5403 Christi
817 5343 1198 5402 descendendo
1232 5348 1535 5413 computat,
1583 5341 1873 5398 ostendens

280 5436 485 5494 Filium
533 5435 633 5492 Dei
687 5451 782 5506 per
824 5435 1006 5492 carnis
1058 5433 1459 5506 susceptionem
1509 5432 1712 5488 factum
1759 5448 1873 5488 esse

281 5525 486 5583 Filium
517 5523 761 5581 hominis
792 5543 803 5579 :
839 5524 1013 5582 Lucas
1038 5523 1285 5580 eamdem
1323 5520 1668 5578 ascendendo
1708 5521 1870 5589 texit,

279 5612 664 5670 demonstrans
723 5611 870 5669 ﬁlios
914 5613 1207 5670 hominum
1255 5610 1396 5668 efﬁci
1454 5608 1599 5666 ﬁlios
1635 5607 1735 5664 Dei
1780 5624 1875 5681 per

285 5702 514 5774 gratiam
538 5699 869 5782 adoptionis.

353 5793 647 5863 Propterea
701 5791 865 5848 etiam
923 5790 1210 5851 Matthzeus
1266 5788 1632 5866 generationis
1679 5786 1873 5847 seriem

1985 5241 2273 5314 provenire
2303 5239 2545 5310 adoptio.
2597 5240 2719 5294 Haac
2766 5255 2893 5312 ergo
2948 5241 3055 5297 fuit
3099 5260 3260 5299 causa
3307 5261 3472 5316 quare
3518 5245 3575 5299 in

1981 5329 2348 5405 generationis
2394 5329 2532 5386 serie
2579 5329 2716 5385 alios
2756 5329 3067 5400 Matthaaus,
3121 5341 3175 5388 et
3221 5334 3358 5389 alios
3405 5335 3578 5390 Lucas

1982 5429 2159 5494 patres
2192 5419 2415 5492 posuit;
2459 5419 2587 5492 quia
2618 5419 2730 5487 ille,
2767 5419 2909 5475 sicut
2940 5419 3206 5489 diximus,
3237 5423 3381 5478 solos
3409 5430 3580 5478 natu-

1982 5511 2153 5566 rales:
2198 5509 2300 5565 iste
2328 5526 2460 5564 vero
2485 5508 2830 5564 naturalibus
2859 5509 3022 5564 etiam
3057 5509 3346 5581 adoptivos
3371 5527 3580 5565 connu-

1983 5600 2295 5655 meraverit.
2320 5597 2478 5665 Quod
2500 5605 2561 5652 ut
2578 5597 2772 5653 melius
2790 5607 2969 5670 patere
2996 5599 3187 5670 possit,
3222 5607 3582 5669 utrorumque

1984 5689 2357 5744 narrationem
2395 5687 2760 5744 conferamus.

2055 5785 2202 5844 Ordo
2252 5786 2616 5856 generationis
2659 5785 2864 5842 Christi
2912 5782 3216 5842 secundum
3264 5779 3582 5840 Matthaeum
