3902 6198
287 266 436 326 Μθό
1229 279 1324 334 DE
1362 278 1748 338 DIGNITATE
1820 283 1848 340 Ε

1963 284 2263 342 DITIONIS
2302 287 2648 345 HUMAN/E.
3457 295 3594 353 1106

1193 407 3585 445 _.._._.____________________________

1600 562 2275 652 MONlTUM.

360 855 605 914 Libellus
631 873 663 913 a
688 858 851 916 nobis
882 858 1027 916 infra
1065 862 1298 934 positus,
1354 863 1411 919 in
1455 863 1715 921 omnibus
1759 865 1998 939 Operum
2049 862 2545 922 Ambrosianorum
2594 864 2934 924 editionibus
2985 869 3155 927 libros
3209 872 3586 936 Hexaemeron

280 948 542 1022 proxime
571 949 820 1022 sequitur
848 969 862 1019 ;
915 953 1008 1009 sed
1042 960 1249 1011 veteres
1279 953 1550 1012 editiones
1580 956 1906 1029 prudentem
1946 974 2009 1014 ac
2040 956 2399 1013 necessariam
2431 956 2742 1013 cautionem
2775 958 3142 1017 adhibuerant
3183 962 3334 1020 hisce
3379 966 3584 1035 verbis,

275 1039 381 1110 qui
411 1045 587 1095 sancto
616 1038 898 1096 Ambrosio
928 1043 1137 1098 auctori
1163 1061 1197 1099 a
1225 1045 1540 1115 quibusdam
1565 1047 1855 1101 ascribitur
1884 1066 1895 1104 :
1942 1056 1998 1102 at
2035 1047 2301 1112 Romana,
2334 1045 2527 1101 iisdem
2560 1045 2741 1102 verbis
2773 1064 2802 1103 e
2833 1047 3014 1105 medio
3044 1050 3295 1120 sublatis,
3327 1054 3581 1112 eumdem

280 1135 580 1186 tractatum
612 1130 729 1185 sine
763 1130 875 1187 ulla
902 1119 1466 1191 restrictione'sancto
1496 1138 1721 1194 Doctori
1755 1137 2116 1211 adjudicavit.
2164 1135 2556 1192 Verumtamen
2596 1136 2739 1191 nihil
2771 1137 2953 1193 videat
2983 1149 3198 1212 oportet
3236 1119 3295 1196 in
3336 1143 3583 1200 Ambro-

276 1219 457 1277 sianis
503 1220 1000 1291 lucubrationibus,
1056 1224 1149 1297 qui
1194 1223 1337 1283 hanc
1363 1228 1514 1284 illius
1542 1247 1658 1286 esse
1688 1231 1794 1286 sibi
1827 1231 2196 1303 persuadeat,
2225 1226 2358 1281 Nam
2404 1234 2764 1299 praeterquam
2804 1228 2952 1300 quod
2988 1230 3131 1285 nihil
3163 1247 3393 1305 usquam
3438 1232 3583 1289 Am-

276 1306 528 1364 brosiani
575 1308 767 1380 spirat,
816 1310 1184 1368 certissimum
1218 1321 1298 1369 est
1324 1323 1613 1373 centonem
1647 1336 1782 1385 esse,
1834 1318 1995 1390 cujus
2024 1321 2201 1391 prima
2229 1335 2295 1374 ac
2324 1325 2598 1390 postrema
2627 1334 2751 1390 pars
2776 1317 3060 1375 invenitur
3089 1321 3233 1392 apud
3280 1323 3580 1380 Alcuinum

273 1397 387 1454 sub
417 1397 522 1455 hoc
545 1398 800 1455 lemmate
825 1419 836 1456 :
862 1400 1019 1456 Dicta
1043 1401 1178 1457 beati
1207 1402 1391 1459 Albini
1420 1406 1587 1462 levita:
1614 1425 1773 1479 super
1806 1410 1943 1465 illud
1966 1413 2234 1479 Geneseos,
2258 1412 2539 1466 Faciamus
2559 1411 2816 1465 hominem
2837 1412 2992 1482 (Gen.
3009 1413 3181 1484 1,26),
3201 1421 3337 1481 etc.;
3369 1414 3498 1470 item
3522 1415 3580 1472 in

272 1488 427 1546 libro
453 1491 515 1546 de
545 1491 753 1561 Spiritu
779 1497 828 1546 et
851 1492 1049 1549 Anima
1080 1494 1147 1549 ad
1179 1495 1382 1551 calcem
1411 1498 1548 1553 tomi
1579 1500 1722 1556 sexti
1755 1502 2144 1573 Augustiniani
2174 1504 2359 1561 edito:
2408 1520 2509 1559 nec
2538 1519 2647 1559 non
2679 1503 2964 1559 sententia:
2994 1505 3204 1578 aliquot
3240 1503 3297 1561 in
3342 1513 3580 1565 tractatu

269 1577 498 1634 Paulini
530 1579 903 1653 Aquileiensis
944 1580 1006 1636 de
1034 1583 1361 1638 salutaribus
1393 1584 1747 1657 Documentis,
1780 1592 1877 1663 qui
1920 1593 2081 1649 etiam
2123 1594 2180 1650 in
2220 1594 2406 1650 eadem
2438 1594 2753 1667 Appendice
2798 1577 3201 1668 Augustiniana
3236 1598 3574 1655 continetur.

267 1670 437 1738 Quod
467 1687 597 1727 vero
636 1670 703 1727 ad
734 1679 946 1744 partem
982 1672 1388 1744 intermediam,
1436 1676 1504 1732 ab
1536 1679 1647 1735 illis
1672 1681 1940 1738 nimirum
1973 1685 2175 1751 verbis,
2224 1692 2269 1740 et
2296 1686 2431 1751 ideo,
2477 1684 2806 1741 dilectissime
2834 1687 2933 1758 ﬁli,
2984 1704 3155 1760 usque
3198 1687 3267 1743 ad
3308 1688 3417 1745 alia
3459 1690 3577 1756 illa,

265 1778 303 1817 ο
338 1761 668 1818 dilectissime
696 1763 796 1834 ﬁli,
820 1764 1023 1830 habeto,
1051 1781 1215 1838 quam
1244 1767 1589 1840 suspicamur
1617 1773 1860 1830 auctoris
1886 1789 2001 1831 esse
2030 1775 2265 1848 ipsomet
2296 1775 2532 1831 Alcuino
2562 1783 2623 1831 ut
2653 1775 3009 1844 obscurioris,
3030 1775 3107 1832 ita
3136 1784 3190 1832 et
3217 1777 3571 1849 posterioris;

264 1866 405 1907 cum
436 1866 601 1923 prope
630 1851 806 1925 major
832 1852 906 1910 sit
935 1853 1059 1912 aliis
1086 1854 1319 1926 duabus,
1370 1873 1471 1916 nec
1500 1858 1674 1934 ipsam
1703 1862 1839 1919 alibi
1870 1864 2108 1937 reperire
2137 1863 2299 1921 nobis
2327 1864 2568 1933 licuerit,
2619 1872 2681 1921 ut
2710 1872 2883 1921 totam
2911 1866 3145 1939 Opellam
3185 1865 3573 1932 retineremus,

264 1956 347 1997 ne
374 1957 536 2000 causa
565 1942 689 2003 fuit.
896 1950 902 1955 “

3287 2092 3571 2107 —-———‘

456 2223 654 2371 DE
769 2225 1562 2378 DIGNITATE
1679 2230 2602 2384 CONDITIONIS
2718 2236 3396 2389 HUMANzE

1565 2464 2269 2558 LIBELLUS.

348 2762 487 2821 611
514 2756 741 2816 CAPUT
779 2758 1070 2815 PRIMUM.
1099 2790 1169 2801 —
1188 2759 1472 2817 Faciamus
1498 2762 1756 2819 hominem
1792 2765 1864 2820 ad
1892 2766 1943 2827 A
1976 2772 2166 2822 sancto
2196 2762 2421 2822 condita
2448 2772 2560 2821 est:
2610 2770 2664 2819 et
2694 2763 2822 2821 licet
2852 2767 3018 2823 unius
3050 2768 3150 2825 illa
3178 2777 3410 2841 natura,
3461 2782 3570 2832 tres
3630 2752 3637 2755 ’

260 2855 551 2927 imaginem
601 2863 650 2913 et
698 2857 1100 2914 similitudinem
1155 2866 1392 2917 nostram
1451 2861 1607 2932 (Gen.
1659 2881 1698 2931 r,
1748 2862 1863 2935 26).

262 2946 446 3002 Tanta
500 2945 685 3020 itaque
740 2946 979 3020 dignitas
1036 2947 1291 3005 humanae
1350 2950 1690 3009 conditionis
1750 2971 1866 3010 esse

1975 2861 2159 2910 tamen
2210 2854 2266 2909 in
2306 2869 2363 2909 se
2393 2852 2689 2925 dignitates
2719 2851 2906 2921 habet,
2958 2856 3016 2912 id
3045 2865 3146 2927 est,
3198 2858 3563 2933 intellectum,

1975 2943 2338 3011 voluntatem,
2395 2950 2448 2997 et
2480 2942 2819 2999 memoriam.
2874 2944 3032 3011 Quod
3071 2947 3237 3016 idem,
3284 2948 3414 3007 licet
3439 2952 3566 3009 aliis

260 3036 641 3109 cognoscitur,
690 3044 753 3093 ut
804 3052 917 3093 non
961 3038 1080 3094 solo
1111 3037 1360 3110 jubentis
1401 3056 1674 3109 sermone,
1723 3042 1866 3099 sicut
1974 3033 2177 3101 verbis»
2238 3032 2297 3088 in
2355 3033 2655 3111 Evangelia)
2710 3033 3048 3107 deSignal-ul‘.
3129 3052 3255 3094 cum
3312 3039 3550 3098 dicitur:

260 3125 380 3183 alia
407 3141 505 3182 sex
535 3124 749 3181 dierum
779 3141 961 3197 opera,
1008 3127 1102 3183 sed
1133 3128 1367 3185 consilio
1395 3138 1595 3188 sanctas
1627 3132 1864 3189 Trinita-

258 3215 361 3283 tis,
411 3225 467 3272 et
501 3231 664 3287 opere
707 3204 1021 3287 majestatis'
1050 3216 1256 3272 divinas
1287 3225 1504 3275 creatus
1544 3221 1615 3277 sit
1653 3221 1858 3292 homo;

258 3312 330 3361 ut
358 3320 428 3360 ex
458 3304 650 3377 primae
679 3304 1018 3361 conditionis
1049 3305 1258 3362 honore
1288 3306 1642 3379 intelligeret,
1676 3328 1862 3383 quan-

257 3403 384 3451 tum
423 3394 652 3451 deberet
681 3411 781 3451 suo
810 3394 1107 3463 conditori,
1153 3396 1285 3452 dum
1316 3404 1531 3454 tantum
1570 3400 1625 3455 in
1656 3403 1861 3459 condi-

254 3484 419 3542 tione
442 3499 573 3540 mox
601 3483 893 3556 dignitatis
922 3483 1277 3557 privilegium
1308 3487 1563 3559 praestitit
1594 3489 1643 3545 ei
1670 3491 1857 3548 condi-

256 3585 352 3635 tor
378 3594 392 3642 ;
425 3583 486 3633 ut
514 3583 666 3632 tanto
693 3575 977 3631 ardentius
1008 3584 1216 3633 amaret
1243 3578 1614 3650 conditorem,
1650 3591 1856 3655 quanto

254 3664 578 3723 mirabilius
606 3682 663 3722 se
691 3665 759 3722 ab
791 3682 855 3722 eo
884 3683 1000 3724 esse
1027 3667 1315 3724 conditum
1355 3668 1686 3744 intelligeret
1713 3690 1723 3727 :
1756 3690 1857 3730 nec

250 3754 333 3813 ob
363 3754 471 3814 hoc
511 3757 690 3826 solum
733 3754 880 3828 quod
910 3756 1145 3813 consilio
1187 3767 1386 3815 sancta:
1438 3759 1723 3817 Trinitatis
1775 3762 1856 3819 sic

250 3845 597 3901 excellenter
623 3861 655 3900 a
677 3844 964 3902 conditore
993 3846 1253 3903 conditus
1281 3856 1383 3915 est,
1401 3847 1495 3903 sed
1517 3850 1681 3905 etiam
1706 3849 1855 3923 quod

248 3934 326 3992 ad
362 3933 659 4006 imaginem
709 3941 762 3990 et
804 3934 1229 3992 similitudinem
1278 3954 1431 3993 suam
1476 3937 1592 4010 ipse
1641 3945 1855 3994 creator

245 4022 506 4081 omnium
552 4039 677 4080 eum
707 4024 935 4092 creavit,
966 4025 1114 4099 quod
1154 4027 1296 4083 nulli
1337 4027 1434 4083 alii
1470 4043 1540 4084 ex
1586 4028 1851 4086 creaturis

244 4112 504 4171 donavit.
1166 4158 1185 4175 .

324 4201 558 4262 CAPUT
592 4200 871 4268 ll.—Quaa
901 4202 1081 4276 imago
1108 4204 1432 4277 diligentius
1471 4224 1539 4264 ex
1570 4210 1852 4267 interioris

245 4292 503 4351 hominis
531 4289 823 4346 nobilitate
852 4299 935 4347 est
961 4292 1374 4351 consideranda.
1408 4295 1594 4352 Primo
1624 4299 1848 4371 quidem

243 4382 402 4460 quod
449 4380 615 4437 sicuti
661 4382 808 4436 Deus
844 4396 989 4437 unus
1038 4397 1252 4453 semper
1298 4382 1503 4455 ubique
1550 4392 1699 4443 totus
1743 4395 1843 4459 est,

245 4473 442 4532 omnia
514 4470 827 4539 viviﬁcans,
888 4470 1117 4527 movens
1182 4480 1236 4529 et
1288 4472 1619 4546 gubernans,
1703 4477 1848 4537 sicut

244 4564 551 4639 Apostolus
582 4561 874 4620 conﬁrmat
906 4560 1054 4634 quod
1079 4579 1091 4617 :
1131 4588 1149 4611 ι
1178 4563 1241 4619 In
1269 4580 1334 4620 eo
1367 4564 1630 4635 vivimus,
1660 4584 1844 4625 move-

245 4672 378 4715 mur
402 4661 458 4713 et
483 4669 674 4711 sumus
728 4653 873 4726 (Act.
913 4670 1056 4719 xvn,
1086 4651 1216 4724 28);
1246 4678 1266 4701 ι
1324 4653 1406 4710 sic
1446 4656 1628 4713 anima
1654 4658 1711 4714 in
1743 4677 1843 4716 suo

244 4759 478 4817 corpore
507 4741 712 4816 ubique
746 4748 863 4799 tota
890 4740 1060 4815 viget,
1093 4740 1388 4799 viviﬁcans
1418 4742 1579 4825 illud,
1616 4763 1843 4806 movens

243 4844 304 4892 et
333 4834 661 4908 gubernans.
710 4831 824 4889 Nec
854 4830 1002 4887 enim
1035 4830 1096 4886 in
1137 4830 1440 4904 majoribus
1469 4837 1713 4909 corporis
1756 4838 1843 4895 sui

246 4924 515 4985 membris
564 4921 757 4996 major,
808 4928 863 4978 et
902 4920 962 4977 in
1004 4919 1316 4980 minoribus
1356 4925 1577 4983 minor:
1641 4927 1737 4984 sed
1783 4929 1841 4986 in

244 5016 500 5075 minimis
536 5023 672 5084 tota,
696 5022 751 5071 et
777 5014 836 5071 in
870 5012 1132 5072 maximis
1160 5022 1292 5072 tota.
1316 5017 1389 5073 Et
1417 5016 1533 5074 haec
1559 5028 1641 5077 est
1660 5020 1840 5096 imago

243 5105 479 5164 unitatis
505 5103 906 5178 omnipotentis
930 5104 1051 5173 Dei,
1077 5120 1237 5177 quam
1269 5106 1454 5162 anima
1482 5106 1646 5166 habet
1680 5109 1738 5165 in
1759 5126 1835 5167 se.

316 5198 448 5266 Quae
491 5213 707 5271 quoque
742 5194 1037 5269 quamdam
1085 5203 1285 5254 sanctas
1338 5197 1626 5256 Trinitatis
1669 5200 1839 5258 habet

243 5288 564 5359 imaginem.
613 5284 800 5341 Primo
830 5284 889 5341 in
918 5301 985 5340 eo
1014 5284 1145 5357 quia
1172 5286 1317 5343 sicut
1359 5287 1505 5343 Deus
1534 5296 1636 5356 est,
1696 5289 1839 5346 vivit

242 5386 299 5435 et
325 5374 506 5449 sapit;
565 5374 643 5432 ita
676 5373 862 5431 anima
897 5373 1200 5430 secundum
1244 5390 1405 5430 suum
1454 5374 1681 5431 modum
1730 5384 1832 5448 est,

242 5465 390 5524 vivit
418 5471 473 5522 et
501 5464 663 5537 sapit.
718 5463 818 5521 Est
868 5478 1086 5539 quoque
1131 5470 1185 5521 et
1222 5463 1330 5521 alia
1370 5462 1592 5521 trinitas
1651 5464 1710 5521 in
1750 5481 1833 5535 ea,

243 5568 355 5628 qua
381 5550 451 5607 ad
482 5548 777 5623 imaginem
809 5551 894 5607 sui
923 5551 1229 5609 conditoris
1256 5551 1510 5626 perfectae
1536 5549 1759 5623 quidem
1780 5559 1834 5607 et

242 5657 476 5701 summas
505 5638 813 5710 Trinitatis,
854 5658 975 5717 quae
999 5660 1070 5701 ex
1098 5643 1255 5702 Patre
1285 5650 1338 5701 et
1363 5642 1508 5701 Filio
1545 5648 1600 5700 et
1625 5641 1837 5716 Spiritu

1988 3148 2007 3171 ι
2036 3123 2242 3195 Diliges
2269 3123 2566 3179 Dominum
2592 3125 2765 3180 Deum
2795 3132 2952 3182 tuum
2984 3142 3053 3182 ex
3084 3133 3201 3184 toto
3248 3130 3412 3187 corde
3441 3138 3561 3200 tuo,

1971 3220 2025 3270 et
2054 3230 2123 3269 ex
2152 3221 2266 3270 tota
2295 3213 2479 3268 anima
2507 3221 2621 3282 tua,
2673 3222 2727 3269 et
2750 3230 2820 3269 ex
2848 3222 2964 3272 tota
2989 3224 3170 3273 mente
3198 3224 3294 3274 tua
3342 3220 3558 3292 (Matth.

1970 3321 2115 3371 χχιι,
2148 3304 2262 3375 37),
2289 3329 2307 3351 ι
2351 3303 2407 3359 id
2437 3311 2538 3372 est,
2570 3319 2639 3359 ex
2668 3310 2785 3359 toto
2815 3304 3121 3375 intellectu,
3145 3315 3199 3363 et
3223 3324 3293 3363 ex
3320 3315 3437 3365 tota
3469 3327 3563 3366 vo-

1972 3396 2205 3475 luntate,
2258 3403 2311 3451 et
2346 3411 2415 3450 ex
2455 3403 2568 3451 tota
2598 3394 2881 3452 memoria.
2930 3397 3066 3453 Nam
3113 3397 3259 3455 sicut
3299 3416 3369 3456 ex
3401 3401 3562 3459 Patro

1969 3492 2258 3557 generatur
2287 3485 2480 3553 Filius,
2506 3493 2559 3541 et
2586 3502 2651 3541 ex
2686 3487 2842 3542 Patre
2873 3486 3123 3561 Filioque
3158 3491 3405 3561 procedit
3441 3492 3559 3566 Spi-

1967 3575 2108 3631 ritus
2135 3583 2359 3631 sanctus
2384 3593 2396 3642 ;
2430 3574 2507 3631 ita
2531 3592 2599 3631 ex
2629 3575 2915 3633 intellectu
2946 3587 3235 3650 generatur
3278 3580 3556 3651 voluntas,

1965 3672 2019 3720 et
2056 3681 2125 3720 ex
2168 3663 2255 3719 his
2304 3663 2433 3719 item
2484 3663 2751 3720 ambobus
2794 3666 3040 3736 procedit
3093 3668 3377 3739 memoria,
3418 3670 3561 3729 sicut

1963 3753 2123 3810 facile
2152 3770 2183 3809 a
2211 3753 2453 3826 sapiente
2483 3752 2732 3826 quolibet
2761 3753 2997 3828 intelligi
3028 3764 3207 3829 potest
3231 3776 3245 3825 ;
3279 3773 3381 3816 nec
3407 3760 3559 3817 enim

1963 3842 2147 3896 anima
2194 3842 2433 3914 perfecta
2470 3858 2585 3899 esse
2637 3843 2755 3899 sine
2804 3843 2892 3899 his
2940 3844 3142 3912 tribus,
3197 3861 3299 3903 nec
3354 3846 3556 3906 horum‘

1957 3936 2130 3990 trium
2171 3950 2343 3989 unum
2377 3934 2625 4006 aliquod,
2688 3943 2958 4008 quantum
3004 3935 3070 3992 ad
3112 3952 3266 3992 suam
3320 3940 3561 4010 pertinet

1960 4021 2386 4088 beatitudinem,
2438 4022 2556 4078 sine
2585 4022 2710 4078 aliis
2737 4023 2954 4079 duobus
2996 4024 3273 4095 integrum
3299 4037 3550 4088 constat:

1880 4128 1928 4187 Β
1961 4118 2015 4167 et
2039 4109 2182 4165 sicut
2216 4110 2362 4165 Deus
2391 4109 2570 4179 Pater,
2600 4112 2745 4166 Deus
2775 4110 2967 4179 Filius,
2990 4113 3139 4170 Deus
3168 4113 3407 4187 Spiritus
3433 4133 3554 4174 san-

1959 4211 2081 4259 ctus
2095 4208 2195 4267 est,
2225 4216 2336 4255 non
2367 4206 2552 4256 tamen
2582 4208 2691 4256 tres
2723 4199 2801 4257 dii
2824 4209 2973 4272 sunt,
2996 4203 3090 4260 sed
3119 4222 3264 4262 unus
3281 4208 3554 4267 Deustres

1959 4289 2164 4344 habens
2195 4303 2484 4358 personas;
2535 4289 2613 4345 ita
2655 4297 2710 4350 et
2755 4290 2940 4347 anima
2978 4292 3310 4365 intellectus,
3366 4297 3553 4355 anima

1957 4379 2238 4444 voluntas,
2288 4378 2472 4435 anima
2501 4381 2788 4446 memoria,
2835 4398 2944 4437 non
2975 4390 3159 4440 tamen
3197 4392 3310 4441 tres
3352 4385 3551 4443 animai

1956 4469 2014 4525 in
2045 4486 2156 4526 uno
2180 4486 2429 4542 corpore,
2483 4468 2577 4526 sed
2612 4486 2721 4525 una
2753 4469 2938 4525 anima
2975 4478 3084 4527 tres
3114 4472 3319 4528 habens
3356 4473 3550 4545 digni-

1954 4567 2111 4616 tates.
2155 4561 2337 4633 Atque
2378 4559 2435 4614 in
2478 4558 2566 4616 his
2607 4558 2785 4614 tribus
2827 4558 2944 4630 ejus
2986 4560 3280 4631 imaginem
3323 4563 3545 4621 mirabi-

1953 4649 2079 4704 liter
2107 4648 2243 4720 gerit
2283 4647 2340 4704 in
2373 4664 2471 4703 sua
2512 4656 2707 4703 natura
2736 4655 2923 4703 noster
2963 4647 3199 4705 interior
3227 4649 3414 4721 homo,
3471 4669 3541 4709 ex

1952 4738 2153 4811 quibus
2198 4738 2351 4811 quasi
2391 4736 2881 4792 excellentioribus
2926 4738 3126 4793 animm
3177 4738 3544 4811 dignitatibus

1945 4828 2206 4901 jubemur
2236 4828 2463 4901 diligere
2494 4828 2871 4894 conditorem;
2906 4834 2968 4883 ut
3002 4828 3061 4883 in
3089 4838 3355 4901 quantum
3382 4831 3543 4890 intel-

1951 4921 2162 4993 ligitur,
2194 4919 2494 4990 diligatur:
2542 4926 2595 4973 et
2628 4925 2894 4992 quantum
2921 4918 3192 4992 diligitur,
3238 4938 3453 4995 semper
3483 4924 3543 4981 in

1950 5010 2214 5067 memoria
2240 5009 2523 5065 habeatur.
2574 5009 2685 5064 Nec
2714 5007 2863 5064 solus
2896 5009 3101 5066 sufﬁcit
3130 5010 3198 5067 de
3227 5027 3293 5068 eo
3324 5012 3539 5071 intelle-

1949 5107 2090 5169 ctus,
2142 5097 2249 5155 nisi
2305 5098 2401 5153 ﬁat
2444 5097 2501 5153 in
2541 5114 2727 5154 amore
2773 5097 2890 5170 ejus
2933 5098 3215 5156 voluntas:
3277 5100 3391 5157 imo
3440 5118 3542 5163 nec

1949 5189 2067 5244 haec
2121 5188 2231 5245 duo
2285 5187 2587 5256 sufﬁciunt,
2648 5188 2755 5244 nisi
2810 5188 3076 5244 memoria
3120 5188 3371 5261 addatur,
3432 5210 3541 5268 qua

1946 5295 2162 5351 semper
2200 5279 2259 5334 in
2299 5286 2483 5334 mente
2511 5277 2875 5350 intelligentis
2914 5285 2968 5333 et
3007 5277 3290 5352 diligentis
3319 5291 3538 5340 maneat

1947 5369 2122 5434 Deus;
2180 5375 2242 5423 ut
2282 5366 2424 5423 sicut
2468 5382 2578 5422 non
2624 5374 2802 5439 potest
2853 5382 2968 5424 esse
3014 5377 3376 5439 momentum,
3426 5387 3536 5443 quo

1944 5462 2112 5518 homo
2140 5476 2253 5517 non
2280 5466 2468 5516 utatur
2495 5458 2584 5514 vel
2612 5458 2833 5515 fruatur
2855 5459 2954 5516 Dei
2982 5458 3231 5516 bonitate
3269 5469 3323 5517 et
3356 5462 3534 5519 mise-

1944 5554 2221 5623 ricordia;
2272 5554 2349 5611 ita
2378 5555 2596 5611 nullum
2632 5553 2828 5611 debeat
2863 5570 2977 5611 esse
3008 5562 3370 5624 momentum,
3421 5572 3531 5630 quo

1944 5653 2264 5717 praesentem
2295 5660 2421 5701 eum
2451 5660 2562 5700 non
2591 5643 2787 5700 habeat
2816 5644 3099 5700 memoria.
