3902 6198
422 246 558 304 1107

1443 252 1538 308 AD
1578 251 1811 308 OPEBA
1849 252 1904 307 S.
1946 251 2278 311 AMBROSII
2317 252 2692 311 APPENDIX.

3593 262 3735 318 1108

493 381 563 434 Et
593 379 734 448 ideo,
785 380 1149 438 dilectissime
1178 381 1258 437 fili
1292 383 1396 454 (ι),
1438 383 1584 454 juste
1617 381 1755 437 mihi
1789 381 2011 438 videtur
2039 386 2089 444 A
2125 384 2367 442 Creatori
2414 403 2514 442 suo
2562 386 2996 458 supereminenti
3037 387 3163 457 sibi,
3210 398 3452 463 excepto
3484 389 3611 458 hoc,
3679 399 3734 447 et

421 468 628 525 dictum
676 471 993 526 interiorem
1038 472 1318 527 hominem
1368 474 1661 545 imaginem
1707 490 1818 527 esse
1871 474 2008 539 Dei;

421 561 602 616 anima
647 561 794 616 enim
836 564 1156 616 nominatur
1206 571 1352 617 totus
1399 565 1628 617 interior
1664 563 1856 627 homo,
1907 578 2014 634 qua

421 651 758 719 vivificatur,
793 654 1019 722 regitur,
1050 654 1366 707 continetur
1396 655 1540 707 lutea
1574 654 1668 709 illa
1702 671 1879 708 massa
1913 653 2012 709 liu-

421 754 660 802 mectata
691 747 886 811 succis,
949 762 1014 798 ne
1055 746 1292 799 arefacta
1321 745 1671 800 dissolvatur.
1735 748 1878 801 Deus
1917 745 2015 801 di-

335 898 339 903 .
419 835 563 890 cit—ur
593 835 678 888 vis
714 835 808 888 illa
843 833 1196 888 ineffabiliter
1221 850 1434 906 magna,
1459 844 1512 890 et
1534 835 2014 892 innumerabiliter

419 927 660 994 sapiens,
723 929 783 974 ut
838 923 1101 992 scriptum
1162 931 1279 978 est:
1372 947 1388 969 ε
1443 925 1670 995 Magnus
1741 926 2012 981 Dominus

423 1021 624 1076 noster,
659 1019 709 1064 et
743 1027 934 1081 magna
971 1012 1147 1065 virtus
1178 1009 1314 1081 ejus,
1350 1023 1403 1068 et
1443 1013 1722 1084 sapientiae
1752 1014 1871 1085 ejus
1901 1033 2010 1072 non

420 1109 500 1154 est
529 1117 790 1155 numerus
824 1102 996 1168 (I’sal.
1027 1120 1212 1170 exnvr,
1249 1107 1339 1174 6);
1375 1129 1391 1152 ι
1427 1112 1479 1160 et
1509 1105 2013 1180 incomparabiliter

421 1191 628 1254 suavis,
656 1199 716 1244 ut
745 1192 874 1246 alibi
908 1193 1071 1249 dicit:
1139 1219 1155 1241 α
1187 1195 1383 1251 Suavis
1416 1199 1686 1254 Dominus
1715 1200 2008 1268 universis,

420 1289 470 1335 et
501 1281 875 1336 miserationes
906 1281 1022 1352 ejus
1052 1301 1214 1354 super
1242 1285 1428 1340 omnia
1471 1303 1634 1357 opera
1663 1287 1781 1358 ejus
1835 1290 2008 1356 (Psal.

420 1387 607 1434 (πίων,
637 1371 716 1439 9).
752 1395 768 1416 ι
830 1372 914 1425 Ex
945 1389 1070 1442 qua,
1125 1380 1178 1426 et
1218 1389 1312 1443 per
1341 1391 1525 1446 quam,
1561 1383 1612 1430 et
1649 1376 1704 1430 in
1745 1392 1850 1448 qua
1885 1385 2014 1432 sunt

419 1461 625 1527 omnia,
687 1478 804 1532 quae
854 1469 1019 1524 sunt;
1080 1472 1346 1532 reguntur
1398 1464 1606 1531 omnia,
1665 1483 1785 1537 quas
1842 1475 2008 1534 sunt;

419 1551 772 1607 continentur
801 1552 1006 1618 omnia,
1062 1569 1182 1625 quae
1221 1561 1390 1608 sunt:
1440 1555 1630 1610 omnia
1676 1555 1801 1611 dico
1839 1557 2011 1628 ipsam

419 1642 854 1708 universitatem,
881 1660 1000 1716 qua:
1033 1653 1112 1700 est
1145 1651 1342 1710 totum,
1366 1645 1512 1717 quod
1544 1646 1694 1702 aliud
1725 1655 1823 1715 est,
1848 1664 2010 1720 quam

2123 477 2360 530 multum
2409 493 2571 547 supra
2608 494 2664 532 se
2707 485 2911 543 amoto,
2962 478 3110 549 quod
3153 479 3338 536 omnis
3378 481 3630 548 bonitas,
3680 489 3732 536 et

2123 580 2283 618 omne
2314 564 2541 632 bonum,
2599 573 2652 620 et
2692 565 2874 620 omnis
2901 565 3165 622 bonitatis
3215 575 3268 622 et
3311 568 3447 623 boni
3488 570 3730 626 dulcedo

2124 652 2396 708 Creatoris
2443 669 2473 708 a
2511 669 2566 708 se
2599 653 2719 724 ipso
2748 661 2862 710 est:
2914 664 3162 710 creatura
3207 671 3340 710 vero
3383 672 3500 712 non
3545 658 3729 712 solum

2122 741 2267 811 quod
2295 750 2394 808 est,
2438 742 2530 796 sed
2557 743 2721 798 etiam
2751 742 2896 814 quod
2927 743 3052 799 talis
3081 751 3181 812 est,
3231 743 3298 798 ab
3332 745 3447 799 alio
3475 753 3581 813 est,
3617 762 3728 800 non

2121 847 2150 886 a
2189 849 2281 888 se:
2330 839 2384 887 et
2415 833 2528 904 ipse
2561 833 2710 905 quod
2744 841 2845 901 est,
2895 851 3110 906 semper
3138 842 3240 890 est.
3304 834 3460 890 Licet
3509 843 3566 890 et
3611 835 3731 906 ipsa

2120 924 2304 978 anima
2338 922 2502 979 modo
2532 923 2768 996 quodam
2803 941 2909 979 suo
2930 924 3406 981 incommutabilis
3438 935 3557 992 est;
3599 942 3728 981 nam

2120 1027 2334 1083 semper
2363 1012 2547 1067 anima
2575 1023 2676 1081 est,
2737 1021 3031 1087 postquam
3062 1031 3176 1070 esse
3206 1015 3455 1087 coeperit,
3507 1024 3563 1071 et
3599 1016 3724 1082 scit,

2119 1103 2363 1158 et'scire
2404 1103 2544 1158 vult.
2596 1102 2887 1175 Comparet
2935 1119 3083 1176 ergo,
3140 1113 3202 1160 ut
3243 1105 3387 1170 dixi,
3437 1122 3494 1162 se
3538 1107 3729 1161 anima

2120 1206 2183 1244 eo
2232 1191 2417 1260 modo,
2477 1209 2584 1264 quo
2641 1202 2839 1264 potest,
2898 1194 3136 1249 creatori
3187 1211 3326 1261 suo;
3384 1203 3448 1250 ut
3504 1194 3729 1250 dicatur

2122 1295 2274 1336 mens
2304 1281 2481 1349 Pater,
2511 1282 2638 1353 quia
2669 1283 2842 1354 gignit
2869 1283 3008 1338 scire
3033 1301 3044 1338 :
3096 1282 3314 1340 dicatur
3344 1284 3486 1339 scire
3521 1285 3725 1350 Filius,

2121 1372 2249 1443 quia
2276 1387 2344 1426 ex
2374 1371 2484 1426 alio
2514 1379 2616 1439 est,
2642 1379 2696 1427 et
2722 1388 2834 1427 non
2862 1380 2942 1428 est
2972 1372 3142 1441 aliud,
3166 1390 3328 1446 quam
3365 1373 3549 1446 ipsum
3574 1371 3724 1445 quod

2122 1465 2236 1538 ipse
2290 1474 2390 1532 est,
2462 1483 2530 1521 ex
2587 1483 2696 1538 quo
2751 1474 2834 1522 est
2886 1485 2897 1522 :
2982 1468 3199 1524 dicatur
3255 1485 3412 1525 amor
3479 1469 3726 1540 Spiritus

2121 1564 2363 1622 sanctus,
2412 1558 2543 1630 quia
2571 1557 2861 1614 amborum
2892 1566 2972 1614 est
3002 1574 3216 1627 eorum,
3267 1559 3360 1631 qui
3410 1575 3467 1614 se
3508 1565 3721 1614 amant.

2125 1647 2280 1704 Unde
2337 1648 2392 1702 in
2441 1647 2641 1703 nostris
2691 1647 2990 1719 Scripturis
3036 1647 3235 1718 saepius
3277 1663 3452 1714 amor,
3508 1645 3568 1702 id
3615 1653 3720 1713 est,

417 1736 531 1806 ipse
577 1735 670 1806 qui
702 1733 851 1798 fecit,
900 1741 952 1787 et
995 1751 1103 1788 non
1143 1743 1223 1789 est
1253 1735 1464 1790 factus:
1509 1736 1600 1791 sed
1640 1737 1754 1808 ipse
1799 1747 1880 1794 est
1925 1754 1994 1792 ex
2041 1747 2086 1807 Β
2123 1737 2381 1805 charitas,
2439 1754 2560 1810 quae
2592 1737 2649 1792 in
2681 1739 2793 1794 Deo
2825 1743 2906 1792 est
2929 1753 3056 1809 erga
3084 1754 3206 1804 nos,
3249 1745 3303 1792 et
3332 1753 3454 1809 quae
3492 1753 3525 1792 a
3558 1737 3723 1793 nobis

417 1842 545 1897 quo,
595 1832 648 1877 et
675 1823 767 1895 qui
799 1839 866 1877 ex
902 1839 982 1891 eo,
1045 1832 1097 1878 et
1127 1841 1234 1896 quo
1265 1825 1383 1896 (2);
1431 1826 1575 1898 quod
1615 1828 1758 1882 Deus
1801 1844 1870 1882 ex
1900 1845 2008 1900 quo

415 1921 518 1980 est,
564 1913 721 1966 Pater
750 1910 955 1966 dicitur
997 1929 1026 1967 a
1065 1912 1224 1967 nobis
1268 1913 1598 1986 pauperibus
1627 1931 1810 1983 sensu,
1864 1932 2008 1987 pau-

417 2001 726 2076 perioribus
756 2002 978 2067 verbis;
1021 2003 1166 2074 quod
1194 2003 1286 2075 qui
1327 2020 1395 2057 ex
1425 2020 1509 2070 eo,
1561 2004 1733 2059 Filius
1761 2004 2000 2061 dicitur:

415 2093 561 2165 quod
591 2111 698 2166 quo
729 2091 965 2164 Spiritus
995 2101 1233 2147 sanctus.
1261 2091 1386 2147 Ideo
1415 2101 1596 2147 autem
1629 2093 1836 2148 dicitur
1861 2096 2007 2149 Deus

415 2181 604 2248 Pater;
657 2182 785 2253 quia
825 2181 937 2252 ipse
969 2188 1048 2235 est
1077 2197 1145 2236 ex
1175 2197 1302 2254 quo,
1355 2190 1407 2236 et
1448 2182 1712 2253 sapientia
1746 2190 1846 2251 est,
1899 2200 2006 2255 qua

415 2273 742 2328 ordinantur
804 2271 1025 2326 omnia:
1091 2279 1144 2326 et
1218 2272 1462 2338 dilectio,
1534 2290 1639 2346 qua
1690 2290 1746 2328 se
1811 2274 2007 2328 volunt

415 2367 600 2420 omnia
630 2366 707 2421 ita
741 2382 981 2433 manere,
1024 2374 1084 2420 ut
1113 2363 1372 2419 ordinata
1401 2372 1549 2418 sunt.
1601 2364 1685 2418 Ex
1717 2380 1824 2434 quo
1853 2380 2000 2433 ergo,

414 2465 467 2511 et
497 2455 591 2528 qui
623 2471 690 2509 ex
723 2472 807 2522 eo,
851 2459 995 2517 612
1052 2462 1105 2508 et
1153 2471 1262 2526 quo
1305 2471 1360 2508 se
1405 2453 1666 2525 diligunt,
1722 2453 1838 2525 ipsa
1894 2452 2004 2506 duo

414 2553 518 2609 tria
548 2563 696 2620 sunt,
743 2561 796 2607 et
827 2553 922 2608 illa
952 2554 1056 2607 tria
1088 2553 1211 2608 ideo
1245 2570 1416 2608 unum
1443 2571 1456 2617 ;
1499 2554 1626 2624 quia
1654 2553 1736 2608 sic
1776 2559 1904 2606 sunt
1934 2566 2001 2604 ex

411 2661 521 2698 uno
549 2643 643 2698 illa
672 2642 802 2710 duo,
857 2650 917 2697 ut
948 2650 1129 2696 tamen
1158 2642 1225 2696 ab
1258 2643 1376 2713 ipso
1416 2659 1524 2696 non
1569 2643 1680 2696 sint
1712 2648 1956 2712 separata
1986 2657 1997 2694 :

409 2733 502 2788 sed
540 2751 608 2790 ex
639 2733 756 2804 ipso
785 2741 934 2798 sunt,
990 2732 1121 2804 quia
1150 2749 1258 2787 non
1289 2749 1320 2787 a
1353 2748 1408 2787 se
1440 2749 1450 2786 :
1503 2738 1555 2785 et
1584 2730 1642 2785 in
1670 2730 1808 2802 ipso,
1875 2728 2003 2800 quia

409 2843 518 2881 non
549 2833 826 2897 separata:
881 2831 934 2878 et
965 2825 1141 2896 ipsum
1184 2824 1300 2894 ipsa
1343 2822 1488 2895 quod
1523 2821 1658 2893 ipse,
1717 2830 1770 2877 et
1820 2821 2000 2894 ipsum

408 2915 524 2986 ipse
554 2915 697 2986 quod
732 2915 883 2986 ipsa;
935 2921 989 2968 et
1020 2931 1130 2968 non
1160 2914 1337 2984 ipsum
1375 2913 1489 2984 ipsa
1518 2912 1611 2984 qui
1645 2913 1780 2984 ipse,
1809 2919 1861 2966 et
1889 2929 2000 2967 non

406 3008 523 3078 ipsa
553 3007 667 3077 ipse
699 3023 818 3077 qua:
847 3006 982 3077 ipsa.
1034 3006 1133 3062 Vis
1176 3006 1281 3061 ista
1321 3007 1464 3061 Deus
1504 3012 1583 3059 est
1629 3005 1733 3075 (3),
1783 3011 1835 3058 et
1887 3004 1999 3076 ipse

2117 1826 2174 1881 in
2206 1829 2401 1894 Deum,
2442 1827 2680 1898 Spiritus
2714 1826 2827 1899 ipse
2857 1827 3198 1900 appellatur:
3235 1834 3288 1883 et
3318 1827 3436 1883 haec
3463 1826 3532 1882 de
3566 1828 3720 1882 ima-

2116 1916 2259 1988 gine,
2286 1933 2318 1970 ο
2347 1914 2705 1972 dilectissime
2745 1915 2847 1985 ﬁli,
2881 1917 3099 1973 habeto.

2186 2004 2411 2060 CAPUT
2451 2006 2542 2060 III.
2582 2037 2641 2045 -—-
2676 2007 2832 2063 Nunc
2861 2021 2991 2061 vero
3029 2006 3098 2062 de
3126 2004 3498 2061 similitudine
3527 2003 3718 2077 aliqua

2115 2092 2379 2162 intellige,
2431 2108 2553 2162 quae
2603 2093 2912 2149 minoribus
2951 2093 3231 2149 cernenda
3272 2101 3393 2158 est;
3450 2100 3513 2146 ut
3569 2093 3714 2148 sicut

2114 2184 2258 2238 Deus
2285 2181 2528 2248 Creator,
2559 2181 2651 2255 qui
2685 2182 2965 2237 hominem
2996 2182 3064 2237 ad
3089 2181 3519 2238 similitudinem
3552 2198 3711 2237 suam

2113 2271 2342 2338 creavit,
2401 2278 2482 2325 est
2511 2270 2772 2339 charitas,
2826 2279 2910 2327 est
2938 2271 3116 2327 bonus
3145 2279 3200 2327 et
3221 2271 3426 2343 justus,
3481 2271 3705 2342 patiens

2112 2373 2272 2437 atque
2303 2365 2474 2430 mitis,
2525 2367 2766 2422 mundus
2795 2374 2849 2422 et
2880 2368 3211 2433 misericors,
3261 2374 3318 2421 et
3347 2374 3548 2423 caetera
3583 2366 3710 2420 vir-

2111 2461 2289 2509 tutum
2322 2463 2633 2510 sanctarum
2667 2455 2926 2527 insignia,
2959 2473 3077 2528 qua:
3109 2455 3173 2512 de
3202 2473 3266 2512 eo
3300 2457 3562 2526 leguntur
3589 2473 3599 2508 :
3633 2454 3708 2507 ita

2112 2543 2278 2600 homo
2309 2553 2522 2600 creatus
2552 2552 2652 2612 est,
2699 2555 2759 2601 ut
2789 2545 3113 2602 charitatem
3150 2545 3394 2612 haberet,
3438 2551 3499 2599 ut
3529 2544 3708 2600 bonus

2110 2642 2250 2690 esset
2281 2645 2332 2690 et
2359 2634 2561 2706 justus,
2617 2644 2677 2690 ut
2711 2637 2923 2706 patiens
2952 2645 3114 2708 atque
3146 2635 3318 2702 mitis,
3372 2634 3616 2690 mundus
3651 2641 3702 2688 et

2112 2725 2422 2782 misericors
2453 2725 2611 2781 foret.
2637 2726 2782 2793 Quas
2811 2727 3048 2782 virtutes
3079 2733 3286 2798 quanto
3317 2726 3445 2798 plus
3473 2724 3704 2798 quisque

2111 2826 2166 2881 in
2204 2824 2382 2895 seipso
2413 2823 2598 2892 habet,
2637 2832 2788 2880 tanto
2821 2823 3047 2896 propius
3075 2832 3156 2879 est
3185 2825 3322 2890 Deo,
3358 2831 3414 2877 et
3442 2821 3700 2895 majorem

2110 2914 2194 2971 sui
2227 2913 2528 2970 conditoris
2559 2915 2699 2984 gerit
2732 2913 3181 2968 similitudinem.
3243 2913 3299 2968 Si
3342 2928 3496 2978 vero,
3555 2909 3702 2984 quod

2107 3003 2270 3070 absit,
2292 3002 2492 3074 aliquis
2523 3019 2617 3074 per
2645 3003 2805 3058 devia
2835 3003 3122 3066 vitiorum,
3165 3009 3219 3057 et
3249 3001 3490 3056 divortia
3520 3000 3702 3056 crimi-

405 3099 550 3152 Deus
577 3097 682 3151 tria
723 3103 824 3163 est,
868 3103 920 3151 et
962 3094 1390 3168 unumquodque
1424 3093 1621 3148 horum
1653 3092 1820 3148 trium
1854 3094 1998 3148 Deus
2029 3109 2072 3169 α
2106 3109 2237 3148 num
2271 3090 2336 3146 ab
2367 3091 2468 3146 hac
2496 3089 2841 3147 nobilissima
2867 3091 2951 3146 sui
2983 3089 3290 3146 conditoris
3334 3087 3701 3145 similitudine

404 3195 505 3254 est,
545 3194 597 3242 et
623 3186 809 3242 omnia
839 3185 945 3241 tria
974 3186 1070 3241 illa
1099 3201 1211 3239 non
1238 3183 1340 3251 dii,
1376 3182 1470 3238 sed
1501 3185 1645 3238 Deus
1675 3191 1774 3238 est.

472 3276 558 3332 Ad
589 3276 884 3348 imaginem
915 3292 1042 3348 ergo
1073 3291 1229 3330 suam
1259 3272 1535 3340 conditor,
1566 3279 1626 3327 ut
1648 3271 1856 3327 dictum
1890 3277 1992 3338 est,

401 3364 533 3420 fecit
565 3366 805 3420 animam
838 3365 1102 3431 hominis,
1120 3380 1240 3436 quze
1265 3371 1379 3419 tota
1409 3361 1613 3416 dicitur
1641 3360 1845 3416 anima.
1875 3361 1996 3416 Non

401 3461 582 3508 autem
613 3453 764 3508 aliud
800 3453 1043 3507 hominis
1083 3469 1246 3522 quam
1276 3452 1515 3506 animam
1545 3449 1819 3521 significo,
1869 3466 1994 3507 cum

403 3547 637 3594 mentem
669 3540 821 3593 dico:
879 3538 973 3592 sed
1017 3547 1234 3607 propter
1263 3539 1413 3593 aliud
1445 3539 1708 3605 animam,
1757 3548 1811 3594 et
1860 3555 1995 3610 pro-

400 3636 519 3697 pter
547 3625 697 3679 aliud
728 3633 985 3679 mentem.
1010 3626 1147 3680 Nam
1170 3633 1347 3679 totum
1379 3626 1524 3696 quod
1556 3626 1720 3692 vivit,
1743 3626 1992 3682 hominis

399 3715 583 3769 anima
611 3722 692 3769 est
721 3731 732 3769 :
785 3730 910 3769 cum
941 3721 1123 3768 autem
1155 3713 1340 3767 anima
1373 3713 1430 3767 in
1460 3729 1517 3767 se
1547 3713 1659 3784 agit
1692 3729 1769 3780 se,
1820 3722 1874 3769 et
1921 3731 1992 3770 ex

398 3822 476 3870 se,
531 3812 585 3861 et
614 3821 710 3877 per
748 3821 826 3872 se,
890 3805 1006 3860 sola
1052 3820 1205 3859 mens
1233 3803 1344 3859 dici
1377 3803 1556 3858 solet:
1617 3818 1808 3858 sensus
1861 3819 1990 3860 vero

397 3895 463 3950 ad
492 3911 588 3951 sua
609 3892 917 3951 ministeria
940 3894 1193 3967 implens,
1218 3891 1537 3949 consuetius
1556 3891 1740 3947 anima
1760 3891 1986 3949 dicitur.

399 3986 549 4040 Mens
594 4002 720 4057 ergo
760 3985 900 4042 scire
930 3985 1124 4057 gignit,
1177 3991 1231 4039 et
1277 3991 1423 4039 amat
1458 3983 1618 4051 scire,
1667 3982 1812 4055 quod
1865 3984 1986 4040 scit.

397 4076 518 4130 Non
548 4077 688 4130 illud
715 4077 856 4132 scire
891 4076 1036 4144 dico,
1071 4093 1181 4149 quo
1211 4083 1432 4147 repente
1463 4075 1637 4130 scitur
1668 4091 1753 4130 res
1782 4075 1986 4147 aliqua,

399 4179 518 4232 quae
547 4172 671 4217 ante
701 4163 898 4218 nesciri
930 4165 1256 4234 putabatur:
1291 4164 1385 4220 sed
1417 4163 1578 4232 illud,
1610 4163 1756 4218 unde
1792 4170 1846 4218 et
1874 4163 1989 4216 ali-

399 4247 545 4318 quod
599 4255 653 4302 et
695 4265 856 4302 omne
889 4251 1159 4322 quidquid
1203 4254 1376 4308 scitur
1419 4253 1502 4306 vel
1549 4253 1814 4321 nescitur,
1858 4252 1986 4308 sciri

398 4344 592 4407 potest.
645 4335 788 4390 Illud
818 4354 944 4407 ergo
972 4339 1109 4394 scire
1139 4357 1291 4395 mens
1317 4341 1512 4411 gignit,
1568 4351 1620 4396 et
1657 4359 1782 4396 cum
1827 4343 1990 4414 geni-

2107 3180 2341 3252 degener
2378 3181 2616 3247 oberrat,
2679 3189 2812 3236 tunc
2866 3179 2959 3235 ﬁet
3010 3178 3076 3235 de
3133 3195 3198 3234 eo
3245 3177 3394 3251 quod
3434 3179 3699 3250 scriptum

2106 3279 2186 3325 est
2211 3287 2221 3324 :
2271 3296 2287 3317 ι
2307 3271 2376 3325 Et
2406 3270 2572 3326 homo
2601 3287 2724 3328 cum
2758 3270 2815 3325 in
2843 3270 3053 3326 honore
3081 3278 3368 3338 esset,non
3401 3268 3698 3334 intellexit;

2105 3370 2450 3435 comparatus
2497 3371 2578 3418 est
2619 3363 2892 3434 jumentis
2934 3362 3352 3435 insipientibus,
3406 3371 3462 3418 et
3503 3362 3700 3418 similis

2105 3452 2281 3508 factus
2311 3461 2390 3508 est
2419 3452 2530 3508 illis
2561 3453 2734 3524 (Psal.
2767 3470 2965 3522 xnvnr,
3002 3453 3116 3522 l3).
3151 3476 3168 3500 ι

2173 3541 2278 3610 Qui
2319 3540 2492 3612 major
2531 3541 2706 3596 honor
2756 3542 2934 3613 potuit
2981 3541 3196 3598 homini
3237 3557 3377 3608 esse,
3431 3558 3595 3615 quam
3640 3549 3696 3596 ut

2105 3629 2172 3684 ad
2200 3629 2621 3686 similitudinem
2651 3629 2739 3685 sui
2769 3629 2991 3686 factoris
3020 3630 3376 3698 conderetur,
3405 3638 3462 3686 et
3491 3629 3690 3687 eisdem

2101 3719 2370 3774 virtutum
2396 3718 2740 3775 vestimentis
2759 3728 3047 3775 ornaretur
3074 3737 3094 3791 ;‘
3109 3720 3314 3793 quibus
3339 3728 3392 3776 et
3418 3719 3693 3786 conditor,

2101 3809 2168 3864 de
2201 3827 2310 3883 quo
2343 3810 2577 3882 legitur:
2637 3834 2655 3857 ε
2691 3812 2962 3867 Dominus
2993 3812 3269 3884 regnavit,
3311 3811 3571 3868 decorem
3603 3813 3693 3868 in-

2100 3897 2264 3954 dutus
2293 3905 2373 3953 est
2413 3899 2586 3969 (Psal.
2620 3916 2753 3968 xcn,
2790 3900 2864 3972 1),
2900 3924 2918 3950 ι
2981 3900 3036 3956 id
3064 3908 3162 3968 est,
3219 3903 3476 3958 omnium
3511 3903 3692 3959 virtu-

2099 3994 2216 4042 tum
2247 3986 2552 4059 splendore,
2603 3995 2658 4043 et
2687 3989 2856 4044 totius
2885 3989 3149 4044 bonitatis
3188 3989 3386 4046 decore
3423 3991 3690 4048 ornatus?

2100 4077 2197 4130 Vel
2230 4075 2376 4148 quod
2409 4076 2584 4147 majus
2615 4075 2829 4132 homini
2861 4085 3037 4150 potest
3065 4094 3180 4135 esse
3213 4077 3479 4150 dedecus,
3498 4089 3592 4136 aut
3611 4082 3686 4137 in-

2099 4165 2312 4220 felicior
2353 4165 2596 4231 miseria,
2645 4182 2808 4237 quam
2852 4165 3047 4223 uthac
3077 4166 3474 4225 similitudinis
3521 4171 3685 4241 gloria

2097 4254 2182 4309 sui
2210 4253 2513 4310 conditoris
2534 4255 2750 4324 amissa,
2769 4255 2837 4311 ad
2867 4255 3158 4311 informem
3176 4265 3231 4311 et
3251 4258 3682 4315 irrationabilem

2098 4342 2382 4398 brutorum
2405 4344 2784 4416 jumentorum
2819 4345 3103 4402 delabatur
3131 4347 3569 4406 similitudinem
3594 4349 3623 4405 τ

397 4433 515 4480 tum
546 4434 645 4492 est,
696 4425 923 4531 scient‘ia
956 4433 1130 4497 potest
1161 4426 1292 4482 dici.
1349 4428 1489 4484 Sunt
1534 4445 1660 4500 ergo
1696 4430 1810 4502 jam
1852 4430 1982 4499 duo,
2020 4475 2065 4531 Β
2169 4434 2527 4507 Quapropter,
2587 4451 2619 4489 o
2663 4435 3040 4503 dilectissime,
3101 4438 3338 4511 quisque
3368 4440 3686 4512 diligentius

398 4532 572 4583 mens,
629 4523 682 4570 et
738 4514 883 4587 quod
937 4516 1054 4587 ipsa
1111 4532 1265 4570 mens
1320 4518 1454 4572 scit:
1533 4527 1699 4575 restat
1754 4521 1980 4575 tertium

397 4605 683 4677 utriusque
738 4620 1048 4660 commune.
1099 4604 1294 4660 Omnis
1338 4621 1491 4660 mens
1533 4606 1804 4678 quidquid
1857 4609 1982 4677 scit,

395 4703 540 4749 amat
573 4694 732 4750 scire.
789 4697 961 4749 Amor
988 4710 1099 4748 non
1137 4694 1319 4750 minus
1349 4710 1510 4767 quam
1544 4695 1686 4751 inter
1715 4696 1851 4751 duos
1881 4705 1980 4765 est,

395 4790 689 4850 amantem,
723 4791 775 4838 et
805 4783 949 4854 quod
977 4790 1210 4839 amatur.
1250 4784 1399 4839 Unus
1428 4791 1510 4839 est
1537 4801 1663 4856 ergo
1692 4785 1982 4843 amborum

393 4888 566 4940 amor,
615 4873 708 4944 qui
737 4881 790 4927 et
820 4873 1014 4928 tertius
1046 4880 1146 4928 est.
1205 4873 1325 4928 Non
1356 4881 1536 4929 autem
1579 4881 1755 4946 potest
1796 4877 1980 4947 negari

393 4959 496 5016 hoc
543 4969 721 5017 totum
753 4978 918 5017 unam
972 4978 1086 5018 esse
1123 4963 1385 5031 animam,
1433 4972 1486 5020 et
1526 4980 1690 5019 unam
1737 4965 1979 5020 animam

392 5045 507 5104 haec
537 5049 643 5104 tria
669 5065 817 5116 esse;
863 5050 1005 5106 sicut
1033 5049 1183 5107 enim
1215 5051 1331 5108 haec
1363 5052 1470 5108 tria
1499 5070 1625 5110 vere
1654 5071 1762 5110 una
1795 5056 1980 5111 anima

389 5149 537 5209 sunt,
569 5141 649 5198 sic
678 5158 787 5198 non
827 5144 1013 5198 minus
1047 5159 1172 5199 vere
1204 5161 1312 5200 una
1345 5146 1528 5202 anima
1559 5154 1640 5202 est
1668 5146 1775 5204 hoc
1804 5163 1976 5204 unum

387 5237 440 5284 et
474 5229 578 5287 hoc
607 5231 840 5286 alterum
869 5239 922 5286 et
949 5231 1053 5287 hoc
1083 5233 1326 5290 tertium.

456 5316 750 5389 Comparet
790 5319 960 5391 igitur
1008 5337 1064 5376 se
1105 5321 1224 5378 hac
1271 5332 1522 5379 creatura
1567 5331 1677 5381 tam
1728 5325 1977 5382 eminens

388 5520 419 5530 ,Α
456 5455 537 5525 (ί)
578 5453 925 5530 Dilectissfmg
951 5457 1211 5530 ﬁli,hanc
1238 5457 1602 5530 apostrophen
1634 5459 1728 5519 hic
1749 5468 1804 5518 et
1827 5461 1973 5516 infra

384 5526 678 5601 iteriim_ac
707 5526 870 5601 tertio
901 5526 1057 5583 ROm.
1093 5526 1589 5601 editio—jugularat.

455 5594 532 5663 (2)
573 5596 733 5650 Rom.
769 5596 904 5652 edit.
935 5614 1001 5652 ea:
1027 5616 1152 5673 quo,
1169 5617 1269 5672 per
1291 5594 1478 5671 quiem,
1505 5607 1553 5656 et
1580 5602 1636 5657 in
1665 5619 1788 5673 quo.

2095 4521 2339 4578 attendat
2391 4523 2580 4596 primse
2622 4524 2962 4582 conditionis
3010 4542 3121 4580 sua:
3170 4527 3582 4596 excellentiam,
3638 4535 3686 4584 et

2094 4612 2458 4668 venerandam
2503 4614 2560 4669 in
2588 4613 2764 4686 seipso
2807 4623 3008 4670 sanctae
3049 4615 3342 4672 Trinitatis
3390 4618 3684 4690 imaginem

2092 4710 2366 4771 agnoscat,
2389 4701 2764 4775 honoremque
2791 4703 3180 4760 similitudinis
3204 4705 3418 4763 divinae
3439 4709 3506 4763 ad
3527 4723 3683 4780 quem

2092 4798 2303 4846 creatus
2340 4799 2441 4859 est,
2491 4791 2778 4847 nobilitate
2811 4810 3049 4861 morum,
3085 4795 3363 4852 exercitio
3392 4797 3682 4865 virtutum,

2090 4879 2358 4953 dignitate
2388 4881 2711 4937 meritorum
2741 4881 2944 4938 habere
2971 4883 3308 4951 contendat;
3368 4893 3431 4940 ut
3469 4886 3684 4959 quando

2090 4978 2342 5042 appareat
2396 4971 2573 5042 qualis
2622 4971 2715 5039 sit,
2773 4978 2907 5027 tunc
2957 4972 3156 5028 similis
3216 4974 3266 5030 ei
3321 4985 3583 5047 appareat
3632 4977 3687 5048 (Ι

2087 5060 2244 5115 Joan.
2278 5076 2364 5129 ιιι,
2395 5061 2477 5129 2),
2523 5062 2616 5134 qui
2660 5078 2716 5118 se
2755 5061 3084 5117 mirabiliter
3131 5061 3202 5118 ad
3248 5064 3678 5122 similitudinem

2085 5164 2238 5204 suam
2270 5148 2327 5204 in
2357 5149 2536 5221 primo
2563 5150 2740 5207 Adam
2769 5148 3042 5220 condidit,
3066 5151 3500 5229 mirabiliusque
3528 5157 3587 5212 in
3605 5172 3678 5211 se-

2085 5237 2266 5294 cundo
2297 5238 2640 5298 reformavit.

2081 5466 2482 5594 Deghgadem
2512 5467 2672 5536 edit.,
2718 5473 2897 5526 etnon
2925 5469 3042 5541 ipsa
3071 5485 3191 5540 qua
3212 5469 3355 5544 ipsa.
3411 5473 3526 5532 Ῑεω
3576 5471 3673 5528 duo
