3902 6198
102 249 242 307 1109
1530 237 1751 297 ΕΧΟΡι(

1837 236 1995 294 MUS.
3282 231 3417 289 1110

103 354 3407 383 _________________________________________________

1422 519 2106 607 MONITUM.

179 830 432 904 Sequens
462 826 804 885 exorcismus
829 842 859 882 e
890 824 1158 883 Vaticano
1184 822 1376 879 codice
1405 836 1679 877 annorum
1710 816 1837 886 600,
1875 817 1935 872 in
1964 831 2073 889 quo
2103 811 2460 869 Ambrosium
2499 819 2780 867 auctorem
2825 808 3066 882 praefert,
3104 807 3413 882 exscriptus

109 918 241 974 fuit.
266 897 566 984 'Quamvis
602 922 784 972 autem
820 914 878 970 in
914 915 1160 972 Romano
1194 910 1400 969 Bituali
1430 908 1576 965 idem
1607 907 1910 973 habeatur;
1955 903 2085 977 quia
2118 910 2301 958 tamen
2332 900 2450 955 illic
2476 898 2777 955 dissecatus
2805 905 2887 953 est
2915 897 2973 953 in
3003 897 3182 952 varias
3212 903 3411 968 partes,

108 1023 171 1063 ac
199 983 340 1063 locis
391 1005 563 1061 etiam
595 1004 883 1061 nonnullis
927 1012 1025 1058 aut
1069 1000 1273 1057 additis
1318 1006 1416 1054 aut
1455 996 1765 1052 immutatis
1790 995 2064 1062 diversus,
2104 1007 2229 1047 eum
2272 989 2342 1045 ad
2379 987 2741 1061 manuscripti
2784 986 2951 1043 fidem
2994 985 3088 1042 hic
3128 983 3409 1053 exhibere,

108 1096 353 1152 maxime
382 1094 458 1152 ob
495 1095 688 1167 scripti
717 1093 1066 1161 brevitatem,
1098 1107 1211 1147 non
1240 1104 1432 1146 sumus
1456 1086 1688 1159 gravati.

995 1380 2554 1560 EXORCISMUS.

192 1795 338 1856 613
377 1787 749 1862 Omnipotens
792 1788 1046 1857 Domine,
1086 1785 1332 1846 Verbum
1376 1782 1479 1842 Dei
1518 1780 1719 1856 Patris,
1747 1783 1797 1844 Α
1829 1775 1889 1831 in
1938 1775 2119 1848 ignem
2164 1780 2449 1841 aeternum,
2498 1788 2660 1845 quem
2705 1767 3033 1844 praeparavit
3069 1772 3217 1830 614
3262 1766 3422 1824 Pater

112 1226 3415 1262 _______________________—__——————————

117 1892 326 1951 Christe
356 1890 513 1959 Jesu,
543 1890 691 1946 Deus
720 1897 775 1945 et
811 1888 1083 1946 Dominus
1112 1888 1388 1944 universae
1434 1892 1716 1953 creaturae,

119 1981 209 2055 qui
261 1979 473 2036 sanctis
523 1978 787 2059 apostolis
834 1977 947 2034 tuis
987 1984 1307 2050 potestatem
1355 1975 1556 2031 dedisti
1599 1974 1723 2030 cal-

124 2069 279 2128 candi
329 2086 504 2143 supra
531 2078 810 2141 serpentes
839 2076 893 2124 et
921 2068 1236 2140 scorpiones
1269 2085 1280 2123 :
1324 2066 1417 2140 qui
1449 2066 1594 2121 inter
1623 2082 1722 2123 cre-

126 2170 235 2216 tera
300 2158 653 2215 mirabilium
729 2164 952 2212 tuorum
1028 2162 1296 2227 praecepta
1358 2154 1615 2227 dignatus
1666 2170 1724 2210 es

124 2255 296 2313 dicere
357 2273 371 2311 :
451 2277 472 2302 ι
531 2255 821 2309 Daemones
872 2250 1107 2321 eﬂ'u'gate
1164 2249 1378 2320 (Matth.
1432 2265 1491 2316 x,
1547 2247 1649 2316 8);
1690 2270 1709 2294 ι

124 2346 276 2419 cujus
319 2345 535 2401 virtute
564 2342 747 2399 victus
783 2348 1041 2412 tanquam
1074 2337 1259 2410 fulgur
1287 2336 1355 2392 de
1395 2336 1534 2393 coelo
1563 2336 1725 2391 Sata—

130 2452 221 2491 nas
274 2433 483 2492 cecidit
527 2450 539 2490 :
607 2439 764 2487 tuum
821 2444 1023 2487 nomen
1076 2443 1202 2484 cum
1258 2426 1457 2481 timore
1513 2433 1565 2480 et
1619 2433 1726 2479 tre-

128 2538 273 2579 more
311 2522 553 2594 supplex
598 2535 811 2592 precor,
861 2506 1353 2587 ut'indignissimo
1404 2511 1564 2582 mihi,
1601 2511 1727 2567 data

132 2611 288 2668 venia
329 2609 589 2665 omnium
632 2606 986 2674 delictorum,
1032 2603 1422 2661 conﬁdentiam
1462 2609 1514 2657 et
1543 2600 1728 2673 possi-

129 2699 395 2757 bilitatem
427 2700 637 2757 donare
682 2697 971 2770 dignetur;
1016 2702 1078 2750 ut
1107 2694 1257 2751 hunc
1285 2692 1561 2749 crudelem
1593 2691 1729 2747 dra-

131 2806 313 2846 conem
343 2786 565 2845 brachii
595 2786 678 2843 tui
707 2785 957 2842 munitus
984 2782 1248 2858 potentia,
1289 2782 1526 2838 ﬁdeliter
1553 2790 1607 2836 et
1636 2796 1731 2836 se-

130 2896 288 2937 curus
334 2878 644 2952 aggrediar.
695 2875 907 2948 Adjuro
948 2882 1003 2931 te
1040 2891 1187 2946 ergo,
1242 2873 1422 2927 omnis
1474 2871 1730 2926 immun-

131 2968 349 3025 dissime
392 2966 649 3041 spiritus,
685 2982 850 3022 omne
879 2964 1226 3038 phantasma,
1271 2961 1453 3017 omnis
1486 2958 1731 3016 incursio

131 3057 354 3126 Satanae,
387 3057 446 3113 in
484 3044 695 3113 virtute
743 3054 986 3111 nominis
1032 3052 1263 3121 Christi,
1314 3050 1408 3123 qui
1438 3058 1558 3124 post
1588 3052 1731 3106 lava-

1830 1890 1983 1929 meus
2004 1871 2223 1928 diabolo
2245 1878 2299 1925 et
2328 1870 2534 1940 angelis
2557 1867 2675 1939 ejus
2706 1867 2915 1939 (Matth.
2940 1881 3075 1933 xxv,
3103 1864 3218 1937 41).
3242 1889 3262 1913 ι
3299 1862 3423 1919 Tibi

1830 1963 2000 2030 enim,
2024 1960 2213 2033 impie,
2236 1967 2289 2015 et
2312 1959 2520 2029 angelis
2539 1957 2651 2012 tuis
2671 1954 2875 2011 vermis
2894 1952 2989 2025 qui
3009 1966 3292 2025 nunquam
3312 1967 3427 2007 mo—

1830 2052 2015 2109 ritur:
2049 2048 2153 2107 tibi
2202 2056 2256 2104 et
2298 2044 2507 2119 angelis
2557 2046 2669 2102 tuis
2723 2041 3176 2113 inexstinguibile
3223 2056 3426 2113 praepa-

1831 2151 1984 2200 ratur
2016 2141 2334 2199 incendium
2363 2161 2376 2209 ;
2434 2140 2563 2214 quia
2589 2147 2650 2195 tu
2680 2155 2756 2207 es,
2794 2132 3103 2204 maledicte,
3138 2131 3427 2190 homicidii

1834 2231 2110 2305 princeps,
2158 2236 2222 2284 tu
2250 2236 2444 2284 auctor
2472 2227 2690 2294 incesti,
2735 2235 2796 2282 tu
2826 2225 3214 2295 sacrilegorum
3243 2228 3428 2293 caput,

1838 2328 1899 2376 tu
1951 2319 2155 2373 artium
2204 2317 2565 2388 pessimarum
2615 2319 2892 2385 magister,
2938 2322 3000 2370 tu
3046 2309 3422 2367 haereticorum

1834 2409 2046 2477 doctor,
2095 2415 2158 2462 tu
2198 2405 2371 2461 totius
2411 2404 2767 2460 obscenitatis
2813 2403 3090 2458 inventor.
3129 2399 3239 2455 Exi
3280 2416 3429 2471 ergo,

1836 2497 2026 2569 impie,
2072 2494 2183 2562 exi,
2236 2495 2516 2559 scelerate,
2564 2492 2656 2546 exi
2685 2507 2810 2547 cum
2842 2490 2995 2545 omni
3041 2488 3260 2544 fallacia
3288 2496 3422 2554 tua;

1837 2586 1967 2658 quia
2014 2582 2295 2639 hominem
2346 2580 2614 2650 templum
2661 2594 2823 2634 suum
2872 2577 3052 2631 voluit
3098 2592 3214 2632 esse
3262 2577 3431 2631 Deus.

1837 2673 1943 2731 Sed
1972 2673 2106 2746 quid
2136 2670 2350 2726 diutius
2392 2667 2666 2724 moraris?
2713 2669 2795 2722 Da
2839 2665 3106 2720 honorem
3144 2666 3258 2718 Deo
3285 2662 3435 2717 Patri

1838 2760 2232 2835 omnipotenti,
2277 2759 2368 2815 cui
2406 2773 2569 2813 omne
2612 2754 2851 2811 ﬂectitur
2897 2769 3082 2825 genu:
3125 2751 3196 2807 da
3251 2753 3434 2807 locum

1841 2852 2063 2912 Christo
2093 2851 2240 2916 Jesu,
2272 2847 2367 2921 qui
2400 2863 2498 2918 pro
2528 2845 2753 2900 homine
2795 2859 2955 2898 suum
2998 2839 3321 2912 sanguinem
3351 2839 3436 2894 fu-

1840 2941 1925 2998 dit
1958 2959 1970 2996 :
2003 2940 2073 2995 da
2103 2940 2283 2993 locum
2334 2934 2566 3008 Spiritui
2607 2940 2820 3001 sancto,
2871 2932 2967 3004 qui
2994 2940 3047 2987 te
3077 2946 3174 3002 per
3212 2928 3437 2984 beatum

1841 3033 2155 3107 apostolum
2189 3046 2349 3086 suum
2400 3029 2622 3083 Petrum
2669 3024 3044 3080 manifestavit
3086 3022 3145 3077 in
3192 3021 3437 3099 Simone,

132 3164 277 3203 crum
311 3108 576 3203 Jhrdanis
604 3145 665 3201 in
695 3144 971 3202 desertum
1001 3142 1202 3199 ductus
1232 3108 1348 3211 est:
1374 3108 1515 3197 etlin
1543 3141 1655 3197 tuis
1684 3147 1737 3195 te
1765 3140 1810 3201 B
1842 3121 1937 3194 (Ιιιί
1968 3119 2245 3176 fallacum
2286 3116 2524 3211 Ψίληξ-ίη
2558 3114 2778 3211 {mania
2814 3121 2869 3211 εξ
2915 3110 3147 3184 sal’hira
3165 3108 3439 3211 fondem'

135 3235 347 3292 sedibus
380 3235 526 3291 vicit
550 3253 564 3303 ;
596 3241 661 3289 ut
690 3249 852 3306 quem
883 3232 977 3289 ille
1004 3232 1072 3288 de
1100 3231 1236 3287 limo
1266 3240 1422 3286 terra:
1450 3229 1519 3287 ad
1545 3229 1733 3285 hono-

132 3341 237 3381 rem
272 3325 462 3398 glorim
499 3341 609 3381 suae
655 3322 938 3391 formavit,
968 3329 1029 3377 tu
1057 3320 1272 3376 desinas
1307 3319 1650 3391 impugnare,
1680 3326 1733 3374 et

133 3413 187 3469 in
232 3414 460 3471 homine
499 3412 802 3469 miserabili
848 3428 960 3468 non
1005 3410 1305 3466 humanam
1354 3409 1728 3481 fragilitatem,

133 3502 220 3559 sed
249 3503 656 3578 omnipotentis
682 3501 781 3558 Dei
812 3500 1107 3573 imaginem
1146 3499 1557 3556 contremiscas.
1589 3498 1731 3556 Cede

132 3610 252 3668 ergo
279 3599 416 3664 Deo,
482 3595 576 3669 qui
605 3603 658 3651 te
690 3594 751 3649 in
792 3592 1084 3649 humiliato
1114 3592 1322 3647 famulo
1378 3608 1477 3648 suo
1523 3591 1624 3647 Jub
1673 3590 1729 3646 in

132 3688 444 3744 servitutem
495 3684 750 3756 redegit:
799 3684 931 3741 cede
971 3686 1106 3751 Deo,
1154 3682 1249 3755 qui
1291 3690 1345 3738 te
1373 3691 1427 3737 et
1469 3680 1727 3737 militiam

134 3782 277 3833 tuam
307 3776 363 3833 in
411 3776 722 3844 Pharaone,
764 3784 819 3832 et
848 3774 906 3830 in
935 3772 1052 3845 ejus
1089 3772 1335 3829 exercitu
1380 3787 1476 3843 per
1504 3771 1729 3842 Moysen

134 3881 341 3922 servum
373 3882 538 3922 suum
568 3864 829 3921 demersit
858 3864 917 3921 in
947 3864 1205 3936 abyssum
1242 3880 1253 3917 :
1301 3861 1431 3919 cede
1468 3862 1602 3927 Deo,
1634 3856 1730 3931 qui

135 3961 183 4010 te
209 3972 302 4029 per
326 3957 617 4015 Danielem
650 3972 882 4030 puerum
913 3972 1073 4011 suum
1107 3954 1165 4010 in
1211 3953 1335 4009 Beel
1368 3950 1628 4025 perdidit,
1676 3963 1731 4014 et

137 4043 189 4099 in
216 4045 452 4104 dracone
504 4046 838 4119 prostravit:
898 4044 1028 4102 cede
1063 4046 1197 4112 Deo,
1240 4042 1335 4115 qui
1365 4049 1418 4096 te
1458 4055 1554 4113 per
1585 4036 1732 4092 ﬁde-

136 4134 403 4196 lissimum
457 4154 617 4193 suum
676 4136 854 4194 David
901 4135 968 4191 de
1016 4135 1177 4191 Saule
1221 4151 1343 4205 rege
1392 4130 1731 4204 spiritalibus

139 4229 360 4285 canticis
389 4227 612 4299 pulsum
644 4225 859 4296 fugavit
892 4242 903 4278 :
955 4224 1087 4279 cede
1117 4226 1252 4290 Deo,
1283 4223 1378 4294 qui
1420 4230 1476 4277 te
1505 4222 1563 4275 in
1592 4217 1731 4274 Juda

140 4317 394 4374 traditore
423 4313 733 4372 damnavit.
784 4312 882 4368 Ille
911 4312 1059 4367 enim
1090 4320 1143 4367 te
1171 4327 1321 4366 nunc
1357 4309 1567 4364 divinis
1594 4322 1729 4362 ver-

139 4402 354 4462 beribus
384 4404 520 4478 agit,
554 4402 611 4457 in
642 4399 800 4473 cujus
846 4407 1143 4471 conspectu
1190 4414 1317 4454 cum
1367 4397 1477 4453 tuis
1502 4394 1728 4467 legioni-

1843 3214 2020 3282 navit,
2073 3211 2165 3285 qui
2215 3210 2361 3265 tein
2410 3206 2625 3263 Herode
2677 3221 2799 3277 rege
2851 3203 3118 3259 honorem
3165 3203 3279 3257 Deo
3325 3215 3438 3256 non

1843 3302 2007 3359 dante
2050 3299 2339 3372 percussit,
2390 3297 2484 3369 qui
2514 3304 2568 3351 te
2612 3294 2670 3349 in
2699 3292 2936 3364 pessimo
2977 3305 3135 3362 mago
3168 3306 3263 3361 per
3290 3304 3437 3361 apo-

1843 3392 2045 3449 stolum
2079 3406 2238 3445 suum
2276 3388 2505 3444 Paulum
2537 3383 2798 3442 caecitatis
2826 3380 3060 3452 caligine
3086 3377 3347 3451 perfudit,
3384 3384 3440 3433 et

1839 3504 1936 3561 per
1964 3484 2216 3541 eumdem
2261 3482 2330 3537 de
2374 3479 2700 3555 pythonissa
2742 3476 2912 3532 verbo
2962 3474 3239 3547 imperans
3284 3470 3439 3527 exire

1839 3559 2117 3650 praecepit.
2140 3572 2371 3631 Discede
2399 3587 2526 3643 ergo
2548 3585 2718 3635 nunc,
2743 3565 2983 3632 discede,
3015 3563 3301 3631 seductor;
3333 3559 3439 3616 tibi

1841 3668 1989 3723 enim
2023 3680 2238 3730 eremus
2279 3661 2432 3718 sedes
2465 3666 2565 3727 est,
2614 3657 2720 3713 tibi
2756 3653 3026 3712 habitatio
3069 3668 3291 3725 serpens
3333 3659 3436 3709 est.

1840 3755 2167 3823 Humiliare,
2222 3760 2610 3825 prosternere:
2672 3763 2785 3803 non
2840 3753 2922 3801 est
2971 3743 3086 3816 jam
3148 3740 3440 3799 differendi

1838 3852 2074 3916 tempus.
2129 3844 2270 3898 Ecce
2301 3840 2449 3896 enim
2498 3839 2814 3894 dominator
2839 3832 3109 3890 Dominus
3138 3831 3437 3903 proximat,

1839 3934 1949 3989 cito
2001 3933 2144 4005 ignis
2192 3939 2316 3987 ante
2364 3930 2544 4002 ipsum
2592 3924 2827 3991 ardebit,
2874 3929 2928 3979 et
2974 3918 3342 3975 inﬂammabit
3379 3920 3439 3974 in

1840 4027 2078 4083 circuitu
2129 4022 2390 4079 inimicos
2437 4036 2584 4075 suos.
2638 4018 2695 4073 Si
2739 4015 2887 4072 enim
2931 4013 3212 4069 hominem
3265 4010 3434 4079 fallis,

1838 4116 2140 4172 Dominum
2173 4127 2285 4166 non
2330 4116 2483 4181 potes
2531 4105 2777 4161 irridere.
2830 4103 2928 4158 Ille
2968 4109 3021 4157 te
3063 4098 3236 4171 ejicit,
3279 4097 3438 4171 cujus

1838 4205 2015 4262 oculis
2066 4200 2209 4258 nihil
2254 4199 2529 4255 occultum
2566 4202 2647 4250 est
2680 4212 2712 4266 ;Δ
2742 4192 2837 4248 ille
2886 4198 2941 4247 te
2986 4190 3236 4262 expellit,
3279 4187 3438 4261 cujus

1841 4292 2042 4350 virtuti
2072 4289 2335 4346 universa
2360 4284 2605 4357 subjecta
2635 4289 2766 4339 sunt
2794 4300 2805 4337 :
2839 4280 2934 4336 ille
2956 4287 3011 4335 te
3039 4277 3306 4348 excludit,
3339 4277 3434 4350 qui

1837 4381 1944 4438 tibi
1975 4389 2028 4435 et
2058 4377 2268 4451 angelis
2301 4375 2414 4432 tuis
2440 4384 2695 4430 aeternam
2736 4367 3062 4444 praeparavit
3106 4366 3433 4439 gehennam,

140 4494 234 4551 bus
258 4458 520 4553 tremevnsi
547 4458 822 4552 clamabas
852 4510 863 4548 :
927 4515 945 4537 ι
978 4458 1121 4558 Quid
1150 4488 1310 4544 nobis
1338 4494 1392 4543 et
1436 4458 1583 4554 tibi:
1599 4486 1727 4541 Jesn
1761 4501 1805 4562 ρ
1837 4471 1904 4527 de
1935 4468 2093 4562 Quill?
2126 4484 2225 4562 _01_'e
2254 4466 2405 4522 θΧίθῐ
2433 4463 2647 4562 ἕῖἃξὶίιξξ
2673 4462 2760 4519 bis
2786 4458 3133 4562 “Militiam
3166 4462 3434 4557 νθξηωύθ

140 4582 215 4640 ﬁli
238 4585 415 4643 David
437 4585 467 4641 ?
495 4583 698 4640 venisti
717 4590 843 4638 ante
863 4587 1079 4653 tempus
1108 4587 1359 4652 torquere
1383 4593 1484 4633 nos
1507 4576 1719 4649 (Matth.

142 4690 258 4746 vui,
287 4677 406 4750 29).
438 4702 458 4727 ι
516 4676 617 4733 Ille
645 4683 699 4731 te
728 4672 965 4730 ﬂammis
995 4668 1271 4745 perpetuis
1317 4676 1496 4742 urget,
1541 4666 1636 4740 qui
1666 4667 1725 4722 in

144 4761 245 4823 ﬁne
270 4775 586 4842 temporum
613 4765 865 4825 dicturus
891 4769 974 4821 est
999 4759 1213 4836 impiis:
1253 4784 1272 4810 ι
1298 4761 1400 4832 Ite,
1421 4757 1725 4824 maledicti,

1833 4568 1915 4618 est
1942 4561 2001 4615 in
2044 4557 2257 4632 Spiritu
2301 4562 2490 4613 sancto
2514 4551 2765 4625 judicare
2791 4549 3053 4608 saeculum
3100 4561 3199 4619 per
3226 4545 3430 4619 ignem,

1832 4664 2011 4705 amen.
