3902 6198
468 177 599 234 illi

1481 174 1577 229 AD
1615 172 1849 229 OPEBA
1886 170 1943 227 S.
1978 167 2313 227 AMBROSII
2349 165 2729 225 APPENDIX.

3686 161 3801 219 ill!

474 329 3799 362 Δ

486 345 2902 362 ________________________ia
2930 345 3085 346 HW,

1515 521 2714 696 APPENDIX
2806 688 2820 707 .

993 817 1185 964 AD
1307 814 1793 963 OPERA
1905 810 2411 962 SANGTI
2495 804 3235 960 AMBROSII.

1646 1314 1983 1401 PARS
2067 1312 2604 1401 ALTERA

791 1495 1229 1582 complectens
1277 1492 1596 1581 opuscula
1642 1511 1789 1581 quae
1838 1493 1905 1563 in
1954 1494 2240 1564 editione
2284 1488 2703 1564 Benedictina
2752 1506 2883 1558 non
2930 1494 3087 1558 sunt
3132 1488 3471 1558 admissa.

1250 1865 1749 1945 ADMONITIO
1827 1866 1919 1941 IN
1985 1865 2216 1942 ACTA
2285 1867 2362 1942 S.
2438 1864 2995 1942 SEBASTlANI.

1567 2033 1718 2097 (Acta
1747 2031 1850 2087 SS.
1887 2029 2125 2084 Bottand.
2160 2029 2373 2082 Januar.
2411 2034 2536 2079 tom.
2573 2025 2674 2093 II.)

547 2398 597 2453 1.
656 2393 814 2452 Illius
887 2410 949 2451 ac
1012 2391 1276 2448 sociorum
1346 2392 1483 2447 Acta
1556 2397 1721 2448 censet
1792 2392 2064 2449 Baronius
2090 2413 2141 2473 Α
2173 2392 2372 2449 tradita
2415 2392 2778 2464 interpolasse.
2836 2393 3013 2464 Neque
3052 2394 3227 2465 stylus
3262 2392 3334 2449 ab
3373 2358 3659 2449 Ambrosii
3686 2392 3783 2447 ele-

472 2507 563 2548 an.
595 2488 718 2557 286,
748 2504 895 2544 num.
930 2487 983 2555 2,
1025 2502 1138 2542 esse
1167 2483 1414 2557 legitima
1440 2500 1505 2542 ac
1531 2483 1699 2556 digna
1725 2500 1846 2557 qum
1876 2485 2074 2540 Anna-

475 2579 619 2636 libus
647 2584 984 2635 attexantur.
1032 2577 1261 2633 Joannes
1296 2575 1538 2631 Hesselsa
1578 2573 1840 2640 Looanio,
1869 2573 2074 2630 Moloni

474 2669 741 2742 magister,
763 2668 820 2723 in
840 2683 1063 2722 censura
1076 2666 1138 2720 de
1157 2664 1471 2736 quibusdam
1489 2669 1793 2719 sanctorum
1810 2663 2068 2734 historiis,

472 2758 603 2815 satis
642 2757 909 2829 alioquin,
940 2762 1000 2812 ut
1028 2754 1160 2812 alibi
1187 2773 1222 2811 a
1250 2754 1398 2810 nobis
1425 2754 1716 2809 indicatum
1747 2759 1840 2819 est,
1869 2770 2069 2823 seuera,

472 2847 580 2902 ista
637 2846 823 2903 scribit
868 2863 885 2901 :
941 2845 997 2902 S.
1056 2842 1362 2901 Sebastiani
1408 2850 1523 2899 tota
1576 2843 1754 2914 passio
1812 2842 2071 2900 omnibus

473 2934 654 2991 modis
684 2934 884 3006 placet,
915 2932 973 2990 in
1004 2948 1113 3006 qua
1140 2934 1444 2990 multorum
1469 2932 1704 2989 aliorum
1735 2931 1915 3004 passio
1941 2948 2067 2990 con-

474 3024 703 3080 tinetur.

544 3204 596 3261 2.
637 3204 718 3261 Ea
745 3203 905 3275 Acta,
950 3203 1126 3276 inquit
1155 3201 1478 3272 Galesinius,
1525 3218 1557 3258 a
1580 3209 1780 3261 sach
1808 3201 2069 3261 Romana)

469 3293 732 3352 Ecclesia:
783 3293 1017 3351 notariis
1060 3293 1375 3367 conscripta
1420 3300 1704 3366 putantur.
1752 3292 1819 3349 Id
1860 3292 2069 3364 quidem

471 3387 619 3442 nobis
655 3385 868 3441 minime
912 3386 1130 3441 dubium
1167 3393 1283 3451 est;
1322 3391 1381 3441 at
1404 3402 1509 3441 non
1548 3384 1817 3455 fortassis,
1849 3391 1909 3439 ut
1932 3401 2070 3441 nunc

470 3475 799 3530 inmanibus
843 3482 982 3529 sunt.
1043 3474 1174 3529 Nam
1220 3475 1409 3527 horum
1453 3481 1639 3529 auctor
1673 3474 1728 3530 S.
1758 3474 2068 3530 Ambrosius

470 3566 591 3616 ante
630 3575 799 3614 annos
844 3560 950 3615 800
997 3559 1223 3615 habitus.
1282 3561 1372 3615 Ita
1416 3562 1699 3617 monachus
1750 3578 2065 3632 anonymus,

471 3664 576 3704 non
626 3648 953 3716 ineruditus,
1009 3647 1103 3718 qui
1149 3647 1549 3703 translationem
1600 3650 1956 3720 reliquiarum
2006 3654 2064 3711 S.

475 3736 863 3842 §ebastianninin
911 3736 1167 3842 galliam,
1296 3754 1403 3842 qua
1431 3753 1577 3842 mox,
1622 3738 1918 3842 descripsit,
1946 3758 2063 3813 cap.
2093 3782 2140 3842 Β

471 3827 527 3894 6,
556 3844 702 3886 num.
736 3828 804 3886 22
836 3845 847 3885 :
900 3828 1125 3886 Alacres
1170 3826 1337 3885 simul
1385 3825 1599 3884 vadunt
1633 3827 1706 3884 ad
1744 3827 1925 3885 locum
1958 3847 2070 3888 non

466 3915 581 3989 jam
611 3917 904 3991 ignotum;
945 3919 990 3974 si
1030 3917 1254 3991 quidem
1302 3934 1372 3974 ex
1413 3917 1552 3975 serie
1590 3916 1859 3992 passionis
1895 3918 2013 3992 ejus
2040 3937 2071 3978 a

478 4006 535 4062 S.
566 4007 864 4064 Ambrosio
902 4007 1212 4065 luculenter
1239 4006 1401 4064 editas
1430 4007 1756 4078 didicerant,
1809 4010 2071 4068 milliario

472 4095 641 4151 tertio
663 4095 729 4150 ab
757 4096 916 4165 urbe,
948 4098 1067 4155 loco
1099 4097 1190 4171 qui
1222 4096 1293 4153 ob
1320 4097 1613 4156 stationem
1645 4098 1870 4156 navium
1903 4098 2071 4158 Cata-

472 4181 700 4239 cumbas
729 4182 1037 4250 dicebatur,
1082 4188 1406 4260 pracepisse
1448 4204 1545 4260 per
1589 4189 1773 4245 visum
1816 4189 2069 4247 eumdem

473 4270 854 4327 beatissimum
900 4280 1197 4346 martyrem
1241 4276 1466 4333 Lucinae
1514 4278 1734 4335 cuidam
1781 4286 2065 4348 matronae,

473 4360 693 4435 sepeliri
728 4378 784 4418 se
825 4361 894 4419 ad
935 4362 1166 4436 vestigia
1211 4367 1583 4437 apostolorum
1633 4369 1780 4426 Petri
1808 4378 1862 4427 et
1889 4371 2064 4428 Pauli.

472 4452 547 4508 Et
572 4450 631 4507 in
670 4450 920 4524 Epitogo,
959 4468 1105 4507 num.
1141 4451 1286 4510 100:
1325 4453 1585 4527 Quisquis
1627 4473 1757 4514 sane
1809 4459 2068 4518 fastidio—

473 4563 585 4614 sus,
634 4544 859 4602 lautiori
905 4544 1090 4601 edulio
1119 4546 1330 4619 appetis
1368 4547 1577 4617 satiari,
1626 4549 1775 4607 hunc
1817 4560 2066 4619 nostrum

473 4636 748 4693 furfurem
792 4642 1146 4709 postponens,
1195 4637 1529 4696 sanctissimi
1574 4639 1751 4696 Patris
1784 4641 2067 4699 Ambrosii

474 4742 632 4798 opus,
663 4725 812 4799 quod
840 4725 907 4783 de
940 4725 1107 4799 hujus
1126 4727 1411 4801 triumpho
1431 4729 1631 4787 malitis
1669 4730 1863 4800 edidit,
1886 4732 2066 4806 inqui-

472 4830 619 4884 rens,
670 4814 731 4871 in
759 4832 824 4872 eo
853 4816 1090 4889 reperies
1142 4816 1414 4876 ferculum
1454 4819 1726 4878 ditissime
1765 4821 2064 4890 refertum;

472 4904 631 4979 cujus
659 4905 925 4964 delicioso
954 4905 1253 4964 admodum
1289 4910 1509 4981 siligine
1541 4912 1720 4983 palato
1746 4912 1948 4970 mentis
1977 4912 2067 4971 de-

402 4998 405 5001 ’
473 5000 711 5068 gustato,
741 4994 1139 5053 delectabiliter
1170 4997 1374 5070 poteris
1399 4999 1658 5071 saginari.

541 5176 595 5233 3.
634 5177 813 5249 Neque
839 5178 1056 5248 mirum,
1106 5184 1166 5234 ut
1203 5180 1439 5237 aliorum
1476 5187 1798 5252 sanctorum,
1846 5184 1925 5241 ita
1964 5186 2066 5243 Se-

472 5266 721 5335 bastiani,
770 5268 1071 5327 Mediolano
1112 5270 1331 5326 oriundi
1370 5270 1442 5327 ad
1469 5270 1942 5331 Mediolanensium
1969 5274 2065 5330 in-

469 5357 817 5425 ﬂammandos
855 5359 984 5432 pari
1028 5358 1251 5417 virtutis
1291 5362 1488 5418 ardore
1531 5363 1758 5432 animos,
1794 5365 2065 5438 praetura

471 5444 778 5514 certamina,
810 5454 905 5503 aut
946 5449 1227 5506 tradidisse
1266 5452 1439 5524 ipsum
1484 5452 1672 5509 litteris
1709 5454 1969 5526 primum,
2000 5470 2066 5509 ea;

475 5530 737 5601 majorum
762 5535 842 5591 vel
877 5551 1130 5607 sermone,
1172 5540 1253 5596 uel
1278 5541 1683 5611 commentariis,
1731 5548 1827 5599 aut
1850 5542 1917 5598 ab
1939 5541 2066 5599 aliis

2181 2481 2362 2553 gantia
2388 2487 2437 2538 et
2460 2480 2719 2552 gravitate
2744 2483 2966 2538 multum
2992 2482 3207 2540 recedit.

2251 2570 2305 2628 4.
2346 2574 2435 2629 Εα
2462 2572 2597 2628 Acta
2624 2572 2897 2629 Rosweido
2927 2578 3108 2628 nostro
3154 2588 3223 2627 ea:
3248 2588 3380 2627 mss.
3434 2570 3779 2641 Rebdorﬁ’ensi

2180 2678 2342 2733 prope
2394 2662 2731 2735 Eystadium,
2787 2662 3118 2735 Eystadiano
3168 2663 3286 2721 PP.
3340 2663 3775 2730 Pradicatoruu,

2180 2753 2255 2809 Μ.
2298 2751 2511 2820 Velseri,
2544 2753 2600 2809 S.
2628 2752 2856 2810 Martini
2882 2752 3117 2809 Treviris
3135 2751 3407 2824 descripta
3425 2771 3450 2819 ;
3474 2753 3775 2807 contulimus

2179 2858 2294 2897 cum
2338 2858 2463 2896 mss.
2525 2842 2579 2898 S.
2615 2841 2833 2911 Gisleni,
2894 2841 2949 2898 S.
2995 2841 3323 2907 Audomari,
3361 2842 3419 2898 S.
3474 2841 3773 2908 Maximini,

2178 2931 2470 3005 Ripatorii,
2524 2931 2772 3004 aliisque,
2833 2937 2879 2987 et
2927 2931 3127 2989 Bonini
3182 2931 3485 2990 Μοντιὸνίϋί
3540 2932 3772 2987 editione.

2181 3024 2308 3090 Qua
2358 3022 2579 3079 Licinus
2619 3023 2874 3079 Brecbtus
2927 3020 3358 3093 Antuerpiensis,
3405 3022 3687 3089 minorita,
3718 3037 3774 3076 es

2176 3128 2275 3169 ms.
2328 3111 2689 3170 Mechliniensi
2727 3111 2963 3180 (mutato
3000 3120 3185 3169 tamen
3218 3110 3487 3168 nonnihil
3532 3112 3700 3184 stylo,
3724 3116 3775 3165 ut

2179 3206 2401 3257 testatur
2455 3202 2725 3269 Molanus,
2775 3208 2824 3257 et
2871 3207 3014 3273 patet
3053 3201 3259 3273 legenti)
3320 3200 3555 3258 Looanii
3599 3199 3771 3266 edidit,

2176 3290 2466 3361 dicavitque
2502 3291 2669 3362 Viglio
2698 3291 2975 3346 Zuichemo
3021 3290 3230 3346 concilii
3262 3290 3499 3347 Casarei
3540 3287 3770 3362 prasidi,

2176 3380 2270 3436 hoc
2304 3380 2534 3453 praefixo
2587 3380 2738 3436 titulo
2770 3397 2788 3435 :
2834 3378 3208 3438 Memorabilis
3248 3379 3489 3436 historia
3533 3378 3770 3450 comple-

2175 3478 2327 3527 ctens
2378 3468 2793 3526 conversionem
2852 3476 2907 3527 et
2960 3484 3159 3542 agones
3208 3468 3518 3525 illustrium
3575 3468 3769 3540 aliquot

2176 3566 2507 3631 martyrum,
2563 3575 2675 3616 una
2714 3575 2838 3616 cum
2897 3574 3061 3615 aurea
3118 3556 3508 3614 exhortatione
3551 3556 3622 3614 ad
3654 3555 3768 3612 vita

2176 3649 2460 3720 praesentis
2515 3655 2891 3723 contemptum
2916 3692 2932 3718 ,
3006 3657 3061 3706 et
3120 3658 3339 3706 aeternas
3399 3647 3763 3705 desiderium.

2177 3738 2504 3811 opusculum
2540 3737 2736 3796 incerti
2767 3737 2991 3813 quidem
3021 3737 3263 3795 auctoris
3298 3755 3311 3793 :
3352 3735 3453 3793 sed
3478 3752 3513 3793 ο,
3539 3736 3605 3793 F.
3635 3732 3760 3792 Livi-

2181 3844 2255 3885 no
2284 3827 2522 3885 Brechto
2567 3845 2755 3887 recens
2802 3828 3145 3903 recognitum
3183 3836 3238 3885 et
3276 3834 3665 3900 expurgatus.
3706 3825 3761 3881 Is

2180 3917 2404 3989 epistola
2427 3918 2820 3991 nuncupatoria
2847 3918 2951 3975 ista
2981 3918 3133 3975 habet
3158 3935 3176 3973 :
3213 3917 3325 3975 Nos
3349 3916 3597 3973 illustres
3624 3928 3759 3969 mar-

2180 4013 2368 4079 tyrum
2412 4023 2630 4081 agones,
2675 4015 2803 4064 ante
2850 4006 3004 4064 mille
3055 4006 3145 4074 (ni
3176 4005 3368 4079 fallor)
3415 4013 3473 4062 et
3516 4003 3760 4060 ducentos

2181 4110 2353 4152 annos
2383 4096 2808 4170 diligentissime
2837 4095 3198 4170 conscriptos,
3240 4093 3564 4155 Christiano
3588 4089 3756 4151 lectori

2180 4186 2669 4244 communicandos
2697 4186 2982 4245 duximus.

2249 4282 2304 4341 ὅ.
2345 4283 2550 4340 Eadem
2600 4284 2735 4340 Acta
2781 4301 2807 4339 e
2857 4284 3037 4341 Greco
3093 4280 3355 4341 Simeonis
3407 4279 3758 4353 Metapltrasta

2179 4373 2366 4431 Latine
2391 4373 2547 4431 vertit
2589 4373 2877 4431 Gentianus
2906 4375 3183 4442 Heroetus,
3214 4372 3381 4429 edidit
3414 4370 3662 4443 Aloysius
3684 4368 3758 4426 Li-

2174 4479 2458 4536 pomanus,
2488 4468 2643 4536 atque
2671 4480 2737 4520 ea:
2765 4481 2821 4519 eo
2853 4464 3065 4520 Surius.
3086 4464 3174 4521 Ea
3198 4461 3555 4533 conscripsere
3581 4474 3758 4532 quoque

2179 4553 2403 4610 Iacobus
2439 4553 2501 4610 de
2536 4554 2813 4626 Voragine,
2840 4553 3157 4611 Franciscus
3184 4554 3439 4622 Harenas,
3486 4550 3757 4608 Zacharias

2179 4641 2480 4714 Lippelous,
2520 4642 2812 4699 Ferrarius
2841 4642 2897 4699 in
2924 4644 3099 4700 Catal.
3145 4642 3243 4700 SS.
3276 4641 3478 4710 Italia,
3510 4639 3756 4697 Baronius

2181 4735 2305 4787 tom.
2336 4732 2401 4789 II
2424 4730 2651 4801 Annal,
2680 4733 2758 4792 M.
2789 4732 3055 4789 Antonius
3087 4731 3367 4804 Georgius,
3397 4731 3625 4787 Joannes
3650 4730 3754 4785 Ba-

2178 4822 2333 4880 silius
2373 4822 2704 4892 Sanctorius,
2750 4823 3103 4883 Ribadeneira
3141 4828 3189 4879 et
3234 4819 3551 4879 Bosweidus
3583 4816 3750 4885 nostri,

2179 4913 2371 4969 Petrus
2410 4913 2473 4969 de
2499 4914 2686 4971 Natat.
2723 4913 2813 4971 lib.
2847 4915 2922 4983 II,
2958 4930 3075 4986 cap.
3111 4911 3234 4978 106,
3263 4911 3489 4968 Gabriel
3518 4911 3749 4975 Flamma,

2178 5009 2228 5059 et
2250 5004 2350 5060 alii
2376 5005 2662 5062 innumeri.
2696 5007 2878 5063 Sermo
2908 5005 2965 5062 S.
2996 5001 3289 5075 Augustini
3315 5001 3380 5057 de
3416 5000 3638 5057 diversis
3660 5015 3748 5054 απι-

2181 5097 2409 5164 tesimus,
2453 5096 2512 5150 in
2540 5094 2653 5166 ejus
2676 5095 2943 5166 sanctique
2964 5092 3193 5152 Fabiani
3225 5091 3406 5148 natali
3432 5091 3638 5147 habitus
3658 5095 3748 5151 est;

2100 5151 2144 5213 ο
2176 5186 2231 5241 s.
2285 5151 2528 5258 Gregorii
2558 5151 2797 5242 “homilia
2843 5151 2935 5252 57,
2981 5182 3297 5274 inbasilioa
3347 5182 3408 5239 s.
3459 5176 3743 5274 Sebastiani.

2170 5274 2421 5331 Aliorum
2464 5275 2756 5333 multorum
2794 5279 3007 5335 exstant
3032 5273 3177 5330 de‘eo
3214 5270 3509 5328 siruwnes.
3542 5270 3744 5345 Legimus

2171 5364 2310 5420 idem
2336 5363 2487 5423 illius
2512 5365 2832 5438 martyrium
2856 5364 2916 5420 in
2940 5380 3039 5421 ms.
3070 5361 3285 5421 Nicolai
3309 5359 3594 5432 Belfortii,
3621 5374 3742 5415 casc-

2171 5453 2278 5509 nici
2321 5454 2584 5525 regularis
2631 5453 3031 5522 Suessionensis,
3078 5450 3313 5509 carmine
3358 5449 3671 5525 descriptum
3690 5446 3741 5504 ab

2177 5540 2407 5602 Oliverio
2440 5544 2686 5603 Conrado
2714 5543 2988 5601 minorita.
