3902 6198
263 220 406 277 1113

1526 226 1714 286 ACTA
1755 230 1809 287 S.
1851 231 2283 291 SEBASTIANI.

3423 245 3561 303 1114

257 356 2266 384 ——_._____.___._________________

752 509 1109 600 ACTA
1194 512 1299 602 S.
1400 514 2221 607 SEBASTIANI
2310 523 3064 615 MARTYRIS.

788 810 1016 870 CAPUT
1053 813 1327 873 PRIMUM

560 907 615 963 8.
652 908 988 965 Sebastianus
1018 918 1277 984 martyres
1303 913 1525 971 animat.

331 997 380 1053 i.
413 996 766 1055 Sebastianus
811 1000 898 1054 vir
943 1000 1436 1063 christianissimus
1470 1007 1853 1066 Mediolanen-

254 1086 399 1142 sium
432 1087 682 1160 partibus
713 1089 947 1158 eriditis,
990 1091 1132 1149 civis
1163 1095 1243 1166 (1)
1292 1111 1421 1150 vero
1458 1097 1848 1169 Narbonensis,

251 1177 599 1234 Diocletiano
628 1186 682 1234 et
721 1180 1056 1239 Maximiano
1091 1185 1516 1259 imperatoribus
1546 1189 1621 1245 ita
1649 1190 1850 1248 charus

250 1274 388 1334 erat,
422 1275 482 1323 ut
523 1267 893 1343 principatum
926 1273 976 1328 ei
1023 1275 1213 1347 prima:
1257 1277 1501 1335 cohortis
1551 1281 1848 1352 traderent,

249 1362 306 1410 et
357 1371 456 1411 suo
503 1373 627 1413 eum
686 1362 1005 1432 conspectui
1058 1365 1319 1436 juberent
1385 1384 1599 1441 semper
1651 1377 1846 1427 astare.

247 1443 384 1501 Erat
412 1444 558 1502 enim
589 1446 677 1502 vir
711 1448 881 1506 totius
928 1451 1255 1523 prudentia,
1287 1455 1344 1512 in
1373 1473 1628 1514 sermone
1656 1476 1847 1528 verax,

247 1531 307 1589 in
333 1532 548 1604 judicio
570 1534 776 1608 justus,
812 1539 866 1593 in
905 1540 1139 1596 consilio
1183 1544 1470 1614 providus,
1504 1545 1560 1601 in
1595 1549 1848 1604 commis-

245 1637 310 1678 so
341 1623 540 1693 ﬁdelis,
572 1623 630 1680 in
678 1625 996 1686 interventu
1029 1637 1306 1700 strenuus,
1351 1633 1409 1688 in
1448 1634 1692 1692 bonitate
1721 1653 1848 1693 con-

243 1714 492 1788 spicuus,
544 1717 601 1774 in
645 1719 904 1777 universa
949 1739 1164 1780 morum
1214 1725 1499 1784 honestate
1530 1730 1844 1801 praeclarus.

242 1802 408 1861 Hunc
461 1805 667 1863 milites
725 1824 788 1865 ac
850 1809 895 1866 si
944 1820 1153 1883 patrem
1203 1815 1648 1886 venerabantur;
1699 1817 1848 1876 hunc

239 1891 514 1964 universi,
555 1896 649 1968 qui
679 1906 948 1968 praeerant
987 1901 1212 1972 palatio,
1253 1903 1580 1962 charissimo
1610 1923 1848 1964 venera-

238 1979 450 2037 bantur
502 1984 742 2042 affectu:
813 1996 929 2045 erat
981 1991 1129 2048 enim
1173 2008 1337 2050 verus
1388 1994 1488 2051 Dei
1544 1998 1744 2066 cultor,
1794 2003 1848 2054 et

237 2085 466 2128 necesse
495 2083 610 2131 erat
649 2083 729 2145 ut,
787 2093 949 2150 quem
1006 2079 1108 2138 Dei
1162 2082 1478 2154 perfuderat
1526 2086 1716 2158 gratia,
1778 2085 1845 2142 ab

187 2185 198 2198 -
233 2161 504 2220 omnibus
533 2173 829 2223 amaretur.

315 2257 369 2315 2.
395 2257 616 2317 Christo
639 2261 806 2333 igitur
832 2262 1080 2336 quotidie
1111 2265 1364 2325 sedulum
1395 2269 1694 2330 exhibebat
1727 2273 1841 2330 oﬁi-

229 2346 412 2416 cium,
447 2348 542 2405 sed
589 2349 781 2422 agebat
811 2361 1081 2425 quatenus
1131 2355 1236 2414 hoc
1287 2359 1567 2434 sacrilegis
1623 2363 1844 2436 regibus

229 2443 382 2493 esset
413 2439 714 2510 occultum,
749 2457 858 2497 non
915 2443 1187 2516 passionis
1239 2448 1439 2505 timore
1495 2452 1838 2524 perterritus,

230 2542 344 2583 nec
368 2527 688 2600 patrimonii
738 2532 822 2587 sui
869 2549 1054 2590 amore
1098 2538 1448 2608 constrictus,
1494 2541 1588 2597 sed
1622 2542 1690 2600 ad
1737 2543 1842 2600 hoc

232 2626 458 2676 tantum
490 2620 592 2678 sub
621 2615 915 2698 chlamyde
953 2628 1155 2684 terreni
1187 2629 1404 2703 imperii
1443 2630 1649 2689 Christi
1679 2632 1841 2689 mili-

236 2716 358 2765 tem
390 2708 579 2782 agebat
608 2711 987 2770 absconditum
1009 2715 1114 2788 (2),
1147 2726 1209 2774 ut
1237 2718 1677 2779 Christianorum
1711 2722 1840 2779 ani-

232 2813 383 2864 mos,
415 2815 552 2872 quos
595 2801 739 2858 inter
786 2810 1061 2862 tormenta
1090 2806 1313 2864 videbat
1341 2808 1592 2880 deﬁcere,
1625 2811 1838 2869 confor-

230 2892 400 2954 taret,
431 2895 484 2942 et
513 2890 626 2945 Deo
677 2891 926 2950 redderet
954 2894 1165 2952 animas
1195 2913 1327 2970 quas
1370 2897 1623 2958 diabolus
1663 2918 1838 2959 cona-

227 2975 406 3034 batur
429 2971 667 3034 auferre.

313 3065 366 3124 3.
407 3068 655 3143 Denique
684 3077 970 3144 postquam
995 3075 1197 3133 multas
1228 3085 1534 3150 martyrum
1569 3087 1778 3136 mentes
1806 3096 1837 3136 a

227 3155 439 3213 timore
470 3158 737 3229 passionis
781 3160 1004 3234 eripuit,
1055 3173 1108 3220 et
1153 3166 1220 3222 ad
1260 3183 1520 3225 coronam
1563 3178 1836 3241 perpetuae

225 3243 423 3316 glorise
455 3246 711 3307 incitavit
742 3266 753 3304 :
791 3250 903 3324 ipse
933 3252 1056 3327 quis
1088 3263 1246 3324 esset,
1292 3259 1565 3330 apparuit,
1590 3260 1722 3332 quia
1755 3261 1834 3317 lu-

224 3348 364 3390 men
394 3333 452 3390 in
484 3337 724 3394 tenebris
740 3338 906 3396 latere
937 3358 1048 3398 non
1072 3345 1270 3414 potuit.
1301 3346 1635 3405 Clarissimis
1666 3347 1836 3421 igitur

223 3422 372 3479 viris
393 3423 745 3485 Marcelliano
767 3437 819 3485 et
847 3430 1029 3489 Marco
1059 3432 1273 3492 duobus
1306 3437 1540 3508 geminis
1569 3439 1834 3496 fratribus

1883 826 1935 886 A

2599 832 2826 891 CAPUT
2853 834 2920 891 ΙΙ.

1961 922 2300 981 Marcelliani
2325 933 2373 981 et
2406 927 2582 986 Marci
2617 931 2848 1002 graviter
2897 938 3198 1003 oppugnata
3243 934 3556 990 constantia.

2033 1013 2091 1069 4.
2132 1015 2237 1083 Qui
2284 1033 2408 1073 cum
2448 1018 2781 1078 beatissimis
2825 1021 3294 1079 consolationibus
3335 1023 3554 1098 acquie-

1961 1118 2194 1174 scerent,
2225 1113 2278 1162 et
2307 1108 2534 1164 verbera
2579 1111 2904 1168 carniﬁcum
2953 1112 3140 1169 animo
3189 1114 3555 1187 perseveranti

1960 1192 2277 1263 transirent,
2309 1197 2596 1268 capitalem
2628 1198 2768 1271 jussi
2801 1209 2931 1257 sunt
2960 1201 3146 1258 subire
3174 1202 3502 1259 sententiam
3540 1221 3551 1260 :

1960 1298 2023 1338 ea
2074 1285 2332 1342 videlicet
2384 1289 2615 1359 ratione,
2675 1301 2736 1348 ut
2791 1292 2836 1348 si
2887 1293 3076 1350 eodem
3126 1302 3406 1351 momento
3449 1312 3556 1370 quo

1960 1371 2266 1430 decollandi
2294 1385 2449 1433 erant
2493 1379 2780 1437 sacriﬁciis
2810 1383 3237 1453 consensissent,
3264 1390 3318 1440 et
3348 1401 3554 1457 paren-

1957 1465 2107 1522 tibus
2163 1468 2278 1524 suis
2326 1477 2380 1526 et
2430 1470 2758 1546 conjugibus
2813 1483 2868 1533 et
2923 1476 3055 1534 ﬁliis
3103 1485 3158 1534 et
3203 1475 3556 1536 facultatibus

1959 1554 2334 1615 redderentur.
2381 1561 2556 1619 Erant
2601 1565 2748 1621 enim
2798 1583 2910 1622 non
2955 1568 3156 1635 solum,
3189 1574 3251 1623 ut
3284 1567 3550 1635 diximus,

1958 1658 2152 1714 genere
2195 1647 2488 1707 clarissimi
2543 1652 2670 1721 viri,
2713 1653 2806 1710 sed
2853 1662 2907 1709 et
2957 1655 3310 1712 facultatibus
3340 1655 3553 1713 dilatati

1961 1732 2043 1805 (3)
2075 1752 2089 1801 ;
2142 1752 2374 1808 quorum
2408 1748 2524 1795 erat
2570 1748 2725 1813 pater
2763 1742 3182 1816 Tranquillinus
3225 1745 3470 1813 nomine,
3501 1751 3555 1800 et

1957 1831 2130 1880 mater
2181 1827 2384 1885 Marcia
2433 1827 2732 1886 vocabatur
2778 1850 2792 1898 ;
2851 1832 2946 1905 qui
3004 1831 3130 1887 illos
3191 1833 3556 1906 sequebantur

1955 1928 2080 1971 cum
2117 1916 2385 1973 uxoribus
2422 1934 2612 1975 eorum
2642 1927 2696 1975 et
2738 1919 2908 1988 ﬁliis;
2959 1920 3132 1977 nimio
3175 1921 3322 1977 enim
3353 1921 3410 1976 in
3440 1921 3554 1979 suis

1955 2011 2248 2086 nepotibus
2277 2012 2619 2072 ducebantur
2663 2015 2880 2072 affectu.
2915 2015 3068 2072 Unde
3115 2015 3320 2073 factum
3351 2023 3453 2085 est,
3494 2024 3555 2072 ut

1953 2099 2020 2155 ab
2071 2101 2322 2174 Agrestio
2372 2103 2453 2175 (4)
2505 2103 2824 2162 Chromatio
2868 2105 3021 2161 urbis
3060 2106 3245 2163 Romaa
3299 2106 3553 2178 praefecto

1871 2187 1916 2247 B
1953 2186 2182 2260 triginta
2228 2189 2444 2246 dierum
2493 2190 2745 2248 inducias
2790 2192 3168 2266 impetrarent,
3217 2192 3275 2250 in
3318 2210 3552 2267 quorum

1952 2276 2130 2348 spatio
2168 2285 2418 2348 ageretur
2463 2297 2590 2337 cum
2638 2281 2737 2348 eis,
2793 2292 3066 2354 quatenus
3102 2282 3170 2338 ad
3218 2281 3554 2339 thuriﬁcan-

1952 2363 2084 2421 dum
2115 2364 2279 2422 idolis
2309 2370 2705 2428 consentirent.

2023 2453 2076 2509 5.
2125 2455 2462 2512 Accedentes
2507 2458 2691 2533 itaque
2729 2459 2895 2517 amici
2938 2476 3128 2517 eorum
3168 2461 3236 2519 ad
3289 2479 3402 2533 eos,
3447 2479 3550 2522 ca)-

1951 2551 2149 2616 perunt
2180 2543 2360 2601 dicere
2396 2564 2406 2604 :
2443 2547 2595 2603 Unde
2641 2549 2801 2604 vobis
2846 2556 2957 2606 tam
3007 2548 3144 2606 dura
3193 2569 3366 2621 mens,
3415 2561 3551 2609 tam-

1951 2653 2056 2711 que
2115 2637 2356 2695 ferreum
2405 2646 2616 2712 pectus,
2660 2641 2808 2713 quod
2853 2635 3112 2698 canitiem
3165 2643 3420 2716 patimini
3464 2644 3545 2716 (ὅ)

1949 2732 2120 2804 patris
2144 2733 2402 2805 abjicere,
2444 2743 2497 2792 et
2535 2735 2696 2790 matri
2723 2734 2836 2808 jam
2867 2736 3153 2809 decrepita!
3184 2754 3356 2794 novos
3382 2738 3548 2794 dolo-

1950 2836 2034 2877 res
2074 2830 2261 2896 partus
2308 2824 2502 2881 aﬁ‘erre
2549 2825 2576 2882 ?
2617 2826 2754 2882 Nam
2805 2826 2902 2882 illa
2947 2834 3134 2899 partus
3197 2827 3282 2884 sui
3330 2829 3548 2886 dolores

1951 2912 2424 2970 consolationibus
2452 2913 2763 2986 superabat,
2795 2915 2928 2971 dum
2959 2915 3018 2972 in
3048 2933 3158 2974 uno
3191 2916 3379 2973 dolore
3408 2916 3545 2974 duos

1950 2999 2096 3058 ﬁlios
2125 3011 2359 3075 pareret,
2409 3011 2462 3060 et
2507 3003 2786 3076 geminum
2828 3005 2971 3077 patri
3017 3005 3273 3062 funderet
3299 3005 3542 3063 ﬁliorum

1949 3091 2205 3149 affectum
2241 3112 2252 3148 :
2307 3109 2456 3150 nunc
2486 3109 2617 3150 vero
2660 3094 2982 3151 insanabilis
3011 3093 3189 3162 dolor,
3238 3093 3541 3151 inconsola-

1945 3179 2079 3237 bilis
2106 3198 2284 3254 poena,
2315 3182 2737 3240 irremediabilis
2785 3184 3080 3250 cruciatus,
3124 3182 3541 3256 incomparabi—

1947 3269 2014 3324 lis
2040 3277 2229 3342 partus
2261 3271 2341 3343 (6)
2373 3281 2474 3340 est,
2510 3289 2620 3345 quo
2650 3288 2771 3344 spes
2799 3279 2854 3328 et
2880 3271 3140 3344 gaudium
3162 3272 3394 3342 tollitur,
3423 3271 3539 3327 vita

1944 3360 2339 3428 contemnitur,
2383 3362 2660 3434 respuitur
2688 3361 2881 3436 gloria,
2930 3370 3004 3430 et,
3045 3362 3374 3435 contemptis
3423 3379 3536 3419 om-

1943 3447 2107 3506 nibus
2133 3449 2350 3521 pietatis
2386 3451 2693 3519 affectibus,
2722 3451 2915 3508 mortis
2962 3451 3220 3510 atrocitas
3262 3451 3539 3525 appetitur

222 3527 334 3613 pro
365 3511 570 3611 Dbristi
596 3516 824 3613 nomine
862 3517 921 3574 in
949 3520 1186 3579 vinculis
1214 3525 1552 3595 constitutis,
1585 3527 1834 3603 quotidie
1865 3553 1908 3611 ο
1945 3511 2320 3613 potius-quam
2350 3540 2578 3597 timetur
2608 3511 2714 3612 (7).
2757 3540 3116 3597 Obsecramus
3163 3558 3279 3609 vos,
3296 3511 3352 3597 ὀ.
3373 3540 3536 3598 amici

218 3599 490 3658 solatium
521 3603 818 3664 exhibebat
836 3625 850 3675 ;
887 3617 940 3666 et
967 3621 1077 3671 tam
1112 3613 1249 3688 ipsis
1277 3632 1440 3689 quam
1469 3599 1634 3673 etiam
1657 3618 1830 3676 servis

221 3719 448 3775 eorum,
506 3722 630 3763 cum
696 3705 898 3781 quibus
941 3707 1076 3763 tenti
1135 3707 1373 3777 fuerant,
1409 3709 1670 3765 salutaria
1699 3708 1828 3766 ﬁdei

221 3793 466 3852 consilia
497 3795 878 3855 ministrabat:
911 3796 1112 3871 quibus
1142 3797 1377 3870 fugitiva
1405 3800 1591 3856 saeculi
1615 3798 1827 3856 blandi-

222 3892 418 3942 menta
447 3897 784 3961 respuerent,
817 3895 870 3946 et
899 3897 1284 3946 momentanea
1319 3896 1720 3949 tormentorum
1742 3908 1824 3966 ge-

215 3993 360 4036 nera
392 3995 503 4036 non
542 3981 822 4039 timerent.

302 4113 384 4196 (ξ)
420 4116 505 4196 μδ
543 4114 805 4196 plerique
820 4117 1074 4196 codices;
1125 4116 1369 4190 quidam,
1396 4117 1649 4196 partium
1674 4117 1822 4174 civis.

213 4186 281 4242 S.
310 4186 638 4240 Ambrosius
664 4186 721 4240 iri
766 4187 909 4242 Psal.
951 4186 1418 4256 cxvm,'octonar'.
1449 4189 1518 4244 20
1551 4206 1563 4244 :
1604 4191 1826 4245 Utamur

211 4256 783 4328 exemploSebastiani
807 4260 1084 4328 martyris,
1140 4257 1289 4327 cujus
1317 4259 1466 4314 hodie
1501 4261 1700 4315 natalis
1728 4267 1820 4317 est.

209 4328 322 4386 Hic
362 4326 772 4386 Mediolanensis
817 4326 1080 4383 oriundus
1123 4326 1214 4383 est.
1259 4329 1526 4384 Fortassis
1568 4336 1664 4384 aut
1699 4330 1820 4399 jam

211 4400 530 4456 discesserat
551 4405 877 4472 persecutor,
925 4405 1020 4454 aut
1044 4400 1214 4472 adhuc
1250 4407 1607 4472 nonrvenerat
1633 4401 1690 4454 in
1718 4402 1824 4457 haec

205 4472 481 4544 partium,
524 4471 622 4526 aut
674 4471 856 4526 mitior
902 4477 1034 4527 erat.
1081 4471 1326 4526 Advertit
1367 4471 1449 4544 hic
1493 4478 1588 4526 aut
1615 4473 1823 4527 nullum

209 4542 348 4610 esse,
377 4549 473 4598 aut
501 4549 667 4614 tepere
694 4549 974 4598 certamen.
1007 4545 1229 4600 Romam
1277 4542 1549 4614 profectus
1600 4551 1696 4612 est,
1731 4545 1820 4599 ubi

290 4620 439 4685 opter
488 4614 612 4686 ﬁdei
666 4615 900 4670 studium
948 4615 1330 4686 persecutiones
1387 4615 1585 4670 acerba
1640 4614 1821 4684 ferve-

204 4631 439 4740 gropter
482 4631 612 4696 Ῑιαει
666 4631 900 4670 studium
948 4631 1330 4697 persecutiones
1387 4631 1585 4670 accrate
1640 4631 1820 4684 [erve-

228 4692 368 4758 ant.
407 4685 492 4743 Ibi
515 4702 708 4758 passus
761 4692 856 4752 est,
904 4687 996 4758 hoc
1038 4691 1131 4751 est,
1165 4686 1263 4758 ibi
1301 4693 1600 4742 coronatus.
1635 4687 1820 4758 Itaque

211 4756 334 4811 illic
361 4773 463 4826 qno
505 4756 685 4826 hospes
730 4756 976 4822 advertit,
1031 4757 1353 4813 domicilium
1402 4756 1820 4813 immortalitatis

205 4834 480 4900 perpetuae
514 4828 806 4885 collocavit.
855 4829 930 4885 At
963 4828 1232 4884 Baronius
1259 4836 1394 4885 tom.
1427 4831 1495 4897 II,
1528 4845 1657 4885 ann.
1691 4830 1815 4899 284,

210 4899 371 4955 hum.
398 4899 484 4967 12,
511 4900 704 4957 scribit
732 4917 743 4956 :
779 4902 834 4958 8.
865 4901 1204 4957 Ambrosium
1232 4907 1282 4955 et
1306 4902 1442 4956 alios
1473 4901 1679 4957 tradere
1705 4919 1815 4967 pa-

212 4977 296 5026 tre
322 4971 676 5037 Narbonensi,
728 4979 896 5027 matre
941 4973 1342 5040 Mediolanensi,
1387 4980 1571 5028 natum
1604 4971 1814 5031 Medio-

214 5041 353 5117 lani.
387 5041 578 5117 Tradit
637 5043 1061 5117 Metaphrastes_
1083 5049 1258 5117 ortum
1294 5045 1618 5110 Mediolani;
1679 5044 1814 5117 qui—

210 5112 854 5194 busparentibusnsilet.
909 5114 1178 5194 sauﬂ‘aius
1219 5117 1597 5194 patreﬁallo,
1645 5112 1814 5171 matre

208 5184 614 5254 Mediolanensi,
651 5187 898 5244 Narbone
940 5187 998 5241 in
1053 5184 1326 5245 Viennensi
1377 5188 1558 5244 Gallia
1605 5193 1809 5243 natum.

207 5255 326 5330 Eleo
379 5257 720 5330 refragantur
772 5259 1058 5330 Tristanus
1115 5258 1369 5328 Calchus,
1401 5267 1496 5316 aut
1543 5257 1813 5330 Iosephus

209 5327 614 5410 Biparnontiusg
640 5329 730 5410 hic
748 5329 903 5410 addit
922 5337 1146 5410 matrem
1168 5330 1654 5410 proptereamariti
1670 5327 1809 5385 inor-

211 5404 258 5454 te
285 5398 502 5471 viduam
535 5402 797 5471 retectam,
827 5398 1198 5458 Mediolanum
1227 5398 1352 5459 cum
1384 5401 1501 5459 ﬁlio
1530 5401 1696 5458 unico
1721 5418 1806 5458 re-

209 5469 459 5546 vertisse.
499 5469 791 5546 Babanus,‘
814 5472 1082 5546 variique
1117 5489 1248 5546 mss.
1283 5492 1295 5530 :
1354 5475 1557 5532 Eodem
1603 5473 1688 5546 die
1744 5474 1800 5530 8.

212 5541 508 5626 sebmtiani
539 5544 602 5598 de
628 5545 951 5626 Mediolano,
993 5541 1417 5626 quijntantum,
1475 5556 1578 5603 etc.
1629 5544 1809 5626 Meta-

209 5611 458 5685 pbrastes
500 5631 682 5688 genere
725 5611 939 5674 clarum,
974 5611 1053 5675 ait
1093 5616 1283 5676 fuisse.
1315 5611 1522 5676 Menaea
1553 5634 1564 5676 :
1599 5617 1691 5687 Εἷς
1719 5629 1809 5685 τῆς

1939 3626 2269 3698 charissimi,
2303 3629 2524 3686 tandem
2557 3629 2643 3684 bis
2673 3629 2798 3686 date
2832 3629 3080 3686 cladibus
3127 3629 3312 3697 ﬁnem,
3349 3637 3403 3686 et
3439 3646 3539 3686 vos

1939 3725 2118 3791 patres
2173 3733 2288 3775 esse
2341 3717 2589 3776 dulcium
2640 3718 2886 3777 ﬁliorum
2937 3719 3026 3775 vel
3083 3717 3355 3778 admoniti
3412 3736 3540 3778 me-

1937 3816 2202 3868 mentote.

2007 3910 2058 3966 6.
2093 3910 2220 3966 Hac
2249 3918 2304 3966 et
2334 3909 2420 3967 bis
2448 3909 2655 3966 similia
2683 3909 2872 3967 amicis
2905 3908 3239 3976 dicentibus,
3273 3907 3530 3965 miseram

1935 4016 1993 4058 se
2020 4002 2312 4059 clamitans
2347 4010 2521 4059 mater
2557 4002 2802 4070 advenit,
2834 4009 2888 4058 et
2933 4001 3114 4057 soluto
3158 4000 3336 4074 capite
3362 4016 3530 4056 canos

1933 4148 2216 4220 συγκλήτου
2261 4149 2446 4222 βουλῆς
2490 4149 2742 4222 ὑπῆρχεν,
2795 4159 2936 4197 unus
2976 4161 3002 4198 θ
3034 4142 3298 4198 senatorio
3341 4144 3528 4200 ordine

1931 4221 2058 4293 fuit.
2107 4221 2438 4280 Guilielmus
2486 4221 2746 4280 Catellius
2797 4224 2999 4280 Histor.
3054 4225 3287 4281 Occitan.
3338 4224 3436 4281 lib.
3483 4242 3525 4284 II

1931 4301 2162 4350 testatur
2188 4295 2606 4351 commonstrari
2654 4295 2957 4352 etiamnum
2984 4295 3253 4352 Narbona
3293 4295 3523 4352 domum

1931 4365 1998 4441 S._
2016 4365 2340 4441 Sebastiani,
2367 4366 2464 4441 ubi
2491 4367 2720 4424 ecclesia
2747 4377 2869 4440 post
2894 4375 3090 4436 erecta,
3125 4384 3246 4441 quae
3279 4369 3334 4425 S.
3369 4369 3522 4425 Seba-

1930 4437 2091 4492 stiani
2119 4438 2232 4493 nati
2269 4437 2493 4494 dicitur.

1991 4508 2071 4581 (2)
2103 4508 2337 4575 Quidam
2368 4509 2602 4578 codices,
2636 4511 2885 4567 militiam
2911 4511 3292 4568 absconditam.

2003 4579 2084 4652 (3)
2114 4581 2225 4636 Alii
2257 4581 2492 4647 codices,
2523 4582 2680 4637 ditati
2705 4600 2722 4646 ;
2750 4583 2866 4650 alii,
2896 4583 3093 4639 ornati.

2002 4651 2084 4733 (li)
2117 4652 2250 4733 Alii,
2282 4653 2674 4733 A_grestin_o.hln
2700 4655 2951 4733 catalogo
2978 4653 3380 4733 Praefectorum
3410 4652 3524 4733 Ur-

1927 4721 2034 4796 bis,
2066 4724 2266 4796 legitur
2303 4721 2442 4781 Caro
2485 4731 2534 4780 et
2577 4725 2778 4796 Carino
2821 4721 2975 4791 coss,
3022 4725 3308 4796 praefectus
3355 4723 3524 4780 fuisse

1936 4795 2163 4850 Titutius
2192 4797 2512 4862 Roburrus;
2559 4795 2757 4851 Carino
2800 4803 2847 4850 et
2888 4795 3232 4863 Numeriano,
3279 4795 3524 4852 Ceionius

1936 4865 2126 4940 Varus,
2159 4866 2253 4940 qui
2283 4875 2336 4922 et
2374 4867 2620 4940 sequenti
2657 4882 2822 4940 anno,
2859 4867 3182 4940 Diocletiano
3212 4873 3260 4940 et
3299 4867 3524 4940 Aristo:

1848 4917 1896 4975 D
1928 4917 2643 5010 adicias}:sescenas
2659 4917 3523 5010 "gentiavindicanda;

1923 5015 2263 5092 expunctum
2289 5024 2318 5064 e
2348 5009 2800 5092 tabulisnnouren,
2825 5010 3110 5092 religionis
3134 5010 3296 5092 odio...
3315 5012 3524 5092 Eamne

1921 5081 2363 5154 an_Roburrum,
2403 5096 2474 5154 an
2528 5081 2801 5154 Geioniunt
2849 5081 3196 5154 perstringat.
3247 5081 3519 5154 Vopiscus

1921 5151 2239 5224 ambiguum
2269 5159 2372 5221 est,
2411 5152 2541 5209 dum
2575 5153 2632 5208 in
2678 5151 2876 5211 Carino
2927 5151 3121 5212 scribit
3154 5172 3166 5210 :
3202 5151 3522 5224 Praefectum

1926 5223 2054 5296 Urbi
2081 5223 2244 5296 unum
2270 5241 2335 5278 ex
2362 5225 2705 5296 cancellariis
2723 5226 2834 5280 suis
2876 5225 3017 5296 fecit.
3057 5227 3229 5282 Erant
3264 5223 3518 5281 cancella-

1919 5294 2113 5372 rii__qui
2141 5295 2208 5352 ad
2237 5297 2507 5372 cancellos
2535 5296 2652 5353 sive
2679 5294 2884 5355 domus
2901 5306 3166 5372 augusta,
3197 5297 3316 5355 sive
3342 5295 3516 5356 tribu.

1918 5366 2126 5422 nalium
2150 5367 2516 5426 excubabant.

1991 5439 2073 5579 (δὲ
2100 5438 2234 5508 Alii,
2258 5441 2487 5510 patitur.

1992 5509 2050 5572 (6
2105 5510 2197 5567 Al.
2241 5513 2425 5566 luctus.

1992 5509 2073 5577 (6)
2105 5510 2197 5567 ΑΙ.
2241 5509 2425 5566 luctus.
2646 5571 2652 5577 ,

1991 5581 2073 5651 (7)
2106 5581 2236 5637 Tres
2264 5591 2551 5654 sequentes
2582 5600 2741 5642 voces
2769 5584 2966 5646 desunt
2987 5585 3044 5642 in
3076 5601 3177 5646 ms.
3209 5583 3509 5646 Audomar.
