3902 6198
439 205 576 262 1115

1445 206 1542 260 ΑΒ
1581 202 1812 261 OPERA
1850 202 1906 256 S.
1948 196 2280 255 AMBROSII
2331 193 2707 252 APPENDIX.

3617 189 3764 246 1116

431 348 543 386 suae
581 331 876 388 senectutis
912 337 1211 400 ostentans,
1258 330 1315 386 in
1356 338 1651 402 conspectu
1697 344 1886 383 eorum
1931 342 2025 381 ve-
2054 329 2101 385 Α
2133 326 2349 380 ritatem
2382 325 2408 379 ?
2439 323 2533 395 qui
2565 322 2770 395 putatis
2802 331 2964 378 erunt
2990 322 3190 377 horum
3239 320 3555 375 infantium
3590 317 3765 374 domi-

434 428 570 476 stem
600 437 706 494 qua
735 430 922 494 pectus
956 421 1254 494 tegebatur,
1299 419 1464 475 scidit
1497 438 1507 474 :
1542 428 1595 474 et
1642 417 1856 473 cunctis
1896 415 2024 472 ﬂen-

433 512 582 568 tibus
626 513 947 569 ostendebat
989 515 1066 569 eis
1118 513 1260 569 laxis
1304 509 1536 582 pellibus
1585 525 1719 582 quas
1765 515 2027 564 suxerant

434 619 719 668 mammas,
782 612 837 658 et
891 604 1287 669 blandimenta,
1345 617 1464 672 quae
1535 598 1782 654 infantiae
1836 613 2025 653 eorum

435 697 779 765 exhibuerat,
831 696 1088 765 ejulando
1144 698 1454 766 lacrymans
1505 691 1860 748 memorabat.
1905 691 2027 746 Aie-

433 785 526 840 bat
554 802 680 856 ergo
706 785 774 838 ad
805 783 994 839 ambos
1027 802 1038 838 :
1077 784 1158 838 Tu
1183 781 1324 838 mihi
1353 797 1566 852 semper
1596 782 1719 852 plus
1748 780 2030 836 blanditus

433 891 508 940 es,
541 874 664 939 ﬁli;
707 881 761 928 et
808 880 868 927 tu
902 874 1141 945 amplius
1187 870 1586 927 verecundatus
1632 887 1690 926 es
1746 889 1757 926 :
1816 870 1875 925 in
1924 871 2028 926 isto

434 960 729 1031 imaginem
796 976 971 1016 meam
1029 961 1235 1033 peperi,
1300 959 1360 1015 in
1417 967 1469 1014 te
1527 967 1783 1032 paternos
1842 960 2029 1015 vultus

433 1048 600 1104 effudi
635 1067 649 1116 ;
684 1055 745 1104 tu
776 1049 917 1120 patri
961 1049 1173 1116 utilior,
1210 1048 1309 1104 iste
1340 1047 1594 1104 similior.
1644 1049 1762 1102 Heu
1802 1064 1889 1103 me
1930 1046 2028 1102 mi-

431 1155 606 1195 seram
643 1140 655 1194 l
707 1139 1128 1195 circumvallant
1181 1155 1265 1194 me
1311 1155 1380 1194 ex
1427 1137 1576 1194 omni
1621 1145 1769 1210 parte
1807 1137 2032 1192 incom-

431 1228 701 1301 parabiles
732 1229 935 1296 luctus,
976 1228 1225 1284 inaudita
1267 1227 1488 1284 miseria
1530 1235 1583 1282 et
1627 1227 1841 1298 gemina
1887 1225 2030 1281 orbi-

431 1326 531 1386 tas,
604 1317 773 1373 nullis
847 1317 1071 1389 penitus
1128 1315 1581 1373 tribulationibus
1644 1316 2029 1387 comparanda.

432 1407 642 1463 Omitto
671 1407 817 1464 ﬁlios
845 1407 913 1463 ad
945 1414 1176 1463 mortem
1217 1407 1364 1462 ultro
1409 1414 1782 1478 properantes,
1821 1421 1957 1476 quos
1983 1404 2029 1461 si

430 1497 570 1552 mihi
618 1496 808 1556 hostes
849 1497 1150 1565 auferrent,
1200 1512 1296 1568 per
1343 1494 1554 1550 medias
1587 1511 1842 1566 sequerer
1888 1494 2032 1554 acies

430 1584 759 1642 bellatorum
811 1586 892 1657 (8)
926 1604 940 1653 ;
982 1585 1029 1640 si
1073 1584 1287 1657 judicia
1330 1583 1575 1638 violenta
1617 1582 2028 1651 concluderent,

2134 417 2214 486 ni,
2250 425 2302 472 et
2331 418 2624 472 domorum
2670 423 2975 470 vestrarum
3029 413 3346 470 avidissimi
3378 414 3765 485 pervasores?

2134 507 2239 574 Qui
2271 513 2432 562 erunt
2463 514 2655 562 vestra:
2686 513 3037 578 occupatores
3064 502 3294 559 familiae
3328 503 3356 558 ?
3393 503 3485 557 vel
3523 502 3628 574 qui
3662 501 3764 558 srbi

2136 598 2369 653 divisuri
2401 605 2530 653 sunt
2559 598 2904 660 vernaculos,
2939 612 3078 668 quos
3107 593 3416 648 nutristis?
3439 594 3566 647 IIeu
3597 610 3760 667 quam

2137 688 2334 755 ferreo,
2393 688 2500 743 heu
2561 704 2722 759 quam
2787 685 2970 758 impiae
3023 683 3379 741 crudelitatis
3437 699 3647 754 genere
3679 700 3761 754 pa-

2138 787 2318 834 rentes
2340 777 2642 849 despicitis,
2677 777 2884 832 amicos
2925 775 3207 847 respuitis,
3252 791 3462 830 uxores
3487 774 3757 846 abjicitis,

2137 868 2281 923 ﬁlios
2311 866 2599 933 abdicatis,
2644 873 2695 921 et
2727 882 2823 921 vos
2858 865 3002 938 ipsos
3039 863 3287 921 carniﬁci
3337 864 3641 919 ultroneos
3670 879 3759 918 ex-

2140 956 2362 1013 hibetis.

2749 1055 2975 1113 CAPUT
3014 1056 3107 1111 III.

2431 1145 2486 1200 S.
2519 1145 2857 1202 Sebastianus
2886 1151 3130 1200 nutantes
3159 1146 3462 1214 conﬁrmat.

2209 1234 2261 1291 9.
2304 1234 2516 1290 Interea
2544 1235 2673 1290 dum
2715 1235 2811 1290 illa
2851 1234 3132 1303 dicuntur,
3165 1242 3217 1291 et
3252 1234 3358 1289 ista
3407 1231 3756 1302 referuntur,

2140 1321 2283 1377 inter
2313 1339 2548 1378 uxorum
2582 1323 2873 1394 lacrymas,
2895 1331 2947 1378 et
2986 1323 3223 1395 suspiria
3252 1322 3529 1390 ﬁliorum,
3561 1338 3758 1393 cmpe-

2139 1419 2270 1467 runt
2331 1412 2533 1468 milites
2589 1411 2796 1469 Christi
2851 1413 3191 1480 moilescere,
3241 1420 3294 1467 et
3337 1412 3566 1467 animos
3631 1428 3757 1467 suos

2138 1498 2353 1553 ﬂectere
2384 1498 2451 1553 ad
2503 1498 2768 1554 dolorem.
2818 1499 2959 1554 Huic
3003 1497 3338 1570 spectaculo,
3369 1505 3435 1552 ut
3474 1515 3651 1569 supra
3678 1498 3756 1553 di-

2139 1588 2347 1655 ximus,
2381 1588 2641 1644 intererat
2662 1589 2721 1645 S.
2763 1587 3140 1655 Sebastianus,
3168 1587 3252 1642 vir
3275 1603 3370 1658 per
3390 1587 3589 1642 omnia
3611 1587 3756 1644 chri-

429 1691 701 1734 carcerem
734 1673 898 1731 simul
937 1675 1297 1746 irrumperem
1340 1671 1626 1728 moritura.
1667 1673 1882 1728 Novum
1927 1671 2032 1726 hoc
2061 1691 2106 1750 Β
2138 1677 2532 1742 stianissimus,
2565 1693 2724 1750 quem
2762 1678 3076 1734 occultabat
3124 1677 3382 1732 militaris
3415 1676 3675 1743 habitus,
3704 1685 3755 1731 et

429 1781 600 1836 genus
645 1773 728 1819 est
768 1762 1056 1836 pereundi,
1116 1762 1173 1816 in
1221 1779 1329 1834 quo
1387 1760 1633 1817 carnifex
1695 1768 1915 1832 rogatur
1968 1766 2028 1815 ut

428 1852 609 1921 feriat,
665 1851 777 1906 vita
827 1854 1052 1924 optatur
1098 1859 1160 1906 ut
1200 1859 1403 1922 pereat,
1455 1867 1601 1906 mors
1647 1849 1919 1904 invitatur
1965 1858 2025 1905 ut

426 1945 636 2001 veniat.
695 1945 884 2002 Novus
938 1943 1031 2000 hic
1088 1945 1270 2000 luctus
1323 1950 1426 2010 est,
1485 1958 1625 1996 nova
1676 1940 1917 2009 miseria,
1965 1940 2023 1996 in

427 2051 534 2108 qua
577 2042 832 2090 natorum
859 2033 1124 2105 juventus
1170 2041 1362 2106 sponte
1406 2031 1701 2100 amittitur,
1749 2041 1803 2088 et
1835 2049 2023 2105 paren-

425 2131 543 2180 tum
571 2122 878 2180 miseranda
905 2122 1118 2194 cogitur
1143 2130 1394 2179 senectus
1424 2130 1483 2178 ut
1513 2121 1683 2177 vivat.

497 2217 547 2270 7.
581 2216 690 2271 Ista
713 2224 766 2271 et
797 2215 883 2270 his
912 2213 1116 2269 similia
1154 2221 1327 2268 matre
1357 2221 1741 2285 prosequente,
1770 2213 2023 2269 infirmus

424 2317 597 2380 pater,
629 2317 682 2364 et
713 2307 892 2380 gravis
911 2305 1023 2378 jam
1062 2305 1236 2373 senio,
1288 2305 1543 2361 manibus
1590 2307 1885 2363 adducitur
1912 2323 2021 2362 ser-

424 2397 706 2464 vulorum,
737 2404 791 2453 et
811 2412 1037 2468 cygneo
1062 2393 1228 2468 capiti
1258 2401 1414 2449 terrm
1436 2395 1716 2467 pulverem
1741 2413 2017 2468 spargens,

423 2484 742 2558 hujusmodi
795 2484 960 2541 dabat
1002 2501 1166 2542 voces
1214 2483 1282 2539 ad
1331 2485 1527 2539 cmlum
1574 2503 1584 2539 :
1651 2485 1738 2540 Ad
1786 2493 2017 2540 mortem

423 2576 571 2631 ultro
602 2573 1076 2648 proﬁciscentibus
1123 2573 1256 2629 ﬁliis
1302 2573 1673 2630 valedicturus
1706 2575 1927 2643 adveni,
1961 2583 2020 2630 ut

422 2665 703 2734 universa,
763 2681 883 2738 quae
931 2682 961 2719 a
1007 2664 1138 2720 ﬁliis
1181 2663 1474 2735 sepulturae
1529 2679 1660 2719 mea}
1705 2663 2018 2719 exhibenda

422 2771 761 2826 paraveram,
793 2769 891 2826 ego
920 2753 1119 2810 infelix
1164 2753 1309 2809 ﬁlios
1339 2753 1656 2825 sepulturus
1689 2752 2014 2824 expendam.

421 2843 466 2899 Ο
496 2843 620 2912 ﬁlii,
654 2861 785 2900 mea;
845 2843 1073 2899 baculus
1109 2842 1424 2909 senectutis,
1475 2851 1528 2898 et
1567 2843 1844 2915 geminum
1877 2861 2018 2900 meo-

421 2948 542 2987 rum
596 2932 866 2988 viscerum
931 2933 1140 2996 lumen,
1196 2929 1311 2984 nati
1363 2930 1619 2999 feliciter,
1668 2940 1722 2988 ct
1765 2948 2018 3004 prospere

2137 1765 2449 1838 chlamydis
2472 1765 2839 1822 obumbrabat
2869 1773 3141 1837 aspectus.
3162 1767 3233 1821 At
3266 1765 3362 1820 ubi
3399 1765 3552 1820 vidit
3582 1766 3754 1821 athle-

2135 1864 2216 1912 tas
2246 1856 2342 1912 Dei
2399 1856 2669 1910 immenso
2723 1855 3040 1911 certaminis
3098 1855 3340 1927 pondere
3395 1854 3640 1927 fatigari,
3695 1856 3749 1910 in

2136 1946 2316 2002 medio
2345 1962 2536 2000 eorum
2569 1961 2624 1999 se
2667 1943 2958 2015 objiciens,
2990 1945 3136 2000 dixit
3169 1963 3180 2000 :
3217 1946 3261 2001 Ο
3322 1946 3618 2000 fortissimi
3655 1947 3753 2000 mi-

2135 2034 2258 2089 lites
2291 2033 2521 2094 Christi.
2561 2051 2594 2087 0
2631 2033 3048 2088 instructissimi
3085 2033 3264 2088 divini
3305 2034 3484 2106 praelii
3520 2033 3746 2088 bellato-

2134 2141 2238 2192 res,
2273 2141 2368 2196 per
2397 2123 2626 2178 nimiam
2661 2123 2923 2178 virtutem
2960 2123 3128 2179 animi
3158 2123 3382 2178 fortiter
3412 2124 3746 2196 pervenistis

2132 2214 2198 2268 ad
2233 2214 2492 2286 palmam,
2526 2222 2579 2268 et
2629 2229 2777 2267 nunc
2822 2229 2916 2284 per
2963 2212 3160 2268 misera
3213 2213 3599 2268 blandimenta
3642 2230 3745 2270 co-

2132 2320 2320 2359 ronam
2353 2302 2626 2374 deponitis
2651 2303 3033 2374 sempiternam
3059 2303 3292 2358 ?Discat
3325 2319 3474 2359 nunc
3509 2319 3606 2372 per
3645 2319 3745 2358 vos

2133 2393 2336 2451 Christi
2375 2393 2616 2447 militum
2653 2393 2940 2461 fortitudo,
2975 2393 3081 2448 ﬁde
3126 2393 3311 2465 potius
3341 2394 3545 2448 armari
3580 2411 3739 2466 quam

2130 2483 2295 2538 ferro.
2344 2481 2523 2537 Nolite
2579 2482 2936 2536 victoriarum
2979 2490 3284 2537 vestrarum
3346 2481 3591 2554 insignia
3647 2499 3738 2554 per

2132 2578 2426 2633 mulierum
2455 2577 2837 2633 blandimenta
2865 2577 3123 2648 abjicere,
3157 2585 3211 2632 et
3255 2576 3540 2648 subjectas
3591 2577 3734 2649 pedi-

2127 2668 2232 2724 bus
2261 2667 2458 2724 vestris
2512 2667 2687 2723 hostis
2739 2667 2943 2724 devicti
2995 2667 3237 2724 cervices
3274 2668 3344 2722 ad
3391 2667 3646 2723 victricia
3684 2674 3735 2720 et

2129 2758 2380 2815 rediviva
2409 2758 2606 2813 iterum
2642 2758 2783 2812 bella
2841 2759 3043 2825 laxare,
3099 2757 3256 2829 cujus
3289 2756 3550 2829 quamvis
3597 2773 3734 2811 saeva

2131 2855 2323 2904 contra
2346 2864 2442 2902 vos
2471 2846 2746 2902 exstiterit
2776 2853 2829 2900 et
2870 2845 3156 2917 periniqua
3187 2845 3455 2900 instantia
3484 2847 3591 2917 (9),
3641 2863 3732 2901 sae-

2128 2938 2250 2992 vior
2287 2946 2467 2992 tamen
2518 2935 2754 2992 eﬂicitur
2812 2933 2890 2988 ira
2933 2935 3182 3006 repetita.
3235 2935 3449 3005 Erigite
3507 2936 3736 3007 igitura

419 3019 656 3087 educati,
703 3017 1178 3075 excellentissima:
1221 3017 1517 3087 memorias,
1565 3028 1619 3076 et
1652 3020 1859 3092 ingenii
1907 3022 2016 3078 sin-
2052 3043 2095 3103 ο
2128 3026 2361 3082 terrenis
2389 3025 2676 3080 affectibus
2709 3023 2825 3096 (10)
2873 3032 3138 3096 tropmum
3189 3025 3361 3080 vestri
3412 3023 3729 3080 certaminis

421 3106 644 3179 gularis,
677 3106 926 3162 omnium
962 3105 1276 3162 liberalium
1320 3107 1516 3179 peritia
1563 3108 1869 3165 litterarum
1917 3110 2015 3165 im-

417 3197 562 3266 buti,
619 3216 740 3273 quae
792 3199 895 3257 ista
949 3206 1171 3273 repente
1232 3199 1443 3256 insania
1497 3209 1677 3258 vestra
1733 3204 2017 3258 voluntate

419 3290 704 3362 progenita
759 3291 953 3347 mortis
997 3307 1097 3346 vos
1147 3290 1278 3346 fecit
1324 3307 1439 3347 esse
1485 3299 1754 3347 amatores
1797 3292 1825 3347 ?
1869 3291 2016 3346 Nun-

419 3394 583 3450 quam
616 3378 718 3435 ista
757 3379 1076 3436 viventibus
1125 3379 1332 3450 placuit
1366 3398 1376 3435 :
1414 3395 1697 3452 nunquam
1736 3379 2019 3436 morituris

418 3483 579 3522 suum
644 3484 884 3523 amorem
940 3467 1164 3522 induxit
1221 3487 1233 3522 :
1295 3467 1362 3522 ad
1415 3485 1768 3541 quoscunque
1837 3477 2016 3524 autem

421 3554 706 3624 pervenire
743 3554 942 3622 potuit,
980 3553 1250 3608 violenter
1291 3555 1526 3609 admissa
1566 3565 1666 3622 est,
1713 3565 1766 3611 et
1797 3573 1905 3611 non
1937 3564 2018 3612 est

418 3638 702 3693 voluntate
750 3639 816 3693 ab
857 3639 973 3693 ullo
1013 3639 1236 3694 vivente
1265 3650 1534 3712 suscepta.
1567 3644 1620 3698 Si
1663 3644 1806 3700 hanc
1838 3647 2017 3701 nudus

415 3727 634 3785 debitor
677 3728 779 3784 sub
822 3745 985 3785 avaro
1029 3729 1332 3785 feneratore
1380 3731 1608 3802 patitur,
1652 3733 1807 3788 nulla
1839 3743 2017 3805 potest

418 3817 627 3873 ratione
671 3817 947 3892 diligere;
1006 3835 1108 3876 nec
1153 3821 1331 3876 solum
1377 3836 1488 3875 non
1536 3820 1766 3892 diligere
1818 3840 2014 3896 cogno-

416 3906 610 3976 scitur,
655 3906 749 3964 sed
794 3908 1009 3965 timere.
1060 3909 1177 3977 Qua
1227 3909 1435 3965 ratione
1494 3925 1612 3966 eam
1657 3912 1884 3984 appetit,
1920 3914 2014 3987 qui

415 4003 468 4051 et
499 3996 659 4052 bonis
697 3997 963 4054 exuberat
1009 3997 1290 4065 omnibus,
1341 4006 1395 4054 et
1444 3999 1666 4071 penitus
1720 4002 1820 4056 ulli
1870 4003 2010 4058 nihil

415 4092 635 4150 debet?
674 4094 872 4151 Venite
914 4095 1043 4165 huc,
1094 4113 1270 4165 senes,
1307 4103 1361 4151 et
1409 4113 1619 4154 mecum
1669 4114 1832 4170 super
1869 4099 2013 4156 ﬁlios

416 4180 676 4252 plangite,
723 4184 813 4254 qui
867 4202 964 4240 vos
1005 4186 1215 4242 viscera
1261 4195 1486 4258 paterna
1528 4186 1728 4242 habere
1771 4189 2008 4246 sentitis.

416 4269 614 4325 Venite
643 4268 772 4338 huc,
814 4272 1066 4342 juvenes,
1112 4285 1166 4332 et
1210 4275 1332 4332 ﬂete
1362 4293 1526 4348 super
1557 4277 1790 4348 juvenes
1819 4289 2010 4351 sponte

2127 3116 2423 3188 gloriosum
2481 3115 2620 3186 (11),
2679 3122 2732 3170 et
2787 3114 2959 3169 nolite
3008 3113 3148 3170 illud
3196 3115 3453 3170 amittere
3511 3113 3734 3169 ﬂetibus

2127 3206 2212 3277 pal
2223 3205 2497 3259 vulorum.

2203 3295 2284 3349 10.
2322 3294 2436 3360 Isti,
2483 3309 2618 3366 quos
2645 3293 2898 3364 plorante
2928 3290 3238 3358 attenditis,
3297 3291 3606 3363 gauderent
3642 3290 3730 3346 ho-

2127 3382 2216 3438 die
2247 3383 2291 3438 si
2324 3391 2544 3455 possent
2585 3383 2725 3437 scire
2757 3400 2875 3456 quae
2908 3381 3120 3445 nostis;
3156 3388 3356 3452 putant
3384 3381 3536 3435 enim
3589 3378 3729 3452 quod

2128 3473 2230 3529 ista
2261 3473 2373 3528 vita
2404 3473 2475 3528 sit
2505 3473 2639 3541 sola,
2672 3489 2791 3545 quae
2819 3472 2862 3528 si
2898 3472 3064 3527 ﬁnem
3097 3472 3388 3543 acceperit,
3413 3472 3571 3526 nulla
3597 3472 3727 3525 vita-

2127 3563 2195 3618 lis
2223 3563 2441 3628 animae,
2487 3578 2712 3633 corpore
2764 3560 3075 3626 deﬁciente,
3110 3561 3290 3615 valeat
3340 3561 3525 3632 portio
3557 3576 3724 3615 rema«

2127 3667 2273 3706 nere.
2309 3650 2365 3706 Si
2407 3650 2551 3705 enim
2584 3649 2788 3706 scirent
2817 3666 2932 3705 esse
2988 3651 3214 3705 alteram
3260 3649 3435 3703 vitam
3486 3649 3725 3720 ignaram

2127 3741 2338 3808 mortis,
2371 3739 2610 3795 tristitiae
2649 3739 2914 3806 nesciam,
2948 3738 3005 3793 in
3041 3755 3149 3811 qua
3192 3739 3592 3794 immortalitas
3638 3754 3726 3793 re-

2126 3837 2272 3901 gnat,
2304 3839 2356 3884 et
2399 3837 2658 3900 perpetua
2709 3829 2906 3898 gaudia
2960 3836 3431 3895 commorantur;
3489 3828 3724 3898 profecto

2125 3917 2408 3974 vobiscum
2440 3917 2505 3971 ad
2536 3917 2688 3972 illam
2729 3916 3055 3972 festinarent
3089 3917 3423 3988 pertingere,
3475 3925 3529 3971 et
3561 3915 3722 3970 vitam

2124 4006 2274 4062 illam
2335 4023 2433 4079 pro
2482 4006 2662 4061 nihilo
2707 4013 3110 4078 computantes,
3177 4004 3336 4060 illam
3383 4012 3720 4077 appeterent,

2122 4113 2242 4168 quas
2272 4103 2325 4150 et
2354 4097 2412 4150 in
2433 4095 2802 4150 exsultatione
2821 4104 3099 4166 permanet
3125 4103 3178 4149 et
3207 4095 3434 4166 penims
3456 4094 3604 4150 ﬁniri
3618 4111 3721 4149 non

2123 4186 2297 4240 novit.
2324 4187 2430 4241 Ista
2479 4186 2625 4241 enim
2659 4186 2774 4241 vita
2819 4185 3054 4257 fugitiva
3083 4193 3164 4240 est
3193 4194 3248 4240 et
3297 4195 3408 4241 tam
3467 4184 3715 4250 inﬁdelis,

2119 4283 2180 4332 ut
2215 4292 2315 4331 nec
2343 4276 2682 4331 amatoribus
2718 4276 2833 4332 suis
2862 4277 3024 4331 ﬁdem
3059 4275 3304 4348 potuerit
3335 4275 3719 4331 eustodire.Ab

416 4367 723 4459 pereuntes.
759 4359 1178 4459 liueaccedite,‘
1205 4373 1403 4459 patres.
1437 4373 1491 4420 et
1537 4367 1822 4436 prohibete
1853 4369 2006 4437 talia,
2043 4401 2089 4459 D
2119 4368 2329 4440 origine
2359 4367 2505 4423 enim
2541 4368 2733 4423 mundi
2767 4367 2824 4422 in
2855 4384 2910 4422 se
2940 4367 3227 4422 credentes
3277 4366 3506 4431 fefellit,
3539 4383 3719 4422 omnes

413 4464 482 4504 ne
513 4448 642 4504 talia
670 4447 978 4522 patiamini.
1012 4448 1238 4504 Deﬁcite
1284 4451 1569 4522 plorando,
1603 4456 1748 4510 oculi
1799 4457 1927 4525 mei,
1960 4465 2013 4513 et

412 4536 702 4610 caliginem
731 4536 990 4594 obducite
1022 4535 1315 4594 fundentes
1339 4539 1570 4594 ﬂumina
1600 4543 2008 4616 lacrymarum;

413 4642 482 4682 ne
511 4626 727 4682 videam
757 4626 893 4683 caedi
924 4626 1130 4700 gladio,
1161 4644 1296 4700 quos
1325 4627 1454 4683 dum
1482 4629 1636 4700 virga
1665 4632 1801 4687 levis
1828 4641 2008 4704 tange-

413 4723 515 4784 ret,
548 4716 749 4772 tremui
774 4734 788 4786 ;
837 4716 968 4773 dum
998 4716 1280 4773 tristantes
1311 4715 1507 4773 leviter
1535 4718 1799 4789 viderem,
1832 4736 2010 4793 expa-

410 4820 490 4862 Vl.

480 4894 534 4952 8.
571 4895 746 4968 Igitur
782 4896 915 4954 dum
944 4895 1063 4953 haec
1108 4903 1162 4952 et
1200 4896 1310 4953 alia
1351 4896 1535 4954 senior
1567 4908 2005 4972 prosequeretur,

409 4997 533 5040 ecce
561 4985 850 5042 amborum
879 4985 1138 5059 conjuges
1165 5002 1289 5042 cum
1316 4986 1460 5043 natis
1485 4987 1722 5060 propriis
1749 4988 2003 5059 veniunt,

409 5079 463 5127 et
491 5074 801 5145 aspectibus
829 5090 1018 5131 eorum
1065 5073 1318 5146 proprios
1351 5075 1653 5132 infantulos
1695 5078 2004 5147 offerentes,

409 5157 507 5215 has
536 5158 794 5233 ejulando
823 5178 987 5219 voces
1026 5161 1318 5218 effundunt
1350 5181 1363 5218 :
1391 5163 1601 5232 Quibus
1629 5181 1729 5221 nos
1758 5167 2006 5222 servitu-

409 5263 495 5304 ras
522 5250 838 5324 relinquitis
866 5251 896 5308 ?
923 5250 1124 5326 quibus
1161 5251 1404 5326 conjugii
1432 5254 1608 5311 nostri
1636 5255 1853 5312 traditis
1879 5254 2004 5312 cha-

594 5461 698 5535 Ms:
729 5461 878 5535 Rip.,
899 5461 1212 5535 constantia.

506 5389 564 5515 ξ)
594 5391 1308 5515 ῧέἱῖἕέιῖιηέἕξξαιῶῖῖἔην
1331 5394 1468 5451 bella
1496 5401 1755 5467 raptores.

506 5389 540 5444 8
597 5391 730 5459 Alii,
793 5409 851 5446 er
876 5391 1050 5448 media
1067 5408 1308 5463 sequerer
1331 5394 1468 5451 bella
1496 5401 1755 5467 raptores.

483 5389 564 5595 g9;
594 5461 695 5517 Ms.
729 5407 878 5535 15p,
899 5463 1212 5543 constantia.

513 5529 600 5602 10)
631 5530 747 5599 AL,
771 5533 945 5607 plena
972 5533 1239 5606 affectibus
1268 5550 1291 5602 ,°
1338 5533 1412 5592 al.
1447 5535 1669 5593 terrenis
1695 5537 2001 5611 aspectibus.

2120 4473 2176 4512 se
2202 4463 2580 4528 exspectantes
2627 4456 2862 4528 decepit,
2914 4463 3139 4512 cunctos
3169 4454 3236 4510 de
3281 4471 3342 4510 se
3381 4472 3720 4526 praesumen-

2119 4553 2198 4601 tes
2246 4545 2440 4613 irrisit,
2481 4554 2534 4601 et
2564 4545 2639 4601 ita
2671 4547 2886 4601 nullum
2928 4545 3157 4600 omnino
3185 4552 3405 4600 certum
3462 4544 3719 4612 reddidit,

2117 4642 2179 4689 ut
2209 4635 2466 4690 omnibus
2500 4634 2760 4706 probetur
2801 4635 2972 4690 fuisse
3011 4634 3261 4689 mentita.
3295 4635 3482 4706 Atque
3513 4635 3718 4688 utinam

2116 4723 2289 4779 solius
2327 4722 2598 4779 mendacii
2629 4724 2803 4796 culpae
2842 4731 2982 4779 esset
3007 4722 3268 4790 obnoxia,
3315 4731 3370 4777 et
3400 4738 3500 4794 per
3540 4721 3720 4777 omnia

2116 4811 2352 4869 crimina
2399 4829 2618 4868 currere
2663 4830 2791 4869 suos
2848 4829 2959 4868 non
2990 4819 3206 4883 cogeret
3237 4812 3563 4867 amatores!
3607 4812 3718 4883 Ipsa

2115 4901 2209 4958 dat
2260 4901 2583 4959 edacitatem
2636 4901 2957 4975 glutonibus
3021 4901 3163 4971 (12),
3222 4901 3343 4973 ipsa
3399 4900 3715 4958 ebrietatem

2115 4991 2315 5064 ingerit
2344 4991 2685 5058 temulentis,
2732 4992 2853 5064 ipsa
2906 4989 3254 5060 naufragium
3287 4990 3526 5062 pudoris
3572 4990 3717 5046 adul-

2115 5079 2265 5148 teris,
2293 5081 2412 5153 ipsa
2445 5080 2838 5136 exsecrabilem
2887 5077 3054 5135 tradit
3089 5079 3517 5150 perversitatem
3565 5079 3718 5134 ince-

2114 5169 2248 5237 stis;
2281 5169 2397 5242 ipsa
2424 5169 2683 5226 admonet
2701 5168 2902 5236 furem,
2935 5175 2997 5224 ut
3028 5167 3236 5240 rapiat;
3269 5167 3634 5235 iracundum,
3661 5175 3717 5222 ut

2113 5258 2344 5326 saeviat;
2401 5257 2740 5327 mendacem,
2769 5265 2832 5314 ut
2860 5257 3035 5316 fallat.
3090 5257 3214 5329 Ipsa
3259 5256 3412 5312 inter
3459 5256 3715 5329 conjuges

2186 5400 2304 5542 (11)
2327 5400 2710 5480 Al.,_gloriosi.
3036 5471 3045 5480 _
3594 5469 3604 5479 ~

2216 5472 2280 5528 12
2337 5472 2548 5542 Papias,
2588 5472 2744 5530 ϐιαιο
2772 5489 2808 5528 a
2835 5473 2961 5542 gula
2991 5471 3156 5526 dwtus
3174 5487 3195 5535 ;
3216 5485 3407 5541 ganeo,
3435 5470 3604 5542 prodi

2216 5470 2304 5542 12)
2337 5471 2548 5544 Papias,
2588 5472 2744 5530 ϐιαιο
2772 5489 2808 5528 a
2835 5473 2961 5543 gula
2991 5471 3156 5526 dictus
3174 5487 3195 5535 ;
3216 5485 3407 5541 ganeo,
3435 5470 3708 5542 prodigus.
