3902 6198
51 249 207 306 [117

1339 246 1531 308 ACTA
1569 249 1624 308 S.
1669 250 2104 310 SEBASTIANI.

3246 258 3384 318 1118

49 374 606 470 ἰξῖοτιίᾳ-εθωίξιειι,
638 376 782 470 illi"
807 376 1012 470 amlGQS
1041 372 1367 470 ἀῇεβοΐάίὲεν
1397 375 1543 470 im?"
1578 393 1668 449 Pa'
1704 379 1754 439 Α
1788 396 1964 468 parari
1992 412 2024 452 a
2051 395 2230 465 vobis,
2265 405 2324 454 ut
2355 413 2636 470 nunquam
2668 415 2767 455 vos
2801 396 2908 453 nisi
2941 396 3086 454 inter
3114 407 3388 457 tormenta

50 463 268 521 :iﬁcos
309 466 456 534 lites,
490 465 633 522 inter
676 465 854 538 justos
904 467 1255 539 injustitiam,
1292 467 1436 523 inter
1485 468 1681 524 fratres

49 553 518 627 scandala.'lpsa
544 555 689 610 tollit
717 554 1001 627 judicibus
1025 556 1324 629 justitiam,
1365 558 1529 613 castis
1567 574 1681 630 pu-

47 643 349 713 :licitiam,
381 647 688 702 artificibus
722 646 838 718 (l3)
874 648 1149 719 peritiam,
1185 648 1302 720 ipsa
1330 648 1512 704 aufert
1567 665 1679 704 mo-

47 733 232 790 ribus
265 735 636 807 disciplinam.
693 735 762 789 Et
804 744 863 790 ut
919 736 1116 792 altiora
1165 753 1286 809 quae
1346 737 1681 792 amatoribus

45 823 190 878 suis
221 824 425 896 ingerit
455 824 689 880 crimina
745 841 1150 893 memoremus;
1203 826 1249 880 si
1298 825 1524 881 fratrem
1573 826 1680 881 ali-

46 913 304 984 quando
335 914 506 968 frater
553 930 840 985 germanus
888 913 1111 982 occidit,
1157 915 1204 970 si
1268 914 1418 970 ﬁlius
1461 916 1683 971 necavit

47 1011 314 1074 patrem,
345 1003 391 1059 si
423 1003 783 1076 interemptus
811 1011 890 1059 est
911 1003 980 1058 ab
1011 1005 1188 1061 amico
1219 1007 1467 1071 amicus;
1523 1005 1680 1077 cujus

48 1091 194 1148 haec
257 1093 528 1149 instinctu
583 1093 726 1149 facta
781 1100 910 1147 sunt
950 1095 1175 1162 scelera,
1228 1095 1386 1166 cujus
1450 1095 1677 1164 intuitu,

49 1181 238 1252 cujus
271 1199 385 1253 spe,
443 1181 603 1254 cujus
659 1181 862 1238 ﬁducia
912 1180 1016 1238 ista
1069 1191 1199 1238 sunt
1253 1183 1490 1239 nefanda
1519 1201 1682 1241 com-

52 1270 248 1326 missa
279 1272 306 1326 ?
332 1269 595 1343 Nunquid
640 1287 752 1326 non
802 1269 1088 1343 prasentis
1135 1270 1263 1326 vita
1293 1287 1479 1327 amore
1510 1272 1682 1328 sedu-

53 1360 145 1414 cti
183 1360 293 1416 ista
321 1360 697 1429 committunt,
721 1359 920 1416 etdum
951 1360 1102 1415 illam
1135 1361 1258 1432 plus
1283 1377 1445 1433 quam
1466 1361 1681 1433 justum

57 1455 155 1503 est
188 1448 452 1520 diligunt,
484 1447 677 1521 iniquo
736 1448 865 1504 odio
919 1449 1169 1504 homines
1221 1458 1629 1524 prosequuntur
1654 1449 1682 1505 7

61 1535 147 1591 Ut
181 1535 320 1608 quid
358 1537 507 1592 enim
555 1536 733 1608 pirata
765 1537 1114 1610 navigantem
1163 1535 1402 1609 jugulat,
1457 1545 1518 1592 ut
1549 1536 1682 1610 quid

63 1623 224 1678 latro
257 1624 500 1696 perimit,
532 1625 800 1680 viatorem
832 1624 988 1680 dives
1043 1625 1309 1697 opprimit
1366 1641 1678 1705 pauperem,

62 1712 352 1784 superbus
399 1712 691 1782 humilem,
732 1721 785 1769 et
823 1714 1006 1770 omnis
1052 1729 1254 1769 nocens
1301 1728 1682 1786 quemcunque

63 1802 324 1874 potuerit
351 1809 606 1873 aggravat
635 1801 985 1858 innocentem
1026 1802 1054 1857 ‘l
1082 1803 1211 1857 Haec
1239 1808 1422 1857 autem
1469 1801 1682 1856 faciunt

67 1896 250 1963 mala,
284 1894 412 1967 quia
449 1895 540 1951 isti
589 1895 718 1952 vitae
765 1893 973 1951 servire
1015 1894 1349 1962 desiderant,
1398 1903 1452 1951 et
1481 1912 1538 1952 se
1566 1896 1681 1952 exi-

71 1983 318 2038 stimant
348 1985 400 2038 in
433 2000 618 2040 amore
664 1983 782 2056 ejus
829 2001 926 2057 per
969 1994 1216 2056 tempora
1249 1984 1553 2057 prolixiora
1581 1984 1678 2040 du-

72 2086 231 2126 rare.
261 2071 381 2125 Non
413 2087 539 2143 ergo
566 2072 793 2127 alterius
831 2087 994 2128 causa
1043 2072 1186 2127 fiunt
1232 2075 1437 2129 scelera
1485 2073 1591 2129 nisi
1621 2083 1684 2130 ut

73 2159 484 2217 infelicissima;
517 2160 606 2215 isti
637 2161 843 2216 carnali
887 2161 1016 2216 vitai
1047 2177 1078 2216 a
1131 2164 1444 2221 carnalibus
1464 2165 1684 2220 servia-

72 2257 192 2305 tur.

154 2339 243 2396 11.
277 2341 400 2411 Ipsa
444 2346 526 2395 est
570 2338 806 2413 denique
834 2357 954 2413 qua;
1007 2339 1086 2395 eis
1135 2341 1372 2397 crimina
1430 2341 1683 2415 imperat,

79 2431 241 2504 jubet
269 2430 537 2498 facinora,
571 2430 763 2487 suadet
792 2430 1034 2502 injusta;
1067 2438 1121 2486 et
1150 2441 1503 2506 posteaquam
1553 2449 1686 2487 om-

81 2521 144 2576 ni
186 2520 530 2589 crudelitate,
587 2521 847 2592 omnique
893 2521 1060 2577 fuerit
1106 2521 1373 2594 spurcitia
1419 2521 1683 2594 saginata,

82 2610 398 2666 servientes
427 2609 533 2665 sibi
589 2609 757 2665 tradit
785 2610 914 2666 filias
939 2627 1070 2678 suae,
1105 2610 1161 2666 id
1194 2619 1274 2667 est
1304 2613 1466 2668 morti
1497 2629 1684 2685 perpe-

83 2700 336 2755 tuanEx
367 2698 481 2771 ipsa
509 2699 678 2767 enim,
733 2708 786 2755 et
838 2716 907 2755 ex
967 2699 1085 2771 ejus
1140 2708 1298 2756 utero
1355 2718 1506 2757 mors
1534 2711 1687 2758 aeter-

82 2804 160 2843 na
197 2796 278 2843 est
307 2795 454 2856 nata,
488 2796 732 2859 tempore
783 2805 892 2861 quo
939 2789 1079 2860 gula)
1126 2805 1238 2844 suae
1282 2799 1336 2845 et
1383 2789 1605 2846 libidini
1635 2797 1690 2846 et

81 2876 547 2933 delectationibus
594 2877 881 2932 oculorum
951 2875 1116 2948 primi
1171 2877 1424 2935 homines
1469 2881 1688 2936 servie-

82 2973 260 3031 runt;
302 2973 464 3037 atque
491 2964 615 3020 ideo
644 2964 738 3038 qui
781 2963 848 3020 ad
879 2972 1138 3021 aeternam
1178 2966 1348 3022 vitam
1398 2967 1527 3024 facti
1577 2969 1690 3024 fue-

83 3061 235 3123 rant,
271 3053 378 3110 huc
421 3053 478 3109 in
512 3054 672 3108 istam
716 3060 846 3109 sunt
887 3053 1165 3124 regionem
1210 3056 1404 3112 mortis
1444 3056 1636 3128 jactati
1673 3072 1684 3111 :

82 3141 223 3197 hinc
255 3140 455 3196 iterum
486 3149 613 3196 sunt
641 3141 709 3196 ad
739 3141 944 3197 inferos
991 3142 1260 3211 devoluti,
1307 3143 1450 3199 nihil
1497 3162 1684 3200 secum

81 3238 289 3304 praeter
337 3239 556 3302 peccata
606 3238 904 3303 portantes.
961 3232 1088 3288 Haec
1133 3249 1260 3305 ergo
1292 3233 1408 3290 vita
1439 3241 1520 3288 est
1567 3251 1687 3306 qua;

80 3335 188 3374 vos
229 3319 396 3387 fallit,
428 3334 460 3374 ο
487 3319 650 3376 amici
679 3319 1014 3388 charissimi,
1045 3328 1107 3376 ut
1134 3321 1342 3377 amicos
1373 3329 1584 3378 vestros
1619 3323 1686 3380 ad

78 3407 264 3463 vitam
291 3416 483 3464 euntes
510 3416 829 3481 perpetuam
878 3409 1086 3482 injusto
1121 3411 1357 3467 consilio
1396 3414 1686 3471 revocetis.

692 3545 920 3604 CAPUT
970 3545 1066 3604 IV.

157 3651 371 3720 Inferni
388 3669 577 3726 pamw,
603 3653 816 3724 cwliquc
842 3653 1060 3725 gaudia,
1091 3659 1392 3727 martyrum
1425 3655 1619 3712 animis

739 3743 1024 3800 inculcata.

167 3839 252 3895 l2.
288 3839 414 3897 Haec
440 3857 537 3897 vos
572 3840 816 3913 instigat,
849 3859 882 3899 ο
921 3851 1172 3916 parentes
1221 3843 1578 3912 sanctissimi,
1629 3852 1690 3900 ut

83 3928 241 3984 filios
268 3938 482 3985 vestros
529 3930 936 4002 proficiscentes
961 3933 1027 3990 ad
1050 3933 1373 3990 comitatum
1407 3933 1686 4006 (14)οω1ἱ,

83 4019 155 4074 ad
187 4018 456 4074 honorem
487 4020 986 4093 incorruptibilem,
1019 4023 1088 4079 ad
1117 4024 1394 4080 amicitias
1440 4025 1692 4096 impera-

83 4107 229 4164 toris
279 4108 491 4174 aeterni,
566 4110 908 4166 stultissimis
993 4112 1484 4169 lamentationibus
1539 4129 1692 4168 revo-

83 4196 243 4253 cetis.
278 4197 387 4250 Ista
416 4203 497 4248 est
524 4212 644 4266 qua:
676 4213 794 4262 vos,
827 4213 860 4251 o
889 4198 1213 4254 castissimae
1267 4200 1528 4271 conjuges
1559 4201 1694 4255 bea-

83 4294 298 4352 torum,
354 4299 450 4355 per
499 4281 717 4353 pietatis
761 4285 1004 4339 colorem
1054 4286 1397 4356 impietatem
1475 4296 1694 4361 marty—

83 4391 214 4430 rum
251 4371 532 4428 mentibus
564 4371 694 4428 fecit
721 4371 953 4438 tradere,
1008 4379 1061 4427 et
1119 4389 1308 4430 necem
1356 4391 1454 4446 pro
1501 4377 1692 4432 libera-

1713 1747 1758 1806 Β

1793 496 2052 560 perpetua
2081 488 2378 555 videretis;
2413 489 2507 544 ubi
2538 489 2678 545 edax
2715 489 2936 546 ﬂamma
2971 489 3386 548 incredulorum

1792 575 2002 632 animas
2031 577 2278 644 devorat,
2297 577 2391 632 ubi
2423 577 2686 635 dracones
2714 579 3218 650 blasphemantium
3244 579 3387 637 labia

1793 670 2110 730 comedunt.
2130 669 2223 724 ubi
2244 676 2520 741 serpentes
2541 670 2815 726 morsibus
2833 671 2950 726 suis
2970 671 3385 728 incredulorum

1793 767 2008 830 pectora
2041 759 2425 830 depascuntur.
2451 759 2571 815 Illic
2594 760 2837 816 ululatus
2866 767 2920 814 et
2940 761 3177 831 gemitus
3206 767 3384 826 sonat,

1793 856 1848 904 et
1875 849 2080 904 clamor
2099 847 2380 911 confusus,
2399 864 2559 920 quem
2584 848 2667 903 vis
2688 856 3089 904 tormentorum
3119 848 3384 919 exagitat,

1793 944 1846 992 et
1875 935 2117 993 incendii
2143 953 2329 992 arsura
2349 944 2657 1010 extorquet.
2679 938 2806 994 Haec
2824 937 2939 1008 ipsa
2953 944 3137 992 autem
3160 937 3388 993 tribula-

1793 1025 1892 1092 tio,
1926 1042 2046 1097 quaa
2085 1024 2204 1080 illic
2255 1025 2492 1098 excipiet
2523 1025 2795 1093 infideles,
2840 1025 2993 1080 nullo
3029 1026 3268 1080 termino
3298 1023 3386 1080 de~

1793 1114 2006 1180 finitur,
2040 1115 2196 1170 nullo
2218 1114 2327 1170 fine
2347 1115 2720 1184 concluditur,
2751 1115 2845 1172 sed
2874 1131 2975 1170 nec
3000 1123 3123 1186 post
3148 1115 3388 1171 ﬂamma-

1793 1222 1914 1260 rum
1946 1205 2216 1262 atrocium
2248 1205 2597 1262 adustionem
2620 1207 2994 1272 consumitur,
3017 1205 3109 1262 sed
3141 1205 3206 1260 ad
3238 1204 3388 1261 redi-

1793 1293 1924 1348 viva
1968 1293 2228 1350 incendia
2266 1293 2468 1348 iterum
2501 1292 2598 1366 qui
2627 1293 2856 1350 adustus
2887 1293 3056 1352 fuerit
3084 1302 3386 1368 reparatur.

1868 1425 1952 1481 13.
1987 1427 2138 1482 Hanc
2187 1441 2314 1498 ergo
2362 1442 2577 1498 pcenam
2623 1435 2676 1483 et
2705 1428 2840 1484 istos
2867 1427 3169 1500 permittite
3199 1425 3390 1483 evade-

1793 1531 1874 1582 re,
1904 1524 1957 1571 et
1987 1515 2350 1586 vosmetipsos
2399 1515 2608 1587 eripere
2661 1515 2914 1588 cogitate.
2959 1516 3266 1572 Permittite
3293 1515 3391 1570 in-

1794 1605 1953 1660 terim
2011 1604 2144 1660 istos
2208 1603 2276 1660 ad
2341 1621 2600 1662 coronam
2661 1606 2969 1679 pertingere
3034 1605 3386 1662 destinatam.

1791 1694 1972 1750 Nolite
2024 1694 2252 1762 timere;
2310 1712 2422 1751 non
2471 1697 2618 1751 enim
2676 1696 3077 1768 separabuntur
3129 1713 3160 1751 a
3208 1694 3387 1761 vobis,

1793 1783 1886 1838 sed
1918 1782 2118 1838 vadent
2149 1800 2448 1856 praeparare
2479 1784 2636 1840 vobis
2666 1785 2725 1839 in
2757 1784 2896 1840 coelo
2941 1783 3181 1839 sidereas
3226 1799 3391 1837 man—

1793 1871 1996 1939 siones,
2043 1871 2100 1925 in
2148 1872 2348 1944 quibus
2391 1889 2501 1927 una
2536 1873 2824 1928 vobiscum
2874 1881 2928 1929 et
2985 1888 3107 1928 cum
3138 1870 3270 1926 ﬁliis
3301 1886 3390 1924 ve-

1793 1961 1922 2017 stris
1953 1961 2010 2015 in
2039 1969 2299 2033 perpetuo
2346 1961 2544 2033 gaudio
2585 1961 2870 2016 maneatis.
2904 1959 3063 2026 Quod
3095 1959 3140 2014 si
3172 1976 3270 2014 vos
3300 1957 3391 2013 do-

1795 2070 1917 2109 mus
1948 2063 2142 2109 vestrae
2175 2070 2244 2109 ex
2291 2054 2565 2125 lapidibus
2608 2053 2763 2108 facta:
2813 2052 3092 2109 delectant
3126 2070 3138 2120 ;
3189 2057 3394 2124 quanto

1796 2143 1966 2214 magis
1998 2143 2216 2198 illarum
2257 2159 2356 2199 vos
2401 2143 2562 2200 debet
2609 2142 2969 2214 pulchritudo
3014 2142 3250 2198 invitare
3300 2139 3395 2195 do-

1797 2251 2036 2304 morum,
2068 2234 2164 2290 ubi
2189 2245 2316 2291 sunt
2348 2235 2592 2292 triclinia
2629 2252 2762 2291 auro
2794 2251 2932 2306 puro
2962 2234 3252 2302 radiantia,
3275 2249 3394 2306 quae

1795 2335 1864 2374 ex
1894 2322 2122 2391 gemmis
2169 2329 2223 2375 et
2268 2323 2576 2394 margaritis
2617 2322 2823 2377 habent
2853 2331 3000 2378 zetas
3042 2322 3158 2392 (15)
3193 2320 3394 2375 instru-

1795 2408 1949 2464 ctas?
1978 2408 2100 2464 Illic
2154 2408 2254 2463 ﬂos
2285 2426 2590 2481 purpureus
2639 2427 2888 2465 rosarum
2930 2425 3216 2481 nunquam
3253 2424 3395 2462 mar-

1796 2497 1963 2554 cescit
1995 2515 2008 2564 ;
2041 2498 2158 2554 illic
2187 2499 2381 2554 ﬂorida
2411 2515 2635 2554 nemora
2665 2505 2926 2570 perpetua
2951 2497 3396 2554 viriditate~ver-

1797 2594 1969 2652 nant;
2044 2587 2160 2644 illic
2221 2594 2372 2660 prata
2435 2588 2673 2644 recentia
2728 2587 2847 2657 (16)
2898 2603 3114 2657 semper
3179 2587 3392 2642 melleis

1799 2676 1980 2732 ﬂuunt
2012 2676 2148 2732 rivis
2175 2696 2188 2745 ;
2221 2678 2338 2734 illic
2365 2678 2572 2734 croceis
2600 2677 2848 2748 gramina
2873 2676 3100 2732 ﬂoribus
3123 2676 3391 2744 redolent,

1799 2773 1853 2822 et
1886 2765 2132 2822 halantes
2151 2767 2267 2839 (17)
2300 2767 2478 2838 campi
2502 2765 2773 2838 jucundis
2801 2765 3095 2822 admodum
3131 2764 3395 2821 odoribus

1801 2861 2033 2932 pollent.
2068 2862 2230 2915 Aurae
2259 2858 2335 2914 ibi
2368 2857 2537 2914 vitam
2570 2866 2830 2914 aeternam
2863 2858 3128 2914 habentes
3168 2857 3394 2915 naribus

1800 2954 2115 3003 nectareum
2153 2947 2372 3002 odorem
2406 2946 2672 3018 aspirant.
2702 2948 2913 3002 Lumen
2957 2947 3034 3002 ibi
3082 2947 3201 3003 sine
3241 2945 3395 3002 radio

1800 3036 2036 3107 fulgens,
2059 3037 2324 3093 serenitas
2353 3036 2552 3111 absque
2595 3035 2809 3104 nubilo,
2841 3043 2893 3092 et
2923 3036 3128 3108 absque
3152 3033 3396 3092 tenebris

1798 3127 2086 3182 nocturnis
2100 3127 2189 3182 die
2208 3127 2353 3183 oculi
2378 3127 2928 3199 perfruuntur.Nulla
2950 3127 3066 3183 illic
3087 3126 3396 3200 impediun-

1795 3221 1887 3270 tur
1916 3216 2273 3288 occupatione
2296 3217 2412 3288 (18)
2433 3216 2665 3282 delicim,
2697 3217 2849 3272 nulla
2879 3215 3099 3288 penitus
3127 3215 3393 3271 sollicitu-

1799 3302 1930 3358 dine
1960 3303 2036 3358 ibi
2069 3305 2332 3361 securitas
2361 3305 2752 3373 conturbatur;
2808 3305 3069 3376 mugitus,
3127 3304 3392 3372 ululatus,

1800 3393 2054 3464 gemitus,
2099 3394 2398 3450 lamentum
2435 3403 2487 3451 et
2517 3395 2698 3451 luctus
2730 3412 3015 3468 nunquam
3063 3395 3183 3451 illic
3211 3394 3398 3450 audita

1798 3497 1900 3537 nec
1927 3482 2209 3539 nominata
2260 3492 2429 3540 sunt:
2482 3485 2690 3541 fcedum
2750 3493 2803 3541 et
2849 3485 3118 3550 deforme,
3169 3491 3393 3552 tetrum,

1797 3569 2040 3643 nigrum,
2063 3571 2398 3630 horrendum
2429 3573 2663 3647 aliquid,
2685 3581 2779 3630 aut
2809 3573 3091 3630 sordidum
3115 3588 3395 3645 nunquam

1800 3658 1875 3714 ibi
1914 3661 2135 3733 penitus
2164 3661 2426 3718 viderunt
2459 3663 2607 3718 oculi
2645 3663 3053 3720 habitantium:
3079 3661 3400 3735 pulchritu-

1803 3748 1932 3804 dine
1963 3767 2094 3808 vero
2119 3751 2177 3807 in
2197 3753 2514 3810 ammnitate
2544 3769 2871 3821 memorum,
2898 3753 3187 3826 splendore
3209 3751 3265 3807 in
3278 3766 3400 3808 aere

1799 3835 2068 3909 jucundo,
2116 3847 2170 3896 et
2226 3841 2568 3898 formositate
2599 3849 2763 3914 atque
2797 3842 2950 3897 omni
2980 3840 3250 3912 elegantia
3280 3839 3398 3895 sine

1803 3929 2208 3986 intermissione
2255 3933 2402 3988 oculi
2450 3939 2696 4003 patentes
2744 3931 3140 4003 perfruuntur;
3173 3935 3227 3983 et
3255 3927 3396 3982 nihil

1799 4017 2028 4072 omnino
2082 4018 2231 4088 quod
2283 4019 2575 4074 conturbet
2637 4026 2876 4079 mentem
2929 4017 3157 4072 auribus
3212 4015 3394 4071 datur.

1801 4107 2009 4163 Sonant
2031 4107 2178 4162 enim
2213 4108 2290 4163 ibi
2316 4107 2525 4179 jugiter
2558 4125 2762 4180 organa
2794 4109 3156 4180 hymnorum,
3187 4125 3309 4181 quas
3329 4108 3398 4165 ad

1802 4195 2018 4250 laudem
2049 4195 2192 4268 regis
2215 4195 2284 4250 ab
2312 4196 2522 4267 angelis
2551 4204 2604 4253 et
2641 4197 2982 4268 archangelis
3017 4197 3396 4254 decantantur.

1802 4284 2136 4342 Amaritudo
2165 4293 2220 4340 et
2247 4287 2392 4342 fellis
2419 4287 2681 4359 asperitas
2711 4286 2788 4342 ibi
2817 4287 2997 4344 locum
3030 4303 3141 4342 non
3172 4287 3396 4343 habent:

1803 4373 2047 4429 tonitrua
2081 4373 2158 4429 ibi
2190 4391 2471 4447 nunquam
2501 4375 2690 4431 audita
2719 4383 2868 4444 sunt,
2899 4376 3118 4448 fulgura
3145 4384 3200 4431 et
3227 4391 3401 4432 coru-

87 4467 247 4523 tione
303 4465 516 4521 afferre.
587 4463 643 4520 Si
701 4463 848 4518 enim
903 4464 1306 4520 consensissent
1361 4469 1696 4524 revocationi
1725 4453 1773 4513 D
1804 4462 2073 4518 scationes
2125 4480 2404 4536 nunquam
2456 4474 2774 4537 paruerunt.
2827 4465 3252 4524 Cinnamomum
3281 4463 3402 4521 illic

86 4562 312 4620 vestrae,
356 4569 528 4626 pauco
559 4551 780 4626 quidem
837 4559 1082 4623 tempore
1127 4552 1411 4610 vobiscum
1455 4570 1570 4612 esse
1601 4573 1693 4628 po-

94 4653 322 4711 terant;
357 4651 544 4718 postea
572 4658 704 4697 vero
758 4639 1017 4714 separari,
1050 4648 1105 4696 et
1154 4641 1231 4698 ita
1261 4641 1564 4702 habuerant
1613 4663 1692 4704 se-

196 4863 286 4930 13)
326 4861 558 4930 Quidam
589 4860 828 4930 codices,
855 4861 1084 4917 artibus.

196 4932 286 5006 14)
331 4935 642 5002 Comitatus,
687 4949 828 5006 saepe
868 4933 1076 4988 comites
1122 4932 1504 5005 imperatoris;
1560 4934 1697 4991 alias

89 5006 298 5086 comitis
320 5006 542 5086 ofﬁcium
568 5006 776 5086 ;.vul_g.o
814 5020 966 5086 nunc
1016 5006 1203 5086 locum,
1240 5007 1356 5086 sive
1400 5006 1694 5086 districtum

89 5075 603 5150 cjfusijurisdictioni
626 5075 918 5150 subjectum
949 5093 971 5141 ;
1017 5075 1122 5150 hic
1163 5079 1348 5150 aulam
1399 5077 1693 5150 signiﬁcat.

91 5146 186 5204 Sic
210 5147 491 5204 Possidius
523 5147 579 5202 in
623 5148 754 5202 Vita
794 5146 848 5202 S.
889 5146 1209 5218 Augustini,
1258 5149 1358 5204 Ubi
1392 5146 1512 5204 tunc
1560 5156 1696 5204 tem-

88 5220 244 5292 poris
275 5219 630 5292 Valentiniani
665 5218 1212 5292 minprishcomitatus
1251 5219 1431 5292 fuerat
1450 5221 1696 5276 constitu-

97 5287 221 5356 tus;
249 5297 303 5346 et
348 5290 403 5346 S.
458 5289 713 5362 Ambros.
760 5289 828 5345 de
875 5287 1045 5346 Obitu
1095 5287 1494 5362 Valentiniani,
1533 5292 1700 5348 Iussit

94 5380 209 5418 eam
237 5362 310 5416 ad
337 5361 639 5416 comitatum
680 5362 876 5416 venire.

169 5433 289 5559 ἱξεῗὲ
316 5433 509 5559 Ριῗξίἓιῗ
523 5434 747 5559 alii?
778 5433 968 5559 5323;“
995 5434 1319 5559 πιαιέῖιῗὲιῗξιῒ
1327 5434 1699 5559 ﬁtfit?

97 5503 304 5561 habent.
338 5503 497 5560 Unde
523 5518 586 5559 ea
639 5504 727 5560 vis
778 5503 952 5560 vocis.
1002 5503 1300 5562 Turnebus
1327 5503 1696 5563 Adversflib.

98 5591 255 5645 xxiv,
288 5591 338 5633 c.
371 5573 428 5644 4,
473 5580 663 5646 zctam,
719 5575 934 5634 dicatam
961 5575 1374 5651 interpretatur,
1404 5586 1458 5636 et
1487 5577 1700 5636 Casau-

1804 4551 2042 4622 virgulta
2071 4551 2321 4624 gignunt,
2353 4560 2407 4608 et
2436 4553 2744 4610 balsamum
2760 4553 2980 4609 arbusta
3009 4559 3396 4625 prorumpunt.

1803 4639 1952 4697 Odor
1986 4641 2128 4697 aeris
2157 4641 2576 4699 delectationem
2626 4658 2723 4713 per
2769 4641 2958 4696 omnia
3005 4639 3251 4695 membra
3277 4638 3400 4696 dif-

1803 4854 1982 4928 bonus
2020 4854 2424 4928 inﬂLamprid.,
2475 4855 2570 4928 qui
2623 4854 2746 4928 ideo
2769 4860 2945 4928 actam
2973 4861 3175 4928 vocat;
3201 4861 3255 4909 at
3285 4855 3399 4910 Sal-

1806 4926 2010 4998 masius
2064 4924 2273 4998 dictaui
2306 4924 2574 4997 zetamquc
2613 4925 2827 4998 scribit.
2874 4924 2967 4981 Sic
3019 4926 3251 4981 zabulon
3299 4943 3398 4998 pro

1805 4997 2074 5069 diabolum
2096 5038 2114 5062 ,
2170 4997 2502 5069 zabolenumi
2537 5014 2636 5069 pro
2699 4997 3064 5065 diabolenum,
3107 4997 3402 5069 __zarritum

1807 5083 1906 5140 pro
1928 5067 2218 5123 diarritum
2268 5068 2418 5124 dicta
2456 5067 2769 5136 observant,
2818 5084 3053 5140 cumque
3101 5067 3170 5124 iis
3215 5069 3400 5124 Marti-

1807 5146 1957 5201 nius.
1999 5145 2071 5202 At
2100 5146 2435 5203 Passeratius
2477 5165 2508 5204 a
2535 5150 2658 5217 ζεῖν,
2689 5147 2913 5218 fervere,
2956 5146 3220 5216 deﬂectit,
3255 5146 3401 5220 quod

1807 5223 2059 5298 pluribus
2087 5226 2542 5298 solem‘accipiat,
2577 5228 2664 5283 vel
2696 5243 2726 5281 a
2751 5229 2859 5293 ζῆν,
2892 5225 3083 5281 vivere.
3117 5225 3397 5282 Cmuaculi

1807 5311 1975 5369 genus
2003 5295 2096 5369 hic
2129 5303 2182 5369 et
2201 5296 2334 5352 alibi
2366 5295 2660 5369 signiﬁcat.
2693 5297 2844 5354 Infra
2868 5297 3124 5366 zetarius,
3153 5304 3394 5353 zetarum

1806 5368 1923 5423 sive
1955 5367 2311 5424 tricliniorum
2337 5367 2574 5426 curator.

1909 5437 1998 5508 16)
2030 5439 2130 5495 Ms.
2163 5440 2426 5508 Audom.,
2456 5441 2703 5498 virentia.

1909 5511 1973 5564 17
2029 5510 2144 5577 AL,
2171 5511 2496 5568 albescentes.

1910 5511 1999 5651 18)
2034 5581 2150 5651 ΑΙ.,
2181 5582 2463 5640 occasione.

2034 5581 2150 5651 AL,
2181 5582 2463 5640 occasione.
