  <div class='ocr_page' id='page_1' title='image "/cluster/home/n/w/nwhite01/storage/ocr_20150623/17/uva.x000826553/567.png"; bbox 0 0 3880 6204; ppageno 0'>
   <div class='ocr_carea' id='block_1_1' title="bbox 499 224 634 280">
    <p class='ocr_par' dir='ltr' id='par_1_1' title="bbox 499 224 634 280">
     <span class='ocr_line' id='line_1_1' title="bbox 499 224 634 280; baseline 0.015 -2"><span class='ocrx_word' id='word_1_1' title='bbox 499 224 634 280; x_wconf 83' lang='grc'><strong>1119</strong></span> 
     </span>
    </p>
   </div>
   <div class='ocr_carea' id='block_1_2' title="bbox 1521 223 3815 289">
    <p class='ocr_par' dir='ltr' id='par_1_2' title="bbox 1521 223 3815 289">
     <span class='ocr_line' id='line_1_2' title="bbox 1521 223 3815 289; baseline -0.003 -9"><span class='ocrx_word' id='word_1_2' title='bbox 1521 226 1618 280; x_wconf 85' lang='lat' dir='ltr'><strong>AD</strong></span> <span class='ocrx_word' id='word_1_3' title='bbox 1658 223 1893 280; x_wconf 81' lang='lat' dir='ltr'><strong>OPERA</strong></span> <span class='ocrx_word' id='word_1_4' title='bbox 1931 223 1986 280; x_wconf 88' lang='lat' dir='ltr'><strong>s.</strong></span> <span class='ocrx_word' id='word_1_5' title='bbox 2026 223 2359 280; x_wconf 80' lang='lat' dir='ltr'><strong>AMBROSII</strong></span> <span class='ocrx_word' id='word_1_6' title='bbox 2398 224 2776 282; x_wconf 82' lang='lat' dir='ltr'><strong>APPENDIX.</strong></span> <span class='ocrx_word' id='word_1_7' title='bbox 3706 232 3815 289; x_wconf 53' lang='lat'><strong>1124,.-</strong></span> 
     </span>
    </p>
   </div>
   <div class='ocr_carea' id='block_1_3' title="bbox 500 345 3814 421">
    <p class='ocr_par' dir='ltr' id='par_1_3' title="bbox 500 345 3814 421">
     <span class='ocr_line' id='line_1_3' title="bbox 500 345 3814 421; baseline 0.002 -13"><span class='ocrx_word' id='word_1_8' title='bbox 500 350 706 421; x_wconf 88' lang='lat' dir='ltr'><strong>fundit,</strong></span> <span class='ocrx_word' id='word_1_9' title='bbox 755 359 810 408; x_wconf 92' lang='lat' dir='ltr'><strong>et</strong></span> <span class='ocrx_word' id='word_1_10' title='bbox 862 367 985 409; x_wconf 90' lang='lat' dir='ltr'><strong>esca</strong></span> <span class='ocrx_word' id='word_1_11' title='bbox 1030 351 1107 409; x_wconf 89' lang='lat' dir='ltr'><strong>ibi</strong></span> <span class='ocrx_word' id='word_1_12' title='bbox 1155 354 1310 408; x_wconf 90' lang='lat' dir='ltr'><strong>nulla</strong></span> <span class='ocrx_word' id='word_1_13' title='bbox 1355 360 1596 408; x_wconf 82' lang='lat' dir='ltr'><strong>stercora</strong></span> <span class='ocrx_word' id='word_1_14' title='bbox 1647 351 1892 408; x_wconf 76' lang='lat' dir='ltr'><strong>conficit.</strong></span> <span class='ocrx_word' id='word_1_15' title='bbox 1938 352 2092 408; x_wconf 83' lang='lat' dir='ltr'><strong>Sicut</strong></span> <span class='ocrx_word' id='word_1_16' title='bbox 2119 353 2170 411; x_wconf 87' lang='lat' dir='ltr'><strong>A</strong></span> <span class='ocrx_word' id='word_1_17' title='bbox 2198 368 2288 408; x_wconf 89' lang='lat' dir='ltr'><strong>eas</strong></span> <span class='ocrx_word' id='word_1_18' title='bbox 2312 345 2555 421; x_wconf 88' lang='lat' dir='ltr'><strong>invadet,</strong></span> <span class='ocrx_word' id='word_1_19' title='bbox 2585 362 2680 410; x_wconf 90' lang='lat' dir='ltr'><strong>aut</strong></span> <span class='ocrx_word' id='word_1_20' title='bbox 2712 354 2934 412; x_wconf 83' lang='lat' dir='ltr'><strong>luxuria</strong></span> <span class='ocrx_word' id='word_1_21' title='bbox 2995 357 3304 414; x_wconf 86' lang='lat' dir='ltr'>libidinum</span> <span class='ocrx_word' id='word_1_22' title='bbox 3359 365 3553 413; x_wconf 90' lang='lat' dir='ltr'><strong>mater</strong></span> <span class='ocrx_word' id='word_1_23' title='bbox 3610 357 3719 413; x_wconf 84' lang='lat' dir='ltr'>tibi</span> <span class='ocrx_word' id='word_1_24' title='bbox 3749 377 3814 414; x_wconf 61' lang='lat' dir='ltr'><strong>ea:</strong></span> 
     </span>
    </p>
   </div>
   <div class='ocr_carea' id='block_1_4' title="bbox 494 439 2089 510">
    <p class='ocr_par' dir='ltr' id='par_1_4' title="bbox 494 439 2089 510">
     <span class='ocr_line' id='line_1_4' title="bbox 494 439 2089 510; baseline 0 -12"><span class='ocrx_word' id='word_1_25' title='bbox 494 442 643 498; x_wconf 91' lang='lat' dir='ltr'><strong>enim</strong></span> <span class='ocrx_word' id='word_1_26' title='bbox 690 440 837 498; x_wconf 91' lang='lat' dir='ltr'><strong>bono</strong></span> <span class='ocrx_word' id='word_1_27' title='bbox 884 442 1083 498; x_wconf 91' lang='lat' dir='ltr'><strong>nuntio</strong></span> <span class='ocrx_word' id='word_1_28' title='bbox 1125 459 1304 510; x_wconf 84' lang='lat' dir='ltr'><strong>aures,</strong></span> <span class='ocrx_word' id='word_1_29' title='bbox 1348 449 1403 497; x_wconf 92' lang='lat' dir='ltr'><strong>et</strong></span> <span class='ocrx_word' id='word_1_30' title='bbox 1448 441 1594 497; x_wconf 90' lang='lat' dir='ltr'><strong>bono</strong></span> <span class='ocrx_word' id='word_1_31' title='bbox 1635 439 1801 497; x_wconf 89' lang='lat' dir='ltr'><strong>odore</strong></span> <span class='ocrx_word' id='word_1_32' title='bbox 1827 457 2004 510; x_wconf 89' lang='lat' dir='ltr'><strong>nares,</strong></span> <span class='ocrx_word' id='word_1_33' title='bbox 2035 449 2089 498; x_wconf 92' lang='lat' dir='ltr'><strong>et</strong></span> 
     </span>
    </p>
   </div>
   <div class='ocr_carea' id='block_1_5' title="bbox 495 530 2087 604">
    <p class='ocr_par' dir='ltr' id='par_1_5' title="bbox 495 530 2087 604">
     <span class='ocr_line' id='line_1_5' title="bbox 495 530 2087 604; baseline -0.001 -16"><span class='ocrx_word' id='word_1_34' title='bbox 495 531 640 588; x_wconf 90' lang='lat' dir='ltr'><strong>bono</strong></span> <span class='ocrx_word' id='word_1_35' title='bbox 675 539 898 604; x_wconf 90' lang='lat' dir='ltr'><strong>aspectu</strong></span> <span class='ocrx_word' id='word_1_36' title='bbox 955 531 1102 587; x_wconf 92' lang='lat' dir='ltr'><strong>oculi</strong></span> <span class='ocrx_word' id='word_1_37' title='bbox 1133 531 1470 602; x_wconf 72' lang='lat' dir='ltr'><strong>saginantur,</strong></span> <span class='ocrx_word' id='word_1_38' title='bbox 1499 537 1555 586; x_wconf 94' lang='lat' dir='ltr'><strong>et</strong></span> <span class='ocrx_word' id='word_1_39' title='bbox 1585 530 1689 586; x_wconf 87' lang='lat' dir='ltr'><strong>ista</strong></span> <span class='ocrx_word' id='word_1_40' title='bbox 1717 530 1946 586; x_wconf 85' lang='lat' dir='ltr'><strong>refectio</strong></span> <span class='ocrx_word' id='word_1_41' title='bbox 1975 547 2087 586; x_wconf 92' lang='lat' dir='ltr'><strong>non</strong></span> 
     </span>
    </p>
   </div>
   <div class='ocr_carea' id='block_1_6' title="bbox 496 618 2084 694">
    <p class='ocr_par' dir='ltr' id='par_1_6' title="bbox 496 618 2084 694">
     <span class='ocr_line' id='line_1_6' title="bbox 496 618 2084 694; baseline -0.003 -17"><span class='ocrx_word' id='word_1_42' title='bbox 496 627 674 694; x_wconf 78' lang='lat' dir='ltr'><strong>potest</strong></span> <span class='ocrx_word' id='word_1_43' title='bbox 692 621 751 675; x_wconf 91' lang='lat' dir='ltr'>in</span> <span class='ocrx_word' id='word_1_44' title='bbox 798 619 1155 691; x_wconf 87' lang='lat' dir='ltr'><strong>digestionem</strong></span> <span class='ocrx_word' id='word_1_45' title='bbox 1179 634 1566 690; x_wconf 84' lang='lat' dir='ltr'><strong>prorumpere;</strong></span> <span class='ocrx_word' id='word_1_46' title='bbox 1599 619 1677 674; x_wconf 93' lang='lat' dir='ltr'><strong>ita</strong></span> <span class='ocrx_word' id='word_1_47' title='bbox 1697 619 1814 675; x_wconf 89' lang='lat' dir='ltr'><strong>illic</strong></span> <span class='ocrx_word' id='word_1_48' title='bbox 1839 618 2084 687; x_wconf 81' lang='lat' dir='ltr'><strong>refectio,</strong></span> 
     </span>
    </p>
   </div>
   <div class='ocr_carea' id='block_1_7' title="bbox 496 707 2087 783">
    <p class='ocr_par' dir='ltr' id='par_1_7' title="bbox 496 707 2087 783">
     <span class='ocr_line' id='line_1_7' title="bbox 496 707 2087 783; baseline -0.001 -17"><span class='ocrx_word' id='word_1_49' title='bbox 496 726 660 783; x_wconf 88' lang='lat' dir='ltr'><strong>quam</strong></span> <span class='ocrx_word' id='word_1_50' title='bbox 708 725 768 764; x_wconf 87' lang='lat' dir='ltr'><strong>os</strong></span> <span class='ocrx_word' id='word_1_51' title='bbox 815 707 1134 781; x_wconf 85' lang='lat' dir='ltr'><strong>susceperit,</strong></span> <span class='ocrx_word' id='word_1_52' title='bbox 1184 708 1452 764; x_wconf 86' lang='lat' dir='ltr'><strong>melliﬂua</strong></span> <span class='ocrx_word' id='word_1_53' title='bbox 1495 709 1552 764; x_wconf 92' lang='lat' dir='ltr'><strong>in</strong></span> <span class='ocrx_word' id='word_1_54' title='bbox 1596 717 1756 781; x_wconf 88' lang='lat' dir='ltr'><strong>gustu</strong></span> <span class='ocrx_word' id='word_1_55' title='bbox 1809 709 1914 765; x_wconf 94' lang='lat' dir='ltr'><strong>hoc</strong></span> <span class='ocrx_word' id='word_1_56' title='bbox 1966 708 2087 764; x_wconf 84' lang='lat' dir='ltr'><strong>uni-</strong></span> 
     </span>
    </p>
   </div>
   <div class='ocr_carea' id='block_1_8' title="bbox 496 796 2089 872">
    <p class='ocr_par' dir='ltr' id='par_1_8' title="bbox 496 796 2089 872">
     <span class='ocr_line' id='line_1_8' title="bbox 496 796 2089 872; baseline -0.001 -18"><span class='ocrx_word' id='word_1_57' title='bbox 496 798 696 870; x_wconf 88' lang='lat' dir='ltr'><strong>cuique</strong></span> <span class='ocrx_word' id='word_1_58' title='bbox 719 797 881 869; x_wconf 89' lang='lat' dir='ltr'><strong>sapit,</strong></span> <span class='ocrx_word' id='word_1_59' title='bbox 911 813 1020 869; x_wconf 90' lang='lat' dir='ltr'><strong>quo</strong></span> <span class='ocrx_word' id='word_1_60' title='bbox 1069 796 1235 854; x_wconf 86' lang='lat' dir='ltr'><strong>fuerit</strong></span> <span class='ocrx_word' id='word_1_61' title='bbox 1271 798 1589 854; x_wconf 82' lang='lat' dir='ltr'><strong>delectatus.</strong></span> <span class='ocrx_word' id='word_1_62' title='bbox 1624 797 1821 854; x_wconf 87' lang='lat' dir='ltr'><strong>Statim</strong></span> <span class='ocrx_word' id='word_1_63' title='bbox 1851 798 2089 872; x_wconf 92' lang='lat' dir='ltr'><strong>denique</strong></span> 
     </span>
    </p>
   </div>
   <div class='ocr_carea' id='block_1_9' title="bbox 496 891 2090 964">
    <p class='ocr_par' dir='ltr' id='par_1_9' title="bbox 496 891 2090 964">
     <span class='ocr_line' id='line_1_9' title="bbox 496 891 2090 964; baseline 0.001 -18"><span class='ocrx_word' id='word_1_64' title='bbox 496 891 643 964; x_wconf 92' lang='lat' dir='ltr'><strong>quod</strong></span> <span class='ocrx_word' id='word_1_65' title='bbox 691 891 1032 963; x_wconf 90' lang='lat' dir='ltr'><strong>concupierit</strong></span> <span class='ocrx_word' id='word_1_66' title='bbox 1075 893 1281 960; x_wconf 91' lang='lat' dir='ltr'><strong>anima,</strong></span> <span class='ocrx_word' id='word_1_67' title='bbox 1335 891 1612 948; x_wconf 90' lang='lat' dir='ltr'><strong>desiderio</strong></span> <span class='ocrx_word' id='word_1_68' title='bbox 1659 891 1778 964; x_wconf 87' lang='lat' dir='ltr'><strong>ejus</strong></span> <span class='ocrx_word' id='word_1_69' title='bbox 1827 893 2090 948; x_wconf 90' lang='lat' dir='ltr'><strong>universa</strong></span> 
     </span>
    </p>
   </div>
   <div class='ocr_carea' id='block_1_10' title="bbox 496 980 2088 1055">
    <p class='ocr_par' dir='ltr' id='par_1_10' title="bbox 496 980 2088 1055">
     <span class='ocr_line' id='line_1_10' title="bbox 496 980 2088 1055; baseline 0.001 -19"><span class='ocrx_word' id='word_1_70' title='bbox 496 980 857 1045; x_wconf 82' lang='lat' dir='ltr'><strong>famulantur,</strong></span> <span class='ocrx_word' id='word_1_71' title='bbox 904 988 958 1035; x_wconf 92' lang='lat' dir='ltr'><strong>et</strong></span> <span class='ocrx_word' id='word_1_72' title='bbox 987 980 1246 1037; x_wconf 90' lang='lat' dir='ltr'><strong>omnibus</strong></span> <span class='ocrx_word' id='word_1_73' title='bbox 1293 981 1752 1038; x_wconf 86' lang='lat' dir='ltr'><strong>delectationibus</strong></span> <span class='ocrx_word' id='word_1_74' title='bbox 1789 980 1907 1053; x_wconf 89' lang='lat' dir='ltr'><strong>ejus</strong></span> <span class='ocrx_word' id='word_1_75' title='bbox 1938 999 2088 1055; x_wconf 88' lang='lat' dir='ltr'><strong>para-</strong></span> 
     </span>
    </p>
   </div>
   <div class='ocr_carea' id='block_1_11' title="bbox 496 1067 1206 1127">
    <p class='ocr_par' dir='ltr' id='par_1_11' title="bbox 496 1067 1206 1127">
     <span class='ocr_line' id='line_1_11' title="bbox 496 1067 1206 1127; baseline 0.001 -3"><span class='ocrx_word' id='word_1_76' title='bbox 496 1067 742 1124; x_wconf 75' lang='lat' dir='ltr'><strong>tissimus</strong></span> <span class='ocrx_word' id='word_1_77' title='bbox 761 1068 932 1124; x_wconf 85' lang='lat' dir='ltr'><strong>servit</strong></span> <span class='ocrx_word' id='word_1_78' title='bbox 959 1069 1206 1127; x_wconf 77' lang='lat' dir='ltr'><strong>effectus.</strong></span> 
     </span>
    </p>
   </div>
   <div class='ocr_carea' id='block_1_12' title="bbox 569 1159 2088 1232">
    <p class='ocr_par' dir='ltr' id='par_1_12' title="bbox 569 1159 2088 1232">
     <span class='ocr_line' id='line_1_12' title="bbox 569 1159 2088 1232; baseline 0.003 -17"><span class='ocrx_word' id='word_1_79' title='bbox 569 1159 656 1215; x_wconf 69' lang='grc'><strong>14.</strong></span> <span class='ocrx_word' id='word_1_80' title='bbox 687 1160 822 1216; x_wconf 86' lang='lat' dir='ltr'><strong>Nam</strong></span> <span class='ocrx_word' id='word_1_81' title='bbox 852 1160 945 1232; x_wconf 90' lang='lat' dir='ltr'><strong>qui</strong></span> <span class='ocrx_word' id='word_1_82' title='bbox 978 1161 1037 1215; x_wconf 94' lang='lat' dir='ltr'><strong>in</strong></span> <span class='ocrx_word' id='word_1_83' title='bbox 1069 1161 1172 1216; x_wconf 89' lang='lat' dir='ltr'><strong>ista</strong></span> <span class='ocrx_word' id='word_1_84' title='bbox 1203 1162 1422 1217; x_wconf 85' lang='lat' dir='ltr'><strong>mortali</strong></span> <span class='ocrx_word' id='word_1_85' title='bbox 1463 1161 1602 1232; x_wconf 86' lang='lat' dir='ltr'><strong>vita,</strong></span> <span class='ocrx_word' id='word_1_86' title='bbox 1648 1172 1840 1220; x_wconf 90' lang='lat' dir='ltr'><strong>contra</strong></span> <span class='ocrx_word' id='word_1_87' title='bbox 1878 1181 2088 1221; x_wconf 84' lang='lat' dir='ltr'><strong>concu-</strong></span> 
     </span>
    </p>
   </div>
   <div class='ocr_carea' id='block_1_13' title="bbox 496 1248 2085 1325">
    <p class='ocr_par' dir='ltr' id='par_1_13' title="bbox 496 1248 2085 1325">
     <span class='ocr_line' id='line_1_13' title="bbox 496 1248 2085 1325; baseline 0.003 -20"><span class='ocrx_word' id='word_1_88' title='bbox 496 1248 791 1322; x_wconf 86' lang='lat' dir='ltr'><strong>piscentias</strong></span> <span class='ocrx_word' id='word_1_89' title='bbox 820 1265 946 1306; x_wconf 89' lang='lat' dir='ltr'><strong>suas</strong></span> <span class='ocrx_word' id='word_1_90' title='bbox 992 1257 1046 1305; x_wconf 90' lang='lat' dir='ltr'><strong>et</strong></span> <span class='ocrx_word' id='word_1_91' title='bbox 1091 1257 1282 1307; x_wconf 89' lang='lat' dir='ltr'><strong>contra</strong></span> <span class='ocrx_word' id='word_1_92' title='bbox 1311 1250 1701 1308; x_wconf 89' lang='lat' dir='ltr'><strong>delectationes</strong></span> <span class='ocrx_word' id='word_1_93' title='bbox 1739 1253 2085 1325; x_wconf 78' lang='lat' dir='ltr'><strong>pugnaverit,</strong></span> 
     </span>
    </p>
   </div>
   <div class='ocr_carea' id='block_1_14' title="bbox 493 1337 2089 1414">
    <p class='ocr_par' dir='ltr' id='par_1_14' title="bbox 493 1337 2089 1414">
     <span class='ocr_line' id='line_1_14' title="bbox 493 1337 2089 1414; baseline 0.003 -20"><span class='ocrx_word' id='word_1_94' title='bbox 493 1337 746 1412; x_wconf 88' lang='lat' dir='ltr'><strong>quisquis</strong></span> <span class='ocrx_word' id='word_1_95' title='bbox 795 1355 885 1395; x_wconf 90' lang='lat' dir='ltr'><strong>eas</strong></span> <span class='ocrx_word' id='word_1_96' title='bbox 940 1355 1052 1396; x_wconf 91' lang='lat' dir='ltr'><strong>non</strong></span> <span class='ocrx_word' id='word_1_97' title='bbox 1095 1341 1439 1413; x_wconf 83' lang='lat' dir='ltr'><strong>expenderit,</strong></span> <span class='ocrx_word' id='word_1_98' title='bbox 1497 1341 1614 1398; x_wconf 90' lang='lat' dir='ltr'><strong>illic</strong></span> <span class='ocrx_word' id='word_1_99' title='bbox 1657 1359 1746 1398; x_wconf 91' lang='lat' dir='ltr'><strong>eas</strong></span> <span class='ocrx_word' id='word_1_100' title='bbox 1791 1342 2030 1414; x_wconf 82' lang='lat' dir='ltr'><strong>integras</strong></span> <span class='ocrx_word' id='word_1_101' title='bbox 2057 1359 2089 1398; x_wconf 92' lang='lat' dir='ltr'><strong>a</strong></span> 
     </span>
    </p>
   </div>
   <div class='ocr_carea' id='block_1_15' title="bbox 493 1426 2094 1504">
    <p class='ocr_par' dir='ltr' id='par_1_15' title="bbox 493 1426 2094 1504">
     <span class='ocr_line' id='line_1_15' title="bbox 493 1426 2094 1504; baseline 0.003 -21"><span class='ocrx_word' id='word_1_102' title='bbox 493 1443 593 1483; x_wconf 89' lang='lat' dir='ltr'><strong>suo</strong></span> <span class='ocrx_word' id='word_1_103' title='bbox 640 1426 896 1485; x_wconf 90' lang='lat' dir='ltr'><strong>Creatore</strong></span> <span class='ocrx_word' id='word_1_104' title='bbox 950 1429 1325 1504; x_wconf 83' lang='lat' dir='ltr'><strong>consequitur.</strong></span> <span class='ocrx_word' id='word_1_105' title='bbox 1376 1431 1495 1502; x_wconf 91' lang='lat' dir='ltr'><strong>Ipse</strong></span> <span class='ocrx_word' id='word_1_106' title='bbox 1549 1429 1697 1486; x_wconf 90' lang='lat' dir='ltr'><strong>enim</strong></span> <span class='ocrx_word' id='word_1_107' title='bbox 1748 1431 1827 1486; x_wconf 93' lang='lat' dir='ltr'><strong>ita</strong></span> <span class='ocrx_word' id='word_1_108' title='bbox 1882 1431 2094 1488; x_wconf 89' lang='lat' dir='ltr'><strong>creavit</strong></span> 
     </span>
    </p>
   </div>
   <div class='ocr_carea' id='block_1_16' title="bbox 494 1517 2087 1595">
    <p class='ocr_par' dir='ltr' id='par_1_16' title="bbox 494 1517 2087 1595">
     <span class='ocr_line' id='line_1_16' title="bbox 494 1517 2087 1595; baseline 0.004 -21"><span class='ocrx_word' id='word_1_109' title='bbox 494 1517 775 1576; x_wconf 89' lang='lat' dir='ltr'><strong>hominem</strong></span> <span class='ocrx_word' id='word_1_110' title='bbox 804 1527 864 1577; x_wconf 93' lang='lat' dir='ltr'><strong>ut</strong></span> <span class='ocrx_word' id='word_1_111' title='bbox 895 1521 1151 1595; x_wconf 75' lang='lat' dir='ltr'><strong>viveret;</strong></span> <span class='ocrx_word' id='word_1_112' title='bbox 1202 1530 1257 1578; x_wconf 90' lang='lat' dir='ltr'><strong>et</strong></span> <span class='ocrx_word' id='word_1_113' title='bbox 1309 1531 1542 1580; x_wconf 89' lang='lat' dir='ltr'><strong>mortem</strong></span> <span class='ocrx_word' id='word_1_114' title='bbox 1587 1523 1751 1595; x_wconf 83' lang='lat' dir='ltr'><strong>juxta</strong></span> <span class='ocrx_word' id='word_1_115' title='bbox 1797 1523 2087 1580; x_wconf 88' lang='lat' dir='ltr'><strong>introitum</strong></span> 
     </span>
    </p>
   </div>
   <div class='ocr_carea' id='block_1_17' title="bbox 493 1607 2087 1686">
    <p class='ocr_par' dir='ltr' id='par_1_17' title="bbox 493 1607 2087 1686">
     <span class='ocr_line' id='line_1_17' title="bbox 493 1607 2087 1686; baseline 0.003 -22"><span class='ocrx_word' id='word_1_116' title='bbox 493 1607 876 1666; x_wconf 87' lang='lat' dir='ltr'><strong>delectationis</strong></span> <span class='ocrx_word' id='word_1_117' title='bbox 906 1611 1108 1684; x_wconf 91' lang='lat' dir='ltr'><strong>posuit,</strong></span> <span class='ocrx_word' id='word_1_118' title='bbox 1155 1619 1217 1668; x_wconf 92' lang='lat' dir='ltr'><strong>ut</strong></span> <span class='ocrx_word' id='word_1_119' title='bbox 1247 1611 1306 1667; x_wconf 91' lang='lat' dir='ltr'><strong>hi</strong></span> <span class='ocrx_word' id='word_1_120' title='bbox 1336 1613 1492 1686; x_wconf 90' lang='lat' dir='ltr'><strong>queis</strong></span> <span class='ocrx_word' id='word_1_121' title='bbox 1540 1613 1675 1670; x_wconf 90' lang='lat' dir='ltr'><strong>libet</strong></span> <span class='ocrx_word' id='word_1_122' title='bbox 1719 1631 1751 1670; x_wconf 92' lang='lat' dir='ltr'><strong>a</strong></span> <span class='ocrx_word' id='word_1_123' title='bbox 1799 1614 1993 1670; x_wconf 89' lang='lat' dir='ltr'><strong>mortis</strong></span> <span class='ocrx_word' id='word_1_124' title='bbox 2021 1613 2087 1670; x_wconf 89' lang='lat' dir='ltr'><strong>ti-</strong></span> 
     </span>
    </p>
   </div>
   <div class='ocr_carea' id='block_1_18' title="bbox 2197 441 3812 520">
    <p class='ocr_par' dir='ltr' id='par_1_18' title="bbox 2197 441 3812 520">
     <span class='ocr_line' id='line_1_18' title="bbox 2197 441 3812 520; baseline 0.006 -24"><span class='ocrx_word' id='word_1_125' title='bbox 2197 441 2410 514; x_wconf 90' lang='lat' dir='ltr'><strong>eripiet,</strong></span> <span class='ocrx_word' id='word_1_126' title='bbox 2445 451 2540 498; x_wconf 89' lang='lat' dir='ltr'><strong>aut</strong></span> <span class='ocrx_word' id='word_1_127' title='bbox 2568 443 2687 499; x_wconf 88' lang='lat' dir='ltr'><strong>sine</strong></span> <span class='ocrx_word' id='word_1_128' title='bbox 2715 443 2905 514; x_wconf 92' lang='lat' dir='ltr'><strong>dubio,</strong></span> <span class='ocrx_word' id='word_1_129' title='bbox 2936 447 3083 520; x_wconf 90' lang='lat' dir='ltr'><strong>quod</strong></span> <span class='ocrx_word' id='word_1_130' title='bbox 3111 448 3262 504; x_wconf 90' lang='lat' dir='ltr'><strong>nosti</strong></span> <span class='ocrx_word' id='word_1_131' title='bbox 3292 446 3549 520; x_wconf 88' lang='lat' dir='ltr'><strong>optime,</strong></span> <span class='ocrx_word' id='word_1_132' title='bbox 3581 463 3739 503; x_wconf 88' lang='lat' dir='ltr'><strong>mors</strong></span> <span class='ocrx_word' id='word_1_133' title='bbox 3763 467 3812 506; x_wconf 77' lang='lat' dir='ltr'><strong>ex</strong></span> 
     </span>
    </p>
   </div>
   <div class='ocr_carea' id='block_1_19' title="bbox 2197 535 3815 610">
    <p class='ocr_par' dir='ltr' id='par_1_19' title="bbox 2197 535 3815 610">
     <span class='ocr_line' id='line_1_19' title="bbox 2197 535 3815 610; baseline 0.004 -21"><span class='ocrx_word' id='word_1_134' title='bbox 2197 535 2499 607; x_wconf 91' lang='lat' dir='ltr'><strong>improviso</strong></span> <span class='ocrx_word' id='word_1_135' title='bbox 2529 536 2845 609; x_wconf 84' lang='lat' dir='ltr'><strong>aggrediens</strong></span> <span class='ocrx_word' id='word_1_136' title='bbox 2901 538 2972 592; x_wconf 89' lang='lat' dir='ltr'><strong>ita</strong></span> <span class='ocrx_word' id='word_1_137' title='bbox 3015 537 3119 593; x_wconf 88' lang='lat' dir='ltr'><strong>tibi</strong></span> <span class='ocrx_word' id='word_1_138' title='bbox 3150 539 3277 594; x_wconf 89' lang='lat' dir='ltr'><strong>illas</strong></span> <span class='ocrx_word' id='word_1_139' title='bbox 3307 544 3654 610; x_wconf 82' lang='lat' dir='ltr'><strong>extorquet,</strong></span> <span class='ocrx_word' id='word_1_140' title='bbox 3685 548 3745 594; x_wconf 91' lang='lat' dir='ltr'><strong>ut</strong></span> <span class='ocrx_word' id='word_1_141' title='bbox 3770 551 3815 595; x_wconf 73' lang='lat' dir='ltr'><strong>te</strong></span> 
     </span>
    </p>
   </div>
   <div class='ocr_carea' id='block_1_20' title="bbox 2197 626 3814 700">
    <p class='ocr_par' dir='ltr' id='par_1_20' title="bbox 2197 626 3814 700">
     <span class='ocr_line' id='line_1_20' title="bbox 2197 626 3814 700; baseline 0.001 -18"><span class='ocrx_word' id='word_1_142' title='bbox 2197 626 2322 682; x_wconf 92' lang='lat' dir='ltr'><strong>illas</strong></span> <span class='ocrx_word' id='word_1_143' title='bbox 2351 626 2585 682; x_wconf 91' lang='lat' dir='ltr'><strong>ulterius</strong></span> <span class='ocrx_word' id='word_1_144' title='bbox 2642 627 2700 681; x_wconf 92' lang='lat' dir='ltr'><strong>in</strong></span> <span class='ocrx_word' id='word_1_145' title='bbox 2752 635 2867 683; x_wconf 90' lang='lat' dir='ltr'><strong>toto</strong></span> <span class='ocrx_word' id='word_1_146' title='bbox 2918 643 3018 685; x_wconf 88' lang='lat' dir='ltr'><strong>nec</strong></span> <span class='ocrx_word' id='word_1_147' title='bbox 3053 627 3260 685; x_wconf 90' lang='lat' dir='ltr'><strong>habere</strong></span> <span class='ocrx_word' id='word_1_148' title='bbox 3319 627 3680 700; x_wconf 65' lang='lat' dir='ltr'><strong>praevideas,</strong></span> <span class='ocrx_word' id='word_1_149' title='bbox 3735 647 3814 685; x_wconf 68' lang='lat' dir='ltr'><strong>ne:</strong></span> 
     </span>
    </p>
   </div>
   <div class='ocr_carea' id='block_1_21' title="bbox 2197 715 3816 790">
    <p class='ocr_par' dir='ltr' id='par_1_21' title="bbox 2197 715 3816 790">
     <span class='ocr_line' id='line_1_21' title="bbox 2197 715 3816 790; baseline 0.002 -20"><span class='ocrx_word' id='word_1_150' title='bbox 2197 715 2403 771; x_wconf 88' lang='lat' dir='ltr'><strong>videre.</strong></span> <span class='ocrx_word' id='word_1_151' title='bbox 2438 716 2701 790; x_wconf 84' lang='lat' dir='ltr'><strong>Nunquid</strong></span> <span class='ocrx_word' id='word_1_152' title='bbox 2729 717 2772 772; x_wconf 92' lang='lat' dir='ltr'><strong>si</strong></span> <span class='ocrx_word' id='word_1_153' title='bbox 2803 717 3067 773; x_wconf 89' lang='lat' dir='ltr'><strong>transires</strong></span> <span class='ocrx_word' id='word_1_154' title='bbox 3098 734 3194 790; x_wconf 91' lang='lat' dir='ltr'><strong>per</strong></span> <span class='ocrx_word' id='word_1_155' title='bbox 3225 717 3452 774; x_wconf 90' lang='lat' dir='ltr'><strong>medias</strong></span> <span class='ocrx_word' id='word_1_156' title='bbox 3491 717 3654 773; x_wconf 85' lang='lat' dir='ltr'><strong>acies</strong></span> <span class='ocrx_word' id='word_1_157' title='bbox 3697 717 3816 773; x_wconf 81' lang='lat' dir='ltr'><strong>Bar-</strong></span> 
     </span>
    </p>
   </div>
   <div class='ocr_carea' id='block_1_22' title="bbox 2196 804 3818 880">
    <p class='ocr_par' dir='ltr' id='par_1_22' title="bbox 2196 804 3818 880">
     <span class='ocr_line' id='line_1_22' title="bbox 2196 804 3818 880; baseline 0.002 -21"><span class='ocrx_word' id='word_1_158' title='bbox 2196 804 2476 873; x_wconf 91' lang='lat' dir='ltr'><strong>harorum,</strong></span> <span class='ocrx_word' id='word_1_159' title='bbox 2511 815 2564 862; x_wconf 93' lang='lat' dir='ltr'><strong>et</strong></span> <span class='ocrx_word' id='word_1_160' title='bbox 2594 806 2869 862; x_wconf 84' lang='lat' dir='ltr'><strong>invenires</strong></span> <span class='ocrx_word' id='word_1_161' title='bbox 2900 807 3098 862; x_wconf 84' lang='lat' dir='ltr'><strong>fortem</strong></span> <span class='ocrx_word' id='word_1_162' title='bbox 3131 809 3315 862; x_wconf 88' lang='lat' dir='ltr'><strong>virum</strong></span> <span class='ocrx_word' id='word_1_163' title='bbox 3351 809 3454 880; x_wconf 91' lang='lat' dir='ltr'><strong>qui</strong></span> <span class='ocrx_word' id='word_1_164' title='bbox 3521 816 3577 863; x_wconf 86' lang='lat' dir='ltr'><strong>te</strong></span> <span class='ocrx_word' id='word_1_165' title='bbox 3620 825 3818 880; x_wconf 73' lang='lat' dir='ltr'><strong>semper</strong></span> 
     </span>
    </p>
   </div>
   <div class='ocr_carea' id='block_1_23' title="bbox 2198 895 3817 971">
    <p class='ocr_par' dir='ltr' id='par_1_23' title="bbox 2198 895 3817 971">
     <span class='ocr_line' id='line_1_23' title="bbox 2198 895 3817 971; baseline 0.003 -21"><span class='ocrx_word' id='word_1_166' title='bbox 2198 895 2416 964; x_wconf 84' lang='lat' dir='ltr'><strong>dilexit,</strong></span> <span class='ocrx_word' id='word_1_167' title='bbox 2448 897 2541 970; x_wconf 91' lang='lat' dir='ltr'><strong>qui</strong></span> <span class='ocrx_word' id='word_1_168' title='bbox 2579 897 2677 953; x_wconf 89' lang='lat' dir='ltr'><strong>tibi</strong></span> <span class='ocrx_word' id='word_1_169' title='bbox 2699 899 2861 953; x_wconf 89' lang='lat' dir='ltr'><strong>etiam</strong></span> <span class='ocrx_word' id='word_1_170' title='bbox 2893 901 3174 956; x_wconf 87' lang='lat' dir='ltr'><strong>sacculum</strong></span> <span class='ocrx_word' id='word_1_171' title='bbox 3206 900 3473 971; x_wconf 87' lang='lat' dir='ltr'><strong>pecuniis</strong></span> <span class='ocrx_word' id='word_1_172' title='bbox 3524 899 3817 955; x_wconf 72' lang='lat' dir='ltr'><strong>donaverat</strong></span> 
     </span>
    </p>
   </div>
   <div class='ocr_carea' id='block_1_24' title="bbox 2196 987 3816 1062">
    <p class='ocr_par' dir='ltr' id='par_1_24' title="bbox 2196 987 3816 1062">
     <span class='ocr_line' id='line_1_24' title="bbox 2196 987 3816 1062; baseline 0.002 -21"><span class='ocrx_word' id='word_1_173' title='bbox 2196 987 2442 1058; x_wconf 92' lang='lat' dir='ltr'><strong>plenum,</strong></span> <span class='ocrx_word' id='word_1_174' title='bbox 2478 987 2752 1043; x_wconf 88' lang='lat' dir='ltr'><strong>dicentem</strong></span> <span class='ocrx_word' id='word_1_175' title='bbox 2800 988 2904 1043; x_wconf 85' lang='lat' dir='ltr'><strong>tibi</strong></span> <span class='ocrx_word' id='word_1_176' title='bbox 2936 1007 2948 1043; x_wconf 91' lang='lat'><strong>:</strong></span> <span class='ocrx_word' id='word_1_177' title='bbox 2999 990 3077 1043; x_wconf 88' lang='lat' dir='ltr'><strong>Da</strong></span> <span class='ocrx_word' id='word_1_178' title='bbox 3124 989 3265 1044; x_wconf 91' lang='lat' dir='ltr'><strong>mihi</strong></span> <span class='ocrx_word' id='word_1_179' title='bbox 3297 989 3719 1045; x_wconf 87' lang='lat' dir='ltr'><strong>custodiendas</strong></span> <span class='ocrx_word' id='word_1_180' title='bbox 3749 1008 3816 1062; x_wconf 71' lang='lat' dir='ltr'><strong>p3-</strong></span> 
     </span>
    </p>
   </div>
   <div class='ocr_carea' id='block_1_25' title="bbox 2197 1076 3815 1150">
    <p class='ocr_par' dir='ltr' id='par_1_25' title="bbox 2197 1076 3815 1150">
     <span class='ocr_line' id='line_1_25' title="bbox 2197 1076 3815 1150; baseline 0.001 -18"><span class='ocrx_word' id='word_1_181' title='bbox 2197 1078 2389 1132; x_wconf 88' lang='lat' dir='ltr'><strong>cunias</strong></span> <span class='ocrx_word' id='word_1_182' title='bbox 2422 1094 2553 1149; x_wconf 89' lang='lat' dir='ltr'><strong>quas</strong></span> <span class='ocrx_word' id='word_1_183' title='bbox 2584 1078 2710 1133; x_wconf 91' lang='lat' dir='ltr'><strong>dedi</strong></span> <span class='ocrx_word' id='word_1_184' title='bbox 2744 1077 2867 1144; x_wconf 88' lang='lat' dir='ltr'><strong>tibi,</strong></span> <span class='ocrx_word' id='word_1_185' title='bbox 2900 1076 3026 1150; x_wconf 85' lang='lat' dir='ltr'><strong>quia</strong></span> <span class='ocrx_word' id='word_1_186' title='bbox 3061 1080 3151 1134; x_wconf 89' lang='lat' dir='ltr'><strong>isti</strong></span> <span class='ocrx_word' id='word_1_187' title='bbox 3203 1077 3431 1134; x_wconf 83' lang='lat' dir='ltr'><strong>barbari</strong></span> <span class='ocrx_word' id='word_1_188' title='bbox 3480 1079 3815 1135; x_wconf 77' lang='lat' dir='ltr'><strong>insidiantur</strong></span> 
     </span>
    </p>
   </div>
   <div class='ocr_carea' id='block_1_26' title="bbox 2197 1168 3814 1242">
    <p class='ocr_par' dir='ltr' id='par_1_26' title="bbox 2197 1168 3814 1242">
     <span class='ocr_line' id='line_1_26' title="bbox 2197 1168 3814 1242; baseline -0.001 -18"><span class='ocrx_word' id='word_1_189' title='bbox 2197 1175 2259 1224; x_wconf 92' lang='lat' dir='ltr'><strong>ut</strong></span> <span class='ocrx_word' id='word_1_190' title='bbox 2289 1185 2376 1223; x_wconf 92' lang='lat' dir='ltr'><strong>eas</strong></span> <span class='ocrx_word' id='word_1_191' title='bbox 2410 1168 2510 1225; x_wconf 92' lang='lat' dir='ltr'><strong>tibi</strong></span> <span class='ocrx_word' id='word_1_192' title='bbox 2543 1169 2813 1237; x_wconf 86' lang='lat' dir='ltr'><strong>auferant,</strong></span> <span class='ocrx_word' id='word_1_193' title='bbox 2872 1186 3007 1242; x_wconf 87' lang='lat' dir='ltr'><strong>quas</strong></span> <span class='ocrx_word' id='word_1_194' title='bbox 3035 1169 3170 1223; x_wconf 92' lang='lat' dir='ltr'><strong>dum</strong></span> <span class='ocrx_word' id='word_1_195' title='bbox 3203 1168 3307 1224; x_wconf 91' lang='lat' dir='ltr'><strong>tibi</strong></span> <span class='ocrx_word' id='word_1_196' title='bbox 3338 1169 3704 1226; x_wconf 84' lang='lat' dir='ltr'><strong>abstulerint</strong></span> <span class='ocrx_word' id='word_1_197' title='bbox 3746 1175 3814 1226; x_wconf 85' lang='lat' dir='ltr'><strong>sui</strong></span> 
     </span>
    </p>
   </div>
   <div class='ocr_carea' id='block_1_27' title="bbox 2197 1256 3814 1330">
    <p class='ocr_par' dir='ltr' id='par_1_27' title="bbox 2197 1256 3814 1330">
     <span class='ocr_line' id='line_1_27' title="bbox 2197 1256 3814 1330; baseline 0.001 -18"><span class='ocrx_word' id='word_1_198' title='bbox 2197 1265 2250 1312; x_wconf 90' lang='lat' dir='ltr'><strong>te</strong></span> <span class='ocrx_word' id='word_1_199' title='bbox 2280 1256 2477 1329; x_wconf 82' lang='lat' dir='ltr'><strong>gladiis</strong></span> <span class='ocrx_word' id='word_1_200' title='bbox 2508 1258 2832 1314; x_wconf 87' lang='lat' dir='ltr'><strong>laniabunt:</strong></span> <span class='ocrx_word' id='word_1_201' title='bbox 2867 1257 3122 1330; x_wconf 84' lang='lat' dir='ltr'><strong>nunquid</strong></span> <span class='ocrx_word' id='word_1_202' title='bbox 3163 1274 3271 1313; x_wconf 89' lang='lat' dir='ltr'><strong>non</strong></span> <span class='ocrx_word' id='word_1_203' title='bbox 3304 1257 3557 1329; x_wconf 88' lang='lat' dir='ltr'><strong>pedibus</strong></span> <span class='ocrx_word' id='word_1_204' title='bbox 3593 1259 3724 1330; x_wconf 82' lang='lat' dir='ltr'><strong>ejus</strong></span> <span class='ocrx_word' id='word_1_205' title='bbox 3763 1259 3814 1314; x_wconf 83' lang='lat' dir='ltr'><strong>ad</strong></span> 
     </span>
    </p>
   </div>
   <div class='ocr_carea' id='block_1_28' title="bbox 2197 1347 3812 1420">
    <p class='ocr_par' dir='ltr' id='par_1_28' title="bbox 2197 1347 3812 1420">
     <span class='ocr_line' id='line_1_28' title="bbox 2197 1347 3812 1420; baseline 0.001 -18"><span class='ocrx_word' id='word_1_206' title='bbox 2197 1348 2420 1403; x_wconf 86' lang='lat' dir='ltr'><strong>volutus</strong></span> <span class='ocrx_word' id='word_1_207' title='bbox 2453 1363 2667 1420; x_wconf 81' lang='lat' dir='ltr'><strong>rogares</strong></span> <span class='ocrx_word' id='word_1_208' title='bbox 2696 1363 2845 1414; x_wconf 91' lang='lat' dir='ltr'><strong>eum,</strong></span> <span class='ocrx_word' id='word_1_209' title='bbox 2875 1354 2935 1401; x_wconf 93' lang='lat' dir='ltr'><strong>ut</strong></span> <span class='ocrx_word' id='word_1_210' title='bbox 2965 1363 3054 1402; x_wconf 88' lang='lat' dir='ltr'><strong>eas</strong></span> <span class='ocrx_word' id='word_1_211' title='bbox 3093 1347 3208 1418; x_wconf 89' lang='lat' dir='ltr'><strong>ipse</strong></span> <span class='ocrx_word' id='word_1_212' title='bbox 3261 1347 3582 1417; x_wconf 84' lang='lat' dir='ltr'><strong>susciperet</strong></span> <span class='ocrx_word' id='word_1_213' title='bbox 3614 1347 3688 1403; x_wconf 90' lang='lat' dir='ltr'><strong>de</strong></span> <span class='ocrx_word' id='word_1_214' title='bbox 3717 1365 3812 1420; x_wconf 83' lang='lat' dir='ltr'><strong>quo</strong></span> 
     </span>
    </p>
   </div>
   <div class='ocr_carea' id='block_1_29' title="bbox 2197 1438 3812 1512">
    <p class='ocr_par' dir='ltr' id='par_1_29' title="bbox 2197 1438 3812 1512">
     <span class='ocr_line' id='line_1_29' title="bbox 2197 1438 3812 1512; baseline -0.001 -16"><span class='ocrx_word' id='word_1_215' title='bbox 2197 1449 2378 1496; x_wconf 87' lang='lat' dir='ltr'><strong>certus</strong></span> <span class='ocrx_word' id='word_1_216' title='bbox 2409 1457 2550 1496; x_wconf 87' lang='lat' dir='ltr'><strong>esses</strong></span> <span class='ocrx_word' id='word_1_217' title='bbox 2581 1438 2727 1512; x_wconf 89' lang='lat' dir='ltr'><strong>quod</strong></span> <span class='ocrx_word' id='word_1_218' title='bbox 2766 1447 2820 1493; x_wconf 91' lang='lat' dir='ltr'><strong>et</strong></span> <span class='ocrx_word' id='word_1_219' title='bbox 2856 1439 3123 1509; x_wconf 91' lang='lat' dir='ltr'><strong>ampliora</strong></span> <span class='ocrx_word' id='word_1_220' title='bbox 3155 1455 3321 1510; x_wconf 90' lang='lat' dir='ltr'><strong>quam</strong></span> <span class='ocrx_word' id='word_1_221' title='bbox 3371 1448 3675 1510; x_wconf 76' lang='lat' dir='ltr'><strong>acceperat</strong></span> <span class='ocrx_word' id='word_1_222' title='bbox 3711 1441 3812 1495; x_wconf 83' lang='lat' dir='ltr'><strong>red-</strong></span> 
     </span>
    </p>
   </div>
   <div class='ocr_carea' id='block_1_30' title="bbox 2197 1527 3814 1600">
    <p class='ocr_par' dir='ltr' id='par_1_30' title="bbox 2197 1527 3814 1600">
     <span class='ocr_line' id='line_1_30' title="bbox 2197 1527 3814 1600; baseline -0.001 -13"><span class='ocrx_word' id='word_1_223' title='bbox 2197 1531 2369 1599; x_wconf 88' lang='lat' dir='ltr'><strong>deret,</strong></span> <span class='ocrx_word' id='word_1_224' title='bbox 2402 1540 2455 1587; x_wconf 91' lang='lat' dir='ltr'><strong>et</strong></span> <span class='ocrx_word' id='word_1_225' title='bbox 2503 1537 2557 1584; x_wconf 88' lang='lat' dir='ltr'><strong>te</strong></span> <span class='ocrx_word' id='word_1_226' title='bbox 2605 1529 2785 1600; x_wconf 90' lang='lat' dir='ltr'><strong>ipsum</strong></span> <span class='ocrx_word' id='word_1_227' title='bbox 2833 1527 2899 1582; x_wconf 88' lang='lat' dir='ltr'><strong>ab</strong></span> <span class='ocrx_word' id='word_1_228' title='bbox 2948 1528 3201 1584; x_wconf 82' lang='lat' dir='ltr'><strong>hostibus</strong></span> <span class='ocrx_word' id='word_1_229' title='bbox 3249 1528 3524 1584; x_wconf 86' lang='lat' dir='ltr'><strong>liberaret</strong></span> <span class='ocrx_word' id='word_1_230' title='bbox 3554 1531 3582 1585; x_wconf 77' lang='lat'>?</span> <span class='ocrx_word' id='word_1_231' title='bbox 3642 1533 3814 1587; x_wconf 82' lang='lat' dir='ltr'><strong>Restat</strong></span> 
     </span>
    </p>
   </div>
   <div class='ocr_carea' id='block_1_31' title="bbox 2197 1617 3809 1691">
    <p class='ocr_par' dir='ltr' id='par_1_31' title="bbox 2197 1617 3809 1691">
     <span class='ocr_line' id='line_1_31' title="bbox 2197 1617 3809 1691; baseline -0.001 -13"><span class='ocrx_word' id='word_1_232' title='bbox 2197 1637 2346 1678; x_wconf 90' lang='lat' dir='ltr'><strong>nunc</strong></span> <span class='ocrx_word' id='word_1_233' title='bbox 2401 1629 2461 1676; x_wconf 92' lang='lat' dir='ltr'><strong>ut</strong></span> <span class='ocrx_word' id='word_1_234' title='bbox 2507 1618 2723 1674; x_wconf 82' lang='lat' dir='ltr'><strong>divitiis</strong></span> <span class='ocrx_word' id='word_1_235' title='bbox 2776 1617 2974 1673; x_wconf 89' lang='lat' dir='ltr'><strong>vestris</strong></span> <span class='ocrx_word' id='word_1_236' title='bbox 3030 1625 3270 1674; x_wconf 88' lang='lat' dir='ltr'><strong>tutorem</strong></span> <span class='ocrx_word' id='word_1_237' title='bbox 3329 1619 3568 1691; x_wconf 88' lang='lat' dir='ltr'><strong>possitis</strong></span> <span class='ocrx_word' id='word_1_238' title='bbox 3621 1619 3809 1678; x_wconf 79' lang='lat' dir='ltr'><strong>habere</strong></span> 
     </span>
    </p>
   </div>
   <div class='ocr_carea' id='block_1_32' title="bbox 493 1700 2500 1778">
    <p class='ocr_par' dir='ltr' id='par_1_32' title="bbox 493 1700 2500 1778">
     <span class='ocr_line' id='line_1_32' title="bbox 493 1700 2500 1778; baseline 0.004 -22"><span class='ocrx_word' id='word_1_239' title='bbox 493 1716 645 1756; x_wconf 90' lang='lat' dir='ltr'><strong>more</strong></span> <span class='ocrx_word' id='word_1_240' title='bbox 689 1700 940 1770; x_wconf 88' lang='lat' dir='ltr'><strong>evadere,</strong></span> <span class='ocrx_word' id='word_1_241' title='bbox 1000 1703 1172 1760; x_wconf 89' lang='lat' dir='ltr'><strong>vitam</strong></span> <span class='ocrx_word' id='word_1_242' title='bbox 1224 1712 1484 1760; x_wconf 65' lang='lat' dir='ltr'><strong>aeternam</strong></span> <span class='ocrx_word' id='word_1_243' title='bbox 1525 1713 1814 1778; x_wconf 76' lang='lat' dir='ltr'><strong>quaerant;</strong></span> <span class='ocrx_word' id='word_1_244' title='bbox 1873 1714 1927 1762; x_wconf 90' lang='lat' dir='ltr'><strong>et</strong></span> <span class='ocrx_word' id='word_1_245' title='bbox 1955 1705 2086 1761; x_wconf 90' lang='lat' dir='ltr'><strong>dum</strong></span> <span class='ocrx_word' id='word_1_246' title='bbox 2117 1717 2162 1776; x_wconf 86' lang='grc' dir='ltr'>Β</span> <span class='ocrx_word' id='word_1_247' title='bbox 2195 1711 2500 1770; x_wconf 81' lang='lat' dir='ltr'><strong>Christum.</strong></span> 
     </span>
    </p>
   </div>
   <div class='ocr_carea' id='block_1_33' title="bbox 494 1789 2086 1867">
    <p class='ocr_par' dir='ltr' id='par_1_33' title="bbox 494 1789 2086 1867">
     <span class='ocr_line' id='line_1_33' title="bbox 494 1789 2086 1867; baseline 0.004 -23"><span class='ocrx_word' id='word_1_248' title='bbox 494 1798 688 1862; x_wconf 68' lang='lat' dir='ltr'><strong>praeter</strong></span> <span class='ocrx_word' id='word_1_249' title='bbox 717 1789 881 1846; x_wconf 90' lang='lat' dir='ltr'><strong>istam</strong></span> <span class='ocrx_word' id='word_1_250' title='bbox 912 1791 1083 1848; x_wconf 89' lang='lat' dir='ltr'><strong>vitam</strong></span> <span class='ocrx_word' id='word_1_251' title='bbox 1120 1793 1346 1850; x_wconf 87' lang='lat' dir='ltr'><strong>alteram</strong></span> <span class='ocrx_word' id='word_1_252' title='bbox 1394 1810 1508 1849; x_wconf 91' lang='lat' dir='ltr'><strong>esse</strong></span> <span class='ocrx_word' id='word_1_253' title='bbox 1538 1793 1855 1861; x_wconf 88' lang='lat' dir='ltr'><strong>didicerint,</strong></span> <span class='ocrx_word' id='word_1_254' title='bbox 1889 1794 2086 1867; x_wconf 89' lang='lat' dir='ltr'><strong>inqui-</strong></span> 
     </span>
    </p>
   </div>
   <div class='ocr_carea' id='block_1_34' title="bbox 493 1881 2086 1954">
    <p class='ocr_par' dir='ltr' id='par_1_34' title="bbox 493 1881 2086 1954">
     <span class='ocr_line' id='line_1_34' title="bbox 493 1881 2086 1954; baseline 0.004 -20"><span class='ocrx_word' id='word_1_255' title='bbox 493 1885 616 1934; x_wconf 89' lang='lat' dir='ltr'><strong>rant</strong></span> <span class='ocrx_word' id='word_1_256' title='bbox 667 1886 856 1936; x_wconf 90' lang='lat' dir='ltr'><strong>utrum</strong></span> <span class='ocrx_word' id='word_1_257' title='bbox 914 1888 968 1936; x_wconf 89' lang='lat' dir='ltr'><strong>et</strong></span> <span class='ocrx_word' id='word_1_258' title='bbox 1015 1881 1133 1954; x_wconf 90' lang='lat' dir='ltr'><strong>ipsa</strong></span> <span class='ocrx_word' id='word_1_259' title='bbox 1178 1883 1350 1954; x_wconf 90' lang='lat' dir='ltr'><strong>possit</strong></span> <span class='ocrx_word' id='word_1_260' title='bbox 1398 1890 1679 1939; x_wconf 88' lang='lat' dir='ltr'><strong>senectute</strong></span> <span class='ocrx_word' id='word_1_261' title='bbox 1705 1882 1964 1939; x_wconf 90' lang='lat' dir='ltr'><strong>intercidi</strong></span> <span class='ocrx_word' id='word_1_262' title='bbox 1991 1891 2086 1940; x_wconf 88' lang='lat' dir='ltr'><strong>aut</strong></span> 
     </span>
    </p>
   </div>
   <div class='ocr_carea' id='block_1_35' title="bbox 493 1970 2084 2045">
    <p class='ocr_par' dir='ltr' id='par_1_35' title="bbox 493 1970 2084 2045">
     <span class='ocr_line' id='line_1_35' title="bbox 493 1970 2084 2045; baseline 0.003 -21"><span class='ocrx_word' id='word_1_263' title='bbox 493 1977 668 2024; x_wconf 87' lang='lat' dir='ltr'><strong>morte</strong></span> <span class='ocrx_word' id='word_1_264' title='bbox 689 1970 979 2026; x_wconf 89' lang='lat' dir='ltr'><strong>concludi:</strong></span> <span class='ocrx_word' id='word_1_265' title='bbox 1004 1987 1167 2044; x_wconf 90' lang='lat' dir='ltr'><strong>quam</strong></span> <span class='ocrx_word' id='word_1_266' title='bbox 1189 1972 1322 2027; x_wconf 90' lang='lat' dir='ltr'><strong>dum</strong></span> <span class='ocrx_word' id='word_1_267' title='bbox 1344 1971 1713 2028; x_wconf 87' lang='lat' dir='ltr'><strong>immortalem</strong></span> <span class='ocrx_word' id='word_1_268' title='bbox 1734 1973 2084 2045; x_wconf 82' lang='lat' dir='ltr'><strong>agnoverint,</strong></span> 
     </span>
    </p>
   </div>
   <div class='ocr_carea' id='block_1_36' title="bbox 490 2055 2087 2134">
    <p class='ocr_par' dir='ltr' id='par_1_36' title="bbox 490 2055 2087 2134">
     <span class='ocr_line' id='line_1_36' title="bbox 490 2055 2087 2134; baseline 0.004 -22"><span class='ocrx_word' id='word_1_269' title='bbox 490 2055 774 2130; x_wconf 87' lang='lat' dir='ltr'><strong>inquirant</strong></span> <span class='ocrx_word' id='word_1_270' title='bbox 817 2067 1003 2116; x_wconf 91' lang='lat' dir='ltr'><strong>utrum</strong></span> <span class='ocrx_word' id='word_1_271' title='bbox 1051 2060 1222 2132; x_wconf 90' lang='lat' dir='ltr'><strong>possit</strong></span> <span class='ocrx_word' id='word_1_272' title='bbox 1269 2061 1468 2117; x_wconf 91' lang='lat' dir='ltr'><strong>iterum</strong></span> <span class='ocrx_word' id='word_1_273' title='bbox 1518 2061 1636 2134; x_wconf 86' lang='lat' dir='ltr'><strong>ipsa</strong></span> <span class='ocrx_word' id='word_1_274' title='bbox 1690 2062 1966 2118; x_wconf 63' lang='lat' dir='ltr'><strong>aeternitas</strong></span> <span class='ocrx_word' id='word_1_275' title='bbox 1996 2063 2087 2118; x_wconf 85' lang='lat' dir='ltr'><strong>vel</strong></span> 
     </span>
    </p>
   </div>
   <div class='ocr_carea' id='block_1_37' title="bbox 491 2145 2082 2224">
    <p class='ocr_par' dir='ltr' id='par_1_37' title="bbox 491 2145 2082 2224">
     <span class='ocr_line' id='line_1_37' title="bbox 491 2145 2082 2224; baseline 0.002 -18"><span class='ocrx_word' id='word_1_276' title='bbox 491 2145 757 2206; x_wconf 86' lang='lat' dir='ltr'><strong>honorem</strong></span> <span class='ocrx_word' id='word_1_277' title='bbox 804 2148 1016 2206; x_wconf 88' lang='lat' dir='ltr'><strong>tradere</strong></span> <span class='ocrx_word' id='word_1_278' title='bbox 1039 2149 1206 2223; x_wconf 90' lang='lat' dir='ltr'><strong>justis</strong></span> <span class='ocrx_word' id='word_1_279' title='bbox 1237 2151 1325 2206; x_wconf 91' lang='lat' dir='ltr'><strong>vel</strong></span> <span class='ocrx_word' id='word_1_280' title='bbox 1357 2149 1579 2222; x_wconf 90' lang='lat' dir='ltr'><strong>injustis</strong></span> <span class='ocrx_word' id='word_1_281' title='bbox 1614 2167 1832 2224; x_wconf 65' lang='lat' dir='ltr'><strong>pinnam</strong></span> <span class='ocrx_word' id='word_1_282' title='bbox 1856 2152 2082 2209; x_wconf 86' lang='lat' dir='ltr'><strong>inferre.</strong></span> 
     </span>
    </p>
   </div>
   <div class='ocr_carea' id='block_1_38' title="bbox 1129 2248 1460 2307">
    <p class='ocr_par' dir='ltr' id='par_1_38' title="bbox 1129 2248 1460 2307">
     <span class='ocr_line' id='line_1_38' title="bbox 1129 2248 1460 2307; baseline -0.003 0"><span class='ocrx_word' id='word_1_283' title='bbox 1129 2248 1358 2307; x_wconf 85' lang='lat' dir='ltr'><strong>CAPUT</strong></span> <span class='ocrx_word' id='word_1_284' title='bbox 1389 2249 1460 2306; x_wconf 83' lang='lat' dir='ltr'><strong>V.</strong></span> 
     </span>
    </p>
   </div>
   <div class='ocr_carea' id='block_1_39' title="bbox 898 2339 1678 2413">
    <p class='ocr_par' dir='ltr' id='par_1_39' title="bbox 898 2339 1678 2413">
     <span class='ocr_line' id='line_1_39' title="bbox 898 2339 1678 2413; baseline 0 -16"><span class='ocrx_word' id='word_1_285' title='bbox 898 2339 1070 2413; x_wconf 82' lang='lat' dir='ltr'><strong>Opum</strong></span> <span class='ocrx_word' id='word_1_286' title='bbox 1096 2341 1510 2412; x_wconf 76' lang='lat' dir='ltr'><strong>deliciaruqu</strong></span> <span class='ocrx_word' id='word_1_287' title='bbox 1532 2356 1678 2397; x_wconf 78' lang='lat' dir='ltr'><strong>usus.</strong></span> 
     </span>
    </p>
   </div>
   <div class='ocr_carea' id='block_1_40' title="bbox 564 2430 2086 2505">
    <p class='ocr_par' dir='ltr' id='par_1_40' title="bbox 564 2430 2086 2505">
     <span class='ocr_line' id='line_1_40' title="bbox 564 2430 2086 2505; baseline 0 -19"><span class='ocrx_word' id='word_1_288' title='bbox 564 2430 650 2489; x_wconf 80' lang='lat'><strong>15.</strong></span> <span class='ocrx_word' id='word_1_289' title='bbox 692 2430 940 2504; x_wconf 83' lang='lat' dir='ltr'><strong>Cumque</strong></span> <span class='ocrx_word' id='word_1_290' title='bbox 984 2431 1292 2504; x_wconf 85' lang='lat' dir='ltr'><strong>specialiter</strong></span> <span class='ocrx_word' id='word_1_291' title='bbox 1320 2431 1399 2489; x_wconf 91' lang='lat' dir='ltr'><strong>ita</strong></span> <span class='ocrx_word' id='word_1_292' title='bbox 1438 2449 1554 2490; x_wconf 88' lang='lat' dir='ltr'><strong>esse</strong></span> <span class='ocrx_word' id='word_1_293' title='bbox 1582 2430 1953 2505; x_wconf 91' lang='lat' dir='ltr'><strong>probaverint,</strong></span> <span class='ocrx_word' id='word_1_294' title='bbox 1986 2445 2086 2486; x_wconf 91' lang='lat' dir='ltr'><strong>re-</strong></span> 
     </span>
    </p>
   </div>
   <div class='ocr_carea' id='block_1_41' title="bbox 489 2520 2086 2594">
    <p class='ocr_par' dir='ltr' id='par_1_41' title="bbox 489 2520 2086 2594">
     <span class='ocr_line' id='line_1_41' title="bbox 489 2520 2086 2594; baseline -0.002 -16"><span class='ocrx_word' id='word_1_295' title='bbox 489 2527 616 2588; x_wconf 88' lang='lat' dir='ltr'><strong>stat,</strong></span> <span class='ocrx_word' id='word_1_296' title='bbox 665 2529 730 2577; x_wconf 93' lang='lat' dir='ltr'><strong>ut</strong></span> <span class='ocrx_word' id='word_1_297' title='bbox 756 2521 1117 2594; x_wconf 75' lang='lat' dir='ltr'><strong>interrogent,</strong></span> <span class='ocrx_word' id='word_1_298' title='bbox 1167 2540 1266 2580; x_wconf 91' lang='lat' dir='ltr'><strong>cur</strong></span> <span class='ocrx_word' id='word_1_299' title='bbox 1313 2539 1344 2578; x_wconf 91' lang='lat' dir='ltr'><strong>a</strong></span> <span class='ocrx_word' id='word_1_300' title='bbox 1384 2524 1638 2581; x_wconf 86' lang='lat' dir='ltr'><strong>Creatore</strong></span> <span class='ocrx_word' id='word_1_301' title='bbox 1676 2520 1889 2578; x_wconf 61' lang='lat' dir='ltr'><strong>divitia;</strong></span> <span class='ocrx_word' id='word_1_302' title='bbox 1928 2520 2086 2576; x_wconf 65' lang='lat' dir='ltr'><strong>facta</strong></span> 
     </span>
    </p>
   </div>
   <div class='ocr_carea' id='block_1_42' title="bbox 491 2611 2084 2688">
    <p class='ocr_par' dir='ltr' id='par_1_42' title="bbox 491 2611 2084 2688">
     <span class='ocr_line' id='line_1_42' title="bbox 491 2611 2084 2688; baseline 0 -20"><span class='ocrx_word' id='word_1_303' title='bbox 491 2613 622 2680; x_wconf 88' lang='lat' dir='ltr'><strong>sint,</strong></span> <span class='ocrx_word' id='word_1_304' title='bbox 643 2613 689 2669; x_wconf 88' lang='lat' dir='ltr'><strong>si</strong></span> <span class='ocrx_word' id='word_1_305' title='bbox 715 2611 834 2685; x_wconf 90' lang='lat' dir='ltr'><strong>ejus</strong></span> <span class='ocrx_word' id='word_1_306' title='bbox 853 2613 970 2688; x_wconf 91' lang='lat' dir='ltr'><strong>lege</strong></span> <span class='ocrx_word' id='word_1_307' title='bbox 1002 2613 1418 2672; x_wconf 64' lang='lat' dir='ltr'><strong>contemnenda;</strong></span> <span class='ocrx_word' id='word_1_308' title='bbox 1447 2621 1612 2682; x_wconf 91' lang='lat' dir='ltr'><strong>sunt,</strong></span> <span class='ocrx_word' id='word_1_309' title='bbox 1645 2614 1733 2669; x_wconf 90' lang='lat' dir='ltr'><strong>vel</strong></span> <span class='ocrx_word' id='word_1_310' title='bbox 1768 2629 1934 2686; x_wconf 89' lang='lat' dir='ltr'><strong>quare</strong></span> <span class='ocrx_word' id='word_1_311' title='bbox 1956 2629 2084 2685; x_wconf 90' lang='lat' dir='ltr'><strong>qua-</strong></span> 
     </span>
    </p>
   </div>
   <div class='ocr_carea' id='block_1_43' title="bbox 491 2701 2085 2778">
    <p class='ocr_par' dir='ltr' id='par_1_43' title="bbox 491 2701 2085 2778">
     <span class='ocr_line' id='line_1_43' title="bbox 491 2701 2085 2778; baseline -0.001 -20"><span class='ocrx_word' id='word_1_312' title='bbox 491 2701 800 2774; x_wconf 89' lang='lat' dir='ltr'><strong>drupedum</strong></span> <span class='ocrx_word' id='word_1_313' title='bbox 853 2713 907 2760; x_wconf 90' lang='lat' dir='ltr'><strong>et</strong></span> <span class='ocrx_word' id='word_1_314' title='bbox 965 2705 1255 2761; x_wconf 90' lang='lat' dir='ltr'><strong>volucrum</strong></span> <span class='ocrx_word' id='word_1_315' title='bbox 1302 2711 1464 2778; x_wconf 87' lang='lat' dir='ltr'><strong>atque</strong></span> <span class='ocrx_word' id='word_1_316' title='bbox 1497 2703 1806 2774; x_wconf 86' lang='lat' dir='ltr'><strong>repentium</strong></span> <span class='ocrx_word' id='word_1_317' title='bbox 1847 2703 2085 2758; x_wconf 87' lang='lat' dir='ltr'><strong>varietas</strong></span> 
     </span>
    </p>
   </div>
   <div class='ocr_carea' id='block_1_44' title="bbox 489 2791 2083 2865">
    <p class='ocr_par' dir='ltr' id='par_1_44' title="bbox 489 2791 2083 2865">
     <span class='ocr_line' id='line_1_44' title="bbox 489 2791 2083 2865; baseline 0 -18"><span class='ocrx_word' id='word_1_318' title='bbox 489 2808 522 2847; x_wconf 90' lang='lat' dir='ltr'><strong>a</strong></span> <span class='ocrx_word' id='word_1_319' title='bbox 551 2791 805 2850; x_wconf 88' lang='lat' dir='ltr'><strong>Creatore</strong></span> <span class='ocrx_word' id='word_1_320' title='bbox 839 2794 982 2850; x_wconf 84' lang='lat' dir='ltr'><strong>facta</strong></span> <span class='ocrx_word' id='word_1_321' title='bbox 1023 2796 1115 2862; x_wconf 89' lang='lat' dir='ltr'><strong>sit,</strong></span> <span class='ocrx_word' id='word_1_322' title='bbox 1144 2795 1191 2850; x_wconf 87' lang='lat' dir='ltr'><strong>si</strong></span> <span class='ocrx_word' id='word_1_323' title='bbox 1238 2795 1472 2865; x_wconf 79' lang='lat' dir='ltr'><strong>singulis</strong></span> <span class='ocrx_word' id='word_1_324' title='bbox 1503 2794 1619 2865; x_wconf 88' lang='grc'><strong>(19)</strong></span> <span class='ocrx_word' id='word_1_325' title='bbox 1654 2791 2083 2848; x_wconf 89' lang='lat' dir='ltr'><strong>renuntiandum</strong></span> 
     </span>
    </p>
   </div>
   <div class='ocr_carea' id='block_1_45' title="bbox 489 2882 2084 2954">
    <p class='ocr_par' dir='ltr' id='par_1_45' title="bbox 489 2882 2084 2954">
     <span class='ocr_line' id='line_1_45' title="bbox 489 2882 2084 2954; baseline 0.001 -19"><span class='ocrx_word' id='word_1_326' title='bbox 489 2888 617 2936; x_wconf 90' lang='lat' dir='ltr'><strong>est:</strong></span> <span class='ocrx_word' id='word_1_327' title='bbox 666 2899 766 2938; x_wconf 91' lang='lat' dir='ltr'><strong>cur</strong></span> <span class='ocrx_word' id='word_1_328' title='bbox 805 2891 988 2938; x_wconf 90' lang='lat' dir='ltr'><strong>autem</strong></span> <span class='ocrx_word' id='word_1_329' title='bbox 1037 2883 1106 2939; x_wconf 92' lang='lat' dir='ltr'><strong>ab</strong></span> <span class='ocrx_word' id='word_1_330' title='bbox 1155 2885 1274 2954; x_wconf 90' lang='lat' dir='ltr'><strong>ipso</strong></span> <span class='ocrx_word' id='word_1_331' title='bbox 1323 2883 1577 2940; x_wconf 90' lang='lat' dir='ltr'><strong>Creatore</strong></span> <span class='ocrx_word' id='word_1_332' title='bbox 1629 2882 1950 2939; x_wconf 89' lang='lat' dir='ltr'><strong>medullitus</strong></span> <span class='ocrx_word' id='word_1_333' title='bbox 1998 2898 2084 2954; x_wconf 79' lang='lat' dir='ltr'><strong>ge-</strong></span> 
     </span>
    </p>
   </div>
   <div class='ocr_carea' id='block_1_46' title="bbox 489 2967 2084 3044">
    <p class='ocr_par' dir='ltr' id='par_1_46' title="bbox 489 2967 2084 3044">
     <span class='ocr_line' id='line_1_46' title="bbox 489 2967 2084 3044; baseline 0.004 -22"><span class='ocrx_word' id='word_1_334' title='bbox 489 2967 662 3024; x_wconf 86' lang='lat' dir='ltr'><strong>nuina</strong></span> <span class='ocrx_word' id='word_1_335' title='bbox 688 2970 980 3028; x_wconf 86' lang='lat' dir='ltr'><strong>delectatio</strong></span> <span class='ocrx_word' id='word_1_336' title='bbox 1008 2971 1076 3027; x_wconf 90' lang='lat' dir='ltr'><strong>ad</strong></span> <span class='ocrx_word' id='word_1_337' title='bbox 1106 2973 1529 3030; x_wconf 89' lang='lat' dir='ltr'><strong>incitamentum</strong></span> <span class='ocrx_word' id='word_1_338' title='bbox 1561 2973 1678 3044; x_wconf 90' lang='grc'><strong>(20)</strong></span> <span class='ocrx_word' id='word_1_339' title='bbox 1711 2981 1793 3029; x_wconf 91' lang='lat' dir='ltr'><strong>est</strong></span> <span class='ocrx_word' id='word_1_340' title='bbox 1834 2971 2084 3029; x_wconf 82' lang='lat' dir='ltr'><strong>libidinis</strong></span> 
     </span>
    </p>
   </div>
   <div class='ocr_carea' id='block_1_47' title="bbox 2276 1794 3812 1864">
    <p class='ocr_par' dir='ltr' id='par_1_47' title="bbox 2276 1794 3812 1864">
     <span class='ocr_line' id='line_1_47' title="bbox 2276 1794 3812 1864; baseline -0.003 -8"><span class='ocrx_word' id='word_1_341' title='bbox 2276 1801 2362 1856; x_wconf 90' lang='lat'><strong>17.</strong></span> <span class='ocrx_word' id='word_1_342' title='bbox 2396 1798 2483 1854; x_wconf 78' lang='lat' dir='ltr'><strong>Ad</strong></span> <span class='ocrx_word' id='word_1_343' title='bbox 2512 1797 2737 1854; x_wconf 90' lang='lat' dir='ltr'><strong>delicias</strong></span> <span class='ocrx_word' id='word_1_344' title='bbox 2790 1794 3096 1852; x_wconf 83' lang='lat' dir='ltr'><strong>veniamus.</strong></span> <span class='ocrx_word' id='word_1_345' title='bbox 3147 1795 3256 1864; x_wconf 90' lang='lat' dir='ltr'><strong>Qui</strong></span> <span class='ocrx_word' id='word_1_346' title='bbox 3316 1795 3489 1852; x_wconf 83' lang='lat' dir='ltr'><strong>habet</strong></span> <span class='ocrx_word' id='word_1_347' title='bbox 3521 1813 3691 1854; x_wconf 89' lang='lat' dir='ltr'><strong>aures</strong></span> <span class='ocrx_word' id='word_1_348' title='bbox 3718 1815 3812 1855; x_wconf 86' lang='lat' dir='ltr'><strong>au-</strong></span> 
     </span>
    </p>
   </div>
   <div class='ocr_carea' id='block_1_48' title="bbox 2200 1882 3810 1958">
    <p class='ocr_par' dir='ltr' id='par_1_48' title="bbox 2200 1882 3810 1958">
     <span class='ocr_line' id='line_1_48' title="bbox 2200 1882 3810 1958; baseline -0.001 -12"><span class='ocrx_word' id='word_1_349' title='bbox 2200 1890 2414 1958; x_wconf 91' lang='lat' dir='ltr'><strong>diendi,</strong></span> <span class='ocrx_word' id='word_1_350' title='bbox 2445 1887 2634 1944; x_wconf 90' lang='lat' dir='ltr'><strong>audiet</strong></span> <span class='ocrx_word' id='word_1_351' title='bbox 2667 1882 2757 1942; x_wconf 88' lang='lat' dir='ltr'><strong>eas</strong></span> <span class='ocrx_word' id='word_1_352' title='bbox 2788 1885 3032 1942; x_wconf 88' lang='lat' dir='ltr'><strong>dicentes</strong></span> <span class='ocrx_word' id='word_1_353' title='bbox 3079 1885 3189 1942; x_wconf 91' lang='lat' dir='ltr'><strong>sibi</strong></span> <span class='ocrx_word' id='word_1_354' title='bbox 3217 1905 3229 1942; x_wconf 88' lang='lat'>:</span> <span class='ocrx_word' id='word_1_355' title='bbox 3292 1887 3350 1943; x_wconf 89' lang='lat' dir='ltr'><strong>Si</strong></span> <span class='ocrx_word' id='word_1_356' title='bbox 3384 1903 3516 1942; x_wconf 90' lang='lat' dir='ltr'><strong>vere</strong></span> <span class='ocrx_word' id='word_1_357' title='bbox 3548 1898 3810 1945; x_wconf 85' lang='lat' dir='ltr'><strong>amatores</strong></span> 
     </span>
    </p>
   </div>
   <div class='ocr_carea' id='block_1_49' title="bbox 2199 1975 3809 2048">
    <p class='ocr_par' dir='ltr' id='par_1_49' title="bbox 2199 1975 3809 2048">
     <span class='ocr_line' id='line_1_49' title="bbox 2199 1975 3809 2048; baseline 0 -13"><span class='ocrx_word' id='word_1_358' title='bbox 2199 1979 2372 2036; x_wconf 89' lang='lat' dir='ltr'><strong>nostri</strong></span> <span class='ocrx_word' id='word_1_359' title='bbox 2401 1979 2554 2045; x_wconf 87' lang='lat' dir='ltr'><strong>estis,</strong></span> <span class='ocrx_word' id='word_1_360' title='bbox 2580 1977 2664 2032; x_wconf 91' lang='lat' dir='ltr'><strong>illi</strong></span> <span class='ocrx_word' id='word_1_361' title='bbox 2694 1993 2793 2032; x_wconf 91' lang='lat' dir='ltr'><strong>nos</strong></span> <span class='ocrx_word' id='word_1_362' title='bbox 2821 1975 3224 2045; x_wconf 90' lang='lat' dir='ltr'><strong>commendate,</strong></span> <span class='ocrx_word' id='word_1_363' title='bbox 3249 1976 3347 2048; x_wconf 89' lang='lat' dir='ltr'><strong>qui</strong></span> <span class='ocrx_word' id='word_1_364' title='bbox 3370 1993 3474 2034; x_wconf 91' lang='lat' dir='ltr'><strong>nos</strong></span> <span class='ocrx_word' id='word_1_365' title='bbox 3492 1979 3662 2035; x_wconf 82' lang='lat' dir='ltr'><strong>vobis</strong></span> <span class='ocrx_word' id='word_1_366' title='bbox 3685 1979 3809 2036; x_wconf 77' lang='lat' dir='ltr'><strong>inte-</strong></span> 
     </span>
    </p>
   </div>
   <div class='ocr_carea' id='block_1_50' title="bbox 2199 2065 3807 2144">
    <p class='ocr_par' dir='ltr' id='par_1_50' title="bbox 2199 2065 3807 2144">
     <span class='ocr_line' id='line_1_50' title="bbox 2199 2065 3807 2144; baseline -0.001 -17"><span class='ocrx_word' id='word_1_367' title='bbox 2199 2087 2319 2144; x_wconf 86' lang='lat' dir='ltr'><strong>gras</strong></span> <span class='ocrx_word' id='word_1_368' title='bbox 2349 2068 2699 2140; x_wconf 89' lang='lat' dir='ltr'><strong>illibatasqne</strong></span> <span class='ocrx_word' id='word_1_369' title='bbox 2729 2067 2787 2122; x_wconf 93' lang='lat' dir='ltr'><strong>in</strong></span> <span class='ocrx_word' id='word_1_370' title='bbox 2819 2067 2918 2122; x_wconf 90' lang='lat' dir='ltr'><strong>illa</strong></span> <span class='ocrx_word' id='word_1_371' title='bbox 2940 2065 3159 2138; x_wconf 84' lang='lat' dir='ltr'><strong>regione</strong></span> <span class='ocrx_word' id='word_1_372' title='bbox 3184 2067 3466 2133; x_wconf 89' lang='lat' dir='ltr'><strong>restituat,</strong></span> <span class='ocrx_word' id='word_1_373' title='bbox 3502 2068 3566 2123; x_wconf 90' lang='lat' dir='ltr'><strong>in</strong></span> <span class='ocrx_word' id='word_1_374' title='bbox 3598 2085 3712 2142; x_wconf 87' lang='lat' dir='ltr'><strong>qua</strong></span> <span class='ocrx_word' id='word_1_375' title='bbox 3727 2087 3807 2126; x_wconf 82' lang='lat' dir='ltr'><strong>vo-</strong></span> 
     </span>
    </p>
   </div>
   <div class='ocr_carea' id='block_1_51' title="bbox 2197 2159 3806 2232">
    <p class='ocr_par' dir='ltr' id='par_1_51' title="bbox 2197 2159 3806 2232">
     <span class='ocr_line' id='line_1_51' title="bbox 2197 2159 3806 2232; baseline -0.001 -13"><span class='ocrx_word' id='word_1_376' title='bbox 2197 2163 2412 2219; x_wconf 90' lang='lat' dir='ltr'><strong>biscum</strong></span> <span class='ocrx_word' id='word_1_377' title='bbox 2439 2160 2645 2232; x_wconf 89' lang='lat' dir='ltr'><strong>jugiter</strong></span> <span class='ocrx_word' id='word_1_378' title='bbox 2676 2175 2897 2214; x_wconf 90' lang='lat' dir='ltr'><strong>manere</strong></span> <span class='ocrx_word' id='word_1_379' title='bbox 2924 2159 3201 2231; x_wconf 89' lang='lat' dir='ltr'><strong>possimus</strong></span> <span class='ocrx_word' id='word_1_380' title='bbox 3235 2179 3248 2226; x_wconf 95' lang='lat'><strong>;</strong></span> <span class='ocrx_word' id='word_1_381' title='bbox 3283 2160 3342 2214; x_wconf 90' lang='lat' dir='ltr'><strong>in</strong></span> <span class='ocrx_word' id='word_1_382' title='bbox 3372 2160 3479 2216; x_wconf 90' lang='lat' dir='ltr'><strong>ista</strong></span> <span class='ocrx_word' id='word_1_383' title='bbox 3513 2162 3673 2218; x_wconf 91' lang='lat' dir='ltr'><strong>enim</strong></span> <span class='ocrx_word' id='word_1_384' title='bbox 3705 2165 3806 2219; x_wconf 81' lang='lat' dir='ltr'><strong>vita</strong></span> 
     </span>
    </p>
   </div>
   <div class='ocr_carea' id='block_1_52' title="bbox 2197 2251 3800 2323">
    <p class='ocr_par' dir='ltr' id='par_1_52' title="bbox 2197 2251 3800 2323">
     <span class='ocr_line' id='line_1_52' title="bbox 2197 2251 3800 2323; baseline 0.001 -15"><span class='ocrx_word' id='word_1_385' title='bbox 2197 2252 2244 2309; x_wconf 91' lang='lat' dir='ltr'><strong>si</strong></span> <span class='ocrx_word' id='word_1_386' title='bbox 2272 2251 2432 2308; x_wconf 89' lang='lat' dir='ltr'><strong>vobis</strong></span> <span class='ocrx_word' id='word_1_387' title='bbox 2462 2259 2714 2306; x_wconf 88' lang='lat' dir='ltr'><strong>nostrum</strong></span> <span class='ocrx_word' id='word_1_388' title='bbox 2767 2251 3110 2308; x_wconf 89' lang='lat' dir='ltr'><strong>voluerimus</strong></span> <span class='ocrx_word' id='word_1_389' title='bbox 3165 2268 3439 2323; x_wconf 91' lang='lat' dir='ltr'><strong>occupare</strong></span> <span class='ocrx_word' id='word_1_390' title='bbox 3489 2254 3800 2323; x_wconf 85' lang='lat' dir='ltr'><strong>servitium,</strong></span> 
     </span>
    </p>
   </div>
   <div class='ocr_carea' id='block_1_53' title="bbox 2198 2340 3802 2416">
    <p class='ocr_par' dir='ltr' id='par_1_53' title="bbox 2198 2340 3802 2416">
     <span class='ocr_line' id='line_1_53' title="bbox 2198 2340 3802 2416; baseline 0.002 -18"><span class='ocrx_word' id='word_1_391' title='bbox 2198 2342 2354 2416; x_wconf 91' lang='lat' dir='ltr'><strong>quasi</strong></span> <span class='ocrx_word' id='word_1_392' title='bbox 2377 2341 2470 2400; x_wconf 90' lang='lat' dir='ltr'><strong>hic</strong></span> <span class='ocrx_word' id='word_1_393' title='bbox 2503 2350 2766 2414; x_wconf 78' lang='lat' dir='ltr'><strong>expertae,</strong></span> <span class='ocrx_word' id='word_1_394' title='bbox 2799 2340 2877 2397; x_wconf 92' lang='lat' dir='ltr'><strong>ibi</strong></span> <span class='ocrx_word' id='word_1_395' title='bbox 2907 2341 3066 2397; x_wconf 90' lang='lat' dir='ltr'><strong>vobis</strong></span> <span class='ocrx_word' id='word_1_396' title='bbox 3097 2343 3328 2398; x_wconf 89' lang='lat' dir='ltr'><strong>omnino</strong></span> <span class='ocrx_word' id='word_1_397' title='bbox 3359 2343 3695 2414; x_wconf 81' lang='lat' dir='ltr'><strong>negabimus</strong></span> <span class='ocrx_word' id='word_1_398' title='bbox 3720 2363 3802 2401; x_wconf 75' lang='lat' dir='ltr'><strong>no~</strong></span> 
     </span>
    </p>
   </div>
   <div class='ocr_carea' id='block_1_54' title="bbox 2197 2431 3798 2492">
    <p class='ocr_par' dir='ltr' id='par_1_54' title="bbox 2197 2431 3798 2492">
     <span class='ocr_line' id='line_1_54' title="bbox 2197 2431 3798 2492; baseline 0.001 -2"><span class='ocrx_word' id='word_1_399' title='bbox 2197 2441 2322 2490; x_wconf 75' lang='lat' dir='ltr'><strong>strae</strong></span> <span class='ocrx_word' id='word_1_400' title='bbox 2339 2434 2572 2490; x_wconf 88' lang='lat' dir='ltr'><strong>servitut</strong></span> <span class='ocrx_word' id='word_1_401' title='bbox 2585 2433 2629 2488; x_wconf 90' lang='lat' dir='ltr'><strong>is</strong></span> <span class='ocrx_word' id='word_1_402' title='bbox 2651 2432 2915 2488; x_wconf 78' lang='lat' dir='ltr'><strong>ofﬁcium.</strong></span> <span class='ocrx_word' id='word_1_403' title='bbox 2938 2431 3218 2488; x_wconf 88' lang='lat' dir='ltr'><strong>Dimittite</strong></span> <span class='ocrx_word' id='word_1_404' title='bbox 3235 2449 3335 2488; x_wconf 92' lang='lat' dir='ltr'><strong>nos</strong></span> <span class='ocrx_word' id='word_1_405' title='bbox 3352 2433 3586 2490; x_wconf 90' lang='lat' dir='ltr'><strong>interim</strong></span> <span class='ocrx_word' id='word_1_406' title='bbox 3610 2437 3798 2492; x_wconf 80' lang='lat' dir='ltr'><strong>servire</strong></span> 
     </span>
    </p>
   </div>
   <div class='ocr_carea' id='block_1_55' title="bbox 2197 2521 3794 2596">
    <p class='ocr_par' dir='ltr' id='par_1_55' title="bbox 2197 2521 3794 2596">
     <span class='ocr_line' id='line_1_55' title="bbox 2197 2521 3794 2596; baseline -0.001 -15"><span class='ocrx_word' id='word_1_407' title='bbox 2197 2523 2502 2591; x_wconf 89' lang='lat' dir='ltr'><strong>morituris,</strong></span> <span class='ocrx_word' id='word_1_408' title='bbox 2533 2522 2664 2596; x_wconf 91' lang='lat' dir='ltr'><strong>quia</strong></span> <span class='ocrx_word' id='word_1_409' title='bbox 2712 2521 2919 2578; x_wconf 90' lang='lat' dir='ltr'><strong>idcirco</strong></span> <span class='ocrx_word' id='word_1_410' title='bbox 2956 2521 3192 2578; x_wconf 87' lang='lat' dir='ltr'><strong>breviati</strong></span> <span class='ocrx_word' id='word_1_411' title='bbox 3239 2532 3369 2578; x_wconf 91' lang='lat' dir='ltr'><strong>sunt</strong></span> <span class='ocrx_word' id='word_1_412' title='bbox 3414 2523 3536 2580; x_wconf 88' lang='lat' dir='ltr'><strong>dies</strong></span> <span class='ocrx_word' id='word_1_413' title='bbox 3569 2527 3794 2582; x_wconf 83' lang='lat' dir='ltr'><strong>mortali-</strong></span> 
     </span>
    </p>
   </div>
   <div class='ocr_carea' id='block_1_56' title="bbox 2196 2609 3793 2682">
    <p class='ocr_par' dir='ltr' id='par_1_56' title="bbox 2196 2609 3793 2682">
     <span class='ocr_line' id='line_1_56' title="bbox 2196 2609 3793 2682; baseline 0 -12"><span class='ocrx_word' id='word_1_414' title='bbox 2196 2613 2320 2682; x_wconf 91' lang='lat' dir='ltr'><strong>bus,</strong></span> <span class='ocrx_word' id='word_1_415' title='bbox 2347 2623 2408 2671; x_wconf 92' lang='lat' dir='ltr'><strong>ut</strong></span> <span class='ocrx_word' id='word_1_416' title='bbox 2440 2611 2848 2668; x_wconf 89' lang='lat' dir='ltr'><strong>immortalibus</strong></span> <span class='ocrx_word' id='word_1_417' title='bbox 2871 2609 3080 2682; x_wconf 82' lang='lat' dir='ltr'><strong>jugiter</strong></span> <span class='ocrx_word' id='word_1_418' title='bbox 3113 2611 3473 2670; x_wconf 86' lang='lat' dir='ltr'><strong>famulemur.</strong></span> <span class='ocrx_word' id='word_1_419' title='bbox 3519 2615 3615 2672; x_wconf 89' lang='lat' dir='ltr'><strong>Sic</strong></span> <span class='ocrx_word' id='word_1_420' title='bbox 3661 2617 3793 2671; x_wconf 88' lang='lat' dir='ltr'><strong>enim</strong></span> 
     </span>
    </p>
   </div>
   <div class='ocr_carea' id='block_1_57' title="bbox 2197 2700 3792 2776">
    <p class='ocr_par' dir='ltr' id='par_1_57' title="bbox 2197 2700 3792 2776">
     <span class='ocr_line' id='line_1_57' title="bbox 2197 2700 3792 2776; baseline -0.001 -15"><span class='ocrx_word' id='word_1_421' title='bbox 2197 2705 2465 2776; x_wconf 90' lang='lat' dir='ltr'><strong>scriptum</strong></span> <span class='ocrx_word' id='word_1_422' title='bbox 2523 2710 2648 2757; x_wconf 89' lang='lat' dir='ltr'><strong>est:</strong></span> <span class='ocrx_word' id='word_1_423' title='bbox 2694 2702 2921 2773; x_wconf 89' lang='lat' dir='ltr'><strong>Propter</strong></span> <span class='ocrx_word' id='word_1_424' title='bbox 2967 2701 3170 2758; x_wconf 89' lang='lat' dir='ltr'><strong>electos</strong></span> <span class='ocrx_word' id='word_1_425' title='bbox 3219 2700 3634 2759; x_wconf 86' lang='lat' dir='ltr'><strong>breviabuntur</strong></span> <span class='ocrx_word' id='word_1_426' title='bbox 3687 2705 3792 2760; x_wconf 83' lang='lat' dir='ltr'><strong>dies</strong></span> 
     </span>
    </p>
   </div>
   <div class='ocr_carea' id='block_1_58' title="bbox 2199 2791 3790 2868">
    <p class='ocr_par' dir='ltr' id='par_1_58' title="bbox 2199 2791 3790 2868">
     <span class='ocr_line' id='line_1_58' title="bbox 2199 2791 3790 2868; baseline -0.003 -14"><span class='ocrx_word' id='word_1_427' title='bbox 2199 2796 2411 2866; x_wconf 83' lang='lat' dir='ltr'><strong>(Matth.</strong></span> <span class='ocrx_word' id='word_1_428' title='bbox 2440 2811 2602 2861; x_wconf 74' lang='lat' dir='ltr'><strong>xxrv,</strong></span> <span class='ocrx_word' id='word_1_429' title='bbox 2636 2793 2750 2865; x_wconf 83' lang='grc'><strong>22),</strong></span> <span class='ocrx_word' id='word_1_430' title='bbox 2784 2801 2844 2848; x_wconf 91' lang='lat' dir='ltr'><strong>ut</strong></span> <span class='ocrx_word' id='word_1_431' title='bbox 2865 2791 3101 2848; x_wconf 89' lang='lat' dir='ltr'><strong>servitus</strong></span> <span class='ocrx_word' id='word_1_432' title='bbox 3137 2801 3326 2850; x_wconf 87' lang='lat' dir='ltr'><strong>nostra</strong></span> <span class='ocrx_word' id='word_1_433' title='bbox 3353 2811 3469 2850; x_wconf 91' lang='lat' dir='ltr'><strong>non</strong></span> <span class='ocrx_word' id='word_1_434' title='bbox 3519 2797 3597 2851; x_wconf 89' lang='lat' dir='ltr'><strong>sit</strong></span> <span class='ocrx_word' id='word_1_435' title='bbox 3627 2798 3790 2868; x_wconf 79' lang='lat' dir='ltr'><strong>longa.</strong></span> 
     </span>
    </p>
   </div>
   <div class='ocr_carea' id='block_1_59' title="bbox 2195 2881 3789 2958">
    <p class='ocr_par' dir='ltr' id='par_1_59' title="bbox 2195 2881 3789 2958">
     <span class='ocr_line' id='line_1_59' title="bbox 2195 2881 3789 2958; baseline 0.001 -18"><span class='ocrx_word' id='word_1_436' title='bbox 2195 2883 2421 2956; x_wconf 89' lang='lat' dir='ltr'><strong>Injustis</strong></span> <span class='ocrx_word' id='word_1_437' title='bbox 2438 2883 2661 2956; x_wconf 90' lang='lat' dir='ltr'><strong>quidem</strong></span> <span class='ocrx_word' id='word_1_438' title='bbox 2690 2882 2962 2938; x_wconf 88' lang='lat' dir='ltr'><strong>servimus</strong></span> <span class='ocrx_word' id='word_1_439' title='bbox 2979 2881 3182 2937; x_wconf 85' lang='lat' dir='ltr'><strong>festino</strong></span> <span class='ocrx_word' id='word_1_440' title='bbox 3203 2899 3374 2938; x_wconf 85' lang='lat' dir='ltr'><strong>cursu</strong></span> <span class='ocrx_word' id='word_1_441' title='bbox 3396 2884 3515 2956; x_wconf 84' lang='grc'><strong>(23)</strong></span> <span class='ocrx_word' id='word_1_442' title='bbox 3549 2904 3563 2940; x_wconf 91' lang='lat'>:</span> <span class='ocrx_word' id='word_1_443' title='bbox 3599 2885 3789 2958; x_wconf 86' lang='lat' dir='ltr'><strong>impiis,</strong></span> 
     </span>
    </p>
   </div>
   <div class='ocr_carea' id='block_1_60' title="bbox 2195 2970 3792 3045">
    <p class='ocr_par' dir='ltr' id='par_1_60' title="bbox 2195 2970 3792 3045">
     <span class='ocr_line' id='line_1_60' title="bbox 2195 2970 3792 3045; baseline 0.001 -15"><span class='ocrx_word' id='word_1_444' title='bbox 2195 2971 2473 3031; x_wconf 88' lang='lat' dir='ltr'><strong>sceleratis</strong></span> <span class='ocrx_word' id='word_1_445' title='bbox 2528 2981 2582 3028; x_wconf 92' lang='lat' dir='ltr'><strong>et</strong></span> <span class='ocrx_word' id='word_1_446' title='bbox 2624 2970 2880 3043; x_wconf 87' lang='lat' dir='ltr'><strong>turpibus</strong></span> <span class='ocrx_word' id='word_1_447' title='bbox 2933 2971 3230 3039; x_wconf 85' lang='lat' dir='ltr'><strong>servimus,</strong></span> <span class='ocrx_word' id='word_1_448' title='bbox 3283 2988 3396 3027; x_wconf 91' lang='lat' dir='ltr'><strong>non</strong></span> <span class='ocrx_word' id='word_1_449' title='bbox 3447 2983 3669 3045; x_wconf 86' lang='lat' dir='ltr'><strong>sponte,</strong></span> <span class='ocrx_word' id='word_1_450' title='bbox 3711 2976 3792 3031; x_wconf 88' lang='lat' dir='ltr'><strong>sed</strong></span> 
     </span>
    </p>
   </div>
   <div class='ocr_carea' id='block_1_61' title="bbox 489 3059 3793 3136">
    <p class='ocr_par' dir='ltr' id='par_1_61' title="bbox 489 3059 3793 3136">
     <span class='ocr_line' id='line_1_61' title="bbox 489 3059 3793 3136; baseline 0.002 -21"><span class='ocrx_word' id='word_1_451' title='bbox 489 3059 717 3117; x_wconf 87' lang='lat' dir='ltr'><strong>fundata</strong></span> <span class='ocrx_word' id='word_1_452' title='bbox 763 3062 1110 3134; x_wconf 87' lang='lat' dir='ltr'><strong>corporibus,</strong></span> <span class='ocrx_word' id='word_1_453' title='bbox 1157 3063 1203 3119; x_wconf 88' lang='lat' dir='ltr'><strong>si</strong></span> <span class='ocrx_word' id='word_1_454' title='bbox 1255 3081 1386 3120; x_wconf 88' lang='lat' dir='ltr'><strong>usus</strong></span> <span class='ocrx_word' id='word_1_455' title='bbox 1428 3063 1546 3134; x_wconf 90' lang='lat' dir='ltr'><strong>ejus</strong></span> <span class='ocrx_word' id='word_1_456' title='bbox 1592 3063 1805 3120; x_wconf 91' lang='lat' dir='ltr'><strong>auctori</strong></span> <span class='ocrx_word' id='word_1_457' title='bbox 1861 3079 1972 3119; x_wconf 92' lang='lat' dir='ltr'><strong>non</strong></span> <span class='ocrx_word' id='word_1_458' title='bbox 2002 3080 2085 3120; x_wconf 87' lang='lat' dir='ltr'><strong>so-</strong></span> <span class='ocrx_word' id='word_1_459' title='bbox 2111 3067 2154 3126; x_wconf 71' lang='lat'><strong>(3</strong></span> <span class='ocrx_word' id='word_1_460' title='bbox 2193 3070 2413 3136; x_wconf 88' lang='lat' dir='ltr'><strong>propter</strong></span> <span class='ocrx_word' id='word_1_461' title='bbox 2441 3079 2564 3118; x_wconf 91' lang='lat' dir='ltr'><strong>eum</strong></span> <span class='ocrx_word' id='word_1_462' title='bbox 2594 3061 2688 3134; x_wconf 89' lang='lat' dir='ltr'><strong>qui</strong></span> <span class='ocrx_word' id='word_1_463' title='bbox 2721 3077 2821 3116; x_wconf 90' lang='lat' dir='ltr'><strong>nos</strong></span> <span class='ocrx_word' id='word_1_464' title='bbox 2859 3061 3126 3117; x_wconf 90' lang='lat' dir='ltr'><strong>subdidit.</strong></span> <span class='ocrx_word' id='word_1_465' title='bbox 3146 3061 3538 3118; x_wconf 88' lang='lat' dir='ltr'><strong>Liberabimur</strong></span> <span class='ocrx_word' id='word_1_466' title='bbox 3567 3073 3744 3120; x_wconf 88' lang='lat' dir='ltr'><strong>tamen</strong></span> <span class='ocrx_word' id='word_1_467' title='bbox 3767 3081 3793 3119; x_wconf 68' lang='grc' dir='ltr'>ι</span> 
     </span>
    </p>
   </div>
   <div class='ocr_carea' id='block_1_62' title="bbox 491 3149 2088 3226">
    <p class='ocr_par' dir='ltr' id='par_1_62' title="bbox 491 3149 2088 3226">
     <span class='ocr_line' id='line_1_62' title="bbox 491 3149 2088 3226; baseline 0.002 -21"><span class='ocrx_word' id='word_1_468' title='bbox 491 3149 606 3206; x_wconf 91' lang='lat' dir='ltr'><strong>lum</strong></span> <span class='ocrx_word' id='word_1_469' title='bbox 653 3167 777 3208; x_wconf 88' lang='lat' dir='ltr'><strong>eum</strong></span> <span class='ocrx_word' id='word_1_470' title='bbox 819 3151 984 3209; x_wconf 82' lang='lat' dir='ltr'><strong>faciat</strong></span> <span class='ocrx_word' id='word_1_471' title='bbox 1032 3168 1206 3221; x_wconf 91' lang='lat' dir='ltr'><strong>reum,</strong></span> <span class='ocrx_word' id='word_1_472' title='bbox 1252 3153 1348 3209; x_wconf 93' lang='lat' dir='ltr'><strong>sed</strong></span> <span class='ocrx_word' id='word_1_473' title='bbox 1395 3153 1561 3211; x_wconf 89' lang='lat' dir='ltr'><strong>etiam</strong></span> <span class='ocrx_word' id='word_1_474' title='bbox 1602 3153 1877 3226; x_wconf 90' lang='lat' dir='ltr'><strong>perpetuis</strong></span> <span class='ocrx_word' id='word_1_475' title='bbox 1907 3153 2088 3208; x_wconf 87' lang='lat' dir='ltr'><strong>tradat</strong></span> 
     </span>
    </p>
   </div>
   <div class='ocr_carea' id='block_1_63' title="bbox 486 3241 2084 3316">
    <p class='ocr_par' dir='ltr' id='par_1_63' title="bbox 486 3241 2084 3316">
     <span class='ocr_line' id='line_1_63' title="bbox 486 3241 2084 3316; baseline 0 -17"><span class='ocrx_word' id='word_1_476' title='bbox 486 3243 776 3302; x_wconf 85' lang='lat' dir='ltr'><strong>incendiis.</strong></span> <span class='ocrx_word' id='word_1_477' title='bbox 818 3243 1196 3316; x_wconf 89' lang='lat' dir='ltr'><strong>Interrogatur</strong></span> <span class='ocrx_word' id='word_1_478' title='bbox 1242 3259 1372 3316; x_wconf 88' lang='lat' dir='ltr'><strong>ergo</strong></span> <span class='ocrx_word' id='word_1_479' title='bbox 1416 3260 1428 3298; x_wconf 88' lang='lat'><strong>:</strong></span> <span class='ocrx_word' id='word_1_480' title='bbox 1480 3244 1592 3301; x_wconf 90' lang='lat' dir='ltr'><strong>Cur</strong></span> <span class='ocrx_word' id='word_1_481' title='bbox 1625 3243 1742 3314; x_wconf 88' lang='grc'><strong>(21)</strong></span> <span class='ocrx_word' id='word_1_482' title='bbox 1771 3260 1802 3298; x_wconf 91' lang='lat' dir='ltr'><strong>a</strong></span> <span class='ocrx_word' id='word_1_483' title='bbox 1827 3241 2084 3300; x_wconf 91' lang='lat' dir='ltr'><strong>Creatore</strong></span> 
     </span>
    </p>
   </div>
   <div class='ocr_carea' id='block_1_64' title="bbox 485 3331 2083 3404">
    <p class='ocr_par' dir='ltr' id='par_1_64' title="bbox 485 3331 2083 3404">
     <span class='ocr_line' id='line_1_64' title="bbox 485 3331 2083 3404; baseline -0.001 -16"><span class='ocrx_word' id='word_1_484' title='bbox 485 3331 699 3388; x_wconf 70' lang='lat' dir='ltr'><strong>divitiis</strong></span> <span class='ocrx_word' id='word_1_485' title='bbox 731 3333 873 3388; x_wconf 65' lang='lat' dir='ltr'><strong>data;</strong></span> <span class='ocrx_word' id='word_1_486' title='bbox 906 3340 1055 3399; x_wconf 89' lang='lat' dir='ltr'><strong>sunt,</strong></span> <span class='ocrx_word' id='word_1_487' title='bbox 1113 3333 1159 3388; x_wconf 88' lang='lat' dir='ltr'><strong>si</strong></span> <span class='ocrx_word' id='word_1_488' title='bbox 1187 3332 1604 3389; x_wconf 72' lang='lat' dir='ltr'><strong>contemnendae</strong></span> <span class='ocrx_word' id='word_1_489' title='bbox 1629 3340 1760 3388; x_wconf 90' lang='lat' dir='ltr'><strong>sunt</strong></span> <span class='ocrx_word' id='word_1_490' title='bbox 1787 3331 1814 3387; x_wconf 76' lang='lat'><strong>?</strong></span> <span class='ocrx_word' id='word_1_491' title='bbox 1846 3333 2083 3404; x_wconf 83' lang='lat' dir='ltr'><strong>Respon-</strong></span> 
     </span>
    </p>
   </div>
   <div class='ocr_carea' id='block_1_65' title="bbox 483 3419 2087 3494">
    <p class='ocr_par' dir='ltr' id='par_1_65' title="bbox 483 3419 2087 3494">
     <span class='ocr_line' id='line_1_65' title="bbox 483 3419 2087 3494; baseline -0.001 -19"><span class='ocrx_word' id='word_1_492' title='bbox 483 3419 680 3477; x_wconf 90' lang='lat' dir='ltr'><strong>demus</strong></span> <span class='ocrx_word' id='word_1_493' title='bbox 712 3439 724 3476; x_wconf 91' lang='lat'><strong>:</strong></span> <span class='ocrx_word' id='word_1_494' title='bbox 757 3423 880 3476; x_wconf 67' lang='lat' dir='ltr'><strong>Istas</strong></span> <span class='ocrx_word' id='word_1_495' title='bbox 908 3420 1125 3477; x_wconf 73' lang='lat' dir='ltr'><strong>divitiae</strong></span> <span class='ocrx_word' id='word_1_496' title='bbox 1156 3438 1187 3475; x_wconf 92' lang='lat' dir='ltr'><strong>a</strong></span> <span class='ocrx_word' id='word_1_497' title='bbox 1213 3421 1471 3479; x_wconf 89' lang='lat' dir='ltr'><strong>Creatore</strong></span> <span class='ocrx_word' id='word_1_498' title='bbox 1501 3421 1680 3487; x_wconf 75' lang='lat' dir='ltr'><strong>factae,</strong></span> <span class='ocrx_word' id='word_1_499' title='bbox 1723 3421 2087 3494; x_wconf 87' lang='lat' dir='ltr'><strong>alloquuntur</strong></span> 
     </span>
    </p>
   </div>
   <div class='ocr_carea' id='block_1_66' title="bbox 485 3509 2087 3580">
    <p class='ocr_par' dir='ltr' id='par_1_66' title="bbox 485 3509 2087 3580">
     <span class='ocr_line' id='line_1_66' title="bbox 485 3509 2087 3580; baseline 0.002 -17"><span class='ocrx_word' id='word_1_500' title='bbox 485 3509 898 3580; x_wconf 89' lang='lat' dir='ltr'><strong>quodammodo</strong></span> <span class='ocrx_word' id='word_1_501' title='bbox 951 3518 1223 3566; x_wconf 89' lang='lat' dir='ltr'><strong>amatores</strong></span> <span class='ocrx_word' id='word_1_502' title='bbox 1277 3529 1424 3579; x_wconf 89' lang='lat' dir='ltr'><strong>suos,</strong></span> <span class='ocrx_word' id='word_1_503' title='bbox 1481 3511 1729 3567; x_wconf 90' lang='lat' dir='ltr'><strong>dicentes</strong></span> <span class='ocrx_word' id='word_1_504' title='bbox 1769 3530 1780 3566; x_wconf 93' lang='lat'>:</span> <span class='ocrx_word' id='word_1_505' title='bbox 1844 3512 1934 3569; x_wconf 91' lang='lat' dir='ltr'><strong>Sic</strong></span> <span class='ocrx_word' id='word_1_506' title='bbox 1986 3527 2087 3566; x_wconf 91' lang='lat' dir='ltr'><strong>nos</strong></span> 
     </span>
    </p>
   </div>
   <div class='ocr_carea' id='block_1_67' title="bbox 486 3599 2085 3672">
    <p class='ocr_par' dir='ltr' id='par_1_67' title="bbox 486 3599 2085 3672">
     <span class='ocr_line' id='line_1_67' title="bbox 486 3599 2085 3672; baseline 0.003 -19"><span class='ocrx_word' id='word_1_507' title='bbox 486 3606 682 3664; x_wconf 91' lang='lat' dir='ltr'><strong>amate,</strong></span> <span class='ocrx_word' id='word_1_508' title='bbox 715 3607 777 3654; x_wconf 91' lang='lat' dir='ltr'><strong>ut</strong></span> <span class='ocrx_word' id='word_1_509' title='bbox 805 3615 836 3654; x_wconf 92' lang='lat' dir='ltr'><strong>a</strong></span> <span class='ocrx_word' id='word_1_510' title='bbox 865 3599 1025 3656; x_wconf 88' lang='lat' dir='ltr'><strong>vobis</strong></span> <span class='ocrx_word' id='word_1_511' title='bbox 1054 3615 1334 3671; x_wconf 89' lang='lat' dir='ltr'><strong>nunquam</strong></span> <span class='ocrx_word' id='word_1_512' title='bbox 1390 3616 1725 3672; x_wconf 89' lang='lat' dir='ltr'><strong>separemur.</strong></span> <span class='ocrx_word' id='word_1_513' title='bbox 1777 3601 1944 3672; x_wconf 90' lang='lat' dir='ltr'><strong>Sequi</strong></span> <span class='ocrx_word' id='word_1_514' title='bbox 1985 3617 2085 3657; x_wconf 91' lang='lat' dir='ltr'><strong>vos</strong></span> 
     </span>
    </p>
   </div>
   <div class='ocr_carea' id='block_1_68' title="bbox 487 3683 2087 3759">
    <p class='ocr_par' dir='ltr' id='par_1_68' title="bbox 487 3683 2087 3759">
     <span class='ocr_line' id='line_1_68' title="bbox 487 3683 2087 3759; baseline 0.003 -17"><span class='ocrx_word' id='word_1_515' title='bbox 487 3683 782 3743; x_wconf 90' lang='lat' dir='ltr'><strong>morientes</strong></span> <span class='ocrx_word' id='word_1_516' title='bbox 840 3702 950 3741; x_wconf 92' lang='lat' dir='ltr'><strong>non</strong></span> <span class='ocrx_word' id='word_1_517' title='bbox 996 3703 1314 3759; x_wconf 88' lang='lat' dir='ltr'><strong>possumus;</strong></span> <span class='ocrx_word' id='word_1_518' title='bbox 1371 3686 1692 3744; x_wconf 90' lang='lat' dir='ltr'><strong>antecedere</strong></span> <span class='ocrx_word' id='word_1_519' title='bbox 1747 3695 1928 3744; x_wconf 87' lang='lat' dir='ltr'><strong>autem</strong></span> <span class='ocrx_word' id='word_1_520' title='bbox 1986 3706 2087 3746; x_wconf 91' lang='lat' dir='ltr'><strong>vos</strong></span> 
     </span>
    </p>
   </div>
   <div class='ocr_carea' id='block_1_69' title="bbox 484 3775 2086 3852">
    <p class='ocr_par' dir='ltr' id='par_1_69' title="bbox 484 3775 2086 3852">
     <span class='ocr_line' id='line_1_69' title="bbox 484 3775 2086 3852; baseline 0.002 -20"><span class='ocrx_word' id='word_1_521' title='bbox 484 3776 737 3834; x_wconf 86' lang='lat' dir='ltr'><strong>viventes</strong></span> <span class='ocrx_word' id='word_1_522' title='bbox 765 3793 1096 3850; x_wconf 88' lang='lat' dir='ltr'><strong>possumus;</strong></span> <span class='ocrx_word' id='word_1_523' title='bbox 1145 3778 1243 3835; x_wconf 86' lang='lat' dir='ltr'><strong>sed</strong></span> <span class='ocrx_word' id='word_1_524' title='bbox 1299 3779 1345 3835; x_wconf 88' lang='lat' dir='ltr'><strong>si</strong></span> <span class='ocrx_word' id='word_1_525' title='bbox 1395 3777 1502 3851; x_wconf 88' lang='lat' dir='ltr'><strong>ipsi</strong></span> <span class='ocrx_word' id='word_1_526' title='bbox 1543 3775 1804 3850; x_wconf 92' lang='lat' dir='ltr'><strong>jubeatis.</strong></span> <span class='ocrx_word' id='word_1_527' title='bbox 1839 3778 2086 3852; x_wconf 91' lang='lat' dir='ltr'><strong>Cupidus</strong></span> 
     </span>
    </p>
   </div>
   <div class='ocr_carea' id='block_1_70' title="bbox 484 3873 2088 3949">
    <p class='ocr_par' dir='ltr' id='par_1_70' title="bbox 484 3873 2088 3949">
     <span class='ocr_line' id='line_1_70' title="bbox 484 3873 2088 3949; baseline 0.001 -19"><span class='ocrx_word' id='word_1_528' title='bbox 484 3873 760 3934; x_wconf 89' lang='lat' dir='ltr'><strong>fenerator</strong></span> <span class='ocrx_word' id='word_1_529' title='bbox 804 3884 858 3934; x_wconf 92' lang='lat' dir='ltr'><strong>et</strong></span> <span class='ocrx_word' id='word_1_530' title='bbox 909 3893 1108 3934; x_wconf 91' lang='lat' dir='ltr'><strong>avarus</strong></span> <span class='ocrx_word' id='word_1_531' title='bbox 1162 3876 1421 3949; x_wconf 88' lang='lat' dir='ltr'><strong>agricola,</strong></span> <span class='ocrx_word' id='word_1_532' title='bbox 1479 3891 1623 3932; x_wconf 87' lang='lat' dir='ltr'><strong>unus</strong></span> <span class='ocrx_word' id='word_1_533' title='bbox 1672 3891 1866 3931; x_wconf 88' lang='lat' dir='ltr'><strong>aurum</strong></span> <span class='ocrx_word' id='word_1_534' title='bbox 1915 3875 2088 3932; x_wconf 89' lang='lat' dir='ltr'><strong>tradit</strong></span> 
     </span>
    </p>
   </div>
   <div class='ocr_carea' id='block_1_71' title="bbox 488 3964 2085 4041">
    <p class='ocr_par' dir='ltr' id='par_1_71' title="bbox 488 3964 2085 4041">
     <span class='ocr_line' id='line_1_71' title="bbox 488 3964 2085 4041; baseline -0.001 -20"><span class='ocrx_word' id='word_1_535' title='bbox 488 3965 704 4022; x_wconf 90' lang='lat' dir='ltr'><strong>homini</strong></span> <span class='ocrx_word' id='word_1_536' title='bbox 733 3967 881 4041; x_wconf 89' lang='lat' dir='ltr'><strong>quod</strong></span> <span class='ocrx_word' id='word_1_537' title='bbox 909 3967 1252 4040; x_wconf 88' lang='lat' dir='ltr'><strong>duplicatum</strong></span> <span class='ocrx_word' id='word_1_538' title='bbox 1283 3965 1538 4040; x_wconf 88' lang='lat' dir='ltr'><strong>recipiat,</strong></span> <span class='ocrx_word' id='word_1_539' title='bbox 1569 3965 1711 4021; x_wconf 90' lang='lat' dir='ltr'><strong>alius</strong></span> <span class='ocrx_word' id='word_1_540' title='bbox 1737 3964 1958 4022; x_wconf 87' lang='lat' dir='ltr'><strong>diversa</strong></span> <span class='ocrx_word' id='word_1_541' title='bbox 1986 3980 2085 4021; x_wconf 92' lang='lat' dir='ltr'><strong>se-</strong></span> 
     </span>
    </p>
   </div>
   <div class='ocr_carea' id='block_1_72' title="bbox 486 4055 2086 4130">
    <p class='ocr_par' dir='ltr' id='par_1_72' title="bbox 486 4055 2086 4130">
     <span class='ocr_line' id='line_1_72' title="bbox 486 4055 2086 4130; baseline -0.001 -18"><span class='ocrx_word' id='word_1_542' title='bbox 486 4057 638 4113; x_wconf 89' lang='lat' dir='ltr'><strong>mina</strong></span> <span class='ocrx_word' id='word_1_543' title='bbox 676 4065 834 4114; x_wconf 73' lang='lat' dir='ltr'><strong>terrae</strong></span> <span class='ocrx_word' id='word_1_544' title='bbox 864 4058 1185 4126; x_wconf 90' lang='lat' dir='ltr'><strong>committit,</strong></span> <span class='ocrx_word' id='word_1_545' title='bbox 1228 4065 1292 4114; x_wconf 92' lang='lat' dir='ltr'><strong>ut</strong></span> <span class='ocrx_word' id='word_1_546' title='bbox 1331 4057 1379 4113; x_wconf 91' lang='lat' dir='ltr'><strong>si</strong></span> <span class='ocrx_word' id='word_1_547' title='bbox 1410 4057 1583 4130; x_wconf 86' lang='lat' dir='ltr'><strong>possit</strong></span> <span class='ocrx_word' id='word_1_548' title='bbox 1612 4056 1733 4113; x_wconf 82' lang='lat' dir='ltr'><strong>ﬁeri</strong></span> <span class='ocrx_word' id='word_1_549' title='bbox 1765 4055 1911 4128; x_wconf 90' lang='lat' dir='ltr'><strong>quod</strong></span> <span class='ocrx_word' id='word_1_550' title='bbox 1939 4056 2086 4111; x_wconf 89' lang='lat' dir='ltr'><strong>sim-</strong></span> 
     </span>
    </p>
   </div>
   <div class='ocr_carea' id='block_1_73' title="bbox 485 4147 2085 4222">
    <p class='ocr_par' dir='ltr' id='par_1_73' title="bbox 485 4147 2085 4222">
     <span class='ocr_line' id='line_1_73' title="bbox 485 4147 2085 4222; baseline 0.001 -21"><span class='ocrx_word' id='word_1_551' title='bbox 485 4148 630 4218; x_wconf 87' lang='lat' dir='ltr'><strong>plem</strong></span> <span class='ocrx_word' id='word_1_552' title='bbox 661 4149 804 4204; x_wconf 90' lang='lat' dir='ltr'><strong>tradi</strong></span> <span class='ocrx_word' id='word_1_553' title='bbox 831 4151 1152 4222; x_wconf 90' lang='lat' dir='ltr'><strong>centuplum</strong></span> <span class='ocrx_word' id='word_1_554' title='bbox 1183 4157 1392 4222; x_wconf 70' lang='lat' dir='ltr'><strong>quierat</strong></span> <span class='ocrx_word' id='word_1_555' title='bbox 1424 4150 1543 4222; x_wconf 86' lang='grc'><strong>(22)</strong></span> <span class='ocrx_word' id='word_1_556' title='bbox 1579 4149 1819 4221; x_wconf 89' lang='lat' dir='ltr'><strong>recipere</strong></span> <span class='ocrx_word' id='word_1_557' title='bbox 1853 4166 1863 4204; x_wconf 93' lang='lat'>:</span> <span class='ocrx_word' id='word_1_558' title='bbox 1896 4155 1949 4203; x_wconf 94' lang='lat' dir='ltr'><strong>et</strong></span> <span class='ocrx_word' id='word_1_559' title='bbox 1979 4147 2085 4203; x_wconf 91' lang='lat' dir='ltr'><strong>de-</strong></span> 
     </span>
    </p>
   </div>
   <div class='ocr_carea' id='block_1_74' title="bbox 484 4234 2085 4311">
    <p class='ocr_par' dir='ltr' id='par_1_74' title="bbox 484 4234 2085 4311">
     <span class='ocr_line' id='line_1_74' title="bbox 484 4234 2085 4311; baseline 0.001 -21"><span class='ocrx_word' id='word_1_560' title='bbox 484 4234 634 4290; x_wconf 91' lang='lat' dir='ltr'><strong>bitor</strong></span> <span class='ocrx_word' id='word_1_561' title='bbox 679 4251 874 4291; x_wconf 89' lang='lat' dir='ltr'><strong>aurum</strong></span> <span class='ocrx_word' id='word_1_562' title='bbox 921 4239 1183 4294; x_wconf 89' lang='lat' dir='ltr'><strong>creditori</strong></span> <span class='ocrx_word' id='word_1_563' title='bbox 1224 4239 1406 4296; x_wconf 91' lang='lat' dir='ltr'><strong>reddit</strong></span> <span class='ocrx_word' id='word_1_564' title='bbox 1458 4239 1824 4311; x_wconf 87' lang='lat' dir='ltr'><strong>duplicatum,</strong></span> <span class='ocrx_word' id='word_1_565' title='bbox 1857 4245 1912 4294; x_wconf 89' lang='lat' dir='ltr'><strong>et</strong></span> <span class='ocrx_word' id='word_1_566' title='bbox 1938 4245 2085 4294; x_wconf 87' lang='lat' dir='ltr'><strong>terra</strong></span> 
     </span>
    </p>
   </div>
   <div class='ocr_carea' id='block_1_75' title="bbox 483 4323 2082 4398">
    <p class='ocr_par' dir='ltr' id='par_1_75' title="bbox 483 4323 2082 4398">
     <span class='ocr_line' id='line_1_75' title="bbox 483 4323 2082 4398; baseline 0.002 -19"><span class='ocrx_word' id='word_1_567' title='bbox 483 4339 672 4379; x_wconf 89' lang='lat' dir='ltr'><strong>semen</strong></span> <span class='ocrx_word' id='word_1_568' title='bbox 712 4323 894 4383; x_wconf 89' lang='lat' dir='ltr'><strong>reddit</strong></span> <span class='ocrx_word' id='word_1_569' title='bbox 939 4327 1395 4398; x_wconf 78' lang='lat' dir='ltr'><strong>centuplicatum.</strong></span> <span class='ocrx_word' id='word_1_570' title='bbox 1459 4329 1604 4384; x_wconf 90' lang='lat' dir='ltr'><strong>Proh</strong></span> <span class='ocrx_word' id='word_1_571' title='bbox 1661 4329 1856 4385; x_wconf 75' lang='lat' dir='ltr'><strong>nefas!</strong></span> <span class='ocrx_word' id='word_1_572' title='bbox 1922 4328 2082 4383; x_wconf 88' lang='lat' dir='ltr'><strong>fenus</strong></span> 
     </span>
    </p>
   </div>
   <div class='ocr_carea' id='block_1_76' title="bbox 2195 3153 3788 3225">
    <p class='ocr_par' dir='ltr' id='par_1_76' title="bbox 2195 3153 3788 3225">
     <span class='ocr_line' id='line_1_76' title="bbox 2195 3153 3788 3225; baseline 0 -14"><span class='ocrx_word' id='word_1_573' title='bbox 2195 3155 2460 3211; x_wconf 90' lang='lat' dir='ltr'><strong>servitute</strong></span> <span class='ocrx_word' id='word_1_574' title='bbox 2481 3153 2871 3225; x_wconf 91' lang='lat' dir='ltr'><strong>corruptionis,</strong></span> <span class='ocrx_word' id='word_1_575' title='bbox 2897 3160 2951 3207; x_wconf 91' lang='lat' dir='ltr'><strong>et</strong></span> <span class='ocrx_word' id='word_1_576' title='bbox 2980 3153 3368 3210; x_wconf 89' lang='lat' dir='ltr'><strong>revocabimur</strong></span> <span class='ocrx_word' id='word_1_577' title='bbox 3392 3154 3462 3210; x_wconf 90' lang='lat' dir='ltr'><strong>ad</strong></span> <span class='ocrx_word' id='word_1_578' title='bbox 3493 3155 3788 3212; x_wconf 88' lang='lat' dir='ltr'><strong>libertatem</strong></span> 
     </span>
    </p>
   </div>
   <div class='ocr_carea' id='block_1_77' title="bbox 2197 3244 3790 3318">
    <p class='ocr_par' dir='ltr' id='par_1_77' title="bbox 2197 3244 3790 3318">
     <span class='ocr_line' id='line_1_77' title="bbox 2197 3244 3790 3318; baseline 0.001 -18"><span class='ocrx_word' id='word_1_579' title='bbox 2197 3247 2384 3318; x_wconf 63' lang='lat' dir='ltr'><strong>gloria:</strong></span> <span class='ocrx_word' id='word_1_580' title='bbox 2410 3245 2655 3300; x_wconf 84' lang='lat' dir='ltr'><strong>filiorum</strong></span> <span class='ocrx_word' id='word_1_581' title='bbox 2681 3244 2801 3300; x_wconf 91' lang='lat' dir='ltr'><strong>Dei.</strong></span> <span class='ocrx_word' id='word_1_582' title='bbox 2823 3244 3222 3317; x_wconf 90' lang='lat' dir='ltr'><strong>Omniaitaque</strong></span> <span class='ocrx_word' id='word_1_583' title='bbox 3250 3244 3576 3314; x_wconf 88' lang='lat' dir='ltr'><strong>delectatio,</strong></span> <span class='ocrx_word' id='word_1_584' title='bbox 3609 3247 3790 3302; x_wconf 69' lang='lat' dir='ltr'><strong>futura</strong></span> 
     </span>
    </p>
   </div>
   <div class='ocr_carea' id='block_1_78' title="bbox 2197 3332 3789 3408">
    <p class='ocr_par' dir='ltr' id='par_1_78' title="bbox 2197 3332 3789 3408">
     <span class='ocr_line' id='line_1_78' title="bbox 2197 3332 3789 3408; baseline 0.001 -19"><span class='ocrx_word' id='word_1_585' title='bbox 2197 3335 2326 3390; x_wconf 67' lang='lat' dir='ltr'><strong>vitae</strong></span> <span class='ocrx_word' id='word_1_586' title='bbox 2357 3340 2592 3401; x_wconf 85' lang='lat' dir='ltr'><strong>servata,</strong></span> <span class='ocrx_word' id='word_1_587' title='bbox 2653 3348 2764 3387; x_wconf 92' lang='lat' dir='ltr'><strong>non</strong></span> <span class='ocrx_word' id='word_1_588' title='bbox 2807 3332 3093 3404; x_wconf 89' lang='lat' dir='ltr'><strong>perditur;</strong></span> <span class='ocrx_word' id='word_1_589' title='bbox 3156 3349 3335 3406; x_wconf 90' lang='lat' dir='ltr'><strong>neque</strong></span> <span class='ocrx_word' id='word_1_590' title='bbox 3379 3335 3536 3390; x_wconf 87' lang='lat' dir='ltr'><strong>enim</strong></span> <span class='ocrx_word' id='word_1_591' title='bbox 3577 3335 3789 3408; x_wconf 86' lang='lat' dir='ltr'><strong>repositi</strong></span> 
     </span>
    </p>
   </div>
   <div class='ocr_carea' id='block_1_79' title="bbox 2195 3421 3789 3494">
    <p class='ocr_par' dir='ltr' id='par_1_79' title="bbox 2195 3421 3789 3494">
     <span class='ocr_line' id='line_1_79' title="bbox 2195 3421 3789 3494; baseline 0 -15"><span class='ocrx_word' id='word_1_592' title='bbox 2195 3423 2441 3479; x_wconf 87' lang='lat' dir='ltr'><strong>thesauri</strong></span> <span class='ocrx_word' id='word_1_593' title='bbox 2477 3421 2870 3477; x_wconf 80' lang='lat' dir='ltr'><strong>existimantur</strong></span> <span class='ocrx_word' id='word_1_594' title='bbox 2903 3421 2972 3477; x_wconf 87' lang='lat' dir='ltr'><strong>ab</strong></span> <span class='ocrx_word' id='word_1_595' title='bbox 3000 3439 3064 3477; x_wconf 96' lang='lat' dir='ltr'><strong>eo</strong></span> <span class='ocrx_word' id='word_1_596' title='bbox 3093 3423 3188 3494; x_wconf 89' lang='lat' dir='ltr'><strong>qui</strong></span> <span class='ocrx_word' id='word_1_597' title='bbox 3223 3439 3316 3478; x_wconf 92' lang='lat' dir='ltr'><strong>eos</strong></span> <span class='ocrx_word' id='word_1_598' title='bbox 3350 3423 3713 3482; x_wconf 84' lang='lat' dir='ltr'><strong>absconderat</strong></span> <span class='ocrx_word' id='word_1_599' title='bbox 3740 3425 3789 3479; x_wconf 89' lang='lat' dir='ltr'><strong>in</strong></span> 
     </span>
    </p>
   </div>
   <div class='ocr_carea' id='block_1_80' title="bbox 2193 3510 3788 3583">
    <p class='ocr_par' dir='ltr' id='par_1_80' title="bbox 2193 3510 3788 3583">
     <span class='ocr_line' id='line_1_80' title="bbox 2193 3510 3788 3583; baseline -0.001 -13"><span class='ocrx_word' id='word_1_600' title='bbox 2193 3513 2376 3582; x_wconf 88' lang='lat' dir='ltr'><strong>terris,</strong></span> <span class='ocrx_word' id='word_1_601' title='bbox 2408 3512 2708 3579; x_wconf 88' lang='lat' dir='ltr'><strong>interesse;</strong></span> <span class='ocrx_word' id='word_1_602' title='bbox 2770 3510 2863 3567; x_wconf 90' lang='lat' dir='ltr'><strong>sed</strong></span> <span class='ocrx_word' id='word_1_603' title='bbox 2922 3511 3095 3583; x_wconf 85' lang='lat' dir='ltr'><strong>magis</strong></span> <span class='ocrx_word' id='word_1_604' title='bbox 3133 3519 3288 3567; x_wconf 89' lang='lat' dir='ltr'><strong>tanto</strong></span> <span class='ocrx_word' id='word_1_605' title='bbox 3319 3515 3579 3569; x_wconf 89' lang='lat' dir='ltr'><strong>securius</strong></span> <span class='ocrx_word' id='word_1_606' title='bbox 3630 3530 3683 3569; x_wconf 89' lang='lat' dir='ltr'><strong>se</strong></span> <span class='ocrx_word' id='word_1_607' title='bbox 3710 3531 3788 3569; x_wconf 85' lang='lat' dir='ltr'><strong>eos</strong></span> 
     </span>
    </p>
   </div>
   <div class='ocr_carea' id='block_1_81' title="bbox 2193 3602 3786 3674">
    <p class='ocr_par' dir='ltr' id='par_1_81' title="bbox 2193 3602 3786 3674">
     <span class='ocr_line' id='line_1_81' title="bbox 2193 3602 3786 3674; baseline -0.001 -15"><span class='ocrx_word' id='word_1_608' title='bbox 2193 3604 2395 3660; x_wconf 89' lang='lat' dir='ltr'><strong>habere</strong></span> <span class='ocrx_word' id='word_1_609' title='bbox 2421 3602 2673 3672; x_wconf 84' lang='lat' dir='ltr'><strong>confidit,</strong></span> <span class='ocrx_word' id='word_1_610' title='bbox 2704 3609 2910 3674; x_wconf 89' lang='lat' dir='ltr'><strong>quanto</strong></span> <span class='ocrx_word' id='word_1_611' title='bbox 2939 3618 3033 3657; x_wconf 92' lang='lat' dir='ltr'><strong>eos</strong></span> <span class='ocrx_word' id='word_1_612' title='bbox 3058 3603 3332 3659; x_wconf 87' lang='lat' dir='ltr'><strong>occultius</strong></span> <span class='ocrx_word' id='word_1_613' title='bbox 3373 3610 3431 3657; x_wconf 91' lang='lat' dir='ltr'><strong>et</strong></span> <span class='ocrx_word' id='word_1_614' title='bbox 3476 3602 3654 3659; x_wconf 85' lang='lat' dir='ltr'><strong>tutius</strong></span> <span class='ocrx_word' id='word_1_615' title='bbox 3685 3603 3786 3658; x_wconf 84' lang='lat' dir='ltr'><strong>col-</strong></span> 
     </span>
    </p>
   </div>
   <div class='ocr_carea' id='block_1_82' title="bbox 2195 3696 2478 3752">
    <p class='ocr_par' dir='ltr' id='par_1_82' title="bbox 2195 3696 2478 3752">
     <span class='ocr_line' id='line_1_82' title="bbox 2195 3696 2478 3752; baseline -0.007 0"><span class='ocrx_word' id='word_1_616' title='bbox 2195 3696 2478 3752; x_wconf 87' lang='lat' dir='ltr'><strong>locaverit.</strong></span> 
     </span>
    </p>
   </div>
   <div class='ocr_carea' id='block_1_83' title="bbox 2268 3783 3780 3858">
    <p class='ocr_par' dir='ltr' id='par_1_83' title="bbox 2268 3783 3780 3858">
     <span class='ocr_line' id='line_1_83' title="bbox 2268 3783 3780 3858; baseline -0.001 -17"><span class='ocrx_word' id='word_1_617' title='bbox 2268 3785 2352 3842; x_wconf 87' lang='grc'><strong>18.</strong></span> <span class='ocrx_word' id='word_1_618' title='bbox 2385 3786 2507 3841; x_wconf 90' lang='lat' dir='ltr'><strong>Sint</strong></span> <span class='ocrx_word' id='word_1_619' title='bbox 2533 3801 2661 3857; x_wconf 85' lang='lat' dir='ltr'><strong>ergo</strong></span> <span class='ocrx_word' id='word_1_620' title='bbox 2681 3783 2934 3858; x_wconf 87' lang='lat' dir='ltr'><strong>repositae</strong></span> <span class='ocrx_word' id='word_1_621' title='bbox 2955 3785 3205 3841; x_wconf 90' lang='lat' dir='ltr'><strong>omnium</strong></span> <span class='ocrx_word' id='word_1_622' title='bbox 3225 3783 3558 3842; x_wconf 88' lang='lat' dir='ltr'><strong>deliciarum</strong></span> <span class='ocrx_word' id='word_1_623' title='bbox 3582 3785 3780 3841; x_wconf 82' lang='lat' dir='ltr'><strong>afﬂuen-</strong></span> 
     </span>
    </p>
   </div>
   <div class='ocr_carea' id='block_1_84' title="bbox 2193 3876 3779 3950">
    <p class='ocr_par' dir='ltr' id='par_1_84' title="bbox 2193 3876 3779 3950">
     <span class='ocr_line' id='line_1_84' title="bbox 2193 3876 3779 3950; baseline -0.003 -15"><span class='ocrx_word' id='word_1_624' title='bbox 2193 3879 2303 3948; x_wconf 72' lang='lat' dir='ltr'><strong>tiai,</strong></span> <span class='ocrx_word' id='word_1_625' title='bbox 2336 3886 2399 3935; x_wconf 89' lang='lat' dir='ltr'><strong>ut</strong></span> <span class='ocrx_word' id='word_1_626' title='bbox 2431 3895 2538 3935; x_wconf 91' lang='lat' dir='ltr'><strong>non</strong></span> <span class='ocrx_word' id='word_1_627' title='bbox 2571 3877 2962 3950; x_wconf 87' lang='lat' dir='ltr'><strong>contingantur</strong></span> <span class='ocrx_word' id='word_1_628' title='bbox 2989 3876 3049 3933; x_wconf 91' lang='lat' dir='ltr'><strong>in</strong></span> <span class='ocrx_word' id='word_1_629' title='bbox 3092 3877 3195 3934; x_wconf 88' lang='lat' dir='ltr'><strong>ista</strong></span> <span class='ocrx_word' id='word_1_630' title='bbox 3241 3877 3379 3945; x_wconf 86' lang='lat' dir='ltr'><strong>vita,</strong></span> <span class='ocrx_word' id='word_1_631' title='bbox 3433 3893 3558 3950; x_wconf 67' lang='lat' dir='ltr'><strong>quae</strong></span> <span class='ocrx_word' id='word_1_632' title='bbox 3599 3884 3779 3950; x_wconf 66' lang='lat' dir='ltr'><strong>praete-</strong></span> 
     </span>
    </p>
   </div>
   <div class='ocr_carea' id='block_1_85' title="bbox 2192 3966 3776 4042">
    <p class='ocr_par' dir='ltr' id='par_1_85' title="bbox 2192 3966 3776 4042">
     <span class='ocr_line' id='line_1_85' title="bbox 2192 3966 3776 4042; baseline -0.003 -17"><span class='ocrx_word' id='word_1_633' title='bbox 2192 3969 2298 4025; x_wconf 91' lang='lat' dir='ltr'><strong>rit:</strong></span> <span class='ocrx_word' id='word_1_634' title='bbox 2327 3968 2455 4042; x_wconf 90' lang='lat' dir='ltr'><strong>quia</strong></span> <span class='ocrx_word' id='word_1_635' title='bbox 2478 3969 2526 4024; x_wconf 92' lang='lat' dir='ltr'><strong>si</strong></span> <span class='ocrx_word' id='word_1_636' title='bbox 2557 3967 2650 4026; x_wconf 91' lang='lat' dir='ltr'><strong>hic</strong></span> <span class='ocrx_word' id='word_1_637' title='bbox 2677 3967 2734 4023; x_wconf 92' lang='lat' dir='ltr'><strong>in</strong></span> <span class='ocrx_word' id='word_1_638' title='bbox 2756 3985 2863 4024; x_wconf 91' lang='lat' dir='ltr'><strong>usu</strong></span> <span class='ocrx_word' id='word_1_639' title='bbox 2883 3966 3109 4035; x_wconf 89' lang='lat' dir='ltr'><strong>fuerint,</strong></span> <span class='ocrx_word' id='word_1_640' title='bbox 3136 3968 3194 4024; x_wconf 92' lang='lat' dir='ltr'>in</span> <span class='ocrx_word' id='word_1_641' title='bbox 3216 3967 3338 4032; x_wconf 88' lang='lat' dir='ltr'><strong>illa,</strong></span> <span class='ocrx_word' id='word_1_642' title='bbox 3368 3967 3490 4023; x_wconf 85' lang='lat' dir='ltr'><strong>vita</strong></span> <span class='ocrx_word' id='word_1_643' title='bbox 3508 3984 3628 4041; x_wconf 70' lang='lat' dir='ltr'><strong>quae</strong></span> <span class='ocrx_word' id='word_1_644' title='bbox 3659 3983 3776 4021; x_wconf 83' lang='lat' dir='ltr'><strong>nun-</strong></span> 
     </span>
    </p>
   </div>
   <div class='ocr_carea' id='block_1_86' title="bbox 2192 4056 3779 4132">
    <p class='ocr_par' dir='ltr' id='par_1_86' title="bbox 2192 4056 3779 4132">
     <span class='ocr_line' id='line_1_86' title="bbox 2192 4056 3779 4132; baseline -0.003 -18"><span class='ocrx_word' id='word_1_645' title='bbox 2192 4074 2356 4132; x_wconf 88' lang='lat' dir='ltr'><strong>quam</strong></span> <span class='ocrx_word' id='word_1_646' title='bbox 2396 4058 2657 4130; x_wconf 61' lang='lat' dir='ltr'><strong>praeterit,</strong></span> <span class='ocrx_word' id='word_1_647' title='bbox 2718 4058 3061 4113; x_wconf 90' lang='lat' dir='ltr'><strong>amittentur.</strong></span> <span class='ocrx_word' id='word_1_648' title='bbox 3119 4057 3274 4125; x_wconf 83' lang='lat' dir='ltr'><strong>Esto,</strong></span> <span class='ocrx_word' id='word_1_649' title='bbox 3339 4057 3493 4130; x_wconf 91' lang='lat' dir='ltr'><strong>quod</strong></span> <span class='ocrx_word' id='word_1_650' title='bbox 3548 4057 3650 4112; x_wconf 89' lang='lat' dir='ltr'><strong>ista</strong></span> <span class='ocrx_word' id='word_1_651' title='bbox 3681 4056 3779 4111; x_wconf 81' lang='lat' dir='ltr'><strong>vita</strong></span> 
     </span>
    </p>
   </div>
   <div class='ocr_carea' id='block_1_87' title="bbox 2190 4146 3778 4220">
    <p class='ocr_par' dir='ltr' id='par_1_87' title="bbox 2190 4146 3778 4220">
     <span class='ocr_line' id='line_1_87' title="bbox 2190 4146 3778 4220; baseline -0.003 -14"><span class='ocrx_word' id='word_1_652' title='bbox 2190 4155 2411 4206; x_wconf 91' lang='lat' dir='ltr'><strong>centum</strong></span> <span class='ocrx_word' id='word_1_653' title='bbox 2441 4147 2700 4205; x_wconf 90' lang='lat' dir='ltr'><strong>tendatur</strong></span> <span class='ocrx_word' id='word_1_654' title='bbox 2737 4163 3008 4203; x_wconf 89' lang='lat' dir='ltr'><strong>annorum</strong></span> <span class='ocrx_word' id='word_1_655' title='bbox 3039 4146 3249 4218; x_wconf 90' lang='lat' dir='ltr'><strong>spatiis,</strong></span> <span class='ocrx_word' id='word_1_656' title='bbox 3285 4147 3548 4220; x_wconf 87' lang='lat' dir='ltr'><strong>nunquid</strong></span> <span class='ocrx_word' id='word_1_657' title='bbox 3576 4146 3778 4202; x_wconf 80' lang='lat' dir='ltr'><strong>exclusa</strong></span> 
     </span>
    </p>
   </div>
   <div class='ocr_carea' id='block_1_88' title="bbox 2191 4235 3777 4308">
    <p class='ocr_par' dir='ltr' id='par_1_88' title="bbox 2191 4235 3777 4308">
     <span class='ocr_line' id='line_1_88' title="bbox 2191 4235 3777 4308; baseline -0.002 -14"><span class='ocrx_word' id='word_1_658' title='bbox 2191 4237 2280 4294; x_wconf 88' lang='lat' dir='ltr'><strong>die</strong></span> <span class='ocrx_word' id='word_1_659' title='bbox 2309 4238 2507 4293; x_wconf 89' lang='lat' dir='ltr'><strong>ultima</strong></span> <span class='ocrx_word' id='word_1_660' title='bbox 2540 4253 2652 4293; x_wconf 92' lang='lat' dir='ltr'><strong>non</strong></span> <span class='ocrx_word' id='word_1_661' title='bbox 2681 4237 2869 4293; x_wconf 88' lang='lat' dir='ltr'><strong>statim</strong></span> <span class='ocrx_word' id='word_1_662' title='bbox 2891 4235 3174 4292; x_wconf 90' lang='lat' dir='ltr'><strong>videbitur</strong></span> <span class='ocrx_word' id='word_1_663' title='bbox 3193 4236 3352 4308; x_wconf 88' lang='lat' dir='ltr'><strong>quasi</strong></span> <span class='ocrx_word' id='word_1_664' title='bbox 3373 4252 3490 4291; x_wconf 90' lang='lat' dir='ltr'><strong>non</strong></span> <span class='ocrx_word' id='word_1_665' title='bbox 3511 4236 3693 4305; x_wconf 85' lang='lat' dir='ltr'><strong>fuisse,</strong></span> <span class='ocrx_word' id='word_1_666' title='bbox 3722 4252 3777 4291; x_wconf 81' lang='lat' dir='ltr'><strong>ac</strong></span> 
     </span>
    </p>
   </div>
   <div class='ocr_carea' id='block_1_89' title="bbox 2191 4324 3776 4398">
    <p class='ocr_par' dir='ltr' id='par_1_89' title="bbox 2191 4324 3776 4398">
     <span class='ocr_line' id='line_1_89' title="bbox 2191 4324 3776 4398; baseline -0.002 -15"><span class='ocrx_word' id='word_1_667' title='bbox 2191 4327 2456 4383; x_wconf 91' lang='lat' dir='ltr'><strong>memoria</strong></span> <span class='ocrx_word' id='word_1_668' title='bbox 2484 4326 2718 4398; x_wconf 88' lang='lat' dir='ltr'><strong>hospitis</strong></span> <span class='ocrx_word' id='word_1_669' title='bbox 2749 4341 2861 4381; x_wconf 91' lang='lat' dir='ltr'><strong>uno</strong></span> <span class='ocrx_word' id='word_1_670' title='bbox 2891 4324 2980 4380; x_wconf 91' lang='lat' dir='ltr'><strong>die</strong></span> <span class='ocrx_word' id='word_1_671' title='bbox 3029 4324 3174 4396; x_wconf 90' lang='lat' dir='ltr'><strong>apud</strong></span> <span class='ocrx_word' id='word_1_672' title='bbox 3217 4341 3322 4382; x_wconf 91' lang='lat' dir='ltr'><strong>nos</strong></span> <span class='ocrx_word' id='word_1_673' title='bbox 3367 4326 3644 4381; x_wconf 87' lang='lat' dir='ltr'><strong>manentis</strong></span> <span class='ocrx_word' id='word_1_674' title='bbox 3698 4341 3776 4380; x_wconf 87' lang='lat' dir='ltr'><strong>ve-</strong></span> 
     </span>
    </p>
   </div>
   <div class='ocr_carea' id='block_1_90' title="bbox 483 4399 3776 4490">
    <p class='ocr_par' dir='ltr' id='par_1_90' title="bbox 483 4399 3776 4490">
     <span class='ocr_line' id='line_1_90' title="bbox 483 4399 3776 4490; baseline -0.002 -18"><span class='ocrx_word' id='word_1_675' title='bbox 483 4413 707 4472; x_wconf 87' lang='lat' dir='ltr'><strong>debitor</strong></span> <span class='ocrx_word' id='word_1_676' title='bbox 744 4414 1042 4472; x_wconf 81' lang='lat' dir='ltr'><strong>feneratori</strong></span> <span class='ocrx_word' id='word_1_677' title='bbox 1083 4416 1309 4473; x_wconf 88' lang='lat' dir='ltr'><strong>reddere</strong></span> <span class='ocrx_word' id='word_1_678' title='bbox 1337 4399 1633 4489; x_wconf 65' lang='lat' dir='ltr'><strong>praevalet;</strong></span> <span class='ocrx_word' id='word_1_679' title='bbox 1666 4427 1720 4474; x_wconf 94' lang='lat' dir='ltr'><strong>et</strong></span> <span class='ocrx_word' id='word_1_680' title='bbox 1747 4426 1894 4474; x_wconf 91' lang='lat' dir='ltr'><strong>terra</strong></span> <span class='ocrx_word' id='word_1_681' title='bbox 1939 4420 2080 4490; x_wconf 85' lang='lat' dir='ltr'><strong>agri-</strong></span> <span class='ocrx_word' id='word_1_682' title='bbox 2110 4429 2158 4488; x_wconf 85' lang='lat'><strong>1)</strong></span> <span class='ocrx_word' id='word_1_683' title='bbox 2188 4416 2352 4487; x_wconf 84' lang='lat' dir='ltr'><strong>stigia</strong></span> <span class='ocrx_word' id='word_1_684' title='bbox 2380 4415 2666 4489; x_wconf 90' lang='lat' dir='ltr'><strong>reliquisse</strong></span> <span class='ocrx_word' id='word_1_685' title='bbox 2688 4415 2716 4472; x_wconf 80' lang='lat'><strong>?</strong></span> <span class='ocrx_word' id='word_1_686' title='bbox 2757 4415 2860 4471; x_wconf 90' lang='lat' dir='ltr'><strong>Illa</strong></span> <span class='ocrx_word' id='word_1_687' title='bbox 2905 4422 3088 4471; x_wconf 90' lang='lat' dir='ltr'><strong>autem</strong></span> <span class='ocrx_word' id='word_1_688' title='bbox 3119 4413 3240 4469; x_wconf 89' lang='lat' dir='ltr'><strong>vita</strong></span> <span class='ocrx_word' id='word_1_689' title='bbox 3269 4423 3460 4470; x_wconf 89' lang='lat' dir='ltr'><strong>manet</strong></span> <span class='ocrx_word' id='word_1_690' title='bbox 3485 4414 3706 4486; x_wconf 80' lang='lat' dir='ltr'><strong>jugiter,</strong></span> <span class='ocrx_word' id='word_1_691' title='bbox 3730 4419 3776 4467; x_wconf 88' lang='lat' dir='ltr'><strong>et</strong></span> 
     </span>
    </p>
   </div>
   <div class='ocr_carea' id='block_1_91' title="bbox 483 4506 2075 4579">
    <p class='ocr_par' dir='ltr' id='par_1_91' title="bbox 483 4506 2075 4579">
     <span class='ocr_line' id='line_1_91' title="bbox 483 4506 2075 4579; baseline -0.001 -16"><span class='ocrx_word' id='word_1_692' title='bbox 483 4507 620 4564; x_wconf 67' lang='lat' dir='ltr'><strong>cola:</strong></span> <span class='ocrx_word' id='word_1_693' title='bbox 661 4523 770 4562; x_wconf 90' lang='lat' dir='ltr'><strong>suo</strong></span> <span class='ocrx_word' id='word_1_694' title='bbox 823 4506 1112 4564; x_wconf 89' lang='lat' dir='ltr'><strong>restituere</strong></span> <span class='ocrx_word' id='word_1_695' title='bbox 1172 4506 1544 4578; x_wconf 86' lang='lat' dir='ltr'><strong>centuplicata</strong></span> <span class='ocrx_word' id='word_1_696' title='bbox 1591 4507 1802 4562; x_wconf 90' lang='lat' dir='ltr'><strong>semina</strong></span> <span class='ocrx_word' id='word_1_697' title='bbox 1859 4515 2075 4579; x_wconf 91' lang='lat' dir='ltr'><strong>potest;</strong></span> 
     </span>
    </p>
   </div>
   <div class='ocr_carea' id='block_1_92' title="bbox 481 4596 2078 4670">
    <p class='ocr_par' dir='ltr' id='par_1_92' title="bbox 481 4596 2078 4670">
     <span class='ocr_line' id='line_1_92' title="bbox 481 4596 2078 4670; baseline -0.001 -17"><span class='ocrx_word' id='word_1_698' title='bbox 481 4598 627 4653; x_wconf 88' lang='lat' dir='ltr'><strong>Deus</strong></span> <span class='ocrx_word' id='word_1_699' title='bbox 653 4597 882 4654; x_wconf 89' lang='lat' dir='ltr'><strong>divitias</strong></span> <span class='ocrx_word' id='word_1_700' title='bbox 925 4613 1050 4653; x_wconf 91' lang='lat' dir='ltr'><strong>suas</strong></span> <span class='ocrx_word' id='word_1_701' title='bbox 1077 4597 1123 4653; x_wconf 90' lang='lat' dir='ltr'><strong>si</strong></span> <span class='ocrx_word' id='word_1_702' title='bbox 1157 4613 1188 4652; x_wconf 95' lang='lat' dir='ltr'><strong>a</strong></span> <span class='ocrx_word' id='word_1_703' title='bbox 1216 4603 1269 4654; x_wconf 88' lang='lat' dir='ltr'><strong>te</strong></span> <span class='ocrx_word' id='word_1_704' title='bbox 1298 4597 1587 4669; x_wconf 90' lang='lat' dir='ltr'><strong>acceperit,</strong></span> <span class='ocrx_word' id='word_1_705' title='bbox 1620 4613 1709 4653; x_wconf 89' lang='lat' dir='ltr'><strong>eas</strong></span> <span class='ocrx_word' id='word_1_706' title='bbox 1753 4596 1857 4654; x_wconf 92' lang='lat' dir='ltr'><strong>tibi</strong></span> <span class='ocrx_word' id='word_1_707' title='bbox 1886 4597 2078 4670; x_wconf 86' lang='lat' dir='ltr'><strong>ampli-</strong></span> 
     </span>
    </p>
   </div>
   <div class='ocr_carea' id='block_1_93' title="bbox 479 4684 1339 4760">
    <p class='ocr_par' dir='ltr' id='par_1_93' title="bbox 479 4684 1339 4760">
     <span class='ocr_line' id='line_1_93' title="bbox 479 4684 1339 4760; baseline 0.002 -19"><span class='ocrx_word' id='word_1_708' title='bbox 479 4684 669 4744; x_wconf 82' lang='lat' dir='ltr'><strong>ficatas</strong></span> <span class='ocrx_word' id='word_1_709' title='bbox 700 4686 925 4744; x_wconf 91' lang='lat' dir='ltr'><strong>reddere</strong></span> <span class='ocrx_word' id='word_1_710' title='bbox 963 4703 1075 4743; x_wconf 91' lang='lat' dir='ltr'><strong>non</strong></span> <span class='ocrx_word' id='word_1_711' title='bbox 1114 4687 1339 4760; x_wconf 82' lang='lat' dir='ltr'><strong>potest?</strong></span> 
     </span>
    </p>
   </div>
   <div class='ocr_carea' id='block_1_94' title="bbox 555 4773 2078 4850">
    <p class='ocr_par' dir='ltr' id='par_1_94' title="bbox 555 4773 2078 4850">
     <span class='ocr_line' id='line_1_94' title="bbox 555 4773 2078 4850; baseline 0.001 -20"><span class='ocrx_word' id='word_1_712' title='bbox 555 4774 643 4832; x_wconf 88' lang='grc'><strong>16.</strong></span> <span class='ocrx_word' id='word_1_713' title='bbox 674 4774 920 4850; x_wconf 90' lang='lat' dir='ltr'><strong>Inquiris</strong></span> <span class='ocrx_word' id='word_1_714' title='bbox 960 4791 1110 4833; x_wconf 92' lang='lat' dir='ltr'><strong>nunc</strong></span> <span class='ocrx_word' id='word_1_715' title='bbox 1144 4793 1156 4833; x_wconf 94' lang='lat'>:</span> <span class='ocrx_word' id='word_1_716' title='bbox 1190 4775 1300 4833; x_wconf 90' lang='lat' dir='ltr'><strong>Cur</strong></span> <span class='ocrx_word' id='word_1_717' title='bbox 1338 4773 1566 4833; x_wconf 88' lang='lat' dir='ltr'><strong>divitias</strong></span> <span class='ocrx_word' id='word_1_718' title='bbox 1596 4775 1735 4832; x_wconf 90' lang='lat' dir='ltr'><strong>mihi</strong></span> <span class='ocrx_word' id='word_1_719' title='bbox 1761 4775 1932 4844; x_wconf 91' lang='lat' dir='ltr'><strong>dedit,</strong></span> <span class='ocrx_word' id='word_1_720' title='bbox 1971 4774 2017 4832; x_wconf 88' lang='lat' dir='ltr'><strong>si</strong></span> <span class='ocrx_word' id='word_1_721' title='bbox 2045 4791 2078 4832; x_wconf 89' lang='lat' dir='ltr'><strong>a</strong></span> 
     </span>
    </p>
   </div>
   <div class='ocr_carea' id='block_1_95' title="bbox 480 4868 2078 4942">
    <p class='ocr_par' dir='ltr' id='par_1_95' title="bbox 480 4868 2078 4942">
     <span class='ocr_line' id='line_1_95' title="bbox 480 4868 2078 4942; baseline 0.002 -18"><span class='ocrx_word' id='word_1_722' title='bbox 480 4885 567 4927; x_wconf 90' lang='lat' dir='ltr'><strong>me</strong></span> <span class='ocrx_word' id='word_1_723' title='bbox 597 4868 703 4942; x_wconf 89' lang='lat' dir='ltr'><strong>ipsi</strong></span> <span class='ocrx_word' id='word_1_724' title='bbox 733 4868 1023 4926; x_wconf 70' lang='lat' dir='ltr'><strong>reddenda</strong></span> <span class='ocrx_word' id='word_1_725' title='bbox 1081 4869 1256 4927; x_wconf 79' lang='lat' dir='ltr'><strong>sunt?</strong></span> <span class='ocrx_word' id='word_1_726' title='bbox 1285 4869 1532 4926; x_wconf 85' lang='lat' dir='ltr'><strong>Tradidit</strong></span> <span class='ocrx_word' id='word_1_727' title='bbox 1577 4887 1666 4926; x_wconf 91' lang='lat' dir='ltr'><strong>eas</strong></span> <span class='ocrx_word' id='word_1_728' title='bbox 1695 4869 1821 4938; x_wconf 91' lang='lat' dir='ltr'><strong>tibi,</strong></span> <span class='ocrx_word' id='word_1_729' title='bbox 1847 4877 1909 4925; x_wconf 92' lang='lat' dir='ltr'><strong>ut</strong></span> <span class='ocrx_word' id='word_1_730' title='bbox 1939 4870 2078 4927; x_wconf 91' lang='lat' dir='ltr'><strong>scias</strong></span> 
     </span>
    </p>
   </div>
   <div class='ocr_carea' id='block_1_96' title="bbox 480 4959 2077 5035">
    <p class='ocr_par' dir='ltr' id='par_1_96' title="bbox 480 4959 2077 5035">
     <span class='ocr_line' id='line_1_96' title="bbox 480 4959 2077 5035; baseline 0 -20"><span class='ocrx_word' id='word_1_731' title='bbox 480 4966 685 5033; x_wconf 88' lang='lat' dir='ltr'><strong>quanta</strong></span> <span class='ocrx_word' id='word_1_732' title='bbox 713 4959 786 5016; x_wconf 92' lang='lat' dir='ltr'><strong>sit</strong></span> <span class='ocrx_word' id='word_1_733' title='bbox 813 4959 871 5014; x_wconf 89' lang='lat' dir='ltr'><strong>in</strong></span> <span class='ocrx_word' id='word_1_734' title='bbox 899 4960 980 5015; x_wconf 91' lang='lat' dir='ltr'><strong>eis</strong></span> <span class='ocrx_word' id='word_1_735' title='bbox 1007 4960 1224 5033; x_wconf 91' lang='lat' dir='ltr'><strong>requies</strong></span> <span class='ocrx_word' id='word_1_736' title='bbox 1250 5003 1265 5029; x_wconf 93' lang='lat'><strong>,</strong></span> <span class='ocrx_word' id='word_1_737' title='bbox 1298 4968 1501 5033; x_wconf 90' lang='lat' dir='ltr'><strong>quanta</strong></span> <span class='ocrx_word' id='word_1_738' title='bbox 1530 4962 1806 5035; x_wconf 90' lang='lat' dir='ltr'><strong>voluptas,</strong></span> <span class='ocrx_word' id='word_1_739' title='bbox 1837 4968 2077 5033; x_wconf 89' lang='lat' dir='ltr'><strong>quantus</strong></span> 
     </span>
    </p>
   </div>
   <div class='ocr_carea' id='block_1_97' title="bbox 480 5049 2077 5124">
    <p class='ocr_par' dir='ltr' id='par_1_97' title="bbox 480 5049 2077 5124">
     <span class='ocr_line' id='line_1_97' title="bbox 480 5049 2077 5124; baseline 0 -18"><span class='ocrx_word' id='word_1_740' title='bbox 480 5050 669 5119; x_wconf 83' lang='lat' dir='ltr'><strong>luxus,</strong></span> <span class='ocrx_word' id='word_1_741' title='bbox 705 5057 1030 5124; x_wconf 72' lang='lat' dir='ltr'><strong>quantaeque</strong></span> <span class='ocrx_word' id='word_1_742' title='bbox 1061 5057 1292 5123; x_wconf 88' lang='lat' dir='ltr'><strong>possunt</strong></span> <span class='ocrx_word' id='word_1_743' title='bbox 1322 5066 1436 5106; x_wconf 87' lang='lat' dir='ltr'><strong>esse</strong></span> <span class='ocrx_word' id='word_1_744' title='bbox 1474 5050 1711 5120; x_wconf 71' lang='lat' dir='ltr'><strong>deliciae,</strong></span> <span class='ocrx_word' id='word_1_745' title='bbox 1744 5057 1804 5106; x_wconf 90' lang='lat' dir='ltr'><strong>ut</strong></span> <span class='ocrx_word' id='word_1_746' title='bbox 1832 5067 1928 5123; x_wconf 90' lang='lat' dir='ltr'><strong>per</strong></span> <span class='ocrx_word' id='word_1_747' title='bbox 1960 5049 2077 5106; x_wconf 67' lang='lat' dir='ltr'><strong>haec</strong></span> 
     </span>
    </p>
   </div>
   <div class='ocr_carea' id='block_1_98' title="bbox 479 5136 2073 5213">
    <p class='ocr_par' dir='ltr' id='par_1_98' title="bbox 479 5136 2073 5213">
     <span class='ocr_line' id='line_1_98' title="bbox 479 5136 2073 5213; baseline 0.001 -19"><span class='ocrx_word' id='word_1_748' title='bbox 479 5136 686 5196; x_wconf 89' lang='lat' dir='ltr'><strong>habens</strong></span> <span class='ocrx_word' id='word_1_749' title='bbox 735 5139 1059 5197; x_wconf 86' lang='lat' dir='ltr'><strong>charitatem</strong></span> <span class='ocrx_word' id='word_1_750' title='bbox 1107 5157 1234 5196; x_wconf 92' lang='lat' dir='ltr'><strong>cum</strong></span> <span class='ocrx_word' id='word_1_751' title='bbox 1283 5138 1498 5198; x_wconf 90' lang='lat' dir='ltr'><strong>divitiis</strong></span> <span class='ocrx_word' id='word_1_752' title='bbox 1524 5141 1656 5210; x_wconf 89' lang='lat' dir='ltr'><strong>tuis,</strong></span> <span class='ocrx_word' id='word_1_753' title='bbox 1690 5140 1804 5213; x_wconf 89' lang='lat' dir='ltr'><strong>ipse</strong></span> <span class='ocrx_word' id='word_1_754' title='bbox 1852 5156 1940 5196; x_wconf 88' lang='lat' dir='ltr'><strong>eas</strong></span> <span class='ocrx_word' id='word_1_755' title='bbox 1970 5147 2073 5195; x_wconf 88' lang='lat' dir='ltr'><strong>tra-</strong></span> 
     </span>
    </p>
   </div>
   <div class='ocr_carea' id='block_1_99' title="bbox 479 5227 2073 5288">
    <p class='ocr_par' dir='ltr' id='par_1_99' title="bbox 479 5227 2073 5288">
     <span class='ocr_line' id='line_1_99' title="bbox 479 5227 2073 5288; baseline 0.001 -4"><span class='ocrx_word' id='word_1_756' title='bbox 479 5227 576 5286; x_wconf 89' lang='lat' dir='ltr'><strong>das</strong></span> <span class='ocrx_word' id='word_1_757' title='bbox 631 5229 1020 5287; x_wconf 86' lang='lat' dir='ltr'><strong>custodiendas</strong></span> <span class='ocrx_word' id='word_1_758' title='bbox 1083 5230 1322 5288; x_wconf 90' lang='lat' dir='ltr'><strong>Domino</strong></span> <span class='ocrx_word' id='word_1_759' title='bbox 1388 5239 1576 5288; x_wconf 91' lang='lat' dir='ltr'><strong>nostro</strong></span> <span class='ocrx_word' id='word_1_760' title='bbox 1639 5233 1767 5288; x_wconf 73' lang='lat' dir='ltr'><strong>Iesu</strong></span> <span class='ocrx_word' id='word_1_761' title='bbox 1831 5229 2073 5288; x_wconf 90' lang='lat' dir='ltr'><strong>Christo.</strong></span> 
     </span>
    </p>
   </div>
   <div class='ocr_carea' id='block_1_100' title="bbox 479 5314 2074 5389">
    <p class='ocr_par' dir='ltr' id='par_1_100' title="bbox 479 5314 2074 5389">
     <span class='ocr_line' id='line_1_100' title="bbox 479 5314 2074 5389; baseline 0.003 -20"><span class='ocrx_word' id='word_1_762' title='bbox 479 5315 624 5382; x_wconf 89' lang='lat' dir='ltr'><strong>Quas</strong></span> <span class='ocrx_word' id='word_1_763' title='bbox 676 5314 724 5370; x_wconf 91' lang='lat' dir='ltr'><strong>si</strong></span> <span class='ocrx_word' id='word_1_764' title='bbox 778 5314 884 5386; x_wconf 91' lang='lat' dir='ltr'><strong>ipsi</strong></span> <span class='ocrx_word' id='word_1_765' title='bbox 925 5315 1171 5371; x_wconf 89' lang='lat' dir='ltr'><strong>nolueris</strong></span> <span class='ocrx_word' id='word_1_766' title='bbox 1223 5315 1466 5386; x_wconf 90' lang='lat' dir='ltr'><strong>credere,</strong></span> <span class='ocrx_word' id='word_1_767' title='bbox 1497 5322 1591 5374; x_wconf 90' lang='lat' dir='ltr'><strong>aut</strong></span> <span class='ocrx_word' id='word_1_768' title='bbox 1645 5316 1884 5374; x_wconf 87' lang='lat' dir='ltr'><strong>edacitas</strong></span> <span class='ocrx_word' id='word_1_769' title='bbox 1936 5316 2074 5389; x_wconf 66' lang='lat' dir='ltr'><strong>gulae</strong></span> 
     </span>
    </p>
   </div>
   <div class='ocr_carea' id='block_1_101' title="bbox 550 5437 1285 5574">
    <p class='ocr_par' dir='ltr' id='par_1_101' title="bbox 550 5437 1285 5574">
     <span class='ocr_line' id='line_1_101' title="bbox 579 5437 1285 5512; baseline 0.003 -17"><span class='ocrx_word' id='word_1_770' title='bbox 579 5440 643 5495; x_wconf 91' lang='lat'><strong>19</strong></span> <span class='ocrx_word' id='word_1_771' title='bbox 714 5439 828 5496; x_wconf 88' lang='lat' dir='ltr'><strong>Alii</strong></span> <span class='ocrx_word' id='word_1_772' title='bbox 857 5437 1096 5508; x_wconf 88' lang='lat' dir='ltr'><strong>codices,</strong></span> <span class='ocrx_word' id='word_1_773' title='bbox 1129 5443 1285 5512; x_wconf 73' lang='lat' dir='ltr'><strong>gulae.</strong></span> 
     </span>
     <span class='ocr_line' id='line_1_102' title="bbox 550 5441 1285 5574; baseline 0.005 -10"><span class='ocrx_word' id='word_1_774' title='bbox 550 5441 670 5574; x_wconf 49' lang='lat'><strong>$20;</strong></span> <span class='ocrx_word' id='word_1_775' title='bbox 712 5511 825 5574; x_wconf 94' lang='lat' dir='ltr'><strong>AL,</strong></span> <span class='ocrx_word' id='word_1_776' title='bbox 857 5510 1285 5574; x_wconf 67' lang='lat' dir='ltr'><strong>inquinamentum</strong></span> 
     </span>
    </p>
   </div>
   <div class='ocr_carea' id='block_1_102' title="bbox 712 5511 1332 5576">
    <p class='ocr_par' dir='ltr' id='par_1_102' title="bbox 712 5511 1332 5576">
     <span class='ocr_line' id='line_1_103' title="bbox 712 5511 1332 5576; baseline 0.008 -12"><span class='ocrx_word' id='word_1_777' title='bbox 712 5511 825 5576; x_wconf 96' lang='lat' dir='ltr'><strong>AL,</strong></span> <span class='ocrx_word' id='word_1_778' title='bbox 857 5511 1332 5576; x_wconf 74' lang='lat' dir='ltr'><strong>inquinamentum.</strong></span> 
     </span>
    </p>
   </div>
   <div class='ocr_carea' id='block_1_103' title="bbox 551 5579 1806 5658">
    <p class='ocr_par' dir='ltr' id='par_1_103' title="bbox 551 5579 1806 5658">
     <span class='ocr_line' id='line_1_104' title="bbox 551 5579 1806 5658; baseline 0.005 -24"><span class='ocrx_word' id='word_1_779' title='bbox 551 5579 668 5648; x_wconf 86' lang='grc'><strong>(21)</strong></span> <span class='ocrx_word' id='word_1_780' title='bbox 710 5580 824 5648; x_wconf 83' lang='grc' dir='ltr'><strong>ΑΙ.,</strong></span> <span class='ocrx_word' id='word_1_781' title='bbox 855 5581 1159 5652; x_wconf 83' lang='lat' dir='ltr'><strong>Interrogat</strong></span> <span class='ocrx_word' id='word_1_782' title='bbox 1183 5601 1303 5656; x_wconf 82' lang='lat' dir='ltr'><strong>ergo</strong></span> <span class='ocrx_word' id='word_1_783' title='bbox 1331 5583 1450 5658; x_wconf 76' lang='lat' dir='ltr'><strong>quis</strong></span> <span class='ocrx_word' id='word_1_784' title='bbox 1481 5601 1499 5638; x_wconf 89' lang='lat'><em>:</em></span> <span class='ocrx_word' id='word_1_785' title='bbox 1539 5586 1672 5656; x_wconf 85' lang='lat' dir='ltr'><strong>Cur,</strong></span> <span class='ocrx_word' id='word_1_786' title='bbox 1702 5591 1806 5640; x_wconf 84' lang='lat' dir='ltr'><strong>etc.</strong></span> 
     </span>
    </p>
   </div>
   <div class='ocr_carea' id='block_1_104' title="bbox 2189 4503 3770 4577">
    <p class='ocr_par' dir='ltr' id='par_1_104' title="bbox 2189 4503 3770 4577">
     <span class='ocr_line' id='line_1_105' title="bbox 2189 4503 3770 4577; baseline -0.001 -17"><span class='ocrx_word' id='word_1_787' title='bbox 2189 4513 2499 4576; x_wconf 87' lang='lat' dir='ltr'><strong>perseverat</strong></span> <span class='ocrx_word' id='word_1_788' title='bbox 2536 4506 2822 4573; x_wconf 88' lang='lat' dir='ltr'><strong>instanter,</strong></span> <span class='ocrx_word' id='word_1_789' title='bbox 2853 4504 3013 4561; x_wconf 90' lang='lat' dir='ltr'><strong>annis</strong></span> <span class='ocrx_word' id='word_1_790' title='bbox 3033 4520 3253 4577; x_wconf 86' lang='lat' dir='ltr'><strong>quoque</strong></span> <span class='ocrx_word' id='word_1_791' title='bbox 3283 4503 3610 4560; x_wconf 89' lang='lat' dir='ltr'><strong>labentibus</strong></span> <span class='ocrx_word' id='word_1_792' title='bbox 3632 4504 3770 4575; x_wconf 78' lang='lat' dir='ltr'><strong>juve-</strong></span> 
     </span>
    </p>
   </div>
   <div class='ocr_carea' id='block_1_105' title="bbox 2187 4591 3770 4665">
    <p class='ocr_par' dir='ltr' id='par_1_105' title="bbox 2187 4591 3770 4665">
     <span class='ocr_line' id='line_1_106' title="bbox 2187 4591 3770 4665; baseline -0.001 -17"><span class='ocrx_word' id='word_1_793' title='bbox 2187 4593 2364 4649; x_wconf 90' lang='lat' dir='ltr'><strong>nescit</strong></span> <span class='ocrx_word' id='word_1_794' title='bbox 2392 4601 2445 4648; x_wconf 92' lang='lat' dir='ltr'><strong>et</strong></span> <span class='ocrx_word' id='word_1_795' title='bbox 2473 4594 2660 4665; x_wconf 92' lang='lat' dir='ltr'><strong>pollet,</strong></span> <span class='ocrx_word' id='word_1_796' title='bbox 2690 4600 2743 4650; x_wconf 91' lang='lat' dir='ltr'><strong>et</strong></span> <span class='ocrx_word' id='word_1_797' title='bbox 2770 4593 2898 4649; x_wconf 92' lang='lat' dir='ltr'><strong>inde</strong></span> <span class='ocrx_word' id='word_1_798' title='bbox 2945 4592 3325 4648; x_wconf 87' lang='lat' dir='ltr'><strong>renovationis</strong></span> <span class='ocrx_word' id='word_1_799' title='bbox 3354 4594 3528 4648; x_wconf 89' lang='lat' dir='ltr'><strong>sumit</strong></span> <span class='ocrx_word' id='word_1_800' title='bbox 3567 4591 3770 4649; x_wconf 87' lang='lat' dir='ltr'><strong>initium</strong></span> 
     </span>
    </p>
   </div>
   <div class='ocr_carea' id='block_1_106' title="bbox 2187 4682 3770 4755">
    <p class='ocr_par' dir='ltr' id='par_1_106' title="bbox 2187 4682 3770 4755">
     <span class='ocr_line' id='line_1_107' title="bbox 2187 4682 3770 4755; baseline -0.001 -19"><span class='ocrx_word' id='word_1_801' title='bbox 2187 4682 2333 4738; x_wconf 88' lang='lat' dir='ltr'><strong>unde</strong></span> <span class='ocrx_word' id='word_1_802' title='bbox 2361 4682 2489 4738; x_wconf 84' lang='lat' dir='ltr'><strong>finis</strong></span> <span class='ocrx_word' id='word_1_803' title='bbox 2533 4682 2824 4755; x_wconf 89' lang='lat' dir='ltr'><strong>accipitur.</strong></span> <span class='ocrx_word' id='word_1_804' title='bbox 2884 4684 2927 4738; x_wconf 94' lang='grc' dir='ltr'>Ο</span> <span class='ocrx_word' id='word_1_805' title='bbox 2983 4698 3109 4738; x_wconf 91' lang='lat' dir='ltr'><strong>vere</strong></span> <span class='ocrx_word' id='word_1_806' title='bbox 3163 4683 3326 4738; x_wconf 89' lang='lat' dir='ltr'><strong>illum</strong></span> <span class='ocrx_word' id='word_1_807' title='bbox 3383 4682 3700 4754; x_wconf 84' lang='lat' dir='ltr'><strong>degenerem</strong></span> <span class='ocrx_word' id='word_1_808' title='bbox 3727 4688 3770 4736; x_wconf 89' lang='lat' dir='ltr'><strong>et</strong></span> 
     </span>
    </p>
   </div>
   <div class='ocr_carea' id='block_1_107' title="bbox 2185 4771 3770 4846">
    <p class='ocr_par' dir='ltr' id='par_1_107' title="bbox 2185 4771 3770 4846">
     <span class='ocr_line' id='line_1_108' title="bbox 2185 4771 3770 4846; baseline 0 -21"><span class='ocrx_word' id='word_1_809' title='bbox 2185 4771 2436 4826; x_wconf 89' lang='lat' dir='ltr'><strong>omnium</strong></span> <span class='ocrx_word' id='word_1_810' title='bbox 2458 4771 2730 4828; x_wconf 90' lang='lat' dir='ltr'><strong>bonorum</strong></span> <span class='ocrx_word' id='word_1_811' title='bbox 2752 4780 3057 4846; x_wconf 82' lang='lat' dir='ltr'><strong>expertem,</strong></span> <span class='ocrx_word' id='word_1_812' title='bbox 3090 4773 3182 4844; x_wconf 88' lang='lat' dir='ltr'><strong>qui</strong></span> <span class='ocrx_word' id='word_1_813' title='bbox 3213 4771 3382 4843; x_wconf 88' lang='lat' dir='ltr'><strong>hujus</strong></span> <span class='ocrx_word' id='word_1_814' title='bbox 3401 4781 3514 4827; x_wconf 89' lang='lat' dir='ltr'><strong>tam</strong></span> <span class='ocrx_word' id='word_1_815' title='bbox 3539 4771 3770 4828; x_wconf 69' lang='lat' dir='ltr'><strong>formosae</strong></span> 
     </span>
    </p>
   </div>
   <div class='ocr_carea' id='block_1_108' title="bbox 2186 4861 3770 4935">
    <p class='ocr_par' dir='ltr' id='par_1_108' title="bbox 2186 4861 3770 4935">
     <span class='ocr_line' id='line_1_109' title="bbox 2186 4861 3770 4935; baseline -0.002 -18"><span class='ocrx_word' id='word_1_816' title='bbox 2186 4861 2315 4918; x_wconf 71' lang='lat' dir='ltr'><strong>vitze</strong></span> <span class='ocrx_word' id='word_1_817' title='bbox 2335 4877 2518 4918; x_wconf 91' lang='lat' dir='ltr'><strong>amore</strong></span> <span class='ocrx_word' id='word_1_818' title='bbox 2548 4878 2660 4918; x_wconf 92' lang='lat' dir='ltr'><strong>non</strong></span> <span class='ocrx_word' id='word_1_819' title='bbox 2689 4863 2906 4934; x_wconf 90' lang='lat' dir='ltr'><strong>capitur</strong></span> <span class='ocrx_word' id='word_1_820' title='bbox 2931 4864 2942 4917; x_wconf 93' lang='lat' dir='ltr'><strong>l</strong></span> <span class='ocrx_word' id='word_1_821' title='bbox 2964 4862 3058 4935; x_wconf 92' lang='lat' dir='ltr'><strong>qui</strong></span> <span class='ocrx_word' id='word_1_822' title='bbox 3090 4864 3250 4918; x_wconf 89' lang='lat' dir='ltr'><strong>timet</strong></span> <span class='ocrx_word' id='word_1_823' title='bbox 3277 4863 3444 4918; x_wconf 88' lang='lat' dir='ltr'><strong>istam</strong></span> <span class='ocrx_word' id='word_1_824' title='bbox 3478 4861 3648 4917; x_wconf 83' lang='lat' dir='ltr'><strong>vitam</strong></span> <span class='ocrx_word' id='word_1_825' title='bbox 3667 4868 3770 4914; x_wconf 85' lang='lat' dir='ltr'><strong>tra-</strong></span> 
     </span>
    </p>
   </div>
   <div class='ocr_carea' id='block_1_109' title="bbox 2185 4948 3769 5023">
    <p class='ocr_par' dir='ltr' id='par_1_109' title="bbox 2185 4948 3769 5023">
     <span class='ocr_line' id='line_1_110' title="bbox 2185 4948 3769 5023; baseline -0.001 -18"><span class='ocrx_word' id='word_1_826' title='bbox 2185 4948 2314 5006; x_wconf 91' lang='lat' dir='ltr'><strong>dere</strong></span> <span class='ocrx_word' id='word_1_827' title='bbox 2342 4951 2664 5023; x_wconf 90' lang='lat' dir='ltr'><strong>perituram,</strong></span> <span class='ocrx_word' id='word_1_828' title='bbox 2696 4959 2750 5007; x_wconf 92' lang='lat' dir='ltr'><strong>et</strong></span> <span class='ocrx_word' id='word_1_829' title='bbox 2786 4951 2940 5007; x_wconf 86' lang='lat' dir='ltr'><strong>illam</strong></span> <span class='ocrx_word' id='word_1_830' title='bbox 2962 4952 3207 5023; x_wconf 88' lang='lat' dir='ltr'><strong>accipere</strong></span> <span class='ocrx_word' id='word_1_831' title='bbox 3231 4967 3355 5023; x_wconf 77' lang='lat' dir='ltr'><strong>quae</strong></span> <span class='ocrx_word' id='word_1_832' title='bbox 3375 4953 3595 5023; x_wconf 90' lang='lat' dir='ltr'><strong>penitus</strong></span> <span class='ocrx_word' id='word_1_833' title='bbox 3614 4951 3769 5022; x_wconf 88' lang='lat' dir='ltr'><strong>perire</strong></span> 
     </span>
    </p>
   </div>
   <div class='ocr_carea' id='block_1_110' title="bbox 2185 5039 3766 5114">
    <p class='ocr_par' dir='ltr' id='par_1_110' title="bbox 2185 5039 3766 5114">
     <span class='ocr_line' id='line_1_111' title="bbox 2185 5039 3766 5114; baseline -0.002 -20"><span class='ocrx_word' id='word_1_834' title='bbox 2185 5055 2298 5095; x_wconf 91' lang='lat' dir='ltr'><strong>non</strong></span> <span class='ocrx_word' id='word_1_835' title='bbox 2328 5041 2508 5108; x_wconf 89' lang='lat' dir='ltr'><strong>novit,</strong></span> <span class='ocrx_word' id='word_1_836' title='bbox 2527 5040 2586 5095; x_wconf 92' lang='lat' dir='ltr'><strong>in</strong></span> <span class='ocrx_word' id='word_1_837' title='bbox 2615 5057 2721 5114; x_wconf 90' lang='lat' dir='ltr'><strong>qua</strong></span> <span class='ocrx_word' id='word_1_838' title='bbox 2754 5039 2986 5108; x_wconf 67' lang='lat' dir='ltr'><strong>deliciae,</strong></span> <span class='ocrx_word' id='word_1_839' title='bbox 3027 5047 3080 5096; x_wconf 90' lang='lat' dir='ltr'><strong>et</strong></span> <span class='ocrx_word' id='word_1_840' title='bbox 3108 5039 3529 5107; x_wconf 87' lang='lat' dir='ltr'><strong>delectationes,</strong></span> <span class='ocrx_word' id='word_1_841' title='bbox 3578 5048 3629 5096; x_wconf 92' lang='lat' dir='ltr'><strong>et</strong></span> <span class='ocrx_word' id='word_1_842' title='bbox 3647 5039 3766 5095; x_wconf 82' lang='lat' dir='ltr'><strong>divi-</strong></span> 
     </span>
    </p>
   </div>
   <div class='ocr_carea' id='block_1_111' title="bbox 2183 5129 3761 5202">
    <p class='ocr_par' dir='ltr' id='par_1_111' title="bbox 2183 5129 3761 5202">
     <span class='ocr_line' id='line_1_112' title="bbox 2183 5129 3761 5202; baseline -0.001 -17"><span class='ocrx_word' id='word_1_843' title='bbox 2183 5131 2297 5200; x_wconf 65' lang='lat' dir='ltr'><strong>tite,</strong></span> <span class='ocrx_word' id='word_1_844' title='bbox 2329 5139 2382 5186; x_wconf 87' lang='lat' dir='ltr'><strong>et</strong></span> <span class='ocrx_word' id='word_1_845' title='bbox 2415 5129 2610 5202; x_wconf 83' lang='lat' dir='ltr'><strong>gaudia</strong></span> <span class='ocrx_word' id='word_1_846' title='bbox 2637 5131 2716 5188; x_wconf 90' lang='lat' dir='ltr'><strong>sic</strong></span> <span class='ocrx_word' id='word_1_847' title='bbox 2745 5129 3032 5199; x_wconf 75' lang='lat' dir='ltr'><strong>inchoent,</strong></span> <span class='ocrx_word' id='word_1_848' title='bbox 3073 5137 3136 5186; x_wconf 91' lang='lat' dir='ltr'><strong>ut</strong></span> <span class='ocrx_word' id='word_1_849' title='bbox 3163 5129 3473 5186; x_wconf 90' lang='lat' dir='ltr'><strong>terminum</strong></span> <span class='ocrx_word' id='word_1_850' title='bbox 3505 5131 3761 5192; x_wconf 83' lang='lat' dir='ltr'><strong>nesciant,</strong></span> 
     </span>
    </p>
   </div>
   <div class='ocr_carea' id='block_1_112' title="bbox 2183 5218 3761 5294">
    <p class='ocr_par' dir='ltr' id='par_1_112' title="bbox 2183 5218 3761 5294">
     <span class='ocr_line' id='line_1_113' title="bbox 2183 5218 3761 5294; baseline 0.001 -19"><span class='ocrx_word' id='word_1_851' title='bbox 2183 5220 2266 5278; x_wconf 91' lang='lat' dir='ltr'><strong>sic</strong></span> <span class='ocrx_word' id='word_1_852' title='bbox 2293 5220 2628 5292; x_wconf 87' lang='lat' dir='ltr'><strong>principium</strong></span> <span class='ocrx_word' id='word_1_853' title='bbox 2657 5219 2901 5292; x_wconf 90' lang='lat' dir='ltr'><strong>capiunt,</strong></span> <span class='ocrx_word' id='word_1_854' title='bbox 2933 5229 2995 5276; x_wconf 92' lang='lat' dir='ltr'><strong>ut</strong></span> <span class='ocrx_word' id='word_1_855' title='bbox 3023 5219 3249 5292; x_wconf 88' lang='lat' dir='ltr'><strong>penitus</strong></span> <span class='ocrx_word' id='word_1_856' title='bbox 3294 5218 3462 5277; x_wconf 80' lang='lat' dir='ltr'><strong>ﬁnire</strong></span> <span class='ocrx_word' id='word_1_857' title='bbox 3513 5236 3625 5276; x_wconf 90' lang='lat' dir='ltr'><strong>non</strong></span> <span class='ocrx_word' id='word_1_858' title='bbox 3653 5236 3761 5294; x_wconf 87' lang='lat' dir='ltr'><strong>pos-</strong></span> 
     </span>
    </p>
   </div>
   <div class='ocr_carea' id='block_1_113' title="bbox 2181 5308 2316 5365">
    <p class='ocr_par' dir='ltr' id='par_1_113' title="bbox 2181 5308 2316 5365">
     <span class='ocr_line' id='line_1_114' title="bbox 2181 5308 2316 5365; baseline 0 -1"><span class='ocrx_word' id='word_1_859' title='bbox 2181 5308 2316 5365; x_wconf 92' lang='lat' dir='ltr'><strong>sint.</strong></span> 
     </span>
    </p>
   </div>
   <div class='ocr_carea' id='block_1_114' title="bbox 2255 5444 2719 5516">
    <p class='ocr_par' dir='ltr' id='par_1_114' title="bbox 2255 5444 2719 5516">
     <span class='ocr_line' id='line_1_115' title="bbox 2255 5444 2719 5516; baseline -0.009 -14"><span class='ocrx_word' id='word_1_860' title='bbox 2255 5444 2374 5516; x_wconf 87' lang='grc'><strong>(22)</strong></span> <span class='ocrx_word' id='word_1_861' title='bbox 2406 5447 2519 5512; x_wconf 90' lang='lat' dir='ltr'><strong>AL,</strong></span> <span class='ocrx_word' id='word_1_862' title='bbox 2547 5451 2719 5515; x_wconf 82' lang='lat' dir='ltr'><strong>queat.</strong></span> 
     </span>
    </p>
   </div>
   <div class='ocr_carea' id='block_1_115' title="bbox 2255 5517 2787 5588">
    <p class='ocr_par' dir='ltr' id='par_1_115' title="bbox 2255 5517 2787 5588">
     <span class='ocr_line' id='line_1_116' title="bbox 2255 5517 2787 5588; baseline -0.004 -15"><span class='ocrx_word' id='word_1_863' title='bbox 2255 5518 2374 5588; x_wconf 80' lang='grc'><strong>(23)</strong></span> <span class='ocrx_word' id='word_1_864' title='bbox 2407 5517 2472 5573; x_wconf 83' lang='grc' dir='ltr'><strong>ΑΙ</strong></span> <span class='ocrx_word' id='word_1_865' title='bbox 2486 5560 2495 5571; x_wconf 97' lang='grc'><strong>.</strong></span> <span class='ocrx_word' id='word_1_866' title='bbox 2507 5562 2521 5584; x_wconf 92' lang='grc'>,</span> <span class='ocrx_word' id='word_1_867' title='bbox 2553 5517 2787 5573; x_wconf 72' lang='lat' dir='ltr'><strong>incursu.</strong></span> 
     </span>
    </p>
   </div>
  </div>
