3880 6204
58 371 199 428 1121

1338 357 1524 421 ACTA
1564 367 1620 425 S.
1665 367 2080 428 SEBASTlANI
2091 409 2106 425 .

3245 373 3384 433 1122

138 495 229 551 19.
263 495 396 550 Nam
422 493 516 566 qui
537 492 702 564 hujus
718 501 826 549 tam
858 493 1128 566 praeclara
1149 491 1280 548 vita)
1308 497 1518 546 amator
1549 508 1664 549 esse
1692 502 1741 559 Α
1767 503 1819 550 et
1839 512 1956 552 cras
1984 495 2310 552 evanescit?
2341 495 2445 553 ista
2475 513 2596 569 quae
2623 496 2788 553 hodie
2816 497 3148 567 exardescit,
3183 509 3238 556 et
3259 518 3386 560 cras

57 591 340 658 noluerit,
388 607 497 646 non
529 591 703 646 solum
753 591 910 646 istam
944 593 1144 664 perdit,
1194 596 1248 644 et
1277 586 1345 643 ad
1378 587 1530 645 illam
1563 607 1675 646 non

59 680 350 751 pervenit,
378 696 569 736 verum
601 679 765 735 etiam
793 688 854 735 ut
869 679 980 751 jam
1006 679 1126 735 dixi
1154 696 1184 735 a
1213 687 1474 751 perpetua
1503 686 1676 734 morte

57 777 290 849 capitur
319 783 371 831 et
402 783 646 842 tenetur;
699 775 756 831 in
787 793 893 849 qua
922 787 1002 833 est
1025 776 1172 850 jugis
1212 775 1452 844 ﬂamma,
1500 793 1675 848 perse-

61 882 272 921 verans
304 866 610 932 tribulatio,
641 873 693 920 et
724 883 883 937 ptena
912 876 1171 938 perpetua
1197 884 1208 932 ;
1243 866 1300 920 in
1335 881 1441 938 qua
1470 874 1678 922 atroces

59 955 252 1027 angeli
287 964 722 1023 commorantur,
775 972 1009 1028 quorum
1060 955 1286 1012 brachia
1332 955 1512 1026 capita
1541 954 1680 1011 dra-

64 1061 278 1100 conum
313 1053 461 1110 sunt,
494 1061 727 1116 quorum
757 1044 901 1100 oculi
933 1061 999 1099 ex
1029 1061 1084 1100 se
1116 1044 1300 1115 igneas
1338 1044 1561 1114 sagittas
1583 1041 1680 1113 ja-

61 1132 376 1199 culantur;
424 1149 657 1204 quorum
692 1133 882 1189 dentes
911 1133 1054 1188 sicut
1091 1132 1395 1204 elephantis
1450 1130 1682 1204 proemi-

66 1229 231 1289 nent,
294 1231 346 1277 et
377 1221 686 1277 'stimulant
739 1221 806 1277 ad
865 1229 1201 1277 tormentum
1262 1221 1436 1278 veluti
1494 1219 1680 1276 caudae

72 1305 459 1380 scorpionum,
512 1326 746 1382 quorum
777 1327 940 1366 voces
969 1311 1144 1366 veluti
1175 1310 1394 1365 leonum
1428 1309 1682 1364 fremitus

65 1407 295 1466 sonant,
349 1415 581 1470 quorum
623 1407 876 1471 aspectus
922 1408 1213 1456 tremorem
1247 1399 1448 1456 incutit
1479 1398 1683 1470 pariter

75 1496 132 1542 et
162 1488 412 1543 dolorem
445 1497 498 1543 et
529 1497 783 1544 mortem.
835 1491 1017 1562 Atque
1046 1489 1256 1544 utinam
1309 1506 1456 1545 mors
1504 1496 1683 1560 posset

69 1575 132 1631 in
167 1575 258 1632 his
290 1577 557 1648 angustiis
585 1578 899 1634 constitutis
929 1579 1251 1634 occurrere!
1294 1577 1398 1634 Sed
1428 1576 1574 1649 quod
1602 1583 1683 1631 est

72 1665 356 1731 acerbius,
387 1666 454 1721 ad
486 1667 591 1722 hoc
618 1667 850 1736 vivitur,
876 1675 938 1722 ut
965 1667 1302 1724 cruciatibus
1328 1667 1681 1739 gubernetur,

74 1754 145 1810 ad
181 1755 288 1811 hoc
337 1755 801 1828 redintegrantur,
848 1766 911 1813 ut
952 1774 1116 1812 exesa
1155 1756 1492 1828 serpentium
1528 1772 1686 1810 mor-

72 1845 233 1900 sibus
285 1845 532 1902 membra
583 1846 793 1902 iteratis
831 1846 1066 1902 subinde
1103 1856 1156 1903 et
1187 1847 1385 1902 iterum
1438 1844 1686 1916 repetitis
1714 1864 1760 1924 B

73 1935 359 1992 morsibus
387 1943 766 1994 attrectentur.

690 2061 916 2118 CAPUT
956 2062 1051 2117 VI.

441 2149 745 2219 Martyrum
779 2150 1006 2219 felicitas
1035 2154 1082 2202 et
1109 2148 1302 2219 gloria.

151 2260 241 2318 20.
284 2261 415 2315 Hmc
445 2268 525 2315 est
555 2260 737 2315 omnis
781 2275 942 2315 causa
968 2257 1307 2325 certaminis,
1350 2274 1466 2329 qua:
1500 2273 1685 2329 poenas

80 2350 343 2424 martyrii
386 2351 543 2406 docet
574 2349 938 2404 tolerabiliter
981 2347 1176 2403 debere
1219 2346 1454 2401 sulferri.
1505 2346 1685 2400 Nolite

79 2461 234 2516 ergo,
267 2459 299 2496 ο
331 2441 516 2508 amici,
549 2441 744 2509 nolite,
779 2457 810 2494 ο
843 2447 1114 2512 parentes,
1143 2438 1334 2506 nolite,
1365 2455 1398 2492 ο
1428 2435 1686 2508 conjuges

82 2531 414 2588 venerandae
443 2538 776 2598 sanctorum,
804 2529 975 2584 nolite
1001 2545 1032 2584 a
1055 2528 1168 2582 vita
1189 2527 1256 2582 ad
1282 2534 1534 2594 mortem,
1551 2545 1686 2599 quos

84 2619 325 2692 diligitis
373 2635 650 2686 revocare,
702 2634 732 2672 a
783 2617 981 2688 gaudio
1019 2618 1087 2673 ad
1141 2616 1351 2671 luctum
1399 2615 1617 2684 ducere,
1656 2633 1687 2671 a

89 2710 308 2766 lumine
340 2708 407 2764 ad
438 2707 689 2764 tenebras
720 2706 957 2775 trahere,
987 2715 1041 2762 et
1070 2706 1136 2761 ab
1171 2713 1372 2760 azterna
1402 2705 1588 2777 requie
1621 2705 1687 2762 ad

86 2815 284 2872 poenas
313 2797 673 2868 sempiternas
700 2812 990 2852 accersere.
1039 2795 1154 2851 Hoc
1183 2803 1262 2850 est
1291 2812 1417 2851 cum
1467 2795 1687 2853 diabolo

86 2889 247 2961 quasi
278 2887 520 2959 piscibus
541 2887 764 2941 hamum
789 2885 1031 2951 tendere,
1064 2892 1117 2940 et
1147 2885 1380 2941 invitare
1402 2886 1468 2942 ad
1501 2886 1688 2942 modi-

88 2995 215 3036 cam
251 2978 598 3044 suavitatem,
637 2977 693 3031 in
719 2993 823 3049 qua
854 2976 1003 3031 intus
1031 2977 1192 3032 lateat
1215 2976 1490 3032 cruciatus
1521 2976 1689 3033 visce-

88 3084 240 3136 rum,
265 3075 318 3122 et
340 3084 486 3122 mors
507 3066 831 3121 interiorum
857 3067 1144 3121 tormentis
1166 3073 1399 3123 extorta.
1429 3065 1688 3137 Nunquid

87 3174 208 3214 non
232 3156 337 3212 hoc
365 3164 445 3210 est
475 3155 544 3210 ad
571 3157 1073 3227 compensationem
1112 3164 1438 3210 aeternarum
1469 3155 1688 3209 delicia-

87 3263 216 3302 rum
253 3245 485 3316 fugitiva
516 3244 712 3316 gaudia
743 3251 1105 3316 anteponere;
1134 3251 1187 3298 et
1208 3250 1269 3297 ut
1299 3259 1589 3314 perparum
1622 3243 1691 3298 ri-
1725 3227 1766 3288 C

83 3336 278 3402 deant,
310 3334 528 3389 aeternis
557 3333 780 3389 ﬂetibus
805 3333 1116 3404 mancipare
1136 3333 1164 3388 ‘l
1198 3333 1311 3388 Hoc
1341 3332 1398 3386 in
1432 3331 1691 3404 gladiato-

82 3427 271 3492 ribus,
314 3425 408 3496 qui
455 3425 601 3480 ultro
645 3440 700 3479 se
743 3424 1001 3489 offerunt,
1052 3421 1297 3477 universi
1345 3421 1691 3491 damnamus,

83 3515 188 3589 qui
217 3513 566 3570 considerant
598 3513 764 3568 unius
793 3512 925 3566 anui
952 3511 1196 3578 delicias,
1228 3518 1282 3566 et
1311 3526 1421 3566 non
1448 3510 1692 3566 conside-

84 3612 238 3673 rant,
290 3603 384 3676 qui
441 3604 652 3660 fructus
689 3619 758 3658 ex
800 3603 933 3673 ipsis
971 3601 1185 3657 deliciis
1229 3602 1458 3656 oriatur.
1498 3601 1570 3656 Et
1608 3601 1692 3656 illi

84 3696 413 3753 cruciantur
433 3693 635 3749 ictibus
658 3692 989 3764 gladiorum,
1020 3693 1108 3747 vel
1129 3691 1339 3746 alterna
1363 3690 1510 3747 caede
1529 3691 1692 3746 inter-

86 3801 166 3840 na
191 3782 490 3851 viscerum,
541 3783 710 3839 scisso
749 3781 960 3838 ventris
1001 3780 1262 3853 tegmine,
1313 3780 1370 3836 in
1399 3787 1694 3852 conspectu

87 3875 384 3950 proferunt
406 3873 757 3946 populorum,
783 3879 845 3928 ut
874 3871 1168 3944 pinguedo,
1193 3887 1356 3946 quam
1386 3871 1697 3928 inconsulta

86 3965 286 4036 sagina
315 3966 644 4031 cautulerat,
676 3962 938 4018 offeratur
967 3961 1190 4017 diabolo
1219 3959 1552 4016 devoranda.
1587 3960 1695 4014 Isto

87 4053 337 4113 consilio
369 4053 611 4120 inimici,
641 4069 749 4124 quo
782 4053 876 4108 isti
909 4051 1026 4109 haec
1054 4052 1286 4119 faciunt,
1317 4052 1435 4123 ipso
1464 4047 1696 4105 consilio

88 4144 166 4201 ad
193 4144 370 4204 vitam
399 4149 658 4196 aeternam
689 4148 883 4196 euntes
909 4140 1008 4196 Dei
1040 4149 1309 4212 martyres
1345 4146 1693 4205 revocantur,

91 4233 195 4310 qui
217 4241 283 4288 ut
303 4231 477 4286 vitam
500 4245 798 4300 paucorum
820 4229 1036 4284 dierum
1052 4230 1246 4284 vivant
1261 4235 1561 4282 exorantur
1575 4225 1694 4297 (24)

91 4330 395 4397 perpetuos
454 4317 732 4374 cruciatus
779 4316 1080 4384 incurrere,
1131 4324 1185 4372 et
1231 4323 1463 4371 mortem
1511 4331 1696 4386 perpe-

92 4422 276 4478 tuam,
306 4425 426 4481 quae
457 4405 768 4479 specialiter
798 4406 1090 4462 metuenda
1119 4413 1218 4472 est,
1251 4421 1362 4460 non
1392 4404 1606 4461 timere.

172 4501 264 4557 21.
307 4499 448 4555 Huic
479 4500 596 4554 loco
638 4497 780 4552 forte
810 4497 950 4552 illud
980 4496 1260 4568 apponitis
1288 4514 1299 4551 :
1335 4495 1512 4563 Quare
1543 4493 1696 4551 Chri-

94 4591 315 4649 stianus
345 4597 618 4646 tormenta
658 4604 770 4643 non
803 4587 1020 4654 metuit,
1049 4594 1101 4641 et
1133 4587 1416 4658 praesentis
1445 4602 1554 4640 non
1584 4592 1703 4639 ter-
1739 4591 1788 4649 D

97 4688 258 4737 retur
285 4695 446 4750 pmna
475 4678 703 4734 tortoris
733 4678 851 4750 (25)
872 4677 899 4732 ?
941 4677 1067 4732 Ideo
1097 4692 1207 4731 non
1235 4675 1506 4747 frangitur
1531 4683 1701 4743 metu,

100 4770 232 4827 ideo
262 4769 451 4824 dolore
499 4785 609 4823 non
640 4767 882 4834 ducitur,
927 4766 1056 4838 quia
1085 4765 1188 4821 scit
1216 4781 1272 4821 se
1305 4765 1470 4820 unius
1499 4763 1706 4820 doloris

101 4861 286 4936 pretio
336 4866 610 4930 perpetuae
658 4859 909 4913 sanitatis
952 4857 1210 4928 gaudium
1255 4873 1470 4922 emere;
1521 4863 1574 4910 et
1613 4871 1706 4928 per

104 4959 546 5007 momentaneam
584 4948 999 5004 tribulationem
1033 4948 1098 5004 ad
1132 4954 1445 5018 perpetuam
1479 4945 1705 5001 felicita-

106 5051 221 5099 tem
252 5048 306 5096 et
335 5040 722 5110 sempiternam
758 5037 1010 5095 laititiam
1054 5037 1364 5109 pervenire.
1396 5035 1498 5091 Sed
1529 5035 1573 5089 si
1605 5035 1705 5089 iste

108 5128 391 5188 timendus
420 5129 492 5184 sit
519 5127 696 5197 dolor,
739 5127 1017 5184 timendus
1049 5127 1121 5183 sit
1147 5125 1424 5190 carnifex,
1466 5123 1710 5180 timenda

110 5239 333 5299 quoque
373 5223 445 5279 sit
482 5239 628 5278 nova
679 5230 732 5278 et
778 5220 1057 5293 exquisita
1102 5220 1328 5276 tortoris
1367 5218 1704 5287 crudelitas;

112 5331 235 5390 quas
265 5313 439 5384 magis
469 5311 735 5380 timenda,
768 5328 889 5384 quae
921 5309 1213 5378 horrenda,
1263 5326 1381 5382 quae
1412 5307 1582 5378 magis
1612 5307 1710 5362 fu-

115 5405 314 5480 gienda
336 5411 417 5460 est
448 5413 502 5460 et
543 5402 808 5472 cavenda,
861 5402 967 5459 ista
1013 5419 1133 5475 qua:
1175 5400 1340 5457 hodie
1381 5397 1706 5466 effervescit,

193 5611 310 5758 $25)
351 5612 465 5682 AL,
498 5612 767 5668 docentur.

219 5685 312 5758 25)
351 5685 451 5758 M8:
474 5685 633 5758 Bia,
657 5700 767 5758 ps?"

219 5681 312 5758 25)
351 5681 457 5758 llis.
474 5685 633 5758 _Rip.,
657 5700 824 5758 pm
852 5681 1138 5758 tormentis.

195 5751 313 5827 (26)
350 5751 582 5824 Quidam
613 5751 850 5822 codices,
873 5754 1076 5824 juxta:
1114 5769 1224 5811 non
1253 5751 1534 5825 probatur.

1785 585 2128 658 refrigescit?
2155 587 2257 642 ista
2286 603 2406 660 quae
2435 587 2537 642 sub
2564 587 2699 643 hora
2726 587 3034 658 inducitur,
3063 597 3117 646 et
3152 589 3255 646 sub
3285 590 3385 647 ho-

1785 690 1844 730 ra
1873 673 2230 730 excluditur?
2259 691 2328 730 an
2359 675 2456 731 illa
2501 691 2620 747 quae
2663 677 2820 732 nullo
2858 676 2968 733 fine
3009 679 3380 749 concluditur,

1787 764 1941 818 nullo
1960 772 2200 836 tempore
2220 763 2612 836 exstinguitur,
2627 767 2781 820 nulla
2798 782 3021 837 prorsus
3039 768 3385 825 consumitur

1788 861 2056 909 vetustate
2080 854 2106 908 ?
2133 855 2267 909 Nam
2301 853 2402 908 iste
2435 853 2594 909 dolor
2635 862 2729 909 aut
2776 855 2914 910 levis
2957 863 3056 924 est,
3108 866 3160 912 et
3208 865 3386 930 potest

1788 943 2148 998 tolerabiliter
2179 943 2474 1010 sustineri;
2515 951 2610 999 aut
2657 943 2839 1015 gravis
2885 951 2986 1012 est,
3048 953 3102 1000 et
3146 946 3384 1017 glorioso

1788 1032 2086 1088 certamine
2105 1031 2333 1088 citatum
2350 1032 2508 1088 offert
2529 1032 2730 1101 finem;
2765 1033 2858 1089 ille
2885 1042 3065 1088 autem
3099 1051 3384 1106 pmnarum

1790 1119 1947 1175 dolor
1994 1128 2048 1176 et
2095 1120 2370 1176 cruciatus
2408 1120 2672 1191 incendii,
2705 1123 2800 1195 qui
2831 1121 2996 1194 hujus
3027 1123 3154 1179 vitai
3183 1131 3384 1180 amato-

1789 1207 1942 1263 ribus
1971 1207 2153 1277 datur,
2184 1225 2309 1265 cum
2341 1209 2414 1265 sit
2445 1210 2820 1267 vehementior
2849 1211 3110 1268 universo
3148 1220 3386 1270 tormen-

1790 1311 1972 1359 torum
2027 1319 2240 1375 genere,
2291 1321 2573 1378 nunquam
2627 1305 2903 1363 ﬁniendus
2949 1307 3280 1379 aggreditur,
3334 1315 3389 1364 et

1790 1391 1970 1447 acrius
1999 1391 2232 1448 subinde
2271 1410 2435 1465 quam
2477 1395 2820 1452 inchoaverit
2867 1397 3045 1465 sawit,
3097 1405 3152 1452 et
3201 1399 3389 1454 nullus

1792 1480 2053 1536 saeviendi
2073 1482 2363 1551 terminus,
2396 1484 2582 1540 nullus
2613 1485 2841 1541 omnino
2861 1484 2989 1542 finis
3009 1487 3270 1555 occurrit,
3295 1486 3389 1544 sed

1793 1568 1998 1624 habens
2021 1587 2207 1626 secum
2236 1574 2493 1628 universa
2523 1574 2920 1646 suppliciorum
2942 1591 3138 1646 genera
3155 1575 3390 1632 subinde

1794 1668 2091 1716 renovatur
2121 1670 2182 1717 ut
2209 1663 2420 1732 saeviat,
2452 1674 2840 1736 augmentatur
2874 1674 2935 1722 ut
2965 1666 3268 1735 excruciet,
3302 1665 3386 1722 in-

1795 1751 2108 1810 ﬂammatur
2138 1764 2200 1811 ut
2224 1757 2407 1813 acrius
2439 1765 2582 1814 urat.

1867 1843 1954 1899 22.
1989 1845 2132 1902 Hinc
2161 1863 2290 1918 ergo
2319 1847 2388 1903 ab
2408 1848 2516 1903 hoc
2545 1849 2796 1916 interitu,
2819 1864 2956 1920 quos
2975 1863 3243 1916 amamus,
3267 1847 3392 1903 hor-

1796 1941 1976 1988 temur
2004 1933 2234 1989 evadere
2260 1952 2274 1998 ;
2307 1944 2361 1990 et
2390 1952 2490 1992 nos
2531 1936 2678 2007 ipsos
2705 1935 2774 1991 ad
2803 1935 3146 1992 evadendum
3177 1934 3396 1991 fortiter

1797 2039 2198 2095 praeparemus:
2233 2041 2334 2082 nec
2364 2025 2658 2086 timeamus
2685 2042 2795 2082 una
2824 2025 2960 2081 hora
2987 2025 3128 2081 ferre
3148 2024 3394 2081 dolorem

1797 2113 1856 2167 in
1905 2129 2151 2184 corpore,
2207 2115 2303 2186 qui
2356 2125 2608 2188 optamus
2665 2123 2926 2188 perpetuo
2981 2113 3213 2187 gaudere
3269 2129 3396 2170 cum

1797 2199 2018 2257 Christo
2053 2220 2063 2256 :
2094 2203 2478 2274 permittamus
2506 2205 2744 2260 animam
2780 2212 3024 2261 nostram
3055 2221 3184 2261 cum
3215 2203 3398 2277 palma

1798 2292 2051 2362 martyrii
2085 2307 2154 2346 ex
2180 2292 2285 2349 hoc
2315 2293 2497 2364 egredi
2527 2310 2777 2366 corpore,
2806 2303 2867 2351 ut
2896 2295 3171 2366 possimus
3209 2309 3398 2366 poenas

1797 2389 2027 2436 aeternas
2054 2381 2306 2445 evadere,
2337 2391 2391 2438 et
2417 2383 2486 2438 ad
2517 2384 2885 2454 possessiones
2928 2383 3164 2438 sidereas
3208 2384 3397 2455 plenas

1797 2470 2257 2528 delectationibus
2313 2473 2618 2542 pervenire.
2667 2473 2963 2544 Lacrymas
3012 2482 3226 2529 nostras
3270 2490 3398 2530 con-

1798 2568 2076 2615 vertamus
2107 2559 2165 2614 in
2191 2559 2448 2631 gaudium
2471 2578 2483 2616 :
2517 2560 2644 2631 quia
2677 2577 2790 2616 non
2817 2560 3080 2616 debemus
3107 2561 3266 2633 quasi
3284 2578 3397 2617 mo-

1800 2651 2004 2706 rituros
2033 2651 2307 2721 plangere,
2337 2666 2474 2722 quos
2505 2666 2630 2706 cum
2663 2651 2883 2707 Christo
2907 2650 3185 2706 credimus
3209 2666 3396 2722 regna-

1799 2740 2435 2812 turos.Congratulemur
2454 2739 2760 2796 victoribus
2781 2739 3048 2808 hostium,
3070 2741 3393 2796 conculcata

1801 2847 1990 2885 eorum
2020 2830 2232 2885 cervice
2255 2847 2268 2884 :
2291 2829 2730 2901 congaudeamus
2758 2829 3011 2901 martyrii
3035 2836 3296 2901 praetexta
3311 2829 3392 2884 in-

1801 2919 1970 2988 dutis,
2001 2928 2055 2975 et
2082 2919 2206 2976 cmli
2232 2919 2404 2975 factos
2431 2919 2683 2975 consules
2713 2919 3034 2990 gloriemur.
3070 2919 3156 2973 En
3184 2918 3303 2974 dies
3333 2919 3392 2974 in

1801 3027 1909 3083 quo
1931 3011 2150 3067 vincere
2183 3027 2238 3066 se
2269 3018 2537 3082 tyrannus
2553 3010 2924 3079 existimabat,
2947 3009 3038 3083 qui
3062 3009 3193 3065 dum
3223 3009 3395 3080 capit,

1784 3109 1990 3172 captus
2017 3108 2135 3169 est;
2167 3100 2298 3157 dum
2332 3109 2500 3167 tenet,
2534 3101 2755 3157 vinctus
2799 3109 2912 3167 est;
2968 3101 3100 3156 dum
3151 3106 3392 3172 torquet,

1802 3199 1978 3246 tortus
2015 3199 2134 3259 est;
2175 3191 2305 3247 dum
2336 3191 2583 3258 insultat,
2615 3189 2809 3246 irrisus
2837 3197 2920 3245 est
2951 3208 2964 3256 ;
2997 3190 3129 3244 dum
3155 3187 3393 3260 jugulat,

1800 3280 2014 3337 occisus
2065 3288 2164 3336 est.
2209 3282 2368 3338 Nunc
2415 3296 2542 3352 ergo
2585 3280 2644 3334 in
2690 3294 2875 3334 amore
2922 3277 3175 3349 martyrii
3227 3278 3394 3332 etiam

1801 3379 2019 3425 nostros
2054 3370 2381 3426 suscitemus
2408 3369 2670 3436 affectus;
2713 3375 2774 3424 ut
2803 3366 2962 3423 illum
2991 3367 3087 3439 qui
3117 3365 3184 3422 de
3210 3374 3397 3422 nostra

1803 3460 2120 3531 captivitate
2150 3459 2328 3514 voluit
2366 3457 2653 3514 victoriam
2696 3473 2910 3529 capere,
2940 3456 3159 3512 fortiter
3204 3455 3398 3528 capia-

1804 3565 1946 3617 mus,
1974 3557 2027 3604 et
2052 3549 2205 3621 quasi
2231 3566 2262 3604 a
2283 3537 2436 3620 gravi
2459 3563 2654 3603 somno
2682 3545 3048 3618 expergefacti
3089 3545 3398 3618 aperiamus

1803 3640 1993 3696 oculos
2020 3631 2352 3705 animorum,
2387 3648 2450 3694 ut
2478 3637 2728 3695 videntes
2758 3637 2943 3692 foveas
2972 3651 3106 3708 quas
3135 3637 3193 3691 in
3223 3635 3398 3691 nostri

1803 3731 2102 3804 perniciem
2152 3729 2416 3787 inimicus
2459 3726 2761 3801 aptaverat,
2818 3743 2919 3782 nos
2965 3726 3186 3799 quidem
3233 3725 3401 3781 auxi-

1806 3821 1975 3876 liante
2002 3821 2115 3876 Deo
2143 3818 2460 3887 evadamus,
2494 3825 2548 3873 et
2583 3818 2700 3890 ipso
2739 3815 2961 3871 diabolo
3008 3831 3133 3870 cum
3181 3813 3401 3869 satelli-

1805 3909 1954 3964 tibus
1999 3910 2112 3963 suis
2142 3907 2200 3962 in
2236 3908 2410 3979 ipsam
2461 3923 2621 3978 quam
2662 3910 2946 3977 paraverat
2991 3902 3206 3956 foveam
3247 3899 3400 3956 inci-

1805 3997 1987 4065 dente,
2020 4012 2119 4052 nos
2148 4011 2272 4051 cum
2299 3994 2569 4065 Propheta
2595 3993 2845 4048 dicamus
2869 4009 2882 4047 :
2927 4013 2946 4038 ι
2967 3988 3247 4044 Foderunt
3274 3994 3400 4043 ante

1807 4087 2001 4142 faciem
2055 4099 2232 4139 meam
2289 4081 2528 4150 foveam,
2575 4089 2629 4137 et
2681 4080 2786 4152 ipsi
2828 4077 3145 4134 inciderunt
3175 4075 3233 4131 in
3279 4090 3398 4132 eam

1810 4174 1983 4249 (Psal.
2015 4189 2127 4240 va,
2157 4173 2234 4244 7).
2274 4195 2293 4219 ι

2412 4282 2642 4342 CAPUT
2670 4280 2789 4341 VII.

1810 4379 2102 4438 Sebastiani
2130 4379 2365 4434 oratione
2409 4383 2457 4432 et
2489 4375 2764 4432 miraculis
2799 4374 3034 4430 conversi
3063 4374 3170 4430 Zoc
3205 4380 3253 4429 et
3291 4371 3402 4431 Ni-

2462 4473 2742 4522 costratus.
3384 4480 3386 4483 '

1879 4577 1968 4636 23.
2001 4578 2174 4651 Igitur
2202 4593 2327 4634 cum
2358 4576 2475 4632 haec
2501 4573 2850 4632 beatissimus
2880 4571 3259 4640 Sebastianus,
3307 4571 3406 4627 in-

1813 4669 1980 4725 dutus
2036 4667 2345 4740 chlamyde,
2404 4666 2716 4722 succinctus
2769 4663 2972 4730 balteo,
3031 4678 3101 4716 ex
3155 4677 3256 4716 suo
3312 4677 3405 4717 ore

1814 4758 2100 4831 proferret,
2141 4757 2324 4812 subito
2371 4771 2466 4828 per
2509 4771 2675 4809 unam
2725 4753 2834 4807 fere
2879 4751 3069 4805 horam
3118 4746 3407 4821 splendore

1814 4847 1989 4904 nimio
2015 4847 2081 4902 de
2112 4847 2248 4902 cmlo
2271 4845 2523 4900 veniente
2559 4839 2903 4898 illuminatus
2933 4847 3034 4905 est,
3073 4850 3126 4897 et
3155 4840 3258 4895 sub
3288 4838 3407 4912 ipso

1815 4939 2124 5014 splendore,
2154 4935 2546 4993 candidissimo
2577 4933 2744 5006 pallio
2773 4931 3008 4987 amictus
3056 4942 3139 4987 est
3185 4931 3253 4986 ab
3301 4948 3410 4987 an-

1817 5034 1951 5106 gelis
1989 5039 2194 5105 septem
2238 5027 2577 5097 clarissimis,
2609 5033 2662 5082 et
2685 5024 2908 5098 juvenis
2955 5025 3208 5098 apparuit
3247 5020 3410 5097 juxta

1817 5141 1940 5182 eum
1967 5123 2100 5180 dans
2137 5121 2186 5177 ei
2212 5137 2424 5194 pacem,
2451 5129 2504 5177 et
2532 5119 2754 5176 dicens:
2803 5116 2886 5172 Tu
2933 5131 3147 5188 semper
3192 5113 3408 5172 meeum

1817 5215 1943 5270 eris.

1887 5304 1976 5363 24.
2008 5303 2136 5359 Haec
2163 5307 2343 5357 autem
2373 5297 2698 5373 gerebantur
2724 5296 2871 5353 intra
2899 5291 3016 5370 (26)
3045 5291 3272 5353 domum
3302 5289 3410 5368 prl-

1821 5393 2088 5452 miscrinii
2124 5392 2266 5465 (27),
2294 5392 2518 5448 nomine
2536 5388 2853 5457 Nicostrati,
2880 5387 3025 5460 apud
3047 5400 3209 5459 quem
3231 5390 3412 5442 custo-

1896 5598 2012 5675 (27)
2038 5599 2150 5675 Sub
2178 5597 2537 5675 dispositione
2550 5593 2668 5675 _viri
2699 5592 2930 5675 illustris
2969 5589 3212 5673 praefecti
3251 5582 3412 5670 Urbis

1825 5667 1968 5731 inter
1993 5667 2155 5728 'alias
2197 5667 2698 5726 administrationes
2727 5673 2808 5721 est
2833 5667 3249 5735 primgiscﬁnius,
3296 5667 3412 5718 sive

1822 5744 2186 5806 munerarius,
2220 5741 2289 5797 de
2311 5739 2470 5812 cujus
2501 5737 2684 5794 ofﬁcio
2713 5733 2885 5792 multa
2913 5733 3029 5789 alii.
