3880 6204
528 338 665 399 1123

1542 341 1639 400 AD
1679 340 1912 402 OPERA
1953 339 2008 401 S.
2053 342 2386 404 AMBROSII
2424 343 2803 406 APPENDIX.

3715 351 3816 412 iiii

524 468 818 526 diebantur
854 468 1237 526 Marcellianus
1266 474 1319 522 et
1346 467 1578 522 Marcus.
1626 467 1732 534 Qui
1777 468 2119 526 Nicostratus
2152 474 2201 531 Α
2231 470 2605 540 abscederent,
2639 472 2900 530 dixerunt
2929 473 2977 530 ei
3012 492 3023 530 :
3048 473 3104 530 Si
3133 481 3198 530 tu
3224 473 3362 530 ﬁdei
3395 472 3668 546 gloriam,
3698 491 3818 547 quam

526 556 759 614 habebat
789 574 1038 623 uxorem,
1073 556 1297 611 nomine
1326 557 1471 610 Zoen
1498 572 1509 610 :
1545 555 1661 612 haec
1680 567 1805 614 ante
1826 576 1922 614 sax
1947 576 2120 616 annos

525 646 869 717 aegritudinis
907 645 1191 699 nimietate
1231 644 1372 700 facta
1415 651 1496 699 est
1543 653 1713 713 muta,
1764 648 2121 719 prudentiam

525 741 705 788 tamen
737 733 996 788 audiendi
1023 740 1076 786 et
1106 733 1450 803 intelligendi
1485 751 1593 789 non
1623 737 1802 791 solum
1837 754 1948 793 non
1990 739 2125 794 ami-

524 830 687 885 serat,
742 836 932 874 verum
983 821 1146 875 etiam
1199 822 1395 876 melius
1435 840 1595 894 quam
1650 827 1799 896 prius
1855 827 2124 884 habuerat

523 926 739 965 aurium
772 909 1013 964 ofﬁcium
1045 909 1345 965 obtinebat.
1381 911 1506 966 llaec
1537 913 1720 984 itaque
1750 931 1874 969 cum
1912 916 2124 972 intelle-

523 998 694 1053 xisset
719 998 904 1052 omnia
937 1014 1055 1069 quae
1087 998 1148 1053 Β.
1182 998 1531 1055 Sebastianus
1559 1001 1794 1070 dixerat,
1825 1013 1879 1059 et
1908 1013 2120 1061 tantum

525 1086 710 1141 lumen
741 1087 889 1142 circa
919 1103 1042 1141 eum
1063 1088 1323 1155 vidisset;
1353 1106 1589 1162 cumque
1611 1108 1800 1148 omnes
1820 1095 2124 1151 tremefacti

525 1176 776 1231 miraculi
810 1186 1034 1248 stupore
1067 1186 1403 1240 tenerentur.
1437 1181 1701 1237 innuebat
1731 1200 1893 1238 manu
1929 1184 2125 1239 omni-

523 1266 648 1332 bus,
681 1276 739 1322 ut
768 1267 921 1338 quasi
953 1268 1322 1339 exprobrandi
1361 1279 1561 1334 essent,
1590 1274 1683 1343 qui
1711 1280 1824 1327 tam
1872 1274 2122 1329 evidenti

523 1355 811 1411 assertioni
864 1372 974 1410 non
1005 1357 1307 1421 crederent,
1339 1366 1394 1412 et
1423 1359 1650 1429 genibus
1703 1360 1821 1432 ejus
1863 1362 2125 1418 advoluta

523 1460 714 1515 rogare
741 1460 864 1499 eum
893 1461 1155 1500 manuum
1188 1446 1412 1502 indiciis
1443 1448 1629 1519 erepit.
1680 1449 1784 1504 Sed
1835 1451 1890 1505 S.
1948 1451 2125 1506 Seba-

522 1533 736 1588 stianus
767 1549 891 1589 cum
924 1532 1136 1589 videret
1161 1549 1280 1589 eam
1315 1535 1497 1591 cordis
1534 1545 1741 1592 secreta
1787 1538 1986 1610 lingua:
2032 1558 2124 1595 ex-

524 1621 803 1695 pressione
834 1621 1110 1678 declarare
1149 1639 1261 1678 non
1289 1640 1463 1695 posse,
1497 1642 1688 1682 causas
1718 1626 1884 1700 hujus
1913 1631 2120 1686 silentii

524 1720 933 1785 percunctatus,
962 1713 1161 1769 didicit
1189 1717 1458 1771 sermonis
1490 1717 1572 1773 illi
1605 1718 1816 1790 copiam
1866 1720 2038 1776 nimia
2071 1722 2125 1776 vi

2235 577 2516 633 nunquam
2562 561 2828 618 habueras
2872 563 3165 635 accepisti;
3223 564 3522 636 quomodo
3567 582 3669 620 nos
3698 583 3818 638 quae

2233 649 2397 705 fidem
2441 667 2654 723 semper
2683 653 2752 708 ab
2794 653 3026 708 infantia
3072 652 3403 722 habuimus,
3453 654 3819 727 relinquentes,

2234 739 2336 795 tibi
2372 740 2638 810 passionis
2668 748 2866 796 nostra:
2896 742 3120 798 calicem
3153 742 3379 810 damus,
3421 758 3594 814 quem
3627 760 3726 799 nos
3750 745 3822 799 tibi

2234 828 2525 898 propinare
2571 845 2881 900 possumus,
2931 847 3042 885 non
3073 829 3331 886 donare?
3372 833 3555 888 Dives
3593 841 3679 888 est
3710 835 3822 887 enim

2235 917 2291 971 in
2317 917 2576 974 omnibus
2615 918 2888 987 Christus,
2929 928 2983 974 et
3014 921 3161 992 larga
3183 921 3462 977 ubertatis
3494 939 3616 978 suze
3636 924 3823 978 afﬂuen-

2235 1005 2311 1060 tia
2369 1006 2627 1061 omnibus
2683 1007 3032 1063 venientibus
3091 1009 3322 1064 meliora
3391 1010 3635 1066 exhibet
3695 1029 3820 1083 quam

2235 1102 2474 1166 rogatur.
2508 1095 2564 1151 Si
2585 1097 2731 1151 enim
2754 1113 2880 1152 cum
2911 1097 3100 1152 essetis
3129 1097 3433 1166 increduli,
3463 1099 3744 1156 donatum
3770 1112 3823 1155 est

2236 1184 2394 1239 vobis
2427 1186 2610 1240 lumen
2646 1186 2893 1242 veritatis
2917 1203 3242 1258 agnoscere;
3277 1198 3494 1262 quanto
3531 1191 3718 1273 magis
3738 1209 3819 1246 crs

2233 1272 2492 1328 dentibus
2542 1275 2699 1331 vobis
2733 1275 2920 1330 omnia
2949 1292 3292 1350 quascunque
3316 1277 3435 1349 jam
3475 1272 3717 1351 poscitis
3743 1280 3826 1335 du-

2235 1361 2558 1419 nabuntur?
2589 1363 2790 1420 Divina
2812 1365 2960 1420 enim
2991 1366 3284 1422 clementia
3309 1384 3542 1440 semper
3566 1379 3751 1440 parata
3769 1382 3825 1425 est

2236 1450 2394 1506 vobis
2415 1452 2674 1508 omnibus
2695 1455 2861 1525 gratis
2882 1462 3135 1525 prastare
3160 1473 3172 1510 :
3207 1464 3261 1510 et
3293 1472 3357 1511 eo
3393 1473 3825 1532 unumquemque

2235 1539 2420 1609 gratiae
2449 1556 2558 1596 suae
2589 1539 2734 1596 dono
2766 1541 3123 1614 multiplicat,
3159 1560 3268 1616 quo
3291 1561 3452 1601 mens
3486 1546 3612 1618 ejus
3642 1549 3826 1604 altiore

2233 1627 2362 1682 ﬁdei
2393 1631 2695 1702 susceperit
2729 1647 3002 1688 normam.
3039 1632 3208 1688 Fides
3239 1634 3418 1707 igitur
3448 1644 3641 1691 vestra
3668 1654 3700 1692 a
3729 1655 3825 1691 ira-

2234 1717 2456 1788 gisterio
2486 1720 2720 1790 sumpsit
2763 1721 3080 1791 exordium,
3128 1730 3184 1778 et
3213 1724 3404 1778 omnia
3433 1742 3562 1799 quae
3612 1729 3824 1782 eruditis

524 1802 866 1858 inﬁrmitatis
901 1802 1160 1859 ablatam.
1193 1805 1348 1860 Tunc
1375 1806 1435 1860 Β.
1471 1805 1823 1864 Sebastianus
1852 1809 2030 1867 dixit:
2067 1813 2121 1866 Si
2153 1825 2197 1883 Β
2232 1823 2438 1864 annosa
2458 1808 2553 1863 vix
2583 1809 2816 1878 confert,
2849 1811 3024 1884 spatio
3053 1811 3221 1868 unius
3246 1811 3401 1870 horae
3429 1817 3687 1888 cepistis.
3723 1820 3824 1874 Nul—

521 1906 622 1961 ego
681 1907 843 1946 verus
899 1890 1103 1947 Christi
1161 1910 1352 1949 servus
1403 1911 1549 1964 sum,
1599 1903 1654 1951 et
1711 1898 1759 1952 si
1812 1915 1942 1954 vera
1993 1909 2122 1956 sunt

523 1980 709 2037 omnia
737 1995 856 2052 quae
889 1996 959 2036 ex
989 1997 1080 2036 ore
1111 1998 1231 2038 meo
1263 1982 1379 2039 haec
1399 1985 1598 2041 mulier
1615 1984 1832 2042 audivit
1863 1995 1916 2043 et
1948 1989 2120 2045 credi-

522 2067 626 2136 dit,
649 2068 840 2140 jubeat
869 2070 1139 2126 Dominus
1168 2088 1320 2128 meus
1350 2073 1504 2129 Jesus
1534 2075 1807 2144 Christus,
1847 2087 1910 2134 ut
1938 2079 2122 2140 redeat

521 2156 593 2214 ad
631 2174 749 2213 eam
780 2158 1022 2215 ofﬁcium
1068 2160 1289 2233 linguae,
1317 2170 1371 2217 et
1394 2165 1602 2235 aperiat
1638 2181 1699 2220 os
1725 2164 1842 2236 ejus
1875 2168 1968 2239 qui
1999 2185 2120 2240 ape-

523 2245 637 2301 ruit
665 2261 726 2300 os
744 2246 1019 2303 Zachariae
1052 2248 1329 2320 prophetae
1357 2251 1478 2318 sui;
1527 2261 1582 2308 et
1625 2252 1757 2309 fecit
1791 2270 2011 2312 crucem
2060 2256 2120 2312 in

523 2351 586 2390 os
612 2333 748 2406 ejus.
781 2337 963 2408 Atque
999 2338 1065 2393 ad
1096 2338 1237 2396 hanc
1267 2357 1456 2398 vocem
1489 2341 1544 2397 S.
1577 2342 1903 2414 Sebastiani,
1939 2347 2118 2402 excla-

523 2424 698 2480 matit
727 2426 926 2481 mulier
951 2443 1084 2483 voce
1114 2445 1326 2502 magna,
1356 2431 1546 2488 dicens
1574 2451 1586 2488 :
1622 2434 1820 2490 Beatus
1847 2452 1904 2490 es
1939 2443 2020 2504 tu,
2066 2444 2120 2492 et

524 2513 847 2570 benedictus
871 2531 1052 2571 sermo
1077 2519 1190 2573 oris
1218 2519 1298 2574 tui
1327 2538 1339 2576 :
1373 2528 1427 2576 et
1459 2520 1604 2578 beati
1629 2523 1722 2595 qui
1749 2523 1985 2580 credunt
2025 2541 2120 2596 per

525 2612 578 2660 te
607 2603 886 2661 Christum
919 2606 1124 2662 Filium
1152 2608 1248 2663 Dei
1283 2609 1419 2665 vivi.
1448 2611 1564 2682 Ego
1601 2612 1748 2666 enim
1792 2613 1906 2669 vidi
1943 2613 2120 2670 oculis

525 2693 664 2748 meis
693 2695 946 2764 angelum
967 2695 1036 2750 ad
1067 2705 1119 2751 te
1155 2697 1462 2754 venientem
1495 2701 1563 2756 de
1610 2701 1767 2767 caalo,
1815 2710 1868 2756 et
1915 2702 2116 2758 librum

525 2791 652 2838 ante
682 2785 871 2839 oculos
899 2791 1024 2840 tuos
1055 2795 1350 2856 tenentem,
1396 2805 1466 2844 ex
1493 2790 1654 2862 cujus
1699 2791 1934 2848 lectione
1982 2793 2118 2848 uni-

523 2889 679 2927 versa
708 2873 978 2929 sermonis
1012 2875 1091 2930 tui
1123 2878 1298 2932 oratio
1325 2878 1664 2936 decurrebat.
1712 2880 1992 2939 Benedicti
2021 2885 2116 2952 qui

523 2960 582 3015 in
621 2961 880 3017 omnibus
921 2980 1042 3035 quas
1097 2965 1313 3024 locutus
1349 2986 1406 3025 es
1441 2971 1691 3040 credunt,
1743 2980 1796 3027 et
1841 2975 2117 3031 maledicti

523 3049 618 3120 qui
651 3049 1029 3109 dubitaverint
1058 3055 1144 3110 vel
1174 3056 1232 3110 in
1261 3075 1371 3113 uno
1401 3059 1568 3114 verbo
1613 3077 1683 3116 ex
1728 3060 1815 3117 his
1861 3064 2119 3120 omnibus

521 3153 640 3210 quae
671 3139 996 3197 audierunt:
1041 3145 1299 3216 quoniam
1330 3147 1474 3202 sicut
1503 3165 1701 3206 aurora
1728 3153 2119 3222 superveniens
2154 3181 2197 3240 ρ

514 3230 800 3289 universas
820 3233 1070 3292 tenebras
1096 3239 1275 3294 noctis
1292 3240 1558 3308 excludit,
1579 3250 1634 3298 et
1653 3244 1910 3300 omnium‘
1933 3247 2111 3303 oculis

514 3319 720 3390 lumen,
745 3324 892 3396 quod
921 3341 1034 3381 nox
1055 3343 1197 3384 caeca
1225 3338 1514 3400 negaverat
1531 3331 1740 3400 reddit;
1773 3334 1852 3390 ita
1882 3335 1978 3390 lux
1999 3351 2107 3391 ser-

511 3425 738 3466 monum
771 3420 992 3469 tuorum
1017 3432 1236 3471 omnem
1266 3418 1577 3489 caliginem,
1601 3438 1931 3496 omnemque
1960 3424 2109 3496 igno-

510 3498 704 3552 rantize
723 3500 1023 3554 caecitatem
1045 3505 1292 3570 extersit,
1316 3513 1370 3559 et
1393 3507 1568 3562 oculis
1592 3517 1736 3565 recte
1764 3512 2107 3568 credentium

509 3597 762 3637 serenum
797 3593 918 3654 post
946 3587 1128 3641 noctis
1158 3589 1410 3646 tenebras
1453 3593 1600 3648 diem
1644 3596 1887 3653 reddidit
1918 3617 1929 3654 :
1961 3617 1991 3655 a
2023 3597 2127 3657 me'

510 3675 690 3726 autem
722 3686 836 3727 non
877 3671 1056 3728 solum
1110 3675 1515 3734 incredulitatis
1552 3682 1802 3740 tenebras
1849 3688 2106 3759 exclusit,

509 3774 704 3814 verum
730 3759 894 3816 etiam
951 3763 1222 3819 sermonis
1269 3766 1377 3820 mei
1424 3766 1651 3839 ostium,
1685 3772 1832 3843 quod
1874 3791 1971 3847 per
2016 3793 2108 3834 sex

510 3865 684 3906 annos
707 3850 952 3907 clausum
979 3861 1118 3920 erat,
1149 3854 1424 3926 patefecit.

579 3939 668 3997 25.
701 3940 910 3999 Videris
937 3952 1120 4001 autem
1140 3944 1502 4020 Nicostratus,
1526 3949 1615 4006 vir
1639 3949 1778 4024 ejus,
1803 3955 1948 4028 quod
1968 3965 2108 4014 esset

510 4035 659 4086 tanta
690 4031 869 4089 virtus
898 4032 1102 4092 Christi
1145 4037 1202 4092 in
1235 4054 1332 4094 sua
1376 4057 1550 4096 uxore
1602 4043 1896 4113 celebrata,
1942 4048 2108 4120 coepit

509 4119 742 4209 pedibus
771 4121 897 4209 ejus
926 4123 1171 4195 advolvi,
1216 4135 1270 4184 et
1317 4129 1720 4204 indulgentiam
1762 4143 1965 4206 petere,
2007 4119 2106 4209 pro

509 4205 614 4261 hoc
644 4208 789 4279 quod
815 4211 1091 4281 imperiali
1118 4223 1172 4271 et
1198 4217 1543 4287 praefectorio
1567 4219 1726 4292 jussu
1751 4205 1978 4282 Sanctos
2007 4205 2105 4284 Dei

508 4293 787 4354 habuisset
817 4300 872 4353 in
901 4300 1141 4358 vinculis
1173 4324 1184 4360 :
1220 4314 1273 4361 et
1311 4309 1567 4366 auferens
1597 4328 1665 4367 ex
1712 4315 1966 4372 manibus
2012 4333 2105 4374 eo-

508 4403 630 4443 rum
657 4387 861 4445 ferreos
901 4407 1095 4459 nexus,
1147 4410 1321 4464 genua
1363 4414 1550 4454 eorum
1589 4403 1894 4474 amplexus,
1943 4407 2109 4479 ccepit

507 4492 696 4548 rogare
726 4485 786 4532 ut
814 4479 1175 4556 dignarentur
1213 4482 1520 4555 abscedere,
1571 4487 1758 4545 dicens
1794 4510 1806 4546 :
1849 4493 1892 4548 Ο
1940 4511 2104 4566 quam

505 4562 697 4622 beatus
743 4583 915 4623 essem
965 4568 1010 4624 si
1058 4585 1156 4641 pro
1199 4579 1380 4627 vestra
1429 4575 1623 4630 mereri
1676 4594 1887 4648 possem
1934 4562 2108 4639 salute

506 4655 811 4728 constringi
837 4658 848 4712 l
885 4657 1135 4713 Forsitan
1169 4661 1453 4731 sanguinis
1480 4663 1586 4717 mei
1616 4665 1879 4722 effusione
1907 4669 2106 4725 ablue-

506 4767 611 4820 rer,
631 4760 691 4808 ut
708 4760 939 4809 mortem
963 4755 1113 4810 illam
1138 4771 1420 4828 poenarum
1444 4768 1767 4817 aaternarum
1792 4765 2101 4836 evaderem,

508 4847 563 4896 et
590 4841 656 4897 ad
699 4842 851 4897 illam
902 4842 1074 4898 vitam
1114 4845 1500 4917 pertingerein,
1551 4866 1712 4922 quam
1762 4853 1922 4909 nobis
1961 4856 2105 4912 Deus

503 4948 601 5005 per
630 4949 691 4989 os
718 4933 932 4992 domini
961 4937 1068 4993 mei
1119 4936 1423 4995 Sebastiani
1459 4943 1806 5002 manifestare
1847 4947 2104 5021 dignatus

503 5029 605 5076 est.

1098 5141 1326 5199 CAPUT
1357 5146 1502 5203 VIII.

506 5235 850 5295 Marcelliani
888 5245 936 5294 et
961 5239 1138 5298 Marci
1183 5248 1498 5313 constantia,
1543 5249 1716 5304 oratio
1761 5251 1833 5307 ad
1863 5253 2100 5325 neophy-

1250 5339 1345 5389 tos.

571 5429 659 5489 26.
693 5431 941 5506 Cumque
969 5444 1182 5510 rogaret
1209 5439 1619 5499 Marcellianum
1662 5451 1716 5501 et
1761 5445 2004 5504 Marcum
2037 5459 2098 5508 ut

573 5599 692 5684 (28)
723 5601 871 5684 Alii,
908 5605 1259 5684 ad_gaud_ium
1305 5609 1548 5684 tendere;
1587 5613 1707 5681 alii,
1746 5614 1818 5670 ad
1860 5616 2095 5684 gladium

506 5671 710 5722 tendere
742 5673 897 5739 ;alii,
929 5671 1246 5744 ad'gradum
1277 5679 1499 5736 tendere.

2141 4541 2186 4598 Ι)
2216 4542 2460 4613 torqueri
2503 4561 2514 4598 :

2234 1897 2288 1953 la
2319 1913 2417 1952 vos
2454 1898 2725 1954 memoria
2755 1908 3044 1971 parentum
3091 1899 3330 1972 impedit
3359 1903 3606 1962 credere.
3649 1907 3826 1962 Nullus

2233 1992 2432 2040 tenera;
2461 1985 2640 2041 atatis
2661 1986 2718 2041 in
2740 1985 2885 2043 ﬁlios
2912 1995 2967 2043 et
2995 1996 3207 2044 vestros
3235 1999 3462 2046 revocat
3489 1994 3741 2049 nutritus
3765 1995 3825 2049 af-

2232 2074 2427 2131 fectus.
2464 2074 2834 2132 Contemnitis
2861 2076 3045 2133 subito
3074 2077 3225 2150 quod
3253 2095 3470 2152 semper
3504 2083 3752 2151 amastis,
3784 2093 3824 2138 et

2233 2161 2480 2234 quaeritis
2501 2162 2650 2235 quod
2689 2180 2972 2237 nunquam
2994 2165 3194 2222 scistis.
3225 2165 3332 2221 Per
3358 2167 3582 2238 ignaras
3611 2168 3820 2241 ingressi

2233 2250 2351 2307 vias
2381 2251 2564 2308 subito
2608 2254 2940 2324 pervenistis
2967 2254 3039 2310 ad
3071 2252 3378 2322 Christum,
3429 2265 3485 2312 et
3513 2257 3708 2314 animo
3730 2257 3820 2329 jam

2232 2345 2483 2402 intrastis
2512 2348 2734 2416 cretum,
2777 2346 2908 2419 quia
2939 2347 2996 2402 in
3026 2355 3171 2404 terra
3200 2349 3422 2404 nullum
3452 2348 3716 2405 solatium
3746 2366 3820 2405 re-

2232 2436 2500 2509 quisistis.
2525 2439 2569 2492 Ο
2594 2437 3028 2510 incomparabile
3051 2438 3178 2496 facti
3202 2439 3548 2511 praeconium
3573 2440 3586 2496 l
3619 2456 3651 2494 ο
3679 2457 3817 2512 quam

2232 2526 2506 2582 imitabile
2539 2528 2765 2582 virtutis
2793 2527 3110 2599 exemplum
3137 2529 3148 2583 l
3182 2527 3444 2584 Nondum
3468 2545 3573 2584 vos
3600 2528 3668 2584 ad
3688 2530 3816 2587 Chri-

2231 2623 2376 2670 stum
2413 2616 2555 2671 sacri
2597 2615 2945 2688 haptismatis
2975 2617 3125 2672 unda
3152 2618 3438 2690 perduxit,
3469 2618 3719 2674 nondum
3744 2635 3816 2690 per

2231 2703 2486 2771 tirocini;
2524 2704 2686 2761 initia
2706 2706 2970 2763 militaria
2989 2709 3207 2763 saltemi
3226 2709 3384 2780 signa
3413 2708 3755 2781 sumpsistis;
3777 2717 3818 2762 et

2223 2797 2337 2870 jam
2370 2816 2468 2872 pro
2498 2818 2628 2857 vero
2654 2802 2795 2875 Rege
2824 2820 2978 2859 arma
3011 2804 3281 2876 arripitis,
3315 2814 3369 2862 et
3401 2806 3525 2877 ejus
3574 2807 3771 2862 milites
3792 2824 3817 2861 ι

2230 2891 2455 2949 vinculo
2493 2893 2624 2949 ferri
2667 2895 2964 2965 solventes,
3001 2914 3100 2954 vos
3131 2898 3283 2970 ipsos
3312 2898 3600 2972 intrepido
3639 2900 3816 2973 optatis

2229 2998 2328 3054 pro
2357 2983 2673 3042 occidendis
2700 2986 2902 3044 occidi.

2299 3099 2388 3156 27.
2429 3099 2568 3157 Cum
2613 3101 2730 3158 haec
2776 3105 3564 3180 audientesomnespariter
3619 3111 3818 3167 ﬂetibus

2227 3189 2603 3258 paenitentiam
2660 3194 2948 3264 praeterita
3016 3197 3386 3267 persuasionis
3451 3201 3807 3270 ostenderent,

2219 3276 2436 3334 Marcus
2463 3278 2543 3334 ait
2575 3297 2586 3334 :
2619 3281 2848 3350 Discite,
2881 3291 3133 3355 parentes
3163 3285 3498 3356 charissimi,
3540 3298 3598 3345 et
3626 3298 3805 3356 vester,

2218 3381 2251 3421 ο
2297 3365 2576 3439 coniuges,
2635 3368 2811 3426 discat
2849 3370 3053 3443 jugalis
3100 3374 3347 3445 affectus,
3400 3375 3669 3434 adversus
3711 3396 3809 3451 pu-

2219 3475 2380 3531 gnam
2422 3459 2651 3532 diaboli,
2699 3473 2756 3520 et
2790 3474 2982 3523 contra
3027 3485 3219 3526 omnes
3258 3470 3487 3543 sagittas
3525 3475 3803 3532 affectuum

2217 3553 2454 3610 carnalis
2478 3553 2738 3612 desiderii
2759 3557 3018 3630 clypeum
3038 3559 3307 3618 virtutum
3329 3579 3632 3635 opponere,
3661 3574 3802 3638 atque

2219 3642 2363 3699 inter
2409 3645 2553 3702 acies
2601 3650 2878 3720 tyrannici
2922 3654 3196 3710 exercitus
3243 3653 3390 3712 hosti
3447 3673 3564 3713 non
3612 3657 3799 3724 cedem,

2215 3733 2488 3790 dimicare
2537 3738 2738 3808 acrius,
2795 3742 3022 3814 gradum
3053 3751 3238 3801 tenere
3270 3745 3410 3818 (28),
3455 3755 3511 3803 et
3541 3749 3615 3805 ad
3643 3765 3797 3822 regem

2217 3822 2435 3880 fortiter
2489 3829 2798 3897 pervenire.
2857 3833 3155 3905 Insurgant
3202 3846 3472 3908 quantum
3520 3839 3729 3906 volunt,
3755 3845 3797 3892 et

2215 3913 2445 3970 saeviant
2472 3917 2737 3975 satellites
2784 3920 3120 3992 daemonum,
3153 3933 3208 3980 et
3237 3926 3445 3998 quibus
3469 3929 3666 3984 volunt
3693 3945 3796 4001 pie-

2215 4003 2306 4058 nis
2335 4020 2566 4077 corpora
2607 4006 2878 4066 dilanient
2909 4022 3133 4081 nostra;
3167 4031 3370 4087 corpus
3402 4018 3652 4074 occidere
3682 4033 3799 4089 pos-

2215 4105 2366 4166 sunt,
2419 4099 2513 4156 sed
2563 4102 2803 4158 animam
2848 4106 3069 4162 vincere
3115 4123 3226 4163 non
3274 4118 3509 4180 possunt
3547 4125 3644 4182 pro
3686 4108 3798 4164 ﬁdei

2215 4195 2548 4258 pugnantem
2609 4191 2859 4248 veritate.
2920 4193 3288 4252 Gloriosiores
3336 4197 3552 4254 faciunt
3613 4199 3801 4253 milites

2215 4277 2447 4332 vulnera
2477 4294 2576 4350 pro
2606 4279 2934 4352 imperatore
2964 4293 3215 4358 suscepta
3247 4303 3259 4342 :
3305 4287 3363 4342 in
3392 4287 3498 4344 hoc
3527 4290 3672 4344 enim
3701 4287 3800 4343 dia-

2215 4363 2375 4419 bolus
2416 4367 2730 4437 tyrannidis
2777 4387 2888 4426 suae
2937 4371 3122 4428 furore
3171 4390 3322 4429 nunc
3366 4376 3550 4443 saevit,
3605 4376 3659 4430 in
3707 4391 3801 4447 quo

2215 4453 2485 4522 praevidet
2541 4459 2962 4526 perseverantia;
3023 4469 3218 4518 vestrae
3274 4471 3484 4535 tropaeo
3550 4481 3607 4520 se
3662 4480 3803 4536 posse

2567 4553 2620 4600 et
2675 4547 2798 4603 ideo
2846 4557 3122 4607 tormenta
3175 4551 3364 4620 infert,
3413 4570 3481 4609 ne
3530 4570 3652 4626 spes
3700 4553 3804 4624 ejus

2215 4640 2445 4702 pereat:
2500 4642 2732 4690 mortem
2780 4637 3042 4706 minatur,
3076 4647 3135 4695 ut
3178 4649 3419 4709 terreat;
3471 4644 3645 4699 vitam
3678 4661 3801 4716 pro-

2214 4719 2408 4788 mittit,
2441 4729 2504 4776 ut
2527 4723 2726 4794 eripiat
2754 4743 2766 4789 ;
2815 4727 3168 4798 securitatem
3199 4731 3515 4801 pollicetur,
3547 4740 3610 4787 ut
3634 4734 3800 4788 tollat.

2214 4807 2340 4863 Haec
2371 4817 2483 4865 tota
2517 4810 2649 4867 belli
2694 4813 2992 4885 calliditas,
3050 4817 3156 4875 hoc
3187 4819 3401 4876 fraudis
3427 4822 3743 4889 consilium,
3780 4838 3803 4874 a

2211 4897 2500 4970 suppliciis
2547 4903 2758 4975 eripere
2801 4921 3002 4978 corpus
3048 4917 3102 4964 et
3145 4909 3302 4965 vitiis
3330 4910 3576 4966 animam
3615 4912 3802 4983 subju-

2211 5006 2353 5062 gare.
2395 4993 2505 5048 Nos
2535 5010 2563 5049 e
2593 5002 2786 5050 contra
2815 4997 3212 5055 contendamus
3245 4999 3394 5056 hosti
3442 5019 3559 5058 non
3604 5003 3798 5066 cedere,

2209 5097 2408 5153 corpus
2453 5090 2824 5154 contemnere,
2888 5087 3087 5144 animae
3143 5088 3465 5146 subvenire.
3519 5092 3631 5149 Cur
3667 5091 3798 5147 enim

2209 5168 2497 5227 fortissimi
2552 5173 2718 5230 duces
2773 5174 3046 5232 militibus
3097 5177 3216 5248 (29)
3277 5179 3611 5236 miserrimis
3668 5188 3798 5249 terga

2207 5269 2552 5333 convertant,
2584 5273 2639 5320 et
2666 5265 2725 5320 in
2753 5281 2819 5321 eo
2845 5266 2991 5322 bello
3019 5266 3305 5338 deﬁciant,
3359 5270 3420 5326 in
3447 5288 3560 5344 quo
3589 5277 3795 5344 possunt

2206 5371 2322 5412 esse
2351 5357 2638 5414 victores?
2685 5358 2787 5415 Vel
2832 5376 2938 5433 qua
2965 5359 3179 5416 ratione
3227 5362 3373 5419 mori
3423 5364 3680 5433 timeant,
3715 5361 3794 5434 qui

2205 5451 2388 5510 sciunt
2433 5451 2576 5510 hanc
2622 5452 2865 5510 hominis
2907 5461 3160 5511 naturam
3193 5471 3335 5526 esse,
3383 5473 3501 5515 non
3551 5453 3793 5530 poenam?

2277 5621 2395 5696 (29)
2434 5625 2547 5697 AL,
2587 5625 2749 5684 Ducis
2778 5627 2984 5685 milites.
