3880 6204
227 385 369 442 1125

1489 372 1681 439 ACTA
1726 382 1782 442 S.
1829 383 1912 440 SE
1928 377 2273 440 BASTIANI.

3416 387 3551 448 H26

223 501 359 570 Cur,
403 502 649 576 inquam,
682 502 821 558 mori
866 472 1112 571 timeant,
1143 500 1242 577 qui
1275 494 1513 557 credunt
1550 501 1711 558 istam
1741 503 1827 559 vi-
1854 506 1905 565 Α
1936 512 1995 560 tu
2051 504 2299 560 conferas
2359 502 2601 574 Christo,
2656 512 2857 578 praesto
2907 505 3015 562 erit
3088 512 3546 567 remunerationis

219 599 336 648 tam
372 592 565 647 falsam
586 607 720 660 esse,
740 601 794 648 et
819 609 1001 649 veram
1034 594 1206 649 vitam
1236 588 1482 647 inveniri
1514 607 1623 649 non
1647 609 1823 665 posse,

221 680 335 736 nisi
384 680 477 753 qui
527 679 596 735 ab
640 681 824 737 animo
875 699 973 738 suo
1019 683 1206 738 falsam
1257 682 1417 737 istam
1468 681 1731 754 adjecerit
1774 692 1829 739 et

219 769 511 837 caducam,
544 786 664 842 quae
696 786 807 826 non
837 772 988 827 aliud
1025 771 1365 828 amatoribus
1390 772 1525 840 suis,
1557 773 1663 828 nisi
1693 788 1829 844 pec-

218 867 347 916 cata
394 859 646 930 imperat,
695 860 885 916 suadet
929 861 1193 929 facinora,
1244 860 1445 932 ingerit
1488 861 1823 929 criminosa;

216 948 482 1020 nihilque
510 948 658 1005 aliud
690 965 721 1003 a
750 950 865 1004 suis
893 950 1229 1005 amatoribus
1261 949 1454 1021 exigit,
1492 950 1601 1007 nisi
1634 958 1695 1005 ut
1723 966 1828 1021 pe-

216 1040 379 1095 nitus
423 1039 491 1095 de
532 1040 757 1111 perenni
788 1041 903 1095 vita
932 1057 1043 1096 non
1074 1042 1333 1114 cogitent,
1368 1050 1420 1098 et
1466 1057 1689 1113 regnum
1726 1038 1825 1095 Dei

215 1128 478 1184 futurum
507 1144 622 1185 esse
651 1128 980 1200 desperent?

299 1217 388 1273 28.
420 1217 578 1272 Nunc
608 1216 891 1273 videamus
920 1219 1121 1291 quibus
1158 1218 1374 1276 casibus
1411 1219 1676 1291 subjacet,
1707 1220 1826 1292 qui-

213 1304 438 1379 busque
480 1306 741 1378 periculis
784 1308 953 1363 servit
993 1308 1216 1375 ancilla,
1265 1315 1328 1364 ut
1366 1325 1489 1365 cum
1538 1325 1655 1365 eam
1689 1325 1826 1381 pro-

211 1395 542 1452 haverimus
572 1411 673 1452 nec
697 1398 931 1469 seipsam
959 1414 1116 1470 posse
1145 1413 1353 1469 regere,
1384 1398 1611 1454 servitia
1640 1404 1827 1453 nostra

211 1484 295 1541 ab
325 1484 445 1557 ejus
489 1486 869 1544 dominatione
913 1488 1182 1555 tollentes,
1215 1488 1441 1544 alteram
1490 1488 1581 1543 cui
1628 1486 1827 1542 merito

212 1574 576 1631 serviendum
628 1575 718 1644 sit,
751 1576 1115 1649 requiramus.
1152 1576 1398 1643 Quantos
1432 1576 1581 1631 enim
1624 1582 1826 1631 amato-

214 1680 312 1720 res
341 1663 458 1736 ejus
488 1665 650 1720 ruina
696 1664 882 1722 subito
923 1665 1104 1737 gravis
1148 1667 1437 1738 oppressit,
1471 1665 1654 1736 fragor
1699 1665 1825 1720 οιειί

211 1753 512 1825 percussit,
545 1754 758 1811 fulmen
789 1753 1037 1809 incendit
1070 1754 1212 1823 (30),
1243 1753 1526 1825 naufragia
1561 1753 1826 1825 perdide-

1937 592 2057 665 ejus
2086 593 2373 664 praemium
2412 610 2576 666 super
2630 602 2702 657 te.
2751 607 2963 651 corona
2999 598 3274 670 martyrii,
3336 598 3543 655 habens

1937 696 2123 736 secum
2185 681 2456 737 virtutum
2503 683 2755 739 omnium
2811 682 2975 739 ﬂores
3033 684 3536 755 immarcescibiles,

1937 776 2153 825 aeternae
2188 770 2317 826 vitae
2350 770 2564 842 gaudiis
2593 771 2916 844 profuturos
2944 772 3084 843 (32).
3133 773 3380 830 Audiens
3424 774 3541 831 haec

1937 858 2277 917 Nicostratus
2308 860 2735 933 primiscrinius,
2763 862 2900 918 abiit
2949 862 3018 917 ad
3048 862 3343 920 Claudium
3373 880 3539 922 com-

1937 949 2385 1016 mentariensem,
2438 960 2492 1006 et
2518 949 2686 1021 jussit
2722 951 3007 1007 universas
3036 967 3298 1023 personas
3325 952 3395 1007 ad
3424 952 3538 1008 do-

1936 1053 2086 1092 mum
2139 1036 2256 1109 ejus
2299 1039 2590 1107 adducere,
2643 1039 2835 1096 diceus
2878 1056 2891 1095 :
2953 1038 3225 1106 Quoniam
3284 1039 3539 1111 proxima

1935 1127 2174 1183 sessione
2204 1145 2396 1184 omnes
2446 1128 2778 1186 discutiendi
2811 1138 2961 1198 sunt,
3007 1130 3136 1185 volo
3159 1137 3223 1185 ut
3261 1146 3387 1186 cum
3424 1131 3538 1186 illis

1936 1216 2267 1274 Christianis
2295 1216 2391 1290 qui
2435 1217 2581 1290 apud
2625 1233 2712 1274 me
2755 1230 2910 1284 sunt,
2944 1226 3142 1291 praesto
3183 1218 3318 1287 sint,
3368 1234 3437 1275 ne
3465 1219 3541 1274 ali

1935 1319 2043 1375 qua
2104 1305 2459 1376 praefectorius
2497 1305 2650 1377 (33)
2718 1306 3047 1363 discussioni
3110 1306 3297 1363 deesse
3363 1306 3538 1379 possit

1935 1408 2187 1464 persona.

2006 1479 2095 1535 30.
2140 1480 2314 1552 Igitur
2358 1498 2484 1537 cum
2535 1498 2729 1540 omnes
2779 1483 2848 1540 ad
2898 1483 3126 1540 domum
3172 1483 3537 1556 primiscrinii

1935 1568 2185 1639 perducti
2235 1578 2463 1641 starent,
2503 1580 2821 1629 catenarum
2875 1573 3114 1631 nexibus
3170 1575 3368 1645 vincti,
3428 1575 3538 1633 hoc

1936 1657 2101 1714 modo
2129 1676 2223 1715 eos
2252 1661 2339 1717 vir
2365 1661 2468 1718 Dei
2492 1662 2847 1720 Sebastianus
2890 1663 3194 1736 alloquitur
3225 1682 3236 1721 :
3282 1664 3532 1722 Crimina

1933 1751 2207 1809 diabolica
2244 1754 2289 1809 si
2318 1750 2531 1810 divinis
2558 1753 2864 1810 virtutibus
2894 1753 3111 1822 cedant,
3152 1761 3336 1810 reatus
3355 1762 3536 1810 vester

210 1850 376 1911 runt,
407 1845 549 1899 texit
577 1844 763 1911 chaos,
795 1843 1105 1915 Charybdis
1134 1842 1328 1907 ebibit,
1358 1842 1572 1915 gladius
1594 1840 1826 1913 jugula—
1855 1860 1901 1920 Β
1935 1856 1968 1895 a
1996 1849 2176 1897 morte
2200 1843 2540 1910 excluditur,
2563 1850 2617 1898 et
2645 1858 2680 1898 a
2707 1842 2922 1914 gaudiis
2946 1842 3199 1914 fugitivis
3229 1842 3347 1914 (34)
3380 1858 3534 1900 revo-

210 1932 339 1987 vit!
388 1941 441 1988 et
495 1932 655 1989 istam
712 1933 900 1989 miseri
956 1949 1083 1989 cum
1160 1932 1451 1988 doloribus
1508 1931 1825 1988 amittentes

209 2021 415 2091 vitam,
461 2022 612 2077 illam
658 2022 879 2095 penitus
908 2022 1159 2078 invenire
1190 2038 1301 2077 non
1333 2023 1594 2093 possunt!
1626 2021 1713 2076 Ad
1743 2022 1824 2076 il-

208 2110 331 2166 lam
389 2112 594 2167 etenim
640 2112 815 2166 vitam
863 2126 976 2165 non
1024 2110 1180 2166 ducit
1224 2117 1457 2177 tortura,
1501 2110 1597 2165 sed
1640 2126 1819 2166 causa.

208 2199 347 2255 Uno
386 2199 627 2271 denique
667 2199 968 2272 eodemque
1012 2214 1298 2270 pmnarum
1347 2214 1541 2270 genere
1568 2206 1622 2253 et
1653 2199 1825 2254 iuno-

206 2292 478 2350 centibus
523 2292 670 2347 salus
717 2299 920 2346 aeterna
967 2289 1268 2359 confertur,
1318 2298 1372 2347 et
1421 2305 1581 2363 paena
1632 2288 1824 2345 delin-

210 2379 526 2455 quentibus
554 2378 847 2452 irrogatur.

848 2510 1078 2568 CAPUT
1108 2509 1208 2566 IX.

338 2617 527 2675 Crateri
555 2637 587 2674 a
611 2617 916 2676 Sebastiano
936 2632 1046 2672 una
1072 2633 1189 2671 cum
1207 2613 1427 2687 captivis
1457 2614 1713 2671 conversi.

296 2743 387 2800 29.
419 2743 592 2816 Igitur
618 2760 744 2801 cum
773 2743 892 2800 haec
920 2750 974 2799 et
1004 2742 1089 2798 his
1122 2740 1327 2797 similia
1375 2742 1591 2797 Marcus
1627 2757 1825 2813 prose-

217 2840 507 2907 queretur,
535 2839 819 2904 coeperunt
847 2848 1038 2888 omnes
1068 2832 1163 2905 qui
1195 2831 1421 2887 aderant
1462 2833 1576 2888 Deo
1624 2831 1825 2902 gratias

216 2937 403 2994 agere,
426 2931 589 2994 atque
616 2920 863 2976 universi
891 2921 1083 2977 ﬂentes
1111 2920 1511 2992 pmnitudinem
1544 2919 1820 2992 gerebant,

216 3009 374 3083 quod
419 3010 676 3065 charitati
724 3009 822 3065 Dei
872 3010 1224 3081 praetulerant
1247 3026 1487 3065 amorem
1518 3009 1736 3076 carnis;
1769 3017 1824 3065 et

218 3100 358 3172 quia
388 3099 456 3155 ab
483 3116 654 3172 agone
686 3098 939 3171 martyrii
983 3099 1101 3155 ausi
1149 3099 1382 3155 fuissent
1426 3098 1640 3155 animos
1670 3115 1823 3155 revo-

217 3204 350 3245 care
392 3195 725 3244 sanctorum.
775 3187 1022 3260 Cumque
1069 3203 1281 3256 omnes,
1312 3188 1405 3260 qui
1447 3188 1516 3243 ad
1547 3187 1821 3260 decipieu-
1859 3205 1903 3265 ρ

218 3279 329 3336 dos
353 3284 570 3333 sanctos
595 3284 880 3345 venerant,
901 3277 1242 3331 unanimiter
1265 3276 1549 3333 crederent
1577 3276 1818 3345 Christo,

217 3367 568 3424 Nicostratus
614 3381 741 3422 cum
789 3363 1023 3436 conjuge
1064 3380 1163 3419 sua
1208 3363 1434 3436 urgebat
1480 3381 1536 3421 se
1576 3366 1765 3421 dicens
1806 3383 1824 3446 ;⁸

218 3456 350 3514 Non
412 3455 596 3512 cibum
654 3455 891 3527 capiam,
948 3469 1125 3527 neque
1184 3461 1397 3526 potum,
1456 3455 1563 3512 nisi
1621 3465 1823 3528 myste-

222 3542 376 3599 rium
427 3540 544 3611 (3l)
582 3540 721 3595 mihi
752 3539 1077 3597 Christianae
1124 3540 1407 3612 religionis
1452 3540 1620 3596 fuerit
1658 3541 1824 3597 tradi-

218 3640 369 3688 tum.
419 3630 519 3688 Cui
566 3630 620 3686 S.
670 3629 1023 3686 Sebastianus
1066 3629 1212 3686 dixit
1259 3649 1271 3686 :
1321 3630 1473 3687 Muta
1501 3630 1824 3702 dignitatem

219 3728 404 3788 tuam,
436 3728 490 3776 et
536 3735 652 3775 esse
702 3719 875 3792 magis
922 3718 1103 3791 incipe
1151 3718 1357 3777 Christi
1398 3720 1823 3792 primiscrinius,

223 3823 394 3882 quam
452 3807 716 3881 praefecti.
765 3806 914 3863 Audi
961 3807 1146 3881 itaque
1191 3808 1488 3865 consilium
1527 3825 1733 3876 meum,
1773 3816 1827 3865 et

224 3911 421 3953 omnes
467 3913 605 3969 quos
646 3913 832 3954 carcer
878 3897 1124 3962 inclusit,
1170 3912 1307 3969 quos
1354 3896 1579 3953 vincula
1613 3902 1826 3961 tenent,

224 4000 369 4059 quos
412 3985 683 4056 ergastula
728 3984 1052 4053 conﬁciunt,
1099 3986 1158 4041 in
1205 4002 1380 4042 unum
1428 3984 1631 4057 redige.
1670 3983 1828 4051 Quod

223 4089 357 4132 cum
393 4073 613 4140 feceris,
644 4074 948 4130 antistitem
979 4084 1337 4132 sacrosanctae
1365 4076 1500 4146 legis
1528 4074 1825 4143 adhibebo,

224 4172 292 4220 ut
346 4177 470 4217 cum
526 4161 783 4216 omnibus
837 4163 934 4234 qui
980 4163 1200 4218 credere
1245 4164 1525 4219 voluerint
1576 4162 1827 4236 mysterii

226 4246 502 4319 Suscipias
545 4254 967 4304 sacramentum.
1018 4249 1077 4304 Si
1123 4250 1270 4304 enim
1319 4250 1574 4306 diabolus
1608 4251 1829 4308 Christo

226 4346 452 4395 sanctos
524 4352 652 4391 suos
724 4336 937 4391 auferre
997 4344 1226 4393 conatus
1290 4345 1392 4404 est,
1451 4346 1506 4394 et
1559 4349 1825 4407 conatur;

229 4434 440 4502 quanto
468 4424 641 4497 magis
669 4441 769 4481 nos
795 4425 1015 4497 pietatis
1046 4434 1370 4497 argumento
1399 4427 1520 4496 bos,
1551 4443 1688 4500 quos
1717 4428 1828 4484 dia-

228 4516 395 4573 bolus
440 4513 645 4586 injuste
689 4515 930 4571 lucratus
970 4522 1072 4583 est,
1103 4531 1294 4597 curare
1330 4515 1612 4586 debemus,
1644 4524 1699 4572 et
1727 4533 1828 4573 suo

230 4605 519 4661 restituere
548 4602 844 4660 Creatori?
882 4604 955 4659 Et
982 4604 1322 4660 Nicostratus
1366 4604 1434 4661 ad
1464 4604 1582 4661 haec
1611 4621 1829 4677 respon-

232 4699 340 4767 dit,
370 4698 559 4753 dicens
590 4715 602 4753 :
632 4696 924 4764 Quomodo
970 4698 1178 4771 iniquis
1235 4709 1289 4757 et
1343 4700 1657 4757 criminosis
1714 4718 1831 4774 pos-

232 4794 365 4845 sunt
408 4797 597 4843 sancta
640 4786 964 4844 committi?
1011 4788 1067 4844 S.
1118 4786 1469 4845 Sebastianus
1496 4789 1641 4845 dixit
1671 4809 1683 4846 :
1718 4790 1831 4846 Sal-

236 4883 394 4932 vator
422 4883 607 4931 noster
643 4892 742 4948 pro
779 4877 1157 4948 peccatoribus
1186 4895 1338 4933 suam
1370 4878 1533 4934 nobis
1568 4879 1830 4936 exhibere

232 4965 493 5037 dignatus
519 4971 601 5019 est
629 4964 976 5036 praesentiam
1008 4973 1062 5020 et
1091 4966 1332 5022 ostendit
1359 4967 1705 5039 mysterium,
1737 4982 1833 5039 per

234 5054 384 5128 quod
413 5053 601 5109 omnia
629 5061 850 5126 peccata
878 5061 934 5110 et
961 5055 1194 5111 crimina
1225 5056 1440 5112 homini
1489 5057 1827 5125 auferantur,

233 5153 291 5202 et
336 5161 527 5201 omnes
566 5146 801 5202 virtutes
857 5145 1082 5203 Domini
1116 5147 1489 5203 conferantur.
1539 5149 1687 5205 Inter
1728 5149 1832 5206 ini-

236 5234 314 5292 tia
341 5234 512 5307 igitur
539 5235 918 5292 conversionis
964 5244 1073 5292 tuae
1114 5235 1219 5293 hoc
1266 5254 1468 5295 munus
1516 5237 1755 5311 primum
1785 5239 1831 5296 si

312 5415 431 5487 (30)
466 5416 578 5487 AL,
608 5418 825 5487 ﬂamma
847 5417 1106 5473 incendiis
1125 5417 1353 5474 voravit.

311 5486 429 5561 (3i)
461 5486 696 5561 Quidam
722 5488 962 5557 codices,
985 5490 1332 5561 martyrium.

338 5557 434 5631 32)
466 5558 567 5631 Ms.
600 5559 748 5631 Bip.,
778 5561 1087 5631 redolentes.

337 5628 432 5706 _3_3)
466 5628 595 5706 AL,
638 5628 917 5706 p'qucgq;
949 5631 1049 5706 aL,
1068 5632 1295 5706 praetori
1318 5650 1338 5699 ;
1363 5633 1461 5701 aL,
1489 5631 1650 5706 prce].
1679 5647 1837 5704 prae-

240 5699 370 5755 torii
382 5699 415 5763 ;'
433 5699 532 5767 αττ,
560 5699 803 5770 prteton'i
827 5699 1160 5760 discussioni.

1857 4566 1907 4624 D

1934 1936 2112 1986 catur.
2148 1931 2350 2002 Egerat
2377 1931 2527 1986 enim
2570 1945 2667 2002 per
2722 1945 2854 1986 suos
2908 1931 3174 1986 satellites
3217 1930 3393 1987 hostis
3437 1931 3536 1988 in-

1930 2015 2136 2088 justus,
2206 2028 2266 2077 ut
2320 2019 2537 2076 animas
2575 2019 2823 2076 militum
2870 2018 3078 2079 Christi
3133 2020 3203 2076 ad
3264 2021 3536 2079 virtutum

1935 2108 2154 2164 culmen
2183 2116 2394 2166 erectos
2427 2109 2545 2181 (35)
2585 2115 2876 2178 everteret,
2907 2118 2962 2165 et
3006 2108 3067 2164 in
3100 2108 3220 2181 ipso
3250 2108 3535 2181 perfectio-

1935 2195 2024 2251 nis
2051 2195 2271 2268 fastigio
2314 2197 2542 2268 positos,
2596 2196 2667 2252 ad
2703 2213 2920 2255 omnum
2957 2204 3250 2254 conaretur
3294 2213 3536 2269 mergere

1934 2285 2261 2341 inferorum.
2294 2287 2407 2342 Hac
2433 2285 2501 2341 de
2529 2302 2693 2342 causa
2741 2287 2976 2345 incaluit
3021 2287 3243 2344 animus
3289 2287 3535 2346 hostium

1920 2371 2292 2455 (dimicatione
2321 2380 2678 2444 provocatus,
2720 2384 2783 2431 ut
2800 2392 2925 2444 vos,
2962 2391 3100 2448 quos
3123 2375 3240 2447 jam
3294 2377 3537 2434 lucratus

1935 2459 2115 2516 fuerat
2138 2460 2421 2530 inimicus,
2452 2460 2520 2516 de
2541 2460 2660 2532 ejus
2689 2462 3012 2534 captivitate
3042 2464 3317 2533 tollentes,
3350 2474 3535 2523 vestro

1935 2563 2036 2603 vos
2062 2546 2307 2605 Creatori
2337 2548 2650 2604 reddamus.
2673 2549 2941 2605 Diabolus
2968 2549 3118 2605 enim
3147 2567 3250 2608 nec
3274 2552 3535 2610 dominus

1934 2646 2135 2705 vester,
2168 2652 2270 2692 nec
2296 2644 2531 2704 creator,
2563 2652 2666 2693 nec
2689 2646 2843 2708 pater
2862 2653 2980 2693 esse
3004 2638 3364 2708 dignoscitur:
3389 2641 3535 2697 Deus

1934 2733 2029 2781 aut
2039 2741 2125 2781 em
2148 2734 2203 2781 et
2222 2725 2381 2781 Pater
2398 2732 2453 2780 et
2474 2724 2746 2781 Dominus
2761 2733 2816 2781 et
2836 2724 3105 2783 Conditor
3123 2727 3530 2798 comprobatur.

1934 2818 2006 2873 Et
2023 2816 2071 2874 si
2092 2817 2241 2872 hunc
2252 2814 2694 2888 derelinquentes
2720 2814 2789 2870 ad
2812 2814 2969 2871 illum
2989 2815 3203 2884 abistis,
3224 2817 3319 2890 qui
3340 2816 3398 2872 in
3416 2825 3533 2873 tan-

1938 2914 2057 2962 tum
2083 2905 2252 2962 vestri
2278 2905 2494 2961 exstitit
2514 2904 2796 2974 inimicus,
2832 2912 2896 2961 ut
2914 2921 3013 2960 vos
3040 2905 3107 2961 ad
3130 2923 3318 2979 poenas
3345 2924 3532 2980 perpe-

1936 3004 2043 3052 tuae
2069 2996 2265 3052 mortis
2295 2994 2611 3063 adduceret,
2662 3002 2716 3050 et
2745 2994 2813 3051 ad
2842 2995 3011 3051 istum
3042 2995 3300 3052 lethalem
3331 2997 3532 3054 faceret

1934 3086 2169 3142 exitium
2190 3088 2483 3155 devenire;
2513 3096 2720 3162 quanto
2748 3088 2922 3160 magis
2940 3087 3007 3144 ad
3037 3105 3161 3145 eum
3191 3089 3530 3146 redeundum

1934 3176 2121 3248 estqui
2136 3176 2364 3233 unicum
2380 3177 2583 3232 Filium
2598 3194 2759 3232 suum
2773 3178 3011 3249 passioui
3028 3185 3082 3233 et
3094 3177 3259 3232 morti
3277 3178 3527 3248 tradidit,

1931 3271 1994 3320 ut
2015 3280 2115 3320 nos
2138 3281 2170 3320 a
2194 3264 2541 3337 passionibus
2560 3265 2780 3321 aeternis
2801 3273 2899 3321 eta
2924 3274 3095 3321 morte
3117 3274 3379 3338 perpetua
3395 3267 3531 3323 libe-

1931 3360 2076 3408 raret
2097 3353 2125 3409 ?
2153 3352 2291 3410 Cum
2320 3353 2438 3410 haec
2475 3360 2530 3409 et
2558 3353 2647 3409 his
2677 3354 2885 3410 similia
2911 3362 3331 3427 prosequeretur
3358 3353 3416 3413 S.
3438 3355 3529 3413 Se-

1933 3441 2234 3511 bastianus,
2276 3448 2693 3514 prostraverunt
2735 3458 2793 3498 se
2821 3459 2948 3500 cum
2977 3442 3238 3515 lacrymis
3260 3443 3528 3514 universi,

1933 3536 1988 3585 et
2023 3528 2185 3585 ﬂexis
2230 3529 2462 3603 genibus
2498 3537 2782 3602 cmperunt
2826 3516 3008 3586 cordis
3037 3530 3303 3602 gemitum
3332 3530 3532 3588 redde-

1935 3634 2016 3687 re,
2048 3625 2104 3674 et
2131 3634 2187 3674 se
2218 3634 2437 3690 pecasse
2473 3627 2527 3675 et
2571 3618 2739 3691 impie
2795 3619 2969 3691 egisse
3011 3619 3350 3690 poenitentiae
3385 3619 3533 3677 voci-

1938 3706 2041 3764 bus
2069 3709 2398 3765 exclamare.
2432 3707 2760 3765 Fundebaut
2811 3722 2942 3781 ergo
2980 3722 3193 3764 amaras
3239 3709 3531 3781 lacrymas,

1936 3807 1991 3856 et
2018 3814 2077 3855 se
2107 3799 2250 3855 velle
2304 3798 2525 3854 Christo
2559 3797 2803 3867 credere,
2861 3798 3140 3853 unanimis
3191 3799 3419 3856 vocibus
3452 3815 3533 3855 re-

1935 3886 2225 3945 sonabant.
2284 3888 2439 3945 Tunc
2494 3886 2558 3943 B.
2617 3886 2972 3943 Sebastianus
3016 3883 3177 3957 jubet
3226 3902 3319 3943 eos
3342 3902 3535 3944 omnes

1936 3991 1968 4031 a
1993 3974 2234 4033 vinculis
2260 3983 2577 4033 catenarum
2605 3975 2843 4031 exsolvi.

2565 4102 2796 4161 CAPUT
2834 4101 2909 4160 X.

2048 4213 2235 4271 Omnes
2271 4229 2307 4268 a
2333 4211 2631 4283 Polycarpo
2658 4211 2730 4266 ad
2759 4211 3074 4283 baptismum
3098 4214 3420 4284 prmparati.

2009 4339 2097 4397 31.
2138 4340 2265 4396 Post
2302 4337 2420 4395 haec
2479 4339 2537 4395 S.
2585 4338 2937 4397 Sebastianus
2967 4339 3105 4397 abiit
3150 4340 3220 4397 ad
3275 4341 3529 4414 Polycar-

1936 4446 2067 4503 pum
2093 4428 2208 4500 (36)
2240 4427 2641 4500 presbyterum,
2695 4430 2790 4486 ubi
2829 4437 2943 4486 erat
2989 4445 3155 4486 causa
3201 4430 3531 4503 persecutio-

1937 4521 2026 4577 nis
2054 4522 2324 4590 occultus,
2355 4528 2409 4577 et
2448 4522 2695 4593 narravit
2729 4522 2777 4578 ei
2809 4521 2995 4577 omnia
3041 4537 3160 4594 quae
3195 4529 3344 4594 gesta
3378 4528 3528 4577 sunt.

1938 4609 2151 4678 Quibus
2175 4608 2380 4666 auditis
2425 4611 2480 4666 S.
2513 4610 2848 4683 Polycarpus
2896 4610 3095 4681 gratias
3123 4609 3234 4682 egit
3296 4610 3427 4677 Deo,
3479 4617 3533 4665 et

1939 4716 2049 4756 una
2075 4715 2201 4756 cum
2240 4716 2305 4755 eo
2337 4699 2491 4754 venit
2527 4698 2595 4755 ad
2624 4698 2850 4754 domum
2893 4694 3186 4754 Nicostrati
3228 4698 3530 4769 primiscri-

1939 4787 2042 4855 nii,
2073 4796 2126 4843 et
2153 4787 2345 4843 videns
2372 4786 2561 4842 turbas
2589 4785 2954 4854 credentium,
2986 4785 3229 4841 salutans
3266 4801 3360 4842 eos
3405 4801 3531 4842 cum

1939 4879 2091 4935 omni
2122 4877 2320 4950 gaudio
2351 4877 2497 4934 dixit
2529 4893 2540 4930 :
2584 4876 2735 4932 Beati
2784 4892 2973 4932 omnes
3020 4892 3140 4941 vos,
3177 4876 3271 4949 qui
3301 4875 3533 4934 audistis

1939 4982 2132 5023 vocem
2162 4966 2385 5022 Domini
2416 4965 2590 5021 nostri
2620 4965 2749 5021 Iesu
2790 4962 2996 5021 Christi
3035 4963 3273 5020 dicentis
3302 4982 3314 5020 :
3359 4989 3377 5012 ι
3416 4964 3535 5020 Ve-

1940 5056 2055 5111 nite
2083 5053 2148 5112 ad
2200 5071 2307 5123 me,
2362 5071 2553 5111 omnes
2580 5054 2673 5128 qui
2707 5052 2965 5110 laboratis
3017 5061 3072 5109 et
3119 5052 3334 5110 onerati
3379 5054 3533 5122 estis,

1941 5151 1996 5200 et
2023 5160 2122 5217 ego
2152 5160 2251 5200 vos
2278 5144 2617 5217 requiescere
2647 5142 2871 5201 faciam.
2911 5142 3111 5200 Tollite
3131 5141 3328 5216 jugum
3348 5157 3533 5198 meum

1941 5249 2104 5306 super
2128 5250 2247 5303 vos,
2270 5240 2325 5289 et
2343 5232 2540 5290 discite
2563 5249 2595 5290 a
2616 5249 2704 5290 me
2733 5232 2864 5307 quia
2892 5231 3050 5290 mitis
3075 5247 3198 5289 sum
3218 5241 3274 5290 et
3306 5230 3538 5289 humilis

2042 5415 2135 5487 34)
2174 5417 2290 5486 AL,
2320 5415 2392 5472 ad
2416 5415 2614 5488 gaudia
2641 5415 2842 5488 votiva.

2042 5487 2133 5559 35)
2173 5488 2288 5559 AL,
2317 5506 2353 5559 ᾳ
2387 5486 2649 5559 virtutum
2676 5486 2901 5559 culmine
2926 5490 3091 5559 recte.

1942 5551 2135 5687 b
2176 5557 2232 5615 So
2255 5551 2546 5631 Polycarpi
2567 5557 2874 5631 presbyteri
2904 5556 3105 5615 natalis
3134 5554 3316 5627 agitur
3342 5551 3412 5612 23
3442 5551 3539 5611 Fe-
