3880 6204
370 312 504 369 1127

1362 311 1456 366 ΑΙ)
1497 308 1731 366 OPEBA
1769 308 1825 364 8.
1868 305 2203 367 AMBROSII
2241 307 2626 365 APPENDIX.

3556 303 3691 361 1128

367 435 555 501 corde,
610 442 664 491 et
716 436 1013 492 invenietis
1069 435 1318 507 requiem
1397 434 1687 490 animabus
1748 434 1966 490 vestris.
1999 436 2050 496 Α
2081 433 2293 501 stodiai,
2325 431 2606 504 respondit
2637 449 2649 487 :
2685 430 3082 504 Amplitudinis
3105 437 3305 486 vestrae
3333 427 3507 501 jussu
3533 429 3689 487 Chri-

365 527 564 598 Jugum
601 527 748 582 enim
779 542 963 582 meum
993 539 1159 579 suave
1209 530 1309 590 est,
1342 530 1396 578 et
1426 539 1566 578 onus
1614 539 1798 578 meum
1849 523 1968 578 leve

369 615 583 686 (Matth.
617 631 698 683 χι,
730 615 799 672 28
827 616 1018 684 seqq).
1052 636 1070 658 ι
1140 612 1255 667 Vos
1282 612 1465 685 itaque
1524 613 1720 669 fratres
1769 611 1964 681 nostri,

366 720 503 775 quos
532 702 779 757 nondum
807 700 1151 772 baptismatis
1178 701 1327 756 unda
1364 701 1530 756 diluit
1585 702 1724 773 (37),
1757 711 1811 758 et
1840 718 1966 757 con-

368 792 632 848 secrando
672 793 784 846 Deo
836 789 1207 860 omnipotenti
1257 790 1612 847 charissimos
1641 791 1787 847 ﬁlios
1816 791 1966 859 fecit,

367 897 466 953 pro
498 879 603 934 hoc
651 878 798 951 quod
855 895 886 934 a
941 880 1223 950 proposito
1279 890 1468 937 sancto
1500 897 1756 936 revocare
1787 879 1968 938 conati

366 971 500 1028 estis
525 969 877 1026 beatissimos
927 969 1135 1026 milites
1177 971 1408 1041 Christi,
1464 990 1601 1046 opus
1656 973 1813 1029 vobis
1854 979 1970 1028 erat

367 1061 713 1133 poenitentia,
741 1068 802 1115 ut
837 1076 933 1132 per
983 1060 1157 1132 ipsam
1187 1061 1254 1117 ad
1298 1062 1696 1135 indulgentiam
1742 1063 1970 1118 venire-

369 1155 458 1209 tis.
514 1152 673 1208 Nunc
713 1160 918 1221 autem,
971 1152 1101 1226 quia
1153 1155 1220 1211 ad
1256 1163 1466 1212 tantam
1523 1157 1754 1228 gloriam
1777 1172 1971 1212 acces-

370 1244 541 1313 sistis,
568 1245 824 1300 utetiam
860 1245 927 1300 ad
958 1247 1263 1317 passionem
1308 1265 1339 1303 a
1382 1265 1489 1320 qua
1535 1249 1784 1305 dolenter
1831 1248 1968 1304 aleis

367 1350 625 1391 revocare
656 1334 934 1403 voluistis,
987 1335 1054 1390 ad
1093 1337 1267 1408 ipsam
1325 1336 1649 1394 desiderctis
1695 1347 1970 1411 gratanter

367 1424 510 1479 velle
539 1439 759 1480 currere
785 1431 840 1479 et
874 1423 1111 1480 libenter
1137 1426 1419 1498 amplecti,
1459 1428 1646 1484 sciatis
1694 1445 1792 1484 vos
1819 1437 1874 1484 et
1903 1429 1968 1485 ad

367 1512 770 1585 indulgentiam
806 1515 1145 1585 pervenisse,
1173 1524 1227 1570 et
1271 1516 1337 1572 ad
1385 1517 1623 1589 palmam
1675 1520 1965 1591 attingere.

366 1607 542 1666 Vetus
569 1607 676 1663 hoc
704 1614 786 1663 est
813 1605 1110 1662 artiﬁcium
1137 1607 1367 1665 Christi.
1401 1609 1538 1664 Nam
1571 1608 1756 1680 ipsum
1807 1625 1968 1682 quem

367 1712 464 1754 vas
484 1698 772 1754 electionis
794 1715 907 1754 suae
960 1699 1218 1772 dignatus
1248 1707 1332 1755 est
1351 1709 1405 1756 et
1436 1700 1617 1755 voluit
1644 1701 1966 1772 magistrum

2077 524 2281 580 stianas
2325 524 2471 579 intra
2512 522 2736 579 domum
2787 538 2962 579 meam
3011 521 3410 578 custodiendas
3470 524 3686 594 suscepi

2077 631 2355 688 personas,
2386 614 2588 686 quibus
2634 622 2693 670 ut
2725 623 2984 670 terrorem
3029 613 3304 684 passionis
3337 611 3687 681 incuterem,

2079 719 2294 758 reorum
2326 703 2452 759 illos
2482 703 2584 759 feci
2615 702 2812 759 sociari
2845 703 3112 774 personis,
3140 709 3203 758 ut
3221 701 3469 774 jussioni
3496 711 3686 758 vestra

2078 801 2132 848 et
2183 791 2520 864 persuasioni
2569 800 2767 849 nostrae
2812 793 2858 848 si
2888 809 2998 848 non
3024 808 3296 848 consensu
3333 808 3459 860 suo,
3494 792 3687 847 saltem

2077 881 2258 938 alieno
2305 882 2682 955 experimento
2718 883 3088 950 consentiant,
3136 890 3190 937 et
3231 890 3486 938 metuant
3518 898 3589 938 ne
3618 881 3687 937 si~

2078 971 2228 1026 milis
2257 987 2349 1027 eos
2386 988 2546 1044 poena
2585 971 2896 1028 concludat.
2931 969 3317 1026 Libentissime
3348 970 3528 1042 igitur
3571 969 3688 1028 hac

2077 1059 2306 1116 audiens
2355 1061 2642 1133 praefectus
2693 1060 2906 1117 dimisit
2953 1076 3079 1116 eum
3119 1059 3346 1117 dicens:
3381 1061 3586 1132 Magno
3637 1071 3689 1117 te

2077 1165 2246 1206 censu
2270 1166 2300 1205 a
2337 1149 2652 1222 parentibus
2689 1167 2880 1206 eorum
2926 1150 3266 1206 remunerari
3297 1150 3523 1218 faciam,
3557 1167 3688 1206 cum

2079 1256 2174 1313 per
2202 1247 2254 1295 te
2283 1239 2396 1295 illis
2424 1240 2632 1296 fuerint
2663 1240 2968 1296 incolumes
2996 1238 3100 1295 filii
3128 1240 3395 1296 restituti.

2150 1332 2239 1388 33.
2273 1333 2570 1389 Revertens
2617 1333 2803 1406 itaque
2850 1333 2919 1390 ad
2953 1334 3179 1390 domum
3208 1349 3361 1389 suam
3393 1333 3687 1389 Nicostra-

2079 1432 2167 1480 tus
2233 1424 2638 1496 primiscrinius
2693 1441 2820 1481 cum
2879 1424 3111 1482 Claudio
3168 1422 3687 1491 commentariensi,

2078 1513 2246 1584 cmpit
2286 1513 2544 1569 universa
2595 1514 2818 1582 referre,
2851 1523 2904 1570 et
2933 1514 3170 1587 qualiter
3207 1515 3262 1570 S.
3299 1513 3686 1579 Sebastianus,

2078 1619 2202 1658 cum
2254 1601 2326 1658 sit
2374 1603 2582 1659 amicus
2611 1603 3028 1675 imperatorum,
3058 1602 3563 1660 christianissimus
3589 1603 3684 1669 sit,

2079 1700 2132 1749 et
2175 1692 2234 1748 in
2280 1692 2593 1749 eruditione
2639 1693 2832 1749 divina
2879 1694 3174 1766 perfectus,
3209 1701 3262 1749 et
3290 1694 3536 1766 qualiter
3563 1693 3684 1748 ani-

367 1788 622 1860 gentibus
653 1788 802 1857 dare,
860 1789 955 1861 qui
1009 1805 1119 1844 non
1163 1791 1342 1846 solum
1397 1789 1644 1846 ﬁdelium
1687 1790 1903 1845 animos
1940 1806 1970 1844 ε
2000 1806 2044 1865 Β
2080 1798 2193 1838 mas
2249 1781 2693 1840 Christianorum
2748 1801 2846 1840 sua
2896 1783 3281 1840 exhortatione
3344 1791 3684 1851 revocasset,

366 1879 586 1951 pietatis
617 1880 899 1952 proposito
946 1881 1258 1946 revocabat,
1316 1881 1410 1938 sed
1457 1883 1624 1936 etiam
1659 1883 1908 1937 nolentes
1934 1897 1964 1935 a

367 1967 588 2026 Christo
645 1969 926 2025 discedere
981 1970 1258 2042 lapidibus
1301 1970 1603 2038 obruebat;
1665 1968 1814 2028 hunc
1853 1986 1965 2025 no-

365 2056 450 2114 bis
481 2057 594 2129 ipse
624 2059 896 2113 Dominus
915 2060 1223 2130 apostolum
1245 2060 1582 2117 condonavit
1612 2104 1627 2128 ,
1658 2059 1964 2131 tribuitque

365 2145 529 2202 nobis
582 2163 650 2202 ex
702 2147 866 2203 Saulo
913 2148 1166 2218 Paulum,
1228 2165 1295 2204 ex
1324 2157 1568 2222 apostata
1598 2150 1727 2206 fecit
1754 2156 1965 2221 aposto-

367 2235 502 2302 lum,
537 2242 591 2289 et
623 2234 773 2290 dedit
822 2235 1083 2292 Ecclesiae
1130 2254 1242 2293 suae
1289 2253 1358 2294 ex
1405 2247 1751 2311 persecutore
1780 2237 1964 2296 docto-

367 2339 504 2380 rem.
539 2323 769 2379 Amator
797 2326 1068 2396 passionis
1122 2327 1302 2384 factus
1332 2336 1414 2386 est
1456 2329 1522 2397 is,
1575 2328 1669 2401 qui
1702 2344 1968 2401 persecu-

365 2413 536 2468 tionis
564 2422 755 2470 auctor
782 2415 1068 2470 exstiterat
1102 2434 1114 2472 :
1169 2426 1223 2473 et
1248 2416 1342 2490 qui
1387 2418 1445 2472 in
1489 2418 1685 2473 alienis
1715 2418 1966 2474 afﬂictio-

368 2502 534 2558 nibus
570 2503 723 2574 prius
750 2504 1148 2576 gratulabatur,
1200 2505 1256 2560 in
1304 2507 1417 2561 suis
1467 2507 1814 2578 postmodum
1849 2523 1964 2578 per-

369 2594 745 2650 secutionibus
820 2594 1125 2650 laetabatur.
1192 2597 1311 2668 Ipse
1364 2612 1491 2668 ergo
1545 2597 1641 2670 qui
1716 2604 1848 2652 tunc
1906 2598 1964 2652 in

368 2686 618 2757 apostolo
697 2703 796 2741 suo
869 2684 1130 2740 virtutem
1202 2685 1358 2742 istam
1417 2687 1682 2756 exercuit,
1744 2686 1860 2758 ipse
1911 2693 1965 2741 et

367 2795 526 2835 nunc
581 2779 648 2835 de
706 2779 824 2850 ipso
881 2776 1183 2833 inferorum
1260 2779 1532 2847 conclavi,
1598 2786 1651 2835 et
1707 2795 1776 2834 ex
1833 2779 1965 2852 ipsis

369 2869 670 2925 draconum
703 2866 956 2922 faucibus
999 2867 1308 2923 animarum
1363 2875 1666 2924 vestrarum
1721 2869 1966 2940 captivi-

370 2967 537 3016 tatem
569 2959 792 3030 eripuit,
837 2967 890 3014 et
925 2959 1085 3014 vobis
1142 2975 1291 3016 nunc
1344 2977 1376 3016 a
1418 2959 1656 3016 tenebris
1687 2959 1752 3016 ad
1786 2961 1964 3016 lucem

369 3049 740 3107 remeantibus
800 3060 1016 3107 aeternae
1067 3049 1194 3106 vitae
1245 3049 1440 3122 januas
1495 3051 1770 3123 patefecit.
1825 3051 1964 3119 Quia

2076 1880 2129 1928 et
2159 1871 2306 1944 quod
2343 1871 2480 1928 satis
2526 1871 2726 1928 idonea
2754 1873 2966 1929 ratione
3004 1872 3282 1930 docuisset
3313 1874 3475 1928 istam
3506 1872 3680 1927 vitam

2074 1960 2366 2032 fugitivam
2411 1971 2465 2018 et
2513 1962 2900 2034 imaginariam
2943 1978 3081 2028 esse,
3125 1972 3180 2019 et
3227 1963 3308 2018 sic
3331 1961 3468 2018 dum
3502 1961 3683 2017 teneri

2073 2057 2316 2122 putatur,
2347 2051 2572 2106 auferri.
2605 2050 2872 2108 Narrabat
2919 2050 3107 2118 etiam,
3138 2050 3419 2124 quomodo
3451 2050 3684 2106 veniens

2077 2147 2298 2212 repente
2341 2141 2439 2195 lux
2489 2139 2556 2196 de
2600 2140 2738 2197 coelo
2774 2141 3160 2213 perlustrasset
3188 2157 3336 2209 eum,
3365 2148 3420 2196 et
3447 2157 3681 2214 quomoo

2076 2228 2148 2285 do
2175 2245 2404 2285 uxorem
2434 2228 2574 2303 ejus,
2617 2247 2737 2305 quae
2781 2246 2877 2302 per
2919 2247 3017 2287 sex
3059 2247 3234 2288 annos
3274 2237 3431 2286 muta
3473 2229 3682 2298 fuerat,

2075 2319 2208 2376 fecit
2237 2320 2411 2392 loqui.

2145 2413 2234 2470 34.
2304 2414 2443 2471 Cum
2504 2414 2620 2471 haec
2677 2423 2950 2472 narrasset
3014 2415 3355 2472 Nicostratus
3424 2412 3678 2480 Claudio,

2074 2503 2283 2564 corruit
2333 2507 2401 2562 ad
2449 2507 2611 2579 pedes
2656 2507 2949 2564 Nicostrati
2991 2507 3274 2576 Claudius,
3316 2506 3513 2562 dicens
3547 2524 3558 2560 :
3595 2506 3677 2559 Ex

2074 2596 2273 2652 amissa
2312 2595 2547 2668 conjuge
2597 2595 2734 2652 duos
2784 2597 2929 2653 ﬁlios
2976 2596 3172 2666 habeo,
3204 2613 3274 2653 ex
3303 2595 3508 2670 quibus
3539 2613 3678 2652 unus

2075 2685 2346 2758 hydropis
2373 2687 2566 2743 morbo
2595 2687 2876 2760 fatigatur,
2907 2687 3050 2744 alius
3079 2687 3320 2744 diversis
3349 2687 3677 2742 vulneribus

2075 2776 2446 2848 opprimitur;
2498 2794 2632 2849 rogo
2673 2786 2735 2833 ut
2770 2778 2966 2850 juheas
2989 2793 3081 2834 eos
3110 2777 3348 2834 visitari.
3378 2777 3502 2832 Non
3531 2777 3677 2832 enim

2075 2865 2269 2920 dubito
2314 2866 2462 2938 quod
2502 2867 2617 2934 ille,
2651 2867 2745 2940 qui
2790 2867 2970 2939 potuit
3001 2868 3177 2924 facere
3204 2877 3268 2924 ut
3300 2877 3425 2938 post
3452 2882 3549 2922 sex
3586 2882 3676 2921 an-

2074 2970 2176 3009 nos
2224 2954 2539 3027 loqueretur
2577 2973 2721 3010 uxor
2767 2964 2882 3025 tua,
2918 2956 3104 3023 faciat,
3136 2955 3180 3012 si
3213 2955 3484 3024 voluerit,
3515 2963 3579 3010 ut
3610 2954 3678 3010 ad

2074 3041 2220 3099 ﬁlios
2249 3060 2398 3100 meos
2443 3046 2648 3101 sanitas
2693 3045 2896 3102 redeat.
2929 3045 3001 3102 Et
3027 3045 3146 3103 haec
3171 3045 3364 3102 dicens
3404 3045 3680 3118 proripuit

367 3156 494 3212 ergo
529 3157 720 3196 omnes
749 3139 1043 3209 daemones,
1099 3141 1193 3212 qui
1248 3148 1377 3196 sunt
1430 3141 1776 3197 tenebrarum
1836 3141 1959 3211 ﬁlii,
1995 3172 2037 3231 Ο
2073 3147 2128 3231 ξε
2175 3134 2242 3188 ad
2287 3132 2512 3189 domum
2565 3151 2742 3203 suam,
2772 3143 2828 3190 et
2877 3134 3007 3191 fecit
3047 3135 3192 3191 inter
3230 3150 3430 3190 manus
3478 3133 3676 3194 adduci

366 3235 788 3304 contristantur,
808 3235 956 3292 unde
983 3243 1036 3292 et
1067 3251 1257 3291 omnes
1286 3233 1459 3290 sancti
1489 3234 1690 3306 angeli,
1722 3233 1813 3306 qui
1836 3241 1963 3289 sunt

367 3323 472 3378 ﬁlii
530 3326 689 3392 lucis,
751 3327 1117 3397 gratulantur,
1171 3324 1392 3381 accedat
1438 3324 1815 3398 unusquisque
1872 3340 1961 3380 ve-

366 3421 563 3481 strum,
595 3424 649 3470 et
679 3414 770 3469 det
797 3431 997 3468 nomen
1046 3432 1228 3482 suum,
1261 3423 1322 3469 ut
1351 3414 1620 3470 hodierno
1662 3414 1751 3470 die
1793 3431 1964 3488 usque

364 3509 432 3564 ad
465 3523 747 3578 vesperam
779 3515 1131 3576 percurrente
1173 3506 1409 3577 jejunio,
1461 3508 1719 3564 festivum
1760 3508 1959 3581 baptis-

366 3596 528 3654 matis
553 3603 956 3652 sacramentum
989 3603 1360 3668 opportunum
1417 3604 1633 3668 tempus
1691 3599 1956 3656 inveniat.

365 3685 583 3741 Iustum
616 3692 699 3740 est
743 3683 914 3754 enim,
956 3691 1018 3740 ut
1067 3686 1157 3740 lex
1204 3701 1235 3740 a
1282 3684 1502 3740 mortali
1542 3685 1750 3742 mundo
1778 3686 1958 3744 absce-

363 3774 498 3833 dens
545 3776 613 3832 ad
639 3784 854 3832 nostras
883 3785 1091 3833 mentes
1121 3776 1458 3833 immortales
1487 3776 1726 3847 accedat,
1767 3785 1828 3834 ut
1865 3781 1958 3852 qui

363 3865 420 3922 in
468 3865 574 3923 isto
605 3867 806 3923 saeculo
838 3865 1074 3922 volutati
1109 3866 1165 3922 in
1196 3867 1315 3922 luto
1365 3866 1715 3923 tenebrarum
1746 3885 1954 3939 sumus,

364 3973 504 4030 aqua
537 3955 992 4013 sanctiﬁcationis
1018 3955 1194 4011 abl'uti
1232 3973 1294 4014 ac
1325 3956 1595 4025 mundati,
1645 3965 1698 4013 et
1736 3959 1957 4015 sinceri-

362 4055 471 4104 tate
498 4047 680 4103 induti
711 4049 916 4104 alacres
943 4064 1234 4121 pergamus
1280 4047 1347 4104 ad
1396 4047 1700 4105 Christum.
1752 4049 1878 4108 Haec
1905 4057 1959 4106 et

362 4136 449 4191 his
477 4135 685 4203 similia
710 4145 1071 4207 prosequente
1101 4137 1156 4192 S.
1210 4137 1537 4211 Polycarpo,
1583 4139 1828 4195 universi
1873 4156 1959 4212 ga-

359 4224 466 4280 visi
522 4231 671 4291 sunt,
725 4233 778 4279 et
811 4226 1189 4298 unusquisque
1220 4244 1422 4284 nomen
1474 4246 1634 4286 suum
1667 4229 1958 4286 festinabat

361 4313 680 4386 priusquam
704 4312 1137 4384 interrogaretur
1165 4313 1379 4373 offerre.

935 4435 938 4438 ’
979 4438 1205 4496 CAPUT
1243 4439 1341 4495 XI.

359 4532 634 4608 Baptizati
683 4533 1048 4603 catechumeni,
1096 4550 1306 4604 unaque
1348 4531 1606 4588 Claudius
1654 4552 1768 4590 cum
1805 4536 1953 4608 ﬁliis.
1986 4533 2033 4591 D

433 4649 519 4706 32.
555 4649 801 4722 Cumque
835 4645 953 4704 hac
979 4653 1289 4720 agerentur,
1337 4645 1491 4701 venit
1520 4643 1782 4702 Claudius
1809 4663 1954 4703 com.

361 4739 749 4794 mentariensis
775 4737 842 4794 ad
873 4736 1232 4810 primiscrinii
1265 4734 1555 4792 Nicostrati
1587 4734 1836 4802 domum,
1858 4736 1952 4792 ubi

361 4826 466 4884 ista
497 4827 838 4899 agebantur;
893 4834 947 4883 et
999 4825 1134 4883 dicit
1188 4824 1535 4883 Nicostrate:
1589 4825 1955 4883 Vehementer

363 4917 690 4988 praefectura
714 4925 988 4973 commota
1013 4924 1115 4982 est,
1147 4917 1292 4989 quod
1316 4933 1573 4988 personas
1601 4933 1820 4974 reorum
1847 4928 1952 4974 tum

360 5005 561 5062 domus
589 5006 853 5062 custodias
911 5007 1052 5062 tradi
1087 5006 1322 5078 jussisti.
1380 5007 1492 5063 Hac
1521 5007 1588 5063 de
1623 5024 1785 5065 causa
1839 5009 1953 5064 suis

359 5103 415 5151 te
451 5095 618 5168 jussit
673 5096 964 5170 praefectus
1017 5096 1331 5167 aspectibus
1397 5099 1735 5168 praesentari.
1811 5097 1952 5154 Vide

357 5185 513 5256 quasi
552 5183 750 5242 debeas
786 5185 1151 5256 interrogatus
1194 5185 1322 5240 dare
1368 5201 1708 5256 responsum.
1744 5187 1950 5258 Ingres-

356 5289 450 5328 sus
475 5273 666 5346 itaque
704 5273 771 5330 ad
807 5274 1123 5346 praefectum
1153 5274 1515 5343 Nicostratus,
1562 5291 1688 5330 cum
1719 5274 1950 5332 interro-

357 5369 514 5432 gatus
541 5362 754 5430 fuisset,
781 5379 881 5418 cur
912 5379 1000 5419 eas
1032 5379 1309 5434 personas,
1357 5380 1492 5436 quas
1537 5363 1771 5420 carceris
1803 5366 1948 5422 clau-

357 5457 468 5505 stra
496 5451 824 5521 retinebant,
857 5467 968 5508 suae
1014 5451 1254 5508 voluerit
1287 5451 1483 5510 domus
1512 5453 1814 5528 mancipari
1845 5472 1951 5512 cu-

435 5664 550 5734 (37)
591 5665 754 5723 Multi
804 5667 1021 5723 codices
1077 5672 1310 5728 nondum
1362 5673 1609 5743 mittunt,
1658 5675 1812 5746 quasi
1869 5677 1934 5734 ad
1994 5676 2171 5751 lapsos
2200 5678 2273 5738 sit
2300 5677 2493 5740 oratio.

2072 3219 2211 3276 duos
2249 3220 2396 3278 ﬁlios
2441 3238 2590 3291 suos,
2621 3231 2677 3278 et
2719 3222 3077 3279 introducens
3122 3239 3215 3278 eos
3249 3222 3396 3278 intra
3425 3220 3673 3281 domum.

2071 3308 2167 3364 ubi
2199 3318 2355 3366 erant
2382 3311 2556 3367 sancti
2587 3312 2710 3379 Dei,
2744 3310 2974 3383 projecit
3001 3327 3093 3369 eos
3131 3319 3258 3368 ante
3297 3310 3466 3384 pedes
3484 3327 3671 3367 eorum

2072 3397 2306 3456 dicens:
2348 3399 2514 3456 Nulla
2567 3399 2786 3471 penitus
2839 3399 3136 3457 dubietatis
3191 3400 3348 3472 signa
3395 3401 3456 3456 in
3510 3400 3672 3456 corde

2072 3503 2194 3543 meo
2223 3497 2606 3545 remanserunt
2637 3507 2649 3545 :
2682 3489 2777 3546 sed
2805 3505 2875 3545 ex
2913 3497 3031 3546 toto
3072 3489 3236 3563 corde
3266 3490 3499 3546 credens
3529 3489 3670 3562 quod

2072 3578 2345 3648 Christus,
2375 3597 2537 3654 quem
2567 3580 2771 3649 colitis,
2817 3581 2932 3654 ipse
2973 3582 3047 3638 sit
3086 3597 3253 3638 verus
3296 3583 3466 3650 Deus,
3496 3581 3669 3637 detuli

2069 3668 2180 3727 huc
2233 3671 2393 3728 vobis
2451 3673 2564 3728 duo
2620 3671 2960 3729 incrementa
3018 3689 3158 3740 mea,
3228 3672 3460 3728 credens
3524 3670 3670 3744 quod

2069 3769 2290 3833 possent
2336 3776 2432 3832 per
2473 3777 2573 3817 vos
2619 3777 2651 3816 a
2696 3761 2891 3817 mortis
2919 3760 3164 3833 periculo
3189 3759 3434 3816 liberari.
3466 3759 3670 3815 Dicunt

2068 3850 2118 3906 ei
2148 3867 2338 3907 omnes
2378 3850 2544 3906 simul
2588 3850 2765 3908 sancti
2795 3849 2894 3908 Dei
2929 3868 2942 3906 :
2973 3850 3177 3906 Omnes
3215 3866 3354 3923 quos
3385 3848 3480 3905 hic
3508 3847 3668 3905 hodie

2068 3939 2363 3997 inﬁrmitas
2391 3941 2578 4014 aliqua
2604 3949 2774 4010 tenet,
2807 3957 2941 3997 mox
2971 3948 3035 3997 ut
3063 3939 3366 3998 Christiani
3394 3939 3528 3996 facti
3557 3939 3664 3995 fue-

2067 4030 2200 4098 rint,
2232 4029 2593 4086 sanabuntur.

2138 4117 2224 4175 35.
2266 4116 2513 4191 Cumque
2541 4118 2802 4176 clamaret
2829 4117 3092 4175 Claudius
3119 4118 3343 4176 credere
3380 4135 3462 4186 se,
3491 4126 3548 4174 et
3572 4116 3658 4173 de-

2066 4206 2302 4263 siderare
2328 4207 2448 4263 ﬁeri
2486 4206 2886 4275 Christianum,
2911 4208 3078 4280 jussit
3128 4208 3184 4264 S.
3218 4208 3559 4281 Polycarpus
3603 4212 3662 4261 ut

2065 4295 2260 4352 darent
2287 4295 2493 4368 singuli
2540 4298 2769 4353 nomina
2805 4313 2920 4354 sua.
2953 4297 3171 4352 Primus
3201 4297 3389 4368 itaque
3417 4297 3663 4352 omnium

2064 4383 2217 4440 dedit
2250 4400 2452 4440 nomen
2486 4401 2646 4460 suum
2677 4385 3095 4459 Tranquillinus
3139 4393 3296 4459 pater
3325 4384 3665 4442 Marcelliani

2065 4481 2118 4528 et
2146 4474 2332 4530 Marci.
2380 4475 2508 4532 Post
2561 4475 2712 4532 hunc
2739 4492 2835 4531 sex
2864 4475 3026 4532 amici
3071 4492 3285 4543 eorum,
3318 4473 3376 4530 id
3411 4484 3516 4543 est,
3546 4475 3666 4530 Ari-

2064 4570 2209 4632 ston,
2255 4563 2692 4634 Crescentianus,
2744 4564 3146 4638 Eutychianus,
3190 4564 3463 4633 Urbanus,
3514 4563 3662 4620 Vita-

2066 4652 2154 4720 lis,
2194 4661 2249 4708 et
2301 4651 2522 4719 Justus;
2555 4662 2678 4725 post
2714 4652 2815 4710 hos
2855 4654 3198 4710 Nicostratus
3226 4652 3660 4726 primiscrinius,

2063 4747 2116 4796 et
2147 4739 2426 4797 Castorius
2454 4741 2622 4797 frater
2658 4740 2794 4813 ejus,
2829 4751 2882 4798 et
2911 4742 3174 4799 Claudius
3201 4741 3662 4798 commentarien-

2062 4831 2156 4886 sis.
2208 4831 2337 4886 Post
2383 4831 2508 4886 hos-
2538 4831 2641 4886 ﬁlii
2695 4831 2931 4891 Claudii.
2978 4831 3356 4888 Felicissimus
3394 4841 3452 4888 et
3482 4832 3659 4887 Felix.

2061 4920 2190 4975 Post
2240 4919 2342 4975 hos
2398 4921 2598 4978 Marcia
2651 4931 2826 4978 mater
2869 4921 3205 4978 Marcelliani
3244 4929 3299 4977 et
3333 4922 3505 4977 Marci
3537 4939 3659 4978 cum

2061 5009 2331 5065 uxoribus
2359 5026 2547 5066 eorum
2579 5019 2632 5066 et
2674 5011 2806 5067 ﬁliis
2839 5029 2850 5067 :
2886 5011 3052 5067 simul
3082 5020 3264 5066 autem
3305 5019 3360 5067 et
3389 5010 3660 5084 Sympho-

2061 5115 2184 5156 rosa
2208 5116 2352 5156 uxor
2397 5100 2635 5169 Claudii,
2663 5110 2717 5157 et
2743 5101 2850 5156 Zoe
2877 5116 3021 5157 uxor
3046 5100 3368 5157 Nicostrati.
3401 5100 3535 5157 Post
3563 5100 3660 5157 hos

2061 5189 2242 5244 omnis
2272 5189 2483 5245 familia
2515 5206 2634 5263 quas
2679 5197 2794 5246 erat
2822 5190 2881 5245 in
2923 5190 3086 5246 domo
3111 5189 3436 5258 Nicostrati,
3460 5189 3659 5246 animae

2058 5277 2286 5350 triginta
2340 5285 2393 5334 et
2445 5286 2556 5334 tres
2602 5278 2900 5350 promiscui
2947 5295 3111 5335 sexus
3140 5286 3193 5335 et
3221 5281 3428 5348 atatis,
3456 5278 3658 5336 dehinc

2059 5385 2249 5424 omnes
2295 5369 2390 5442 qui
2440 5369 2614 5427 vincti
2660 5370 2878 5428 fuerant
2923 5386 2986 5429 ac
3031 5369 3099 5428 de
3129 5371 3368 5428 carceris
3404 5371 3655 5445 squalore

2057 5457 2304 5531 adducti,
2331 5461 2528 5519 animas
2557 5459 2814 5518 sedecim.

3362 5633 3421 5692 ἢ
