3880 6204
192 379 346 442 1129

1475 371 1666 436 ACTA
1705 383 1762 439 S.
1803 372 2234 440 SEBASTIANI.

3398 388 3531 452 “30

273 511 364 568 36.
400 510 572 582 Igitur
609 528 798 568 omnes
829 512 919 568 isti
948 527 1142 581 vam,
1173 527 1205 566 a
1233 508 1292 565 S.
1334 499 1644 580 Polycarpo
1679 527 1816 581 pre-
1837 509 1888 567 A
1917 511 2204 582 Agrestius
2258 508 2610 566 Chromatius
2660 511 2814 567 urbis
2868 510 3062 567 Roma
3114 517 3403 587 praefectus
3453 521 3524 574 ad

189 604 427 675 sbytero
452 601 740 674 baptizati,
783 609 838 657 et
865 618 895 656 a
923 603 977 657 S.
1009 601 1330 657 Sebastiano
1361 598 1599 669 suscepti
1631 609 1758 656 sunt
1792 618 1806 668 ;

190 693 537 749 feminarum
569 699 751 748 autem
800 700 999 748 matres
1048 692 1202 748 factae
1247 696 1376 746 sunt
1419 687 1644 744 Beatrix
1693 689 1808 760 (38)

191 789 256 837 et
284 782 498 837 Lucina
529 782 670 852 (39).
698 781 942 836 Primum
967 781 1150 853 itaque
1172 778 1387 837 Claudii
1412 777 1575 846 ﬁlios,
1610 778 1810 850 hydro-

192 873 396 944 picum
425 889 598 926 unum
642 880 697 926 et
745 871 977 926 alterum
1026 871 1351 926 vulneribus
1392 871 1636 941 plenum,
1683 885 1813 922 mox

192 961 306 1016 ubi
358 962 414 1017 in
464 961 689 1016 nomine
735 969 936 1017 sancta).
980 961 1268 1017 Trinitatis
1313 960 1582 1026 intinxit;
1633 960 1709 1014 ita
1746 958 1812 1013 de

195 1051 362 1107 fonte
393 1053 508 1106 sani
555 1052 754 1107 elevati
796 1060 944 1118 sunt,
992 1058 1054 1105 ut
1099 1067 1200 1107 nec
1237 1051 1455 1122 signum
1492 1051 1549 1105 in
1597 1050 1675 1104 eis
1717 1048 1812 1102 ali-

192 1142 367 1214 cujus
400 1141 576 1198 morbi
626 1143 888 1213 praeteriti
925 1143 1293 1198 remansisset.
1333 1142 1459 1197 Post
1501 1139 1601 1196 hos
1630 1148 1812 1195 autem

195 1233 516 1288 infantulos
561 1232 981 1304 Tranquillinus
1031 1239 1185 1303 pater
1231 1232 1324 1287 SS.
1376 1230 1711 1287 Marcelliani
1761 1235 1815 1283 et

195 1321 398 1387 Marci,
432 1322 526 1394 qui
557 1323 635 1376 ita
661 1322 954 1394 podagrico
998 1331 1052 1377 et
1081 1321 1391 1393 chiragrico
1421 1321 1600 1376 fuerat
1625 1319 1814 1374 dolore

199 1410 547 1465 constrictus
581 1409 720 1481 (40),
755 1420 817 1466 ut
846 1412 988 1466 sicut
1019 1428 1183 1482 supra
1227 1410 1438 1465 dictum
1482 1419 1583 1475 est,
1617 1409 1713 1462 vix
1756 1407 1812 1461 in

202 1500 468 1555 manibus
497 1508 825 1571 portaretur.
863 1502 1019 1556 Hunc
1050 1500 1180 1556 dum
1210 1507 1476 1556 exuerent
1521 1499 1814 1554 indumen-

203 1589 306 1657 tis,
339 1598 392 1646 et
434 1590 529 1645 ille
576 1590 910 1646 intolerabili
957 1608 1014 1646 se
1061 1590 1266 1646 diceret
1313 1590 1501 1645 dolore
1546 1588 1811 1660 torqueri,

202 1678 513 1750 interrogat
567 1695 691 1734 eum
751 1679 1089 1750 Polycarpus
1158 1678 1464 1750 presbyter,
1537 1677 1729 1732 dicens
1799 1695 1809 1732 :

199 1767 614 1840 Tranquilline,
675 1767 720 1823 si
767 1785 835 1824 ex
876 1776 992 1824 toto
1039 1769 1202 1824 corde
1249 1767 1427 1823 credis
1465 1767 1813 1838 unigenitum

199 1857 417 1912 Filium
448 1856 547 1913 Dei
577 1858 876 1913 Dominum
910 1857 1093 1912 Jesum
1125 1855 1407 1913 Christum
1451 1855 1554 1911 tibi
1584 1855 1814 1910 salutem

197 1963 366 2018 posse
407 1948 677 2016 conferre,
719 1953 773 2002 et
811 1946 1069 2002 omnibus
1111 1946 1348 2018 peccatis
1384 1944 1496 2000 tuis
1527 1944 1814 2016 indulgen-

201 2038 348 2094 tiam
377 2037 712 2106 condonare,
742 2037 965 2110 proprio
995 2054 1088 2093 ore
1137 2036 1362 2093 edicito.
1397 2036 1816 2108 Tranquillinus

202 2127 540 2198 respondit:
577 2128 692 2197 Ego
741 2126 1140 2195 indulgentiam
1184 2126 1356 2180 solam
1402 2123 1639 2196 peccatis
1681 2123 1818 2177 meis

201 2215 330 2270 dari
364 2223 418 2270 et
461 2214 711 2270 desidero
756 2221 811 2266 et
856 2214 1040 2268 credo.
1085 2212 1378 2280 Casterum,
1421 2211 1524 2268 etsi
1560 2220 1682 2283 post
1726 2211 1815 2266 ba-

202 2303 489 2377 ptismatis
515 2301 685 2373 hujus
711 2300 1200 2358 sanctiﬁcationem
1232 2301 1290 2355 in
1320 2300 1609 2356 doloribus
1638 2300 1813 2366 fuero,

202 2410 322 2450 non
353 2400 543 2464 potero
589 2391 656 2446 de
707 2390 814 2446 ﬁde
846 2390 1052 2447 Christi
1089 2390 1324 2446 ulterius
1353 2389 1605 2444 dubitare
1639 2407 1650 2444 :
1683 2405 1818 2460 pro-

200 2484 340 2541 bavi
369 2484 518 2538 enim
547 2489 601 2538 et
627 2498 695 2538 ex
736 2489 854 2538 toto
883 2480 1046 2538 corde
1083 2479 1333 2548 credens,
1367 2479 1424 2535 in
1470 2495 1591 2534 mea
1635 2488 1816 2535 mente

203 2572 486 2639 consensi,
519 2571 667 2644 quod
697 2570 872 2626 Filius
914 2571 1013 2626 Dei
1053 2570 1124 2626 sit
1155 2571 1425 2626 Dominus
1453 2569 1607 2624 Iesus
1651 2567 1813 2626 Chri-

207 2673 354 2732 stus,
386 2663 480 2735 qui
524 2670 701 2734 potest
733 2669 786 2716 et
815 2661 1102 2717 animabus
1131 2668 1184 2717 et
1212 2660 1534 2732 corporibus
1582 2661 1814 2716 salutem

206 2754 476 2819 tribuere,
526 2759 578 2806 et
631 2769 662 2806 a
704 2758 880 2806 morte
927 2758 1131 2806 aeterna
1171 2750 1239 2805 ad
1283 2751 1452 2805 vitam
1499 2757 1814 2821 perpetuam

207 2858 492 2898 revocare.
556 2842 683 2896 Haec
732 2857 857 2896 cum
898 2839 1130 2896 dixisset
1177 2856 1311 2895 voce
1361 2856 1575 2911 magna,
1627 2854 1816 2895 omnes

206 2931 390 2988 sancti
427 2948 534 3002 prae
584 2928 782 3002 gaudio
832 2929 1102 3000 lacrymas
1144 2929 1518 2996 eﬁ‘undebant,
1562 2937 1615 2984 et
1662 2945 1812 3000 rogao

203 3022 348 3078 bant
390 3019 692 3074 Dominum
739 3026 802 3073 ut
844 3018 972 3074 ﬁdei
1014 3017 1130 3089 ejus
1175 3018 1387 3074 fructus
1416 3019 1811 3075 ostenderetur.

208 3110 452 3166 Sanctus
509 3109 678 3178 igitur
725 3107 1063 3179 Polycarpus
1112 3107 1392 3162 confessor
1436 3116 1489 3162 et
1531 3106 1817 3178 presbyter

208 3217 349 3256 mox
396 3206 456 3252 ut
504 3215 629 3253 eum
677 3197 991 3255 chrismatis
1025 3196 1140 3268 (41)
1187 3195 1373 3251 linivit
1402 3201 1701 3266 unguento,
1734 3195 1814 3249 in-

209 3289 518 3360 terrogavit
565 3303 688 3342 eum
749 3287 970 3355 iterum,
1017 3286 1062 3342 si
1103 3285 1346 3342 crederet
1395 3284 1452 3339 in
1499 3285 1709 3339 Patrem
1759 3292 1813 3339 et

206 3377 420 3434 Filium
457 3385 510 3432 et
539 3376 808 3447 Spiritum
840 3385 1088 3431 sanctum
1124 3395 1136 3443 ;
1175 3375 1356 3430 statim
1393 3381 1454 3428 ut
1483 3372 1763 3444 respondit
1796 3393 1807 3429 :

201 3467 405 3534 Credo,
457 3469 709 3522 resolutae
753 3475 882 3522 sunt
928 3483 1121 3522 manus
1176 3464 1294 3536 ejus
1341 3481 1459 3538 quae
1515 3472 1668 3518 erant
1716 3481 1810 3519 no-

205 3559 382 3626 dosae,
441 3565 495 3612 et
546 3574 720 3629 genua
763 3557 928 3612 simul
978 3566 1030 3612 et
1080 3557 1280 3628 planta;
1327 3555 1527 3626 pedum
1577 3553 1694 3625 ejus
1735 3553 1813 3608 ita

203 3657 342 3706 sunt
370 3647 678 3704 incolumes
701 3646 952 3714 redditae,
982 3654 1044 3702 ut
1083 3663 1145 3703 ac
1172 3645 1218 3701 si
1249 3646 1510 3717 puerulus
1535 3643 1811 3700 renovatis

203 3737 444 3812 pedibus
474 3737 586 3792 suis
623 3736 677 3790 in
731 3735 938 3791 fontem
987 3735 1338 3792 descenderet
1375 3736 1617 3791 clamans
1645 3742 1700 3788 et
1729 3732 1809 3788 di-

201 3844 338 3884 cens
371 3845 384 3884 :
419 3827 501 3882 Tu
538 3841 595 3881 es
622 3827 767 3884 Deus
813 3843 958 3883 unus
1000 3834 1053 3882 et
1096 3843 1278 3895 verus,
1324 3842 1484 3898 quem
1513 3825 1679 3880 miser
1707 3822 1809 3879 iste

201 3916 449 3974 mundus
479 3917 712 3989 ignorat.

278 4007 368 4064 37.
412 4007 529 4062 Hoc
580 4007 763 4080 itaque
810 4006 1004 4063 ordine
1050 4024 1149 4063 suo
1195 4006 1491 4078 baptizato,
1537 4003 1805 4071 universi,

201 4104 374 4170 prout
413 4096 779 4167 competebat,
809 4095 1067 4168 baptizati
1100 4105 1247 4164 sunt,
1273 4104 1326 4151 et
1353 4113 1446 4167 per
1474 4094 1592 4149 dies
1619 4093 1806 4148 decem

201 4187 299 4260 qui
335 4185 454 4258 (42)
502 4192 824 4254 supererant
856 4184 1134 4252 dilationi,
1184 4201 1348 4256 quam
1381 4191 1715 4250 meruerant,
1749 4182 1806 4236 in

199 4278 304 4334 Dei
351 4273 613 4330 laudibus
661 4273 1018 4344 perdurantes
1060 4273 1332 4330 ducebant
1365 4275 1482 4329 dies
1529 4283 1581 4329 et
1620 4279 1806 4328 noctes

202 4368 261 4426 in
289 4365 519 4440 hymnis
557 4371 611 4419 et
639 4363 890 4430 canticis,
924 4371 978 4418 et
1008 4363 1163 4435 quasi
1205 4363 1395 4418 ﬁdeles
1423 4363 1627 4418 milites
1656 4378 1804 4433 para-

200 4456 339 4516 bant
368 4458 584 4513 animos
629 4471 756 4510 suos
808 4453 874 4509 ad
921 4453 1296 4512 dimicandum
1344 4471 1444 4526 pro
1474 4453 1680 4510 Christi
1711 4472 1804 4510 no-

202 4550 356 4605 mine
385 4549 443 4603 in
473 4547 740 4619 martyrio
783 4544 1061 4613 bellaturi,
1116 4544 1192 4600 ita
1219 4552 1281 4599 ut
1310 4554 1363 4600 et
1392 4545 1449 4599 in
1480 4544 1805 4600 mulieribus

201 4649 257 4696 et
287 4637 579 4693 infantulis
607 4652 761 4691 amor
814 4635 1049 4690 ferveret
1093 4634 1367 4706 martyrii,
1399 4641 1453 4689 et
1483 4634 1722 4689 invicem
1749 4651 1803 4689 se
1834 4612 1881 4670 D

199 4727 272 4785 ad
301 4726 702 4784 confessionem
754 4725 931 4781 sancti
979 4723 1223 4780 nominis
1269 4732 1463 4780 contra
1507 4723 1803 4780 diabolicas

201 4820 348 4877 acies
382 4821 766 4889 praepararent.

805 4919 1031 4981 CAPUT
1075 4922 1196 4978 XII.

197 5015 437 5072 Errores
479 5013 761 5069 Gentilium
807 5030 984 5067 coram
1018 5009 1323 5069 Chromatio
1378 5011 1529 5067 Urbis
1553 5011 1800 5081 prmfecto

623 5102 882 5173 confutati
919 5122 951 5157 a
991 5101 1383 5172 Tranquilline.

275 5200 367 5258 38.
398 5200 601 5256 Diebus
628 5199 739 5272 (43)
772 5199 942 5271 igitur
968 5207 1199 5271 acceptae
1229 5197 1513 5254 dilationis
1542 5198 1795 5270 eXpletis,

277 5383 396 5456 (38)
430 5383 643 5456 Colitur
672 5383 725 5438 S.
760 5384 984 5441 Beatrix
1009 5387 1079 5442 29
1104 5385 1214 5441 Jul.

277 5451 396 5527 (39)
427 5456 502 5509 De
517 5455 634 5527 Ahac
663 5456 868 5511 Lucina
899 5467 1080 5513 actum
1114 5458 1179 5512 16
1207 5457 1426 5512 Januar.
1479 5453 1536 5507 in
1581 5451 1711 5510 Vita
1739 5452 1792 5507 S.

192 5525 468 5585 Marcelli.
503 5525 719 5582 Colitur
750 5527 818 5582 30
847 5529 1017 5586 Junii.

301 5596 395 5665 40)
429 5597 542 5662 ΑΙ.,
574 5604 888 5655 contractus.

301 5669 394 5734 41)
428 5667 540 5732 ΑΙ.,
569 5669 688 5722 olei.

273 5737 394 5811 (42)
431 5738 659 5793 Addunt
687 5740 906 5810 quidam
939 5741 1178 5810 codices,
1204 5748 1250 5796 et
1279 5756 1387 5795 sex.

479 5830 724 5892 'I’Arnon.
765 5838 940 5895 XVII.

1918 617 1974 655 se
2003 599 2446 672 Tranquillinum
2478 607 2683 672 patrem
2723 597 3069 657 Marcelliani
3117 612 3172 660 et
3213 606 3380 661 Marci
3411 623 3516 662 ve—

1921 691 2039 746 nire
2064 689 2241 762 jubet.
2283 690 2454 757 Quem
2488 707 2612 746 cum
2643 691 2710 746 de
2738 706 2967 746 suorum
2999 696 3338 765 perquireret
3366 695 3516 750 arbi-

1920 783 2028 838 trio
2058 782 2324 850 ﬁliorum,
2357 781 2774 854 Tranquillinus
2801 782 3121 852 respondit:
3155 784 3237 838 Ad
3266 784 3516 840 referen-

1921 872 2018 928 das
2046 871 2329 928 beneﬁciis
2360 873 2557 928 vestris
2587 872 2787 944 gratias
2815 873 3004 927 nullus
3043 872 3182 926 mihi
3213 873 3324 928 oris
3350 873 3516 928 suﬂi-

1922 962 1998 1019 cit
2048 979 2248 1018 sermo.
2300 962 2416 1018 Nisi
2461 962 2608 1017 enim
2656 970 2939 1018 currentes
2991 961 3288 1017 sententias
3344 963 3514 1018 vestri

1923 1053 2078 1108 frena
2109 1053 2503 1108 moderaminis
2532 1054 2858 1121 tenuissent,
2898 1061 2952 1107 et
2981 1069 3080 1125 ego
3106 1052 3250 1107 ﬁlios
3287 1053 3515 1109 amisis-

1923 1159 2057 1209 sem,
2083 1151 2135 1197 et
2167 1159 2252 1197 me
2284 1149 2489 1214 patrem
2521 1142 2625 1197 ﬁlii
2655 1160 2764 1199 non
2795 1142 3079 1199 haberent.
3113 1142 3509 1214 Congratulan-

1922 1239 2014 1287 tur
2060 1231 2199 1286 mihi
2241 1248 2451 1299 omnes,
2499 1248 2634 1304 quos
2680 1240 2828 1288 tenet
2870 1241 3128 1303 paternus
3164 1233 3411 1300 affectus,
3461 1239 3516 1288 et

1923 1321 2117 1393 pungit
2158 1322 2444 1379 charitatis
2485 1324 2782 1391 stimulus;
2840 1324 3005 1378 etiam
3063 1331 3268 1392 vestra,
3326 1323 3512 1392 credo,

1925 1411 2072 1482 quod
2105 1414 2243 1468 mihi
2273 1413 2610 1486 congaudeat
2643 1413 2935 1478 celsitudo,
2978 1413 3195 1484 quando
3227 1413 3516 1474 morituris

1924 1500 2040 1556 vita
2075 1504 2294 1572 collata,
2339 1512 2393 1559 et
2417 1506 2599 1562 anxiis
2628 1506 2821 1562 lzetitia
2859 1506 3095 1574 reddita,
3136 1505 3391 1562 sollicitis
3421 1521 3517 1562 se-

1927 1593 2130 1648 curitas
2161 1595 2417 1650 restituta
2449 1595 2587 1667 (44).

1999 1684 2086 1740 39.
2121 1685 2273 1742 Tunc
2303 1688 2594 1758 praefectus
2613 1688 2892 1744 aestimans
2922 1687 3066 1744 ﬁlios
3088 1687 3205 1759 ejus
3225 1705 3351 1744 suas
3372 1687 3516 1744 velle

1927 1775 2092 1830 idolis
2122 1776 2388 1833 inclinare
2416 1777 2678 1846 cervices,
2709 1779 2821 1834 ait:
2859 1777 3116 1835 Venienti
3148 1794 3275 1850 ergo
3305 1779 3395 1834 die
3427 1777 3517 1834 deo

1848 1882 1894 1942 Β
1924 1863 2042 1919 bita
2092 1863 2206 1935 (45)
2260 1865 2584 1921 numinibus
2609 1882 2641 1921 a
2667 1866 2801 1922 ﬁliis
2830 1866 2942 1921 tuis
2977 1866 3142 1922 thura
3171 1866 3474 1922 reddantur
3502 1886 3513 1922 :
3559 1857 3562 1860 ’

1925 1969 2022 2024 per
2061 1969 2184 2025 quas
2233 1961 2287 2007 et
2321 1961 2382 2008 tu
2424 1954 2556 2010 ﬁliis
2598 1972 2910 2027 perseveres
2951 1955 3266 2023 incolumis,
3317 1964 3370 2011 et
3415 1955 3520 2011 tibi

1925 2041 2027 2096 ﬁlii
2059 2041 2462 2098 condonentur.
2488 2043 2736 2099 Audiens
2765 2044 2884 2100 haec
2911 2044 3326 2116 Tranquillinus
3347 2043 3514 2101 dixit:

1927 2132 2302 2188 Illustrissime
2352 2135 2620 2204 virorum,
2679 2135 2954 2191 examinis
3000 2135 3170 2192 vestri
3219 2135 3416 2191 libram
3470 2135 3516 2192 si

1925 2219 2114 2275 velitis
2143 2237 2269 2293 erga
2297 2238 2383 2277 me
2408 2229 2461 2277 et
2496 2222 2641 2278 ﬁlios
2682 2240 2833 2296 meos
2875 2240 3029 2296 aequa
3074 2224 3227 2279 lance
3269 2239 3516 2296 pensare,

1927 2325 2216 2379 agnoscere
2276 2311 2528 2381 poteritis
2591 2311 2699 2368 hoc
2752 2295 3127 2369 Cﬁristianum
3186 2313 3515 2370 vocabulum

1926 2414 2136 2467 magnae
2189 2415 2303 2455 esse
2360 2400 2605 2456 virtutis.
2673 2401 2970 2458 Praefectus
3027 2402 3209 2458 dixit:
3280 2403 3518 2471 Insanis,

1925 2488 2323 2559 Tranquilline.
2383 2490 2798 2562 Tranquillinus
2854 2491 3174 2562 respondit:
3242 2494 3517 2550 Insaniam

1924 2594 2115 2649 passus
2159 2595 2303 2645 sum,
2363 2585 2417 2634 et
2445 2579 2643 2634 anima:
2674 2586 2728 2633 et
2757 2579 3032 2650 corporis;
3095 2580 3189 2636 sed
3220 2582 3404 2636 statim
3453 2591 3519 2638 ut

1925 2666 2132 2722 credidi
2177 2665 2418 2734 Christo,
2452 2674 2505 2722 et
2546 2667 2743 2722 animae
2792 2683 2924 2723 meae
2955 2668 3136 2740 recepi
3177 2676 3231 2724 et
3267 2671 3515 2742 corporis

1925 2754 2233 2812 sanitatem.

1996 2854 2084 2911 40.
2119 2855 2412 2912 Praefectus
2442 2855 2587 2913 dixit
2613 2876 2623 2913 :
2679 2859 2816 2929 Ego,
2860 2866 2922 2914 ut
2949 2858 3131 2927 video,
3188 2859 3256 2915 ad
3284 2859 3390 2918 hoc
3419 2861 3516 2918 in-

1925 2945 2114 3002 ducias
2161 2947 2436 3002 sceleratis
2485 2947 2616 3003 ﬁliis
2661 2950 2772 3004 tuis
2813 2949 3027 3005 dedisse
3062 2967 3382 3023 cognoscor,
3451 2957 3516 3008 ut

1925 3052 2036 3090 non
2067 3037 2242 3092 solum
2273 3045 2334 3091 tu
2370 3037 2496 3092 illos
2534 3037 2601 3091 ab
2631 3053 2812 3094 errore
2846 3055 2957 3094 non
2990 3040 3234 3108 tolleres,
3286 3040 3382 3097 sed
3430 3040 3514 3096 illi

1924 3131 1977 3179 te
2020 3126 2134 3180 suis
2187 3126 2467 3181 erroribus
2513 3127 2812 3183 irretirent.
2864 3129 3282 3202 Tranquillinus
3324 3130 3511 3187 dixit:

1924 3216 2025 3271 Per
2055 3217 2280 3288 gloriam
2315 3223 2572 3284 vestram,
2624 3233 2824 3272 nomen
2857 3218 3035 3289 ipsum
3071 3219 3273 3275 erroris
3321 3220 3516 3277 discu—

1921 3305 2042 3372 tite,
2066 3315 2119 3361 et
2146 3305 2328 3360 videte
2359 3321 2480 3378 quas
2509 3322 2672 3377 opera
2704 3306 2904 3361 erroris
2944 3307 3166 3362 nomine
3193 3323 3511 3380 nuncupen-

1920 3403 2030 3451 tur.
2083 3396 2380 3452 Prasfectus
2423 3397 2614 3454 dixit:
2667 3398 2751 3453 Tu
2797 3397 2887 3453 dic
2932 3413 3051 3469 quae
3106 3415 3268 3469 opera
3314 3399 3515 3456 erroris

1921 3501 2120 3540 nomen
2173 3485 2465 3556 accipiant.
2551 3485 2967 3558 Tranquillinus
3021 3485 3206 3542 dixit:
3293 3487 3513 3545 Primus

1920 3591 2071 3630 error
2107 3583 2187 3631 est
2213 3577 2360 3632 viam
2392 3577 2520 3632 vitm
2551 3576 2881 3648 relinquere,
2928 3583 2982 3631 et
3009 3592 3106 3647 per
3134 3577 3282 3632 viam
3313 3579 3510 3636 mortis

1921 3674 2195 3737 gratanter
2251 3665 2521 3722 incedere.
2573 3665 2869 3720 Praefectus
2926 3663 3108 3720 dixit:
3156 3666 3228 3720 Et
3270 3683 3391 3740 qua;
3431 3676 3512 3723 est

1918 3755 2010 3811 via
2037 3757 2232 3811 mortis
2252 3757 2280 3811 ἱ)
2326 3755 2744 3828 Tranquillinus
2772 3755 2952 3810 dixit:
2997 3755 3117 3810 Non
3150 3755 3253 3810 tibi
3285 3756 3510 3812 videtur

1919 3846 2010 3901 via
2038 3847 2233 3901 mortis
2262 3861 2398 3910 esse,
2431 3845 2663 3900 mortuis
2694 3844 3018 3900 hominibus
3045 3843 3278 3899 Deitatis
3304 3860 3508 3900 nomen

1918 3935 2220 4005 imponere,
2272 3942 2326 3988 et
2376 3935 2576 4006 ﬁguras
2623 3951 2810 3990 eorum
2866 3950 2962 4007 per
3011 3934 3160 4006 ligna
3201 3941 3253 3989 et
3303 3933 3509 4006 lapides

1917 4022 2143 4079 adorare
2166 4022 2194 4076 ?

1988 4119 2076 4174 41.
2110 4117 2407 4173 Prrefectus
2437 4117 2582 4172 dixit
2608 4136 2618 4172 :
2669 4117 2814 4190 Ergo
2843 4134 2954 4173 non
2985 4124 3113 4173 suut
3141 4116 3218 4172 dii
3252 4134 3388 4190 quos
3419 4135 3504 4177 co-

1918 4208 2127 4263 limus?
2188 4206 2606 4278 Tranquillinus
2635 4205 2810 4262 dixit:
2870 4208 2932 4262 In
2978 4213 3194 4262 tantum
3235 4223 3348 4262 non
3377 4217 3506 4264 sunt

1915 4299 1993 4355 dii
2025 4307 2087 4354 ut
2115 4299 2327 4369 legatur
2356 4298 2412 4352 in
2440 4298 2724 4355 codicibus
2754 4299 2993 4371 publicis
3048 4298 3188 4371 (46),
3239 4308 3292 4356 et
3341 4317 3503 4373 quam

1916 4389 2055 4445 male
2086 4388 2197 4443 sint
2232 4388 2368 4457 nati,
2411 4396 2463 4443 et
2494 4405 2656 4462 quam
2688 4389 2909 4464 iniquos
2938 4399 2991 4446 et
3019 4390 3268 4446 crudeles
3296 4398 3350 4446 et
3377 4407 3505 4447 sce-

1915 4480 2114 4535 leratos
2144 4486 2392 4550 parentes
2423 4477 2719 4535 habuerint
2751 4498 2765 4546 ;
2817 4489 2870 4536 et
2899 4497 3060 4552 quam
3093 4479 3282 4551 inique
3330 4486 3384 4534 et
3410 4479 3502 4535 do-

1918 4573 2027 4628 lose
2071 4582 2124 4629 et
2169 4572 2548 4628 fraudulenter
2578 4572 2856 4640 vixerint;
2899 4579 2952 4626 et
2998 4589 3161 4644 quam
3209 4571 3502 4627 miserabi-

1913 4664 2039 4718 liter
2092 4663 2296 4720 mortui
2353 4664 2482 4718 sint.
2551 4662 2832 4733 Numquid
2888 4670 3177 4733 antequam
3235 4660 3503 4718 Saturnus

1915 4752 2264 4810 Cretensibus
2296 4753 2607 4824 imperaret,
2659 4759 2711 4806 et
2753 4749 2993 4804 ﬁliorum
3039 4767 3262 4805 suorum
3313 4767 3502 4808 carnes

1913 4842 2242 4909 comederet,
2294 4844 2438 4897 Deus
2477 4841 2534 4894 in
2565 4839 2718 4894 caelis
2756 4855 2864 4893 non
2897 4848 3028 4908 erat,
3079 4849 3172 4896 aut
3213 4840 3372 4897 Creta
3403 4841 3500 4897 in-

1911 4931 2034 4988 sula
2071 4931 2305 4987 habebat
2335 4946 2538 5002 regem,
2585 4938 2639 4985 et
2667 4929 2789 4985 cceli
2831 4930 3005 4984 Deum
3039 4946 3147 4985 non
3179 4929 3502 4988 habebant?

1910 5020 2082 5076 Valde
2115 5028 2254 5076 errat
2301 5018 2395 5089 qui
2437 5024 2592 5089 putat
2622 5018 2811 5074 Jovem
2844 5017 3018 5073 ﬁlium
3054 5018 3192 5090 ejus,
3233 5018 3501 5090 imperare

1910 5112 2259 5178 fulminibus,
2296 5109 2728 5165 homuncionem
2762 5110 2817 5165 in
2858 5128 2966 5182 quo
3003 5109 3210 5165 malitia
3239 5116 3292 5164 et
3326 5109 3501 5165 libido

1857 5235 1869 5244 -
1908 5203 2184 5274 regnabat.
2236 5201 2409 5268 Quem
2441 5217 2552 5256 non
2589 5208 2906 5271 persecutus
2936 5207 3034 5265 est,
3087 5198 3181 5269 qui
3214 5199 3355 5269 patri
3385 5215 3498 5254 non

1981 5383 2095 5455 (43)
2139 5385 2410 5456 Scriptum
2435 5393 2548 5441 erat
2571 5386 2627 5440 in
2648 5383 2920 5440 Rosweidi
2947 5383 3314 5456 autographo:
3342 5383 3496 5437 Liber

1908 5473 1968 5510 ιι.
2005 5459 2150 5538 liam
2183 5455 2514 5512 divisionem
2558 5458 2614 5512 in
2661 5458 2815 5512 nullo
2856 5455 3165 5526 exemplari
3224 5461 3493 5526 repertam

1907 5543 2211 5582 OIHISImUS.

1985 5598 2099 5670 (44)
2145 5600 2256 5668 AL,
2291 5606 2608 5654 constructa.

1982 5668 2098 5796 545)
2140 5670 2238 5724 Ms.
2273 5673 2327 5726 S.
2360 5671 2523 5738 Gist.,
2558 5670 2674 5724 veni
2700 5687 2818 5739 ergo
2841 5668 2991 5723 hodie
3020 5675 3064 5721 et
3093 5668 3284 5722 debila.

2008 5739 2098 5796 46)
2144 5742 2252 5796 ΑΙ..
2288 5743 2496 5795 vestris.

2008 5739 2098 5802 46)
2144 5742 2226 5796 ΑΙ.
2241 5785 2252 5802 ,
2288 5743 2471 5794 vestris
2486 5784 2496 5795 .

3147 5833 3214 5888 30
