3880 6204
484 366 618 423 1131

1488 371 1583 425 ΑΙ)
1624 370 1857 428 OPERA
1894 369 1951 426 S.
1991 371 2322 430 AMBROSII
2359 368 2738 429 APPENDIX.

3669 374 3779 431 1132

480 491 773 564 pepercit?
823 494 936 547 Aut
982 507 1144 563 quam
1206 491 1423 546 sordem
1473 508 1585 547 non
1632 495 1901 562 exercuit,
1966 497 2063 569 qui
2097 500 2252 558 Aest
2281 513 2443 569 quem
2472 496 2676 565 colitis,
2709 494 3011 565 Christum,
3059 513 3225 571 quem
3262 497 3455 554 Judaei
3506 499 3781 557 cruciﬁxe-

476 602 631 641 suam
660 600 973 657 germanam
1002 584 1213 655 accepit
1243 600 1475 639 uxorem
1503 585 1531 640 γ
1575 587 1637 640 1n
1666 586 1807 654 foro,
1851 588 1909 642 in
1941 589 2069 660 pla-

476 674 600 742 teis,
631 674 691 729 in
720 673 998 739 domibus,
1035 679 1198 744 atque
1228 671 1285 727 in
1315 673 1469 728 omni
1502 673 1622 730 loco
1654 676 1899 747 quotidie
1941 676 2067 748 legi-

476 781 622 831 mus,
667 764 796 835 quia
822 761 1203 816 sordidissima
1228 762 1373 818 Juno
1404 763 1551 835 quod
1578 772 1630 818 et
1659 782 1815 820 soror
1841 774 1894 821 et
1926 784 2067 822 con-

470 852 576 923 jux
625 852 792 905 fuerit
841 848 1145 920 gloriatur:
1201 857 1254 904 et
1304 851 1448 923 rapti
1505 851 1840 925 Ganymedis
1892 856 2068 911 honor

474 940 829 1013 turpissimus
857 947 1019 1012 atque
1049 938 1447 996 incestissimus
1479 941 1549 997 ab
1576 943 1729 1014 ipsis,
1786 962 1818 1000 a
1868 947 2068 1018 quibus

472 1026 627 1084 Jovis
655 1026 877 1093 colitur,
908 1042 1018 1082 non
1048 1035 1297 1099 negatur.
1328 1030 1450 1085 Non
1479 1047 1607 1102 ergo
1638 1050 1804 1103 erras,
1831 1037 1918 1091 vir
1942 1037 2065 1093 sub-

473 1117 788 1185 limissime,
837 1116 933 1189 qui
971 1118 1106 1174 tales
1138 1119 1295 1187 colis,
1340 1122 1528 1193 quales
1570 1124 1831 1181 Romanae
1870 1126 2067 1197 jubent

475 1207 621 1279 leges
661 1222 761 1278 pro
788 1207 874 1261 sui
922 1204 1052 1262 facti
1113 1208 1374 1280 qualitate
1430 1209 1703 1281 damnari,
1763 1223 1818 1270 et
1872 1217 2066 1273 relicto

472 1299 588 1354 Deo
619 1296 998 1367 omnipotente
1039 1296 1135 1368 qui
1165 1297 1224 1352 in
1257 1297 1414 1353 caelis
1443 1308 1651 1371 regnat,
1701 1302 1874 1374 lapidi
1903 1306 2062 1375 dicis,

473 1388 620 1444 Deus
649 1401 802 1441 meus
831 1402 889 1441 es
917 1393 979 1440 tu
1005 1403 1016 1440 :
1050 1393 1105 1440 et
1136 1386 1285 1458 ligno
1314 1387 1482 1444 dicis:
1516 1390 1737 1463 Adjuva
1766 1395 1897 1449 me?

543 1473 632 1531 42.
666 1473 960 1530 Praefectus
989 1472 1134 1529 dixit
1158 1493 1169 1530 :
1196 1475 1283 1529 Ex
1309 1492 1418 1549 quo
1447 1479 1690 1549 coepistis
1720 1480 2063 1554 blasphema-

471 1582 531 1623 re
556 1565 707 1632 deos,
756 1571 811 1619 et
843 1579 874 1618 a
902 1564 1120 1619 cultura
1149 1580 1337 1620 eorum
1369 1567 1643 1636 recedere,
1674 1587 1743 1625 ex
1776 1588 1840 1627 eo
1869 1571 2064 1629 diver-

469 1655 546 1713 sis
574 1654 690 1726 (47)
728 1652 979 1711 cladibus
1006 1655 1287 1711 Romanus
1319 1657 1471 1713 orbis
1496 1660 1846 1732 opprimitur.
1880 1663 2062 1719 Tran-

469 1743 739 1817 quillinus
769 1742 1053 1814 respondit
1078 1762 1090 1799 :
1123 1747 1246 1801 Non
1275 1754 1357 1802 est
1385 1764 1600 1804 verum.
1631 1749 1768 1805 Nam
1799 1751 1846 1806 si
1875 1768 2058 1808 reman-

465 1852 584 1891 seas
614 1834 844 1892 decadas
879 1837 1027 1907 stylo
1056 1836 1203 1891 Livii
1258 1836 1376 1908 (48)
1428 1838 1684 1909 digestas,
1734 1842 1852 1897 illic
1890 1844 2058 1898 inve-
2090 1858 2135 1917 Β
2168 1841 2274 1913 lige
2322 1842 2610 1898 veritatem
2661 1861 2674 1898 :

465 1924 586 1981 nies
613 1923 736 1979 Jovi
768 1923 931 1980 thura
961 1933 1248 1996 ponentes,
1272 1942 1381 1981 una
1410 1927 1499 1982 die
1528 1929 1727 2001 viginti
1749 1932 1855 1987 tria
1884 1933 2060 1989 millia

462 2012 694 2070 Romani
742 2014 1017 2070 exercitus
1057 2014 1288 2085 juvenes
1334 2017 1617 2073 cecidisse.
1669 2020 1775 2076 Sed
1834 2030 1888 2077 et
1918 2024 2057 2080 illud

461 2119 575 2162 non
606 2120 662 2159 es
690 2103 1002 2170 immemor,
1034 2104 1181 2175 quod
1210 2104 1557 2164 Senonenses
1590 2109 1732 2165 Galli
1760 2112 1926 2168 etiam
1959 2115 2054 2172 Ca-

459 2194 720 2268 pitolium
760 2204 1167 2265 occupaverunt
1223 2195 1339 2268 (49)
1390 2207 1443 2254 et
1490 2216 1711 2255 omnem
1752 2202 2053 2259 Romanam

460 2299 685 2339 manum
715 2284 832 2339 suis
857 2282 1118 2339 ludibriis
1147 2283 1532 2357 subjugarunt.
1573 2288 1832 2345 Diversas
1862 2290 2050 2361 fames,

462 2381 518 2430 et
540 2372 937 2429 inenarrabiles
953 2382 1152 2445 pestes,
1176 2374 1422 2433 diversas
1434 2378 2054 2450 captivitates,diversas

457 2463 755 2522 effusiones
783 2464 1069 2536 sanguinis
1097 2467 1376 2523 Romanus
1394 2469 1544 2525 orbis
1563 2487 1754 2542 passus
1773 2482 1873 2541 est,
1903 2481 2052 2529 ante-

460 2570 627 2628 quam
656 2569 827 2610 unum
859 2555 1104 2612 colerent
1134 2556 1387 2614 homines
1416 2560 1613 2615 Deum.
1642 2561 1801 2618 Nunc
1826 2580 1957 2619 vero
1982 2580 2051 2619 ex

456 2667 568 2725 quo
601 2651 903 2709 invisibilis
939 2660 994 2708 et
1033 2668 1197 2708 verus
1225 2655 1370 2709 Deus
1406 2655 1573 2726 cmpit
1618 2672 1651 2711 a
1696 2658 2049 2716 credentibus

455 2741 586 2809 coli,
618 2750 777 2799 aucta
811 2741 928 2815 (50)
961 2758 1094 2813 pace
1122 2744 1361 2799 exsultat
1394 2745 1698 2800 Romanum
1731 2746 2045 2818 imperium.

454 2828 562 2886 Sed
603 2828 751 2902 quod
797 2829 951 2902 pejus
988 2839 1091 2898 est,
1137 2832 1301 2899 Deus,
1354 2832 1450 2903 qui
1496 2832 1600 2889 hoc
1638 2842 1879 2905 praestat,
1937 2854 2047 2893 non

455 2920 841 2990 cognoscitur;
866 2918 960 2976 sed
992 2930 1255 2977 creaturae
1285 2920 1405 2992 ejus
1433 2923 1751 2994 ascribitur,
1776 2926 2047 3001 quidquid

453 3022 486 3062 a
513 3006 767 3062 Creatore
797 3016 1104 3078 praestatur.

522 3094 613 3150 43.
654 3095 948 3153 Praefectus
993 3098 1170 3154 dixit:
1231 3098 1289 3155 Si
1335 3099 1431 3156 ille
1486 3102 1750 3159 colendus
1796 3112 1894 3172 est,
1951 3106 2045 3179 qui

453 3181 713 3241 humanis
740 3187 1047 3243 commodis
1074 3186 1285 3260 aliquid
1315 3197 1556 3260 praestat,
1608 3192 1794 3248 nullus
1826 3194 1933 3249 nisi
1963 3195 2044 3250 sol
2076 3216 2125 3279 Ο

453 3270 750 3330 habebitur
778 3274 932 3343 deus,
976 3276 1071 3349 qui
1107 3286 1331 3349 aspectu
1367 3295 1466 3333 suo
1500 3286 1657 3334 terrae
1692 3279 1900 3336 viscera
1942 3298 2047 3338 ve-

452 3370 619 3434 getat,
648 3369 710 3418 ut
738 3365 951 3419 semina
978 3376 1229 3438 suscepta
1256 3368 1546 3439 parturiat,
1583 3376 1636 3424 et
1674 3371 1923 3441 genuinae
1952 3389 2051 3427 so-

447 3451 594 3509 bolis
618 3469 783 3524 grana
813 3454 870 3508 in
901 3455 1086 3509 culmo
1116 3456 1389 3524 restituat,
1441 3465 1605 3529 atque
1637 3460 1911 3517 universis
1954 3478 2049 3517 sa-

447 3538 581 3593 lutis
624 3546 823 3593 nostrae
852 3541 1212 3609 utilitatibus,
1252 3550 1307 3596 et
1349 3544 1536 3599 lumen
1586 3554 1640 3601 et
1683 3549 2048 3604 restauratio-

448 3639 575 3679 nem
602 3624 806 3695 pariter
835 3627 1045 3681 tribuat
1080 3636 1135 3682 et
1166 3629 1433 3699 vigorem.
1481 3631 1907 3704 Tranquillinus
1950 3653 2048 3692 re-

445 3710 698 3783 spondit:
746 3712 819 3767 Et
849 3711 908 3768 in
940 3712 1047 3769 hoc
1072 3730 1225 3770 error
1256 3724 1339 3771 est
1368 3715 1644 3773 inﬁnitus.
1693 3721 1828 3776 Nam
1859 3723 1903 3778 si
1936 3724 2047 3780 ho-

448 3798 539 3857 die
564 3817 661 3874 per
688 3817 911 3858 servum
942 3820 1104 3860 suum
1135 3804 1411 3877 quispiam
1441 3806 1745 3865 clientibus
1787 3810 1901 3868 suis
1934 3816 2047 3870 tri-

448 3887 584 3947 buat
613 3889 761 3964 quod
782 3899 1027 3965 rogatur,
1059 3892 1277 3949 inﬁnita
1308 3894 1550 3950 stultitia
1577 3904 1679 3966 est,
1700 3897 1747 3953 si
1768 3901 2048 3973 neglectus

452 3977 546 4034 ille
576 3980 672 4052 qui
699 3981 977 4053 praestitit,
1027 3997 1218 4040 servus
1258 4000 1356 4055 per
1384 4000 1548 4057 quem
1580 3988 1893 4057 praestiterit
1936 3990 2047 4048 ho—

449 4076 696 4126 noretur.
744 4070 816 4125 Et
845 4077 906 4126 ut
945 4069 1186 4143 aliquam
1215 4071 1383 4144 hujus
1420 4071 1554 4129 dicti
1583 4079 2043 4150 comparationem

448 4153 769 4226 exhibeam;
825 4161 1080 4232 nunquid
1118 4178 1247 4219 cum
1277 4179 1447 4220 naves
1484 4164 1748 4224 Romanis
1785 4168 2046 4226 alimenta

448 4240 728 4311 deferunt,
761 4244 1000 4303 navibus
1030 4251 1217 4320 potius
1246 4269 1409 4325 quam
1440 4254 1660 4326 regibus
1689 4257 1873 4329 gratiae
1909 4260 2041 4315 rele-

448 4336 649 4418 runtur
668 4328 697 4385 ?
744 4329 801 4386 Si
830 4347 957 4403 ergo
986 4350 1099 4391 non
1134 4338 1542 4411 navigantibus,
1589 4344 1680 4399 sed
1711 4345 2043 4418 imperanti-

446 4416 571 4488 bus,
625 4419 877 4477 homines
921 4424 1068 4494 quod
1095 4436 1448 4484 annonantur
1485 4416 1807 4503 ascribunt,
1836 4446 2040 4508 quanto

446 4508 619 4581 magis
662 4510 765 4567 soli
807 4513 921 4567 Deo
960 4513 1181 4584 agendae
1210 4524 1339 4571 sunt
1371 4519 1581 4589 gratiae,
1628 4523 1786 4595 cujus
1817 4533 1958 4582 nutu
1987 4536 2040 4583 et

444 4598 564 4656 hac
604 4600 865 4658 omnibus
905 4603 1095 4660 usibus
1133 4606 1337 4663 nostris
1380 4610 1652 4669 elementa
1699 4612 2037 4688 deserviunt,

444 4697 498 4746 et
522 4690 603 4746 sol
635 4691 749 4763 ipse
780 4693 1028 4765 quotidie
1056 4704 1214 4751 terra:
1260 4697 1508 4771 marique
1541 4701 1748 4771 pariter
1791 4710 1845 4759 et
1880 4707 2041 4762 clau—

444 4778 597 4836 ditur
630 4781 690 4836 in
731 4781 840 4839 ﬁne
881 4782 1015 4853 diei,
1071 4791 1125 4840 et
1172 4784 1231 4841 in
1274 4785 1385 4842 diei
1431 4787 1632 4846 iterum
1683 4794 2039 4852 renovatione

441 4870 685 4942 aperitur
702 4871 732 4928 ‘i

1026 4964 1255 5023 CAPUT
1294 4969 1442 5026 XIII.

726 5051 880 5110 Verbi
914 5052 1219 5110 incarnatio
1262 5057 1459 5113 ϐεηῑὶιὶ
1494 5059 1750 5130 exposita.

509 5137 600 5197 44.
639 5140 937 5200 Prmfectns
965 5143 1153 5201 dixit:
1207 5144 1265 5202 Si
1297 5160 1426 5218 ergo
1455 5164 1600 5205 unus
1638 5158 1693 5207 et
1728 5147 2032 5205 invisibilis

506 5345 624 5420 (47)
667 5348 876 5406 Usitata
906 5348 964 5403 in
996 5349 1341 5408 Christianos
1370 5352 1650 5409 calumnia
1677 5371 1710 5410 a
1737 5354 1905 5411 variis
1920 5356 2023 5412 PP.

430 5419 732 5491 confutata,
763 5423 1067 5491 praesertim
1098 5422 1269 5477 Paulo
1298 5422 1494 5479 Orosio
1523 5429 1576 5479 et
1605 5425 1660 5480 S.
1690 5426 2021 5491 Augustino.

503 5488 783 5572 (‘48.)“AL;
815 5490 963 5559 libri,
991 5492 1272 5550 mendose.
1297 5493 1575 5567 Scriptum
1607 5495 1665 5550 in
1696 5488 2023 5569 quibusdam

427 5560 739 5697 8ΐῖὶὲξῖιίιὲ
762 5645 896 5688 mss.
926 5650 1135 5688 omnes.
1166 5635 1240 5689 Le
1277 5634 1481 5692 endum
1514 5638 1718 5709 potius,
1751 5657 2022 5711 oppugna-

427 5703 651 5760 verunt;
698 5714 826 5753 nam
874 5700 1005 5759 inde
1037 5703 1212 5760 pretio
1240 5652 1486 5760 deducti.
1539 5725 1671 5760 mox
1700 5716 1754 5760 et
1797 5711 1943 5760 nulsi
1989 5726 2020 5760 a

424 5703 651 5760 verunt;
698 5714 826 5753 nam
874 5700 1005 5759 inde
1036 5703 1212 5773 pretio
1240 5700 1486 5774 deducti,
1514 5700 1671 5764 'mox
1700 5700 1754 5764 et
1779 5700 1944 5780 pulsi
1989 5726 2020 5765 a

2177 594 2326 653 runt,
2361 603 2471 640 non
2499 585 2680 642 colitis
2706 585 2733 641 εἴ
2762 585 3177 659 Tranquillinus
3224 586 3381 643 dixit
3417 605 3431 643 :
3468 588 3644 646 Recte
3683 588 3781 647 haec

2178 675 2505 747 inquireres,
2556 675 2601 731 si
2638 675 2859 731 credere
2893 675 3219 734 destinaras.
3272 677 3601 736 Incredulis
3647 682 3779 737 enim

2176 780 2339 819 omne
2370 765 2518 837 quod
2549 766 2746 821 uolunt
2790 782 2991 821 vanum
3040 766 3286 823 videtur.
3337 766 3533 823 Semel
3559 769 3710 825 enim
3734 772 3781 825 in

2178 871 2413 927 prmceps
2444 857 2695 912 voluntas
2742 858 3057 912 mortalium
3105 857 3401 915 declinans
3445 860 3599 932 (51),
3633 878 3781 918 omne

2177 944 2322 1016 quod
2374 947 2646 1017 vituperat
2702 945 2999 1017 vituperari
3043 946 3322 1004 desiderat
3362 967 3378 1016 ;
3450 956 3511 1004 et
3562 951 3690 1006 vult
3731 962 3785 1008 ut

2177 1032 2429 1088 laudetur
2447 1034 2515 1089 ab
2535 1033 2794 1090 omnibus
2813 1051 2975 1090 omne
3002 1036 3151 1109 quod
3179 1036 3393 1093 laudat.
3425 1037 3542 1094 Sed
3571 1040 3783 1111 sapiens

2175 1140 2273 1196 pro
2302 1124 2495 1179 merito
2541 1141 2641 1180 suo
2686 1126 2993 1198 cuicunque
3027 1126 3129 1193 rei,
3178 1135 3275 1183 aut
3312 1128 3784 1201 vituperationem

2174 1231 2328 1270 suam
2359 1214 2675 1287 impendere
2705 1217 2824 1288 (52)
2852 1217 3052 1273 nititur
3079 1226 3177 1274 aut
3201 1218 3445 1275 laudem.
3482 1221 3784 1277 Praefectus

2172 1304 2320 1360 dixit
2353 1322 2364 1360 :
2393 1306 2509 1375 Ego
2537 1312 2590 1360 te
2618 1304 2685 1361 de
2715 1304 2941 1362 Christo
2988 1314 3173 1362 vestro
3204 1306 3514 1379 interrogo.
3547 1308 3607 1365 Si
3639 1310 3782 1366 enim

2173 1409 2204 1449 a
2232 1394 2391 1449 vobis
2419 1394 2524 1451 hoc
2561 1395 2763 1450 colitur
2806 1392 2956 1466 quod
3003 1394 3122 1450 istis
3163 1396 3342 1452 oculis
3388 1414 3505 1453 non
3536 1399 3777 1470 videtur,

2174 1484 2451 1542 Christum
2484 1501 2597 1540 non
2643 1484 2825 1540 colitis
2871 1484 2967 1556 qui
3002 1494 3057 1542 et
3106 1485 3260 1542 visus
3290 1493 3392 1555 est,
3422 1496 3482 1544 et
3531 1489 3777 1557 auditus,

2171 1580 2225 1628 et
2268 1573 2653 1646 interrogatus,
2694 1580 2748 1629 et
2789 1574 2976 1629 omnia
3020 1591 3141 1648 quae
3185 1574 3442 1633 humane
3494 1578 3781 1651 fragilitati

2169 1669 2488 1734 competunt
2534 1664 2593 1719 in
2639 1663 2757 1735 ejus
2802 1664 3063 1736 leguntur
3110 1666 3360 1737 passione
3413 1670 3701 1741 completa
3753 1671 3780 1726 ?

2169 1752 2585 1825 Tranquillinus
2612 1753 2758 1808 dixit
2809 1772 2821 1809 :
2873 1752 3021 1809 Audi
3061 1754 3493 1813 similitudinem
3531 1767 3588 1814 et
3618 1759 3777 1815 intel-

2729 1842 2894 1898 Verbi
2945 1842 3140 1915 gratia,
3189 1844 3236 1900 si
3287 1844 3455 1901 hodie
3500 1850 3773 1905 annulum

2168 1941 2325 1988 tuum
2356 1933 2647 1990 habentem
2676 1951 2946 2005 gemmam
2977 1935 3270 2007 pretiosam
3314 1937 3505 1994 videas
3545 1939 3606 1995 in
3636 1940 3778 2000 cloa-

2168 2038 2251 2090 ca,
2300 2032 2395 2079 aut
2462 2023 2519 2079 in
2577 2024 2933 2097 sterquilinio
2991 2026 3325 2095 volutatum,
3391 2037 3444 2083 et
3500 2028 3573 2084 ad
3627 2029 3776 2089 hunc

2167 2111 2471 2168 eruendum
2505 2114 2688 2169 mittas
2717 2130 2905 2170 servos
2934 2124 3057 2171 tuos
3090 2134 3104 2183 ;
3141 2116 3227 2171 illi
3257 2125 3442 2174 autem
3470 2135 3578 2177 nec
3604 2120 3770 2177 illum

2168 2201 2446 2273 potuerint
2479 2201 2729 2271 liberare,
2781 2202 2877 2258 sed
2924 2210 2977 2259 et
3023 2203 3232 2276 seipsos
3277 2206 3334 2262 in
3379 2207 3591 2280 aliquo,
3640 2209 3770 2265 dum

2166 2287 2327 2344 illum
2376 2298 2646 2346 conantur
2672 2289 2904 2363 eripere,
2937 2292 3240 2363 polluerint
3268 2312 3282 2361 ;
3330 2302 3516 2367 postea
3548 2314 3687 2354 vero
3714 2308 3769 2355 tu

2167 2378 2299 2451 ipse,
2329 2377 2606 2451 deponens
2652 2378 2751 2436 has
2793 2380 2993 2438 sericas
3024 2397 3159 2454 quas
3189 2381 3418 2439 indutus
3457 2400 3521 2440 es
3565 2395 3765 2455 vestes,

2164 2467 2362 2524 induas
2383 2478 2433 2525 te
2454 2469 2707 2525 servilem
2742 2469 2988 2527 tunicam
3008 2477 3063 2525 et
3082 2470 3423 2528 descendens
3440 2472 3505 2528 in
3523 2474 3762 2532 cloacam

2163 2556 2351 2614 mittas
2397 2574 2589 2615 manus
2618 2565 2738 2614 tuas
2787 2558 2846 2614 in
2882 2559 3237 2628 stercoribus,
3285 2568 3339 2616 et
3372 2556 3652 2620 annulum
3676 2581 3766 2621 au-

2162 2662 2314 2702 reum
2348 2647 2517 2723 simul
2543 2647 2653 2704 tuis
2680 2646 2934 2704 manibus
2963 2657 3321 2720 repraesentes
3365 2659 3422 2707 et
3466 2668 3761 2724 gemmam,

2161 2750 2269 2806 prae
2310 2735 2510 2807 gaudio
2556 2752 2747 2793 omnes
2786 2737 2993 2794 amicos
3034 2746 3161 2795 tuos
3209 2739 3417 2797 invitas
3445 2742 3521 2798 ad
3556 2746 3761 2817 epulas,

2159 2831 2213 2879 et
2253 2825 2455 2881 laetaris
2505 2842 2669 2898 super
2708 2827 2978 2883 annulum
3022 2836 3076 2884 et
3121 2846 3415 2902 gemmam,
3460 2834 3610 2906 quod
3657 2836 3765 2891 sint

2159 2912 2226 2969 de
2273 2913 2464 2969 nimiis
2510 2915 2857 2988 squaloribus
2905 2916 3154 2974 liberata.
3204 2919 3503 2977 Praefectus
3556 2922 3705 2979 dixit
3746 2943 3759 2981 :

2159 3001 2311 3057 Hanc
2354 3002 2786 3074 propositionem
2828 3003 2898 3061 ad
2930 3004 3089 3076 cujus
3134 3006 3570 3067 similitudinem
3617 3021 3757 3071 attu-

2158 3090 2321 3147 listi?
2359 3091 2775 3164 Tranquillinus
2802 3094 3085 3166 respondit
3113 3113 3126 3151 :
3161 3096 3233 3153 Ut
3277 3099 3631 3157 ostenderem
3661 3102 3761 3159 tibi

2157 3196 2329 3235 unum
2390 3181 2732 3239 invisibilem
2800 3184 2972 3239 Deum
3046 3200 3148 3241 nos
3199 3187 3401 3244 colere.
3454 3190 3755 3247 Praefectus

2158 3270 2303 3326 dixit
2336 3291 2346 3327 :
2395 3273 2464 3327 Et
2502 3272 2647 3345 quod
2680 3280 2762 3328 est
2797 3288 2993 3328 aurum
3033 3274 3062 3329 (ἲ
3101 3283 3198 3330 aut
3235 3292 3357 3348 qua:
3404 3287 3489 3334 est
3526 3296 3759 3351 gemma,

2159 3376 2279 3432 qum
2325 3361 2383 3416 in
2413 3361 2765 3432 sterquilinio
2784 3361 3145 3418 volutabatur
3175 3362 3202 3419 ?
3231 3363 3655 3438 Tranquillinus
3677 3385 3755 3424 re.

2158 3450 2383 3521 Spondit
2437 3469 2450 3506 :
2504 3454 2740 3519 Aurum,
2784 3467 2985 3523 corpus
3038 3451 3349 3509 humanum
3390 3463 3494 3522 est,
3552 3473 3762 3529 gemma

2158 3555 2288 3594 vero
2338 3540 2524 3596 anima
2568 3549 2668 3608 est,
2712 3557 2833 3612 quae
2881 3540 2941 3595 in
2987 3541 3108 3613 ipso
3135 3558 3365 3614 corpore
3414 3545 3632 3602 inclusa
3660 3556 3757 3604 est.

2159 3630 2369 3702 Corpus
2421 3646 2553 3686 vero
2601 3638 2656 3686 et
2711 3630 2896 3686 anima
2956 3647 3130 3687 unum
3180 3631 3465 3689 hominem
3528 3636 3756 3705 faciunt,

2157 3719 2434 3792 quomodo
2462 3735 2658 3775 aurum
2714 3728 2769 3776 et
2812 3735 3027 3792 gemma
3070 3737 3246 3778 unum
3284 3723 3559 3779 annulum
3588 3726 3758 3782 facere

2156 3810 2605 3881 comprobantur.
2663 3810 2769 3867 Sed
2821 3811 3181 3884 quantumvis
3224 3814 3498 3885 pretiosus
3545 3814 3649 3872 tibi
3690 3816 3756 3872 sit

2155 3900 2415 3967 annulus,
2443 3898 2603 3972 longe
2629 3899 2762 3955 satis
2789 3898 2957 3955 homo
2990 3900 3285 3972 pretiosior
3320 3909 3406 3958 est
3433 3905 3750 3977 centuplum

2155 3997 2209 4045 et
2236 3988 2436 4045 charus
2465 3988 2703 4046 Christo.
2733 3989 2815 4044 Tu
2844 3989 3045 4046 misisti
3093 4005 3284 4047 servos
3313 4001 3463 4065 tuos,
3495 4002 3560 4050 ut
3587 4010 3750 4050 annu-

2155 4078 2271 4134 lum
2314 4079 2381 4134 de
2427 4078 2681 4135 sordibus
2727 4078 3022 4151 eriperent,
3066 4087 3122 4136 et
3168 4081 3327 4137 nulla
3371 4083 3589 4140 ratione
3630 4100 3752 4139 eum

2130 4182 2341 4222 veruere
2385 4173 2702 4238 potuerunt.
2733 4166 2882 4224 Misit
2910 4174 2965 4222 et
3001 4167 3299 4240 prophetas
3339 4188 3468 4228 suos
3508 4173 3654 4229 Deus
3686 4171 3750 4228 de

2152 4255 2290 4311 cmlo
2336 4255 2566 4327 loquens
2610 4254 2678 4311 ad
2713 4271 2823 4324 eos,
2858 4263 2920 4311 ut
2959 4254 3266 4313 humanum
3311 4275 3483 4332 genus
3510 4276 3543 4315 a
3569 4258 3750 4316 sordi-

2151 4344 2253 4400 bus
2295 4343 2460 4416 hujus
2500 4344 2693 4401 mundi
2735 4344 2971 4417 eriperet
3016 4345 3134 4418 (53)
3189 4364 3205 4403 :
3251 4357 3307 4405 et
3347 4350 3505 4406 nulla
3546 4353 3751 4407 ratione

2150 4432 2377 4489 omnino
2406 4432 2512 4490 hoc
2561 4433 2737 4490 facere
2766 4433 2851 4489 vel
2899 4434 3163 4491 instantia
3193 4444 3516 4508 potuerunt.
3556 4439 3639 4494 Tu
3666 4438 3750 4495 de-

2150 4521 2377 4592 posuisti
2408 4538 2599 4579 aureas
2625 4530 2821 4589 vestes,
2860 4529 2914 4577 et
2941 4524 3131 4579 servili
3165 4525 3499 4582 indumento
3530 4527 3751 4583 indutus

2150 4610 2481 4668 descendisti
2530 4612 2587 4667 in
2629 4613 2890 4681 cloacam,
2937 4621 2992 4669 et
3036 4631 3235 4671 manus
3286 4625 3410 4673 tuas
3454 4618 3655 4674 misisti
3694 4618 3747 4673 in

2150 4700 2423 4770 sordibus,
2455 4710 2517 4758 ut
2556 4703 2825 4757 annulum
2855 4702 2922 4759 de
2949 4702 3209 4759 sordibus
3249 4704 3516 4761 liberares
3552 4725 3565 4762 :
3598 4705 3747 4762 exuit

2147 4796 2201 4845 et
2239 4806 2295 4845 se
2324 4788 2576 4862 majestas
2619 4791 2942 4849 Divinitatis
2989 4811 3101 4850 suae
3143 4795 3467 4866 splendore,
3518 4814 3631 4853 non
3678 4808 3747 4854 ta-

2146 4892 2272 4932 men
2303 4895 2535 4951 superna
2561 4881 2875 4953 relinquens
2901 4900 2915 4948 ;
2948 4890 3002 4936 et
3031 4882 3221 4938 induit
3251 4900 3311 4939 se
3353 4886 3551 4941 servili
3580 4884 3745 4941 nostri

2144 4970 2389 5040 corporis
2418 4969 2761 5039 indumento,
2784 4980 2837 5027 et
2867 4970 2977 5027 huc
3005 4972 3064 5026 in
3092 4972 3343 5031 cloacam
3365 4973 3539 5047 hujus
3561 4974 3743 5032 mundi

2143 5062 2282 5117 coelo
2337 5059 2688 5131 descendens,
2746 5062 2897 5118 misit
2956 5079 3153 5119 manus
3197 5081 3327 5121 suas
3386 5066 3450 5123 in
3499 5067 3742 5125 sordibus

2142 5151 2458 5222 passionum
2489 5159 2841 5220 nostrarum;
2890 5159 2945 5209 et
2987 5152 3331 5225 passionem,
3374 5171 3503 5230 qua:
3544 5154 3742 5214 meritis

2138 5356 2392 5415 Camillo.

2234 5430 2327 5498 50)
2352 5431 2467 5498 AL,
2494 5432 2626 5488 alta.

2234 5431 2303 5485 50
2352 5431 2467 5498 AL,
2494 5432 2626 5488 alta.

2233 5431 2327 5574 5!;
2357 5502 2472 5574 AL,
2505 5503 2674 5574 lapsa.

2232 5572 2326 5713 52;
2356 5573 2470 5640 AL,
2502 5572 2802 5654 eipendere.

2232 5642 2299 5697 53
2353 5643 2465 5713 AL,
2502 5651 2776 5713 eriperent.

2230 5642 2322 5713 53)
2353 5643 2465 5713 AL,
2502 5642 2776 5716 eriperent.
