3880 6204
221 386 367 463 1133

227 636 337 676 nos
364 636 590 676 suorum
622 618 865 675 reddidit
894 617 1214 690 digitorum.
1260 615 1399 672 Nam
1448 614 1545 688 qui
1594 632 1692 688 per
1744 618 1844 673 in-

222 708 619 793 credulitatem
673 706 1067 763 volutabamur
1116 706 1173 761 in
1223 704 1577 778 squaloribus
1623 706 1841 774 mundi,

223 815 330 870 per
355 797 521 853 ﬁdem
553 792 726 852 abluti
758 813 790 851 a
817 795 1099 863 sordibus,
1117 793 1328 849 divinis
1357 809 1550 848 sumus
1567 792 1841 870 manibus,

222 896 293 943 ut
319 887 413 942 ille
440 894 570 941 tuus
602 885 864 952 annulus,
913 883 1179 939 restituti.
1232 881 1499 955 Nunquid
1547 882 1696 938 servi
1736 881 1844 950 tui,

222 980 330 1054 qui
360 986 415 1035 te
437 984 777 1049 negaverunt
807 976 1106 1031 dominum
1132 990 1319 1042 suum,
1371 974 1501 1030 dum
1548 981 1603 1029 te
1633 974 1690 1028 in
1739 973 1847 1029 ha-

222 1070 357 1125 bitu
380 1067 569 1123 servili
600 1066 950 1138 respicerent,
992 1081 1109 1121 non
1162 1072 1465 1136 potuerunt
1509 1071 1574 1120 ut
1617 1064 1848 1120 rebelles

222 1156 414 1213 occidi
440 1156 467 1211 ?
496 1157 576 1211 Ita
603 1162 658 1210 et
686 1155 781 1227 qui
817 1163 1019 1226 negant
1044 1153 1327 1212 Christum
1357 1152 1658 1209 Dominum
1686 1169 1846 1209 suum

224 1261 337 1317 pro
366 1244 472 1300 hoc
501 1243 648 1316 quod
672 1244 1033 1315 semetipsum
1064 1258 1095 1297 a
1127 1240 1415 1312 majestate
1443 1240 1777 1307 exinanivit,
1796 1249 1849 1296 et

226 1330 468 1385 formam
508 1328 658 1383 servi
695 1327 955 1399 suscepit,
990 1327 1309 1382 nullatenus
1347 1330 1608 1396 poterunt
1653 1330 1847 1390 aeterni

225 1416 384 1489 ignis
414 1431 599 1487 pmnas
628 1415 877 1472 evadere.
913 1415 1043 1471 Ideo
1073 1415 1312 1486 denique
1336 1412 1499 1469 nobis
1526 1412 1697 1485 quiin
1721 1428 1847 1467 eum

223 1506 535 1572 credimus,
566 1504 761 1559 aeterni
793 1503 966 1559 fontis
1003 1502 1153 1558 unda
1201 1501 1484 1569 subvenit,
1518 1509 1581 1556 ut
1611 1509 1851 1557 aeternus

227 1596 385 1667 ignis
415 1594 482 1650 ab
510 1601 717 1650 aeterno
747 1594 900 1651 fonte
929 1593 1208 1661 vincatur,
1237 1600 1291 1648 et
1316 1591 1620 1649 inﬁdelitas
1648 1608 1679 1648 a
1705 1590 1851 1648 ﬁde-

228 1684 397 1740 litate
426 1690 734 1755 superetur.

311 1781 402 1839 45.
434 1781 731 1838 Praefectus
758 1780 904 1837 dixit
936 1800 948 1837 :
993 1781 1064 1837 Ut
1090 1783 1275 1851 video,
1305 1797 1419 1837 non
1447 1788 1511 1836 ut
1541 1780 1690 1835 ﬁlios
1725 1787 1852 1834 tuos

1513 388 1703 456 ACTA
1741 400 1797 458 s.
1837 384 2269 457 SEBASTIANI.

221 532 438 589 nostris
486 531 807 597 debebatur,
838 531 896 586 in
926 530 1216 602 semetipso
1264 520 1594 597 suscipiens,
1651 528 1837 600 gloriae
1871 532 1920 590 A

3429 392 3561 466 lilii

2527 525 2757 584 CAPUT
2794 518 2961 581 XIV.

2130 615 2467 673 Chromatius
2503 614 2657 671 Urbis
2680 613 2971 686 praefectus
2996 618 3373 677 catechizatar.

2022 706 2112 763 47.
2143 706 2271 760 Post
2301 705 2419 761 haec
2448 706 2623 762 mittit
2652 713 2704 761 et
2729 703 2933 761 adduci
2958 719 3081 783 eum
3114 708 3181 763 ad
3210 725 3268 765 se
3296 712 3552 783 praecepit

1955 813 2050 868 per
2078 804 2295 852 noctem
2325 797 2557 863 occulte,
2589 805 2644 852 et
2672 796 2907 851 offerens
2943 796 2991 849 ei
3024 796 3305 854 inﬁnitum
3336 785 3551 870 pondus

1953 885 2073 940 auri
2104 884 2320 941 dicebat
2354 903 2365 939 :
2411 885 2648 941 Ostende
2679 885 2817 940 mihi
2848 884 3312 944 medicamentum
3342 904 3411 944 ex
3440 905 3549 962 quo

1956 973 2288 1045 recuperasti
2318 975 2572 1030 salutem.
2627 974 2730 1032 Cui
2770 974 3190 1047 Tranquillinus
3227 976 3303 1032 ait
3338 994 3351 1031 :
3399 977 3550 1033 Scias

1956 1064 2216 1137 grandem
2270 1065 2405 1120 iram
2447 1075 2501 1122 et
2543 1065 2784 1122 furorem
2828 1065 2926 1122 Dei
2975 1082 3228 1138 passuros
3274 1083 3408 1134 esse,
3454 1068 3552 1140 qui

1957 1154 2187 1227 gratiam
2253 1153 2371 1225 ejus
2433 1156 2519 1209 vel
2584 1154 3008 1210 venundandam
3073 1156 3395 1211 existimant
3460 1158 3552 1213 vel

1956 1243 2263 1299 emendam.
2297 1243 2452 1299 Unde
2480 1244 2526 1299 si
2560 1245 2645 1300 vis
2673 1260 2705 1299 a
2733 1244 3026 1317 podagrico
3070 1246 3259 1302 dolore
3305 1245 3550 1315 liberari,

1955 1331 2115 1387 crede
2154 1331 2437 1388 Christum
2471 1332 2675 1388 Filium
2706 1333 2829 1401 Dei,
2871 1341 2926 1389 et
2956 1331 3295 1401 liberaheris,
3328 1341 3381 1389 et
3408 1334 3553 1391 sicut

1958 1419 2122 1476 hodie
2151 1436 2238 1476 me
2267 1420 2445 1489 vides,
2467 1420 2544 1476 ita
2564 1423 2749 1477 salvus
2778 1422 2906 1478 eris.
2938 1423 3145 1495 Nempe
3173 1422 3270 1477 vix
3297 1422 3553 1480 manibus

1957 1508 2259 1577 deferebar,
2309 1517 2362 1565 et
2407 1509 2663 1568 undecim
2706 1526 2879 1566 annos
2924 1527 3021 1583 per
3049 1528 3239 1568 omnes
3266 1511 3554 1583 juncturas

1959 1613 2257 1654 nervorum
2289 1599 2344 1653 in
2384 1615 2611 1671 corpore
2649 1615 2772 1655 meo
2801 1599 3055 1656 dolorum
3086 1600 3247 1657 nodis
3275 1601 3550 1669 astrictus,

1962 1686 2059 1740 vix
2085 1686 2170 1741 ori
2200 1703 2322 1743 meo
2373 1687 2529 1758 panis
2569 1688 2767 1743 alienis
2796 1688 3050 1745 manibus
3078 1689 3397 1746 tradebatur
3426 1708 3437 1745 :
3491 1690 3555 1746 il-

1961 1778 2068 1834 lico
2094 1785 2158 1834 ut
2196 1779 2480 1836 Christum
2520 1795 2711 1834 verum
2739 1780 2912 1835 Deum
2944 1795 3060 1836 esse
3096 1779 3329 1847 credidi,
3364 1776 3557 1834 salutis

226 1871 310 1928 ab
339 1870 443 1927 hac
469 1870 777 1927 intentione
806 1871 1027 1927 tolleres
1056 1872 1369 1944 poposcisse
1397 1868 1649 1941 probaris
1670 1868 1848 1924 indu—
1880 1876 1927 1937 Β
1961 1883 2093 1922 meaa
2124 1867 2322 1939 gaudia
2350 1867 2549 1937 recepi,
2599 1873 2653 1922 et
2680 1883 2803 1922 sum
2833 1866 3148 1935 incolumis,
3199 1866 3329 1937 quia
3362 1881 3556 1921 verum

231 1960 379 2025 cias,
412 1960 506 2017 sed
530 1969 592 2016 ut
620 1959 717 2016 has
744 1959 919 2015 aniles
946 1959 1160 2016 fabulas
1206 1958 1276 2015 ad
1319 1967 1506 2015 nostra
1550 1957 1853 2014 tribunalia

240 2048 549 2106 meditatus
598 2048 715 2121 (54)
765 2048 1005 2105 aﬁerres.
1056 2047 1471 2120 Tranquillinus
1512 2046 1693 2103 dixit:
1730 2046 1850 2102 Non

240 2137 567 2195 mediantur
596 2136 860 2208 discipuli
886 2136 1092 2192 Christi
1126 2135 1261 2208 quid
1293 2135 1351 2189 in
1379 2141 1679 2206 conspectu
1703 2133 1850 2205 judi-

238 2244 379 2285 cum
413 2230 832 2297 prosequantur.
887 2223 978 2278 Sic
1029 2222 1177 2278 enim
1226 2222 1563 2293 prmmonuit
1610 2222 1847 2279 dicens:

235 2314 483 2383 Quando
509 2312 870 2384 potestatibus
899 2309 1065 2382 hujus
1098 2311 1291 2366 mundi
1313 2326 1412 2365 vos
1438 2325 1601 2366 causa
1620 2310 1728 2365 mei
1751 2326 1850 2366 no-

237 2402 419 2460 minis
458 2400 697 2469 tradent,
751 2400 923 2455 nolite
969 2398 1209 2470 cogitare
1256 2397 1534 2470 quomodo
1581 2404 1676 2452 aut
1716 2398 1850 2469 quid

238 2489 556 2564 loquamini
583 2508 596 2557 ;
628 2487 850 2544 dabitur
867 2488 1015 2544 enim
1038 2488 1199 2544 vobis
1213 2488 1489 2544 divinitus
1508 2485 1566 2542 in
1593 2487 1690 2542 illa
1717 2486 1853 2541 hora
1884 2564 1885 2571 γ

243 2579 389 2653 quid
420 2577 743 2650 loquamini.
777 2578 899 2633 Non
920 2577 1067 2634 enim
1097 2594 1196 2633 vos
1233 2576 1366 2633 estis
1399 2576 1496 2650 qui
1528 2574 1847 2648 loquimini,

240 2668 345 2727 sed
376 2667 614 2739 Spiritus
641 2665 761 2734 Dei,
794 2665 891 2738 qui
925 2665 1172 2738 loquitur
1210 2666 1269 2721 in
1317 2665 1476 2721 vobis
1525 2665 1737 2736 (Matth.
1788 2680 1848 2733 x,

244 2762 370 2832 19).
416 2761 539 2816 Non
570 2776 697 2831 ergo
729 2759 1049 2815 meditando
1076 2775 1194 2831 ego,
1226 2759 1322 2815 sed
1354 2757 1626 2815 credendo
1659 2757 1851 2814 iuveni

244 2851 567 2910 Creatorem
596 2866 802 2917 meum,
833 2857 888 2903 et
913 2850 1008 2921 qui
1037 2866 1182 2906 eram
1216 2849 1511 2923 podagrico
1557 2858 1612 2905 et
1655 2848 1851 2906 chira—

243 2942 404 3015 grico
436 2942 626 2998 dolore
655 2948 971 2997 contractus
998 2949 1052 2997 et
1080 2949 1365 3014 quassatus
1395 2942 1535 3014 (55),
1570 2940 1757 2997 statim
1790 2950 1851 2997 ut

244 3033 475 3093 Christo
521 3031 754 3098 credidi,
787 3048 850 3087 ac
875 3031 921 3086 si
954 3031 1217 3102 parvulus
1260 3030 1511 3087 omnium
1568 3029 1851 3084 membro-

244 3142 377 3181 rum
406 3140 651 3180 meorum
685 3122 866 3195 recepi
894 3124 1206 3178 sanitatem.
1261 3121 1486 3179 Constat
1532 3138 1659 3193 ergo
1705 3121 1851 3193 apud

245 3213 504 3269 animum
538 3228 742 3280 meum,
785 3213 962 3283 ipsum
995 3228 1082 3267 me
1111 3228 1320 3267 creasse
1348 3211 1443 3282 qui
1473 3228 1560 3266 me
1588 3227 1851 3266 renovare
1884 3234 1927 3293 ο

239 3300 509 3372 dignatus
537 3308 639 3366 est,
671 3309 726 3356 et
753 3299 898 3356 sicut
926 3299 1079 3355 dedit
1110 3299 1565 3354 restaurationem
1608 3302 1849 3371 corpori,

237 3390 327 3447 ita
357 3407 573 3463 quoque
604 3390 802 3446 animae
833 3398 956 3461 post
978 3389 1141 3445 istam
1168 3388 1340 3445 vitam
1387 3388 1514 3444 dare
1572 3389 1847 3465 promisit,

234 3479 291 3536 si
323 3485 508 3533 tamen
540 3494 651 3533 non
677 3479 882 3534 dubius
911 3495 1012 3534 nec
1041 3477 1273 3534 timidus
1305 3477 1594 3532 hominum
1630 3478 1849 3532 terrori-

235 3570 351 3627 bus
390 3568 647 3639 frangar;
692 3568 787 3624 sed
822 3567 878 3623 in
909 3565 1027 3639 ejus
1065 3566 1310 3623 nominis
1345 3566 1689 3623 confessione
1717 3583 1852 3639 per-

235 3656 453 3714 durans
480 3655 645 3711 ﬁdem
679 3655 971 3729 integram,
1004 3672 1168 3729 quam
1200 3673 1287 3711 me
1313 3657 1460 3712 Deus
1505 3655 1636 3712 fecit
1680 3655 1849 3712 inve-

235 3744 387 3812 nire,
421 3760 762 3800 conservem.

314 3840 403 3897 46.
464 3840 762 3899 Praefectus
817 3840 966 3898 dixit
1017 3860 1030 3899 :
1090 3843 1314 3917 Ignoras
1343 3887 1361 3914 ,
1420 3843 1799 3917 Tranquilline
1831 3889 1846 3914 ,

236 3938 448 4004 quanta
478 3929 973 3986 invictissimorum
1005 3930 1319 4005 principum
1341 3948 1467 4005 erga
1508 3932 1849 3990 Christianos

236 4017 326 4074 ira
355 4015 635 4085 desaeviat,
668 4025 723 4073 et
750 4017 875 4074 ideo
907 4020 1061 4091 quasi
1094 4035 1321 4076 securus
1365 4020 1512 4092 quod
1550 4019 1652 4075 tibi
1685 4019 1849 4075 vide-

234 4113 335 4162 tur
366 4106 486 4161 sine
532 4105 731 4159 timore
781 4106 1146 4177 prosequeris.
1195 4107 1609 4179 Tranquillinus
1654 4106 1843 4162 dixit:

238 4194 463 4251 Stultus
492 4193 660 4246 timor
689 4201 791 4259 est,
824 4209 932 4264 quo
971 4195 1095 4264 plus
1131 4195 1359 4249 timetur
1404 4195 1645 4251 humana
1692 4195 1850 4250 indi-

238 4284 434 4356 gnatio
463 4296 627 4353 quam
658 4279 869 4335 divina.
906 4281 1171 4353 Nunquid
1218 4282 1264 4337 si
1312 4281 1369 4335 in
1412 4283 1596 4337 medio
1648 4299 1847 4338 canum

241 4370 570 4427 latrantium
603 4368 943 4433 venerimus,
974 4377 1028 4425 et
1056 4385 1199 4423 vano
1228 4368 1414 4423 furore
1442 4386 1542 4424 nos
1583 4369 1848 4441 cceperint

241 4463 362 4517 suis
393 4459 667 4516 morsibus
710 4467 1021 4528 attrectare,
1071 4466 1302 4530 possunt
1348 4458 1509 4515 nobis
1549 4458 1616 4514 de
1662 4459 1846 4515 animo

238 4550 442 4608 tollere
474 4548 580 4605 hoc
625 4548 772 4622 quod
824 4566 924 4605 nos
971 4548 1224 4604 homines
1267 4564 1457 4605 sumus
1488 4548 1840 4605 rationabiles

239 4638 384 4712 (56),
414 4654 541 4694 cum
571 4638 683 4693 sint
713 4637 797 4693 illi
828 4653 1013 4707 canes,
1047 4647 1101 4694 et
1130 4636 1560 4705 irrationabiles,
1602 4646 1655 4693 et
1687 4637 1845 4693 insa-

238 4727 347 4783 ni?
375 4727 457 4781 Ita
487 4726 582 4798 qui
614 4725 776 4781 nobis
804 4735 952 4783 recte
983 4726 1335 4783 credentibus
1373 4726 1703 4795 irascuntur,
1734 4743 1844 4783 saa-

240 4816 362 4873 vire
391 4815 613 4887 quidem
655 4825 903 4888 possunt,
954 4825 1009 4873 et
1047 4816 1251 4872 inferre
1298 4815 1487 4890 iniqua
1531 4817 1840 4889 supplicia;

237 4924 524 4981 nunquam
573 4916 757 4964 tamen
792 4910 859 4965 de
898 4910 1062 4967 corde
1099 4916 1286 4965 nostro
1322 4909 1428 4967 hoc
1455 4910 1667 4965 auferre
1696 4918 1844 4982 pote-

237 5009 392 5067 runt,
425 4999 573 5071 quod
602 5001 904 5056 Dominum
935 5001 1120 5057 Jesum
1152 5000 1433 5058 Christum
1463 5008 1516 5057 et
1545 5008 1843 5056 creatorem

238 5105 358 5148 esse
388 5088 689 5156 credimus,
721 5099 775 5145 et
803 5088 1204 5160 redemptorem
1238 5097 1487 5145 nostrum
1534 5107 1597 5146 ac
1641 5099 1846 5147 restau-

239 5189 479 5237 ratorem
510 5197 628 5237 esse
657 5181 978 5251 gaudemus.
1013 5180 1152 5236 Tum
1182 5180 1470 5253 praefectus
1509 5179 1677 5251 jussit
1717 5195 1841 5234 eum

238 5267 414 5340 recipi
443 5282 474 5323 a
502 5266 949 5337 Commentariis,
978 5266 1167 5326 dicens
1201 5285 1213 5325 :
1254 5267 1513 5325 Proxima
1541 5276 1594 5325 te
1623 5267 1842 5324 audiam

238 5372 504 5415 888810118.

341 5534 437 5605 5A)
466 5534 581 5605 AL,
614 5536 914 5596 meditatas.

320 5609 415 5680 (55
473 5609 586 5675 AL,
627 5625 869 5679 quassas.

320 5610 440 5753 (56)
472 5679 729 5747 Quidam,
758 5682 1065 5738 rationales.

320 5752 440 5831 (57)
477 5754 807 5832 Κσνδὺλωμα,
841 5769 921 5816 est
952 5761 1012 5817 in
1037 5759 1291 5832 condylis
1319 5757 1435 5815 sive
1468 5752 1718 5814 articulis
1744 5754 1841 5812 di-

1960 1957 2136 2011 Deum
2166 1956 2495 2011 salvatorem
2527 1971 2710 2011 meum
2740 1954 2960 2026 agnovi.

2030 2042 2119 2099 48.
2162 2043 2316 2099 Tunc
2344 2042 2635 2115 praefectus
2680 2042 2894 2100 dimisit
2923 2058 3048 2097 eum
3080 2041 3268 2099 dicens
3298 2059 3309 2097 :
3361 2040 3559 2098 Adduc

1959 2134 2028 2189 ad
2057 2149 2144 2188 me
2175 2134 2269 2205 qui
2299 2140 2351 2187 te
2380 2132 2757 2189 Christianum
2798 2131 2951 2200 fecit,
2998 2138 3061 2186 ut
3090 2131 3136 2187 si
3167 2131 3303 2186 mihi
3340 2131 3561 2203 promi-

1959 2225 2093 2280 serit
2144 2225 2457 2293 sanitatem,
2509 2224 2714 2298 possim
2764 2232 2819 2281 et
2856 2240 2955 2297 ego
3008 2223 3129 2280 ﬁeri
3187 2223 3556 2281 Christianus.

1961 2312 2155 2369 Statim
2197 2321 2378 2368 autem
2424 2313 2842 2386 Tranquillinus
2888 2312 3120 2369 veniens
3174 2312 3243 2369 ad
3294 2312 3350 2368 S.
3398 2313 3559 2385 Poly-

1959 2417 2185 2472 carpum
2232 2400 2610 2472 presbyterum
2657 2401 2904 2456 narravit
2935 2401 2989 2456 ei
3026 2402 3213 2456 omnia
3262 2419 3382 2474 qua;
3413 2409 3563 2474 gesta

1960 2490 2048 2546 vel
2077 2490 2227 2546 dicta
2253 2498 2417 2556 sunt;
2451 2497 2505 2545 et
2532 2488 2740 2545 ducens
2769 2505 2894 2545 eum
2921 2488 3067 2545 intra
3105 2490 3332 2546 domum
3365 2493 3562 2549 occul-

1958 2587 2032 2646 te,
2066 2577 2307 2649 praefecti
2337 2593 2462 2632 eum
2491 2576 2803 2648 aspectibus
2841 2580 3213 2649 praesentavit.
3251 2579 3354 2634 Cui
3406 2596 3561 2649 prae-

1959 2668 2137 2723 fectus
2182 2667 2260 2721 ait
2294 2684 2306 2722 :
2364 2665 2518 2722 Licet
2564 2667 2747 2738 gravis
2797 2665 3203 2722 animadversio
3242 2667 3558 2739 principum

1960 2754 2290 2814 Christianis
2321 2756 2521 2812 infesta
2562 2755 2655 2824 sit,
2708 2762 2892 2810 tamen
2922 2771 3017 2827 spe
3050 2754 3434 2827 recuperandae
3462 2773 3562 2812 sa—

1960 2847 2094 2903 lutis
2149 2846 2369 2902 afferam
2429 2846 2587 2903 vobis
2639 2846 2911 2919 quidquid
2958 2847 3101 2903 illud
3140 2854 3223 2903 est
3266 2863 3443 2921 usque
3490 2847 3561 2903 ad

1959 2936 2255 2992 dimidium
2286 2936 2560 2991 bonorum
2608 2936 2928 3007 patrimonii
2975 2937 3104 3004 mei,
3138 2937 3184 2995 si
3213 2936 3281 2992 ab
3314 2936 3420 2994 hac
3448 2953 3561 2992 no-

1959 3024 2194 3081 dositate
2245 3025 2699 3097 condylomatum
2732 3026 2849 3097 (57)
2901 3026 3007 3081 mei
3064 3026 3271 3082 fuerint
3314 3025 3561 3082 membra

1958 3116 2204 3188 corporis
2252 3117 2510 3173 resoluta.
2561 3118 2716 3173 Tunc
2770 3118 2825 3173 S.
2874 3118 3212 3190 Polycarpus
3265 3118 3557 3174 subridens

1959 3205 2037 3259 ait
2071 3223 2082 3259 :
2124 3207 2324 3262 Potens
2371 3215 2454 3262 est
2500 3207 2772 3261 Dominus
2816 3206 2970 3261 Jesus
3017 3206 3273 3264 Christus
3314 3214 3377 3261 ut
3405 3206 3557 3277 igno-

1961 3300 2155 3354 rantiae
2215 3306 2323 3354 tuae
2374 3299 2573 3370 januas
2632 3298 2749 3371 (58)
2809 3297 3037 3370 aperiat,
3076 3305 3131 3352 et
3163 3297 3416 3353 ostendat
3452 3296 3557 3352 tibi

1961 3387 2107 3458 quod
2155 3387 2269 3459 ipse
2308 3388 2382 3443 sit
2423 3388 2669 3458 corporis
2715 3386 2796 3443 tui
2831 3392 3179 3442 restaurator.
3216 3386 3353 3442 Nam
3383 3401 3559 3457 pecu-

1960 3475 2109 3530 niam
2141 3477 2258 3531 sive
2291 3477 2385 3548 qui
2414 3475 2674 3543 aﬂ‘erunt,
2707 3475 2824 3530 sive
2858 3473 2954 3546 qui
2990 3474 3228 3529 oblatam
3258 3472 3559 3544 accipiunt,

1960 3580 2072 3621 non
2100 3566 2277 3621 solum
2306 3566 2518 3621 nullam
2542 3563 2859 3620 dolentibus
2885 3564 3181 3620 conferunt
3204 3563 3557 3627 medicinam,

1958 3655 2053 3711 sed
2086 3656 2252 3711 etiam
2283 3656 2389 3728 ipsi
2419 3655 2526 3711 sibi
2555 3654 2919 3710 insanabilem
2953 3653 3207 3708 morbum
3247 3660 3556 3709 assumunt.

1958 3744 2106 3799 Dicit
2146 3745 2195 3800 ei
2226 3746 2518 3819 praefectus
2546 3762 2558 3801 :
2604 3744 2707 3801 Dic
2739 3760 2868 3814 ergo
2898 3742 3038 3798 mihi
3068 3741 3200 3815 quid
3229 3741 3449 3810 faciam,
3498 3750 3561 3798 ut

1958 3834 2220 3906 consequi
2264 3835 2474 3889 valeam
2505 3833 2652 3905 quod
2682 3848 2859 3903 spero.
2893 3830 3041 3887 Dicit
3083 3829 3132 3885 ei
3175 3830 3511 3901 Polycarpus
3540 3848 3553 3885 ε

1957 3920 2014 3976 Si
2070 3922 2370 3978 credideris
2429 3936 2499 3975 ex
2559 3927 2675 3975 toto
2725 3919 2890 3976 corde
2950 3927 3067 3985 tuo,
3123 3916 3268 3972 sicut
3320 3916 3559 3972 credidit

1959 4008 2396 4081 Tranquillinus,
2427 4008 2615 4063 salvus
2635 4007 2763 4061 eris.
2816 4005 2965 4061 Dicit
2993 4003 3044 4058 ei
3073 4002 3363 4075 praefectus
3390 4021 3402 4058 :
3436 4003 3556 4070 Quo

1957 4098 2149 4155 ordine
2193 4097 2413 4155 credere
2461 4095 2688 4151 debeam
2738 4093 3045 4149 intimato?
3095 4093 3250 4149 Tunc
3290 4093 3346 4148 S.
3378 4092 3557 4164 Poly-

1956 4206 2151 4261 carpus
2198 4186 2558 4244 catechizavit
2591 4200 2740 4253 eum,
2788 4191 2844 4239 et
2894 4181 3103 4238 indixit
3139 4182 3190 4237 ei
3227 4189 3290 4237 ut
3318 4196 3414 4254 per
3440 4181 3554 4237 tri-

1957 4279 2129 4336 duum
2155 4275 2459 4348 jejunaret.
2511 4275 2583 4329 Et
2610 4289 2921 4331 convocans
2949 4273 3018 4329 ad
3063 4288 3121 4328 se
3168 4272 3224 4329 S.
3270 4271 3555 4327 Sebastia—

1956 4385 2112 4438 num,
2134 4368 2314 4424 tribus
2340 4367 2537 4424 diebus
2564 4374 2617 4423 et
2637 4366 2815 4423 tribus
2840 4365 3099 4423 noctibus
3122 4362 3398 4436 jejunavit
3426 4379 3553 4418 cum

1954 4474 2018 4514 eo
2061 4475 2072 4512 :
2133 4466 2186 4513 et
2235 4473 2362 4514 cum
2412 4456 2673 4530 lacrymis
2720 4456 2925 4529 pariter
2971 4453 3221 4519 orabant,
3275 4458 3338 4506 ut
3387 4449 3552 4505 ﬁdem

1955 4546 2198 4602 nominis
2226 4547 2311 4603 sui
2359 4546 2419 4602 in
2457 4546 2689 4602 salutem
2738 4543 2980 4600 volentis
3021 4541 3241 4599 credere
3280 4539 3552 4596 Dominus

1951 4635 2269 4693 declararet.

2543 4723 2770 4782 CAPUT
2806 4721 2934 4780 XV.

2345 4813 2640 4871 Chromatii
2665 4810 2942 4880 confracta
2971 4808 3137 4864 idola.

2020 4903 2109 4960 49.
2151 4903 2325 4975 Igitur
2356 4919 2483 4958 cum
2512 4902 2631 4957 dies
2658 4898 2842 4967 tertia,
2879 4914 3000 4969 quae
3029 4895 3329 4953 constituta
3348 4895 3546 4963 fuerat,

1951 4994 2281 5062 advenisset,
2328 4992 2398 5048 ad
2426 4992 2653 5048 domum
2688 4987 3013 5045 sustinentis
3043 4985 3285 5058 praefecti
3316 4985 3551 5043 veniunt

1950 5085 2154 5157 pariter
2196 5090 2572 5156 properantes.
2622 5079 2729 5147 Qui
2778 5076 3012 5150 ingressi
3058 5075 3324 5131 dixerunt
3367 5093 3380 5131 :
3434 5076 3549 5132 Pax

1950 5175 2079 5231 ﬁdei
2108 5183 2235 5230 tuae.
2273 5175 2348 5230 At
2390 5173 2486 5229 ille
2530 5169 2858 5228 resalutavit
2904 5184 2995 5224 eos
3034 5165 3455 5235 ofﬁciosissime,
3493 5174 3550 5223 et

1950 5264 2204 5322 hortatur
2258 5280 2349 5319 eos
2403 5261 2590 5318 sedere
2635 5259 2800 5332 juxta
2832 5274 2909 5328 se,
2967 5263 3022 5312 et
3069 5255 3261 5312 dixit:
3320 5256 3409 5311 Ex
3453 5270 3550 5311 ore

1949 5355 2319 5429 Tranquillini
2366 5352 2506 5410 ratio
2555 5367 2769 5425 egressa
2817 5348 3109 5406 oculorum
3159 5360 3405 5403 meorum
3451 5359 3550 5399 as-

1950 5536 2185 5611 gitorum
2230 5536 2392 5592 tuber
2436 5534 2553 5611 sive
2579 5530 2965 5611 inﬂammatio
3000 5546 3012 5584 :
3054 5543 3184 5584 mss.
3247 5521 3545 5589 habebant,

1948 5601 2434 5679 Eondotogmatum;
2463 5604 2710 5676 quidam,
2742 5601 2963 5657 doloris.

2021 5680 2136 5751 (58)
2173 5678 2292 5745 “Αι.,
2334 5678 2542 5734 Valvas.
