3880 6204
414 344 552 405 1135

1416 342 1512 397 AD
1552 340 1880 398 OPERA-S.
1918 337 2249 399 AMBROSII
2291 332 2669 395 APPENDIX.

3592 324 3719 392 “36

412 471 650 529 sertione
678 469 1006 526 declaratur.
1039 468 1215 525 Video
1262 462 1409 520 enim
1457 464 1606 519 hunc
1652 463 2001 519 sanissimum
2031 467 2082 524 A
2117 464 2266 521 teris.
2299 463 2650 521 Chromatius
2678 463 2823 519 dixit
2855 481 2866 518 :
2918 463 3105 520 Indica
3143 477 3278 535 ergo
3308 460 3462 517 mihi
3500 462 3630 535 quis
3657 463 3724 519 sit

412 578 574 635 quem
602 559 896 632 podagrico
922 565 977 614 et
1011 556 1316 627 chiragrico
1347 554 1593 610 videram
1638 552 1825 609 dolore
1857 570 2003 610 con-

411 661 668 710 tractum.
717 650 766 706 A
796 666 933 722 quos
980 662 1148 718 genus
1180 644 1567 701 medicamenti
1621 643 1767 700 unde
1810 644 2001 699 fuisset

411 742 653 798 salvatus
696 738 1002 811 inquirens,
1051 735 1159 790 tale
1190 734 1348 791 abeo
1408 734 1585 806 recepi
1631 750 1951 805 responsum
1988 752 1998 788 :

409 830 553 886 Dum
584 825 746 881 ﬁdem
790 841 966 880 meam
1000 823 1056 878 in
1092 822 1256 879 idolis
1292 832 1570 894 pbnerem,
1603 822 1800 878 debilis
1831 829 1883 877 et
1908 822 2006 877 ni—

411 918 523 973 mia
552 930 673 969 sum
701 913 1024 970 inﬁrmitate
1053 920 1363 969 contractus
1387 930 1398 968 :
1424 921 1478 966 at
1506 912 1601 968 ubi
1631 929 1802 968 unum
1830 914 2000 967 Deum

412 1005 471 1062 in
501 1004 656 1062 caelis
685 1001 857 1059 didici
885 1002 1197 1059 ostensione
1228 1002 1691 1069 Christianorum,
1737 1001 2002 1073 abnegavi

413 1094 674 1153 universa
702 1108 826 1166 quae
855 1092 973 1148 sine
1003 1109 1164 1148 causa
1193 1092 1492 1158 colueram,
1524 1100 1578 1148 et
1606 1091 1808 1148 tradidi
1838 1091 2003 1147 ﬁdem

414 1183 585 1242 animi
638 1183 746 1239 mei
794 1181 1015 1239 Christo
1057 1183 1197 1255 (59).
1247 1184 1377 1239 Mox
1422 1191 1605 1239 autem
1645 1190 1707 1237 ut
1742 1198 1914 1237 unum
1952 1189 2006 1237 et

414 1291 606 1332 verum
637 1275 811 1330 Deum
845 1273 901 1328 in
931 1273 1085 1330 caelis
1124 1289 1346 1345 regnare
1384 1273 1667 1329 confessus
1694 1291 1837 1339 sum,
1887 1281 2007 1328 sta-

413 1365 515 1422 tim
544 1363 747 1431 omnis,
778 1378 940 1435 quam
973 1379 1068 1434 per
1095 1362 1351 1419 undecim
1382 1379 1555 1419 annos
1583 1364 1894 1439 amiseram,
1938 1362 2005 1418 ad

414 1470 501 1510 me
531 1468 747 1509 reversa
775 1460 867 1515 est,
894 1452 1117 1518 sanitas,
1168 1460 1222 1508 et
1260 1452 1441 1508 omnis
1470 1470 1501 1508 a
1531 1469 1617 1508 me
1647 1462 1727 1508 est
1758 1453 2007 1525 protinus

413 1542 711 1602 inﬁrmitas
760 1550 1023 1614 separata.
1082 1542 1209 1599 Haec
1254 1543 1443 1599 audivi
1486 1544 1730 1612 auribus,
1778 1544 2005 1615 probavi

415 1635 612 1704 oculis,
671 1634 839 1692 corde
898 1632 1140 1700 credidi;
1201 1642 1446 1706 superest
1495 1648 1558 1691 ut
1608 1633 1753 1707 quod
1802 1634 2007 1690 fecistis

415 1722 801 1798 Tranquillino
831 1731 886 1779 et
915 1722 1053 1778 mihi
1085 1722 1319 1792 faciatis,
1352 1732 1413 1780 ut
1444 1724 1648 1796 possim
1680 1725 1788 1780 mei
1819 1739 2005 1796 corpo-

413 1815 493 1873 ris
520 1815 761 1887 recipere
790 1813 1101 1873 sanitatem.

485 1904 575 1961 50.
612 1904 948 1976 Polycarpus
994 1901 1279 1975 presbyter
1326 1901 1511 1958 dixit:
1560 1902 1617 1958 Si
1664 1910 2010 1960 transeuntes

320 2064 333 2067 _
413 1993 632 2051 dolores
676 1992 861 2048 anima
905 1990 1152 2046 hominis
1198 2006 1311 2045 non
1356 1991 1565 2058 suffert,
1615 1991 1751 2063 quid
1798 1991 1865 2047 de
1894 1992 2009 2047 illis

413 2070 701 2144 doloribus
739 2090 926 2140 actura
954 2088 1055 2150 est,
1095 2081 1298 2154 quibus
1326 2082 1513 2137 nullus
1541 2097 1783 2154 unquam
1824 2083 2009 2138 evenit

411 2175 564 2245 ﬁnis,
594 2175 749 2231 nulla
789 2173 953 2230 datur
981 2171 1211 2228 omnino
1245 2173 1564 2230 successio?
1609 2173 1744 2228 Nam
1774 2174 1867 2229 isti
1899 2174 2009 2229 do-

414 2266 560 2323 lores
589 2266 815 2321 illorum
845 2264 1101 2321 dolorum
1132 2263 1428 2337 imaginem
1459 2272 1702 2336 portant,
1741 2273 1796 2321 et
1823 2281 2008 2338 quan-

417 2365 536 2414 tum
579 2354 750 2412 distat
806 2355 952 2411 inter
1001 2355 1183 2427 ignem
1230 2355 1425 2411 vivum
1464 2363 1519 2411 et
1549 2354 1820 2426 picturam
1867 2356 2004 2429 ejus,

414 2453 631 2504 tantum
661 2446 831 2503 distat
876 2445 1022 2502 inter
1061 2444 1279 2502 dolores
1307 2461 1443 2518 quos
1469 2461 1620 2502 nunc
1647 2445 1854 2517 patitur
1878 2464 2008 2503 cor-

414 2552 540 2610 pus,
570 2544 625 2593 et
647 2536 775 2592 illos
799 2551 936 2609 quos
964 2534 1149 2591 anima
1174 2551 1398 2608 passura
1424 2543 1523 2602 est,
1556 2535 1603 2590 si
1633 2534 1821 2607 ignara
1852 2535 2009 2594 Crea-

414 2626 555 2683 toris
578 2625 665 2683 sui
692 2627 977 2699 praesentis
1005 2626 1133 2682 vitae
1164 2622 1479 2697 impleverit
1507 2640 1708 2680 munus
1741 2624 2009 2698 (60).Age

414 2733 542 2790 ergo
572 2716 864 2775 nobiscum
894 2717 1047 2790 prius
1091 2717 1159 2773 de
1193 2716 1478 2773 doloribus
1520 2717 1662 2784 illis,
1699 2724 1754 2773 et
1794 2725 1912 2773 esto
1943 2717 2009 2775 de

417 2806 515 2863 illa
538 2823 700 2880 pmna
724 2807 1020 2875 sollicitus,
1043 2823 1164 2880 quae
1184 2806 1349 2863 habet
1374 2807 1557 2880 ignem
1579 2822 1792 2879 semper
1819 2807 2008 2863 arden-

414 2904 548 2963 tem,
569 2903 625 2950 et
652 2912 895 2952 vermem
926 2912 1139 2967 semper
1165 2896 1438 2952 edentem.

482 2987 573 3044 51.
630 2986 785 3043 Tunc
849 2987 1201 3045 Chromatius
1259 2988 1413 3044 urbis
1465 2990 1650 3045 Romae
1700 2989 2007 3061 praefectus,

415 3092 546 3135 cum
579 3076 749 3133 unico
795 3077 913 3133 ﬁlio
955 3093 1055 3133 suo
1102 3076 1378 3147 Tiburtio,
1430 3077 1582 3134 dedit
1620 3094 1819 3134 nomen
1848 3096 2009 3135 suum

2118 574 2259 613 unus
2286 564 2340 611 et
2366 572 2528 611 verus
2565 555 2727 611 Deus.
2772 554 2826 610 8.
2877 553 3231 611 Sebastianus
3270 550 3577 625 respondit
3609 571 3624 608 :
3669 552 3722 609 Si

2117 663 2335 701 servum
2364 653 2519 701 tuum
2546 646 2614 702 ad
2644 643 2999 701 hauriendam
3047 660 3247 718 aquam
3291 643 3542 710 miseris,
3594 639 3721 698 dum

2116 736 2184 792 ad
2216 736 2420 791 fontem
2462 735 2696 804 venerit,
2743 734 2939 807 aspicit
2979 735 3133 807 prius
3179 750 3251 791 ne
3297 732 3500 790 sordes
3528 731 3725 805 aliqua

2117 828 2267 882 intus
2296 828 2497 883 lateant
2520 827 2578 881 in
2608 827 2815 898 lagena,
2848 833 2902 881 et
2931 841 3039 881 non
3069 832 3155 893 est,
3197 839 3369 881 ausus
3415 838 3629 895 aquam
3671 820 3727 877 in

2117 934 2214 972 vas
2243 917 2479 985 mittere,
2511 917 2621 972 nisi
2652 915 2976 973 mundatum
3003 931 3036 970 a
3064 914 3324 971 sordibus
3346 912 3591 978 viderit;
3629 927 3731 968 nos

2117 1007 2221 1062 tibi
2253 1005 2527 1078 quomodo
2567 1004 2869 1077 poterimus
2912 1003 3125 1061 tradere
3179 1004 3394 1059 fontem
3440 1001 3729 1069 veritatis,

2118 1096 2225 1153 nisi
2282 1095 2435 1168 prius
2489 1104 2542 1151 te
2592 1094 2659 1151 ab
2715 1093 2973 1150 omnibus
3030 1093 3309 1149 idolorum
3360 1090 3636 1148 sordibus
3678 1099 3732 1146 α

2118 1186 2466 1259 squaloribus
2493 1185 2688 1241 feceris
2715 1184 2958 1239 alienum
2980 1184 3009 1240 7
3039 1181 3396 1240 Chromatius
3423 1180 3583 1237 dixit
3614 1198 3630 1237 :
3664 1179 3730 1235 Et

2119 1295 2228 1351 quo
2269 1276 2460 1332 ordine
2509 1275 2723 1331 alienus
2758 1274 2900 1331 eﬂici
2945 1281 3137 1347 potero
3166 1272 3235 1328 ab
3263 1271 3403 1327 his?
3448 1270 3509 1327 S.
3560 1270 3730 1327 Seba-

2119 1369 2333 1425 stianus
2360 1366 2532 1423 dixit:
2570 1368 2650 1422 Da
2677 1365 2838 1421 nobis
2866 1372 3187 1437 potestatem
3227 1370 3291 1419 ut
3327 1361 3522 1418 omnia
3549 1360 3726 1428 idola,

2119 1474 2240 1531 quae
2268 1458 2325 1511 in
2360 1456 2525 1512 domo
2574 1454 2971 1523 invenerimus,
3016 1453 3232 1526 lapidea
3275 1452 3727 1523 confringamus,

2118 1548 2297 1619 lignea
2324 1546 2701 1615 incendamus,
2730 1561 2892 1601 aurea
2918 1553 2974 1600 et
3011 1551 3265 1616 argentea
3289 1543 3377 1598 vel
3417 1556 3563 1597 εει-εδ
3598 1556 3729 1596 con-

2120 1644 2331 1711 ﬂemus,
2362 1652 2416 1699 et
2444 1644 2619 1716 pretia
2648 1658 2838 1699 eorum
2866 1641 3150 1714 egentibus
3180 1639 3523 1696 dividamus.
3553 1636 3728 1696 Chro-

2119 1733 2321 1788 matius
2364 1732 2557 1789 dixit:
2606 1733 2679 1788 Et
2721 1750 2846 1790 cum
2896 1732 3014 1789 haec
3067 1731 3330 1800 feceritis,
3390 1728 3532 1785 mihi
3588 1727 3728 1803 quid

2032 1823 2080 1883 B
2114 1828 2326 1885 fructus
2370 1829 2639 1885 accedet?
2692 1828 2747 1885 S.
2807 1828 3158 1885 Sebastianus
3205 1826 3398 1883 dixit:
3451 1826 3727 1883 Omnium

2118 1934 2414 1974 nervorum
2467 1918 2583 1990 (62)
2643 1926 2888 1988 tuorum,
2945 1934 3181 1992 quorum
3238 1917 3551 1974 nodositate
3592 1933 3726 1972 con-

2117 2008 2420 2081 stringeris,
2456 2009 2641 2065 statim
2692 2009 3043 2081 consequeris
3089 2007 3412 2076 sanitatem;
3463 2014 3521 2063 et
3565 2004 3727 2079 quasi

2117 2101 2211 2174 qui
2242 2117 2523 2174 nunquam
2552 2100 2815 2169 dolueris,
2867 2101 2944 2157 ita
2984 2098 3219 2172 pedibus
3247 2100 3361 2155 tuis
3387 2114 3611 2155 currere
3644 2098 3728 2153 in-

2116 2191 2307 2263 cipies,
2338 2200 2392 2247 et
2416 2207 2709 2263 agnoscere
2745 2190 2892 2264 quod
2936 2189 3195 2245 inimicos
3225 2197 3336 2244 tuae
3365 2186 3561 2243 salutis
3586 2184 3728 2264 deos

2116 2279 2379 2337 dilexeris
2419 2262 2571 2353 (63);
2608 2262 2778 2338 tuum?
2796 2297 2927 2337 vero
2961 2287 3242 2352 parentem
3272 2277 3426 2333 hunc
3449 2292 3592 2343 esse,
3626 2262 3725 2348 qui

2116 2377 2190 2439 te,
2218 2371 2403 2427 statim
2433 2379 2495 2427 ut
2524 2369 2642 2443 ejus
2670 2370 2926 2428 notitiam
2956 2378 3120 2443 atque
3165 2368 3445 2425 culturam
3490 2367 3723 2425 invene.

2116 2460 2213 2528 ris,
2245 2468 2516 2517 restaurat
2542 2467 2596 2516 et
2628 2462 2822 2517 salvat.

2187 2549 2277 2605 53.
2334 2549 2684 2607 Chromatius
2737 2550 2939 2606 dixit:
2997 2549 3180 2607 Nolite
3235 2549 3609 2622 vosmetipsos
3655 2547 3725 2605 ad

2117 2639 2260 2695 hanc
2308 2638 2569 2711 injuriam
2599 2638 2916 2712 deponere:
2975 2639 3069 2697 sed
3115 2639 3292 2697 servis
3343 2640 3487 2696 meis
3539 2639 3725 2712 praeci-

2117 2729 2297 2801 piam;
2328 2737 2382 2784 et
2428 2729 2533 2801 ipsi
2575 2730 2836 2786 universa
2869 2730 3241 2803 confringent.
3278 2728 3335 2785 S.
3367 2728 3726 2785 Sebastianus

2117 2816 2306 2873 dixit:
2359 2817 2528 2873 Dubii
2573 2825 2626 2875 et
2667 2819 2850 2875 timidi
2890 2827 2943 2877 et
2983 2819 3236 2876 inﬁdeles
3265 2820 3313 2877 si
3349 2835 3415 2876 ea
3441 2819 3721 2891 confrege-

2118 2906 2503 2971 rint,inveniet
2528 2906 2780 2965 diabolus
2807 2925 2904 2982 per
2924 2925 3311 2983 quamcunque
3330 2908 3721 2981 negligentiam

2119 3014 2309 3054 eorum
2338 2999 2681 3055 occasionem
2712 2999 2946 3055 laedendi
2993 3016 3108 3069 eos,
3153 3006 3210 3056 et
3261 2999 3452 3055 statim
3494 3006 3559 3055 ut
3604 2998 3722 3054 laesi

2120 3088 2352 3158 fuerint,
2383 3089 2568 3146 dicent
2614 3090 2884 3159 inﬁdeles,
2930 3100 3217 3164 propterea
3263 3106 3358 3147 eos
3402 3090 3563 3147 laesos
3607 3105 3723 3146 esse

414 3166 604 3260 dicens
637 3186 648 3224 :
708 3168 772 3225 In
802 3168 909 3260 hoc
935 3168 1004 3224 de
1025 3168 1138 3260 ﬁde
1184 3186 1303 3225 mea
1337 3179 1515 3228 certos
1548 3188 1646 3227 vos
1674 3187 1789 3227 esse
1814 3189 2008 3229 conve-
2041 3199 2084 3260 ο
2120 3179 2250 3252 quia
2280 3180 2427 3235 idola
2455 3181 2858 3253 confregerunt.
2893 3181 3010 3238 Nisi
3040 3181 3190 3237 enim
3223 3181 3456 3237 loricam
3486 3179 3716 3247 habens,

414 3258 522 3328 nit,
574 3259 633 3314 in
667 3274 775 3332 qua
814 3259 980 3315 etiam
1011 3259 1187 3315 ﬁlium
1238 3277 1421 3317 meum
1472 3260 1849 3319 Christianum
1894 3262 2011 3321 ﬁeri

416 3363 633 3405 mecum
665 3356 887 3420 exopto.
939 3348 994 3405 S.
1026 3349 1379 3406 Sebastianus
1408 3350 1555 3406 dixit
1582 3368 1593 3406 :
1633 3351 1774 3406 Vide
1804 3368 1873 3407 ne
1902 3353 2016 3408 sola

417 3438 830 3508 recuperatione
879 3437 960 3491 tui
1001 3439 1247 3508 corporis
1294 3437 1492 3494 ductus
1540 3448 1592 3494 te
1638 3439 2013 3496 Christianum

414 3522 538 3577 ﬁeri
564 3537 767 3591 speres,
800 3522 895 3576 sed
926 3525 1099 3593 magis
1127 3540 1219 3593 spe
1249 3526 1377 3579 vita;
1407 3532 1627 3579 aeterna;
1657 3527 1825 3583 facias
1868 3545 2013 3584 men-

414 3615 526 3663 tem
554 3614 704 3664 tuam
754 3623 947 3679 puram
993 3608 1062 3663 ad
1090 3609 1386 3664 videndam
1436 3612 1703 3666 rationem
1742 3615 2010 3671 veritatis.

412 3697 532 3756 Nisi
563 3698 710 3755 enim
742 3698 1032 3772 agnoveris
1068 3699 1163 3773 qui
1191 3698 1265 3755 sit
1285 3698 1512 3756 Creator
1538 3707 1686 3767 tuus,
1724 3718 1833 3759 non
1864 3713 2012 3776 pote-

414 3788 493 3845 ris
512 3787 762 3847 invenire
784 3788 1015 3845 salutem
1039 3805 1201 3862 quam
1224 3788 1443 3862 quaeris.
1465 3787 1816 3847 Chromatius
1836 3791 2010 3848 dixit:

411 3878 560 3951 Ergo
589 3885 644 3934 et
670 3878 908 3935 rusticos
936 3886 991 3934 et
1020 3878 1463 3952 simplicissimos
1501 3878 1755 3936 homines
1793 3898 1905 3936 non
1933 3882 2013 3937 vi-

413 3967 608 4025 demus
636 3984 751 4024 esse
781 3968 1150 4038 Christianos,
1183 3968 1260 4026 ita
1289 3976 1352 4025 ut
1377 3968 1522 4024 inter
1553 3970 1706 4025 mille
1738 3970 1888 4027 viros
1915 3970 2010 4026 vix

415 4056 669 4114 invenias
696 4075 869 4114 unum
894 4059 988 4131 qui
1011 4059 1185 4132 possit
1204 4059 1292 4114 vel
1313 4075 1629 4116 sermonum
1662 4060 2012 4134 disciplinam

414 4144 666 4216 adipisci.
699 4147 965 4219 Nunquid
994 4149 1053 4204 hi
1074 4166 1264 4206 omnes
1291 4150 1362 4205 ad
1392 4150 1551 4207 istam
1594 4150 2013 4225 inquisitionem

414 4236 684 4309 attingere
717 4247 1015 4309 potuerunt
1043 4241 1174 4296 dum
1215 4241 1409 4298 ﬁerent
1456 4242 1807 4301 Christiani?
1836 4244 1890 4301 8.
1923 4247 2013 4301 Se-

418 4326 704 4384 bastianus
746 4326 864 4382 ait:
907 4327 1022 4384 Hoc
1050 4344 1371 4400 responsum
1416 4339 1572 4388 tuum
1613 4343 1814 4391 nostrae
1845 4334 2013 4409 partis

415 4416 600 4473 ﬁrmat
622 4415 741 4491 (61)
770 4415 1147 4473 assertionem.
1170 4417 1304 4474 Nam
1331 4419 1399 4474 ab
1420 4420 1633 4491 origine
1662 4422 1857 4478 mundi
1886 4439 2010 4479 cum

416 4505 677 4563 ruricolis
709 4511 765 4562 et
790 4503 1104 4579 pastoribus
1132 4506 1321 4562 ovium
1340 4509 1486 4563 Deus
1506 4508 1701 4565 habuit
1720 4511 2008 4580 rationem,

416 4601 471 4651 et
493 4592 655 4667 juxta
683 4593 852 4650 ﬁnem
883 4593 1075 4650 mundi
1106 4594 1334 4651 veniens
1371 4611 1482 4652 non
1512 4597 1675 4669 elegit
1702 4599 2011 4670 grammati-

416 4702 510 4744 cos
536 4693 589 4741 et
614 4693 878 4753 oratores,
909 4684 1004 4741 sed
1033 4693 1344 4758 peccatores
1373 4695 1426 4744 et
1459 4686 1761 4759 simplices,
1794 4696 1848 4745 et
1878 4690 2011 4763 ipsis

417 4774 649 4831 tradidit
679 4775 934 4832 notitiam
964 4792 1141 4833 suam.

486 4864 578 4922 52.
619 4864 970 4924 Chromatius
997 4864 1185 4922 dixit:
1234 4865 1347 4924 Cur
1391 4882 1519 4940 ergo
1560 4883 1647 4923 me
1692 4866 1831 4925 dicis
1860 4867 2013 4941 prius

414 4951 615 5013 debere
643 4972 938 5029 agnoscere
976 4956 1101 5028 quis
1143 4956 1215 5013 sit
1247 4966 1462 5014 creator
1489 4975 1664 5027 meus,
1711 4975 1872 5032 quem
1904 4960 2011 5016 nisi

420 5046 740 5119 agnoverim
787 5046 1017 5103 salutem
1059 5046 1311 5102 invenire
1354 5063 1465 5104 non
1509 5048 1712 5120 possim
1738 5048 1767 5103 ‘I
1820 5048 1876 5104 8.
1909 5049 2013 5104 Se-

416 5134 699 5196 bastianus
739 5139 887 5197 dixit
921 5159 932 5196 :
981 5140 1122 5208 Quia
1164 5141 1369 5196 multos
1397 5140 1526 5196 deos
1555 5148 1609 5196 et
1656 5142 1858 5198 multas
1886 5142 2013 5199 deas

415 5229 659 5306 coluisti.
709 5230 827 5287 Nisi
870 5246 999 5302 ergo
1046 5228 1147 5286 hos
1177 5246 1209 5285 a
1250 5229 1413 5287 corde
1452 5237 1548 5285 tuo
1590 5231 1911 5299 excluseris,
1959 5238 2013 5287 et

417 5314 686 5392 imagines
723 5335 913 5376 eorum
963 5320 1318 5392 confregeris,
1372 5327 1426 5376 et
1470 5322 1791 5393 cognoveris
1838 5338 2011 5377 unum

414 5415 470 5464 et
497 5424 691 5468 verum
719 5409 917 5477 Deum,
947 5407 1121 5464 vitam
1151 5416 1205 5466 et
1229 5409 1460 5467 salutem
1490 5408 1739 5466 invenire
1769 5425 1880 5466 non
1903 5426 2013 5483 po-

513 5570 583 5627 59
649 5569 767 5637 AL,
796 5568 1051 5624 Animam
1079 5585 1246 5626 meam
1273 5589 1338 5627 ea:
1360 5569 1464 5642 ﬁde
1495 5570 1725 5625 Christo.

487 5571 610 5780 ἔδοξ
653 5639 768 5707 AL,
806 5639 1078 5695 Creatoris
1108 5643 1192 5695 sui
1222 5641 1479 5713 spreverit
1511 5656 1723 5694 munus.

513 5710 577 5767 61
646 5709 761 5778 ΑΙ.,
791 5710 1054 5779 Απὶνηιαι.

513 5710 577 5767 61

653 5639 768 5713 AL,
806 5639 1078 5713 Creatoris
1108 5643 1192 5695 sui
1222 5639 1479 5713 spreuerit
1511 5656 1723 5694 munus.

646 5709 761 5778 AL,
791 5710 1054 5779 Aﬁrmat.

586 5571 610 5781 ξ

2126 3287 2236 3325 non
2264 3270 2497 3343 eripitur
2517 3271 2719 3328 ictibus
2746 3272 3088 3344 sagittarum.
3115 3271 3283 3327 Galea
3310 3273 3466 3327 enim
3486 3281 3544 3328 et
3567 3280 3722 3327 scuto

2125 3369 2177 3417 et
2207 3363 2361 3419 hasta
2388 3364 2564 3420 utitur
2591 3363 2752 3422 docta
2777 3380 2970 3420 manus
3000 3363 3056 3419 in
3088 3363 3301 3436 praelio,
3343 3372 3409 3419 ut
3438 3380 3507 3419 ex
3544 3363 3720 3419 muni-

2126 3454 2274 3510 mine
2304 3470 2581 3511 armorum
2629 3460 2683 3509 et
2724 3450 2934 3525 impetu
2977 3452 3213 3508 feriendi
3263 3461 3511 3508 assumat
3562 3451 3721 3508 auda-

2123 3544 2284 3612 ciam,
2314 3552 2369 3601 et
2398 3553 2549 3618 terga
2576 3561 2688 3602 non
2717 3551 2916 3600 vertat.
2963 3542 3233 3600 Similiter
3262 3551 3319 3598 et
3347 3541 3562 3597 milita
3602 3538 3716 3607 Dei,

2125 3635 2219 3708 qui
2248 3642 2402 3692 scuto
2430 3635 2560 3691 ﬁdei
2590 3636 2940 3703 muniuntur,
2982 3641 3036 3689 et
3075 3632 3246 3688 lorica
3275 3630 3543 3703 tegminis
3570 3627 3716 3686 Chri-

2124 3728 2195 3781 sti
2239 3734 2618 3798 proteguntur,
2678 3725 2941 3781 habentes
2986 3724 3195 3796 galeam
3236 3721 3370 3778 fidei
3407 3728 3465 3776 et
3503 3719 3716 3783 salutis,

2124 3815 2257 3887 ipsis
2285 3824 2367 3871 est
2393 3821 2575 3869 tutum
2606 3813 2748 3869 inire
2776 3821 3072 3870 certamen.
3114 3811 3372 3884 Pugnant
3396 3811 3549 3866 enim
3580 3824 3714 3865 acer-

2123 3905 2263 3960 rime
2308 3911 2362 3960 et
2408 3904 2626 3960 fortiter
2659 3904 2913 3971 vincunt,
2961 3901 3092 3974 quia
3139 3909 3333 3957 contra
3380 3898 3714 3955 invisibilem

2123 3995 2335 4052 hostem
2366 3994 2456 4051 die
2485 4003 2759 4067 noctuque
2800 3991 3219 4065 infatigabiliter
3261 3991 3625 4063 preliantur;
3667 3995 3717 4044 et

2121 4093 2251 4142 sunt
2278 4084 2409 4142 tecti
2440 4084 2497 4140 in
2528 4085 2787 4141 omnibus
2835 4081 3115 4150 membris,
3148 4079 3259 4136 ﬁde
3289 4079 3481 4153 potius
3524 4077 3715 4135 armati

2123 4191 2286 4248 quam
2314 4174 2478 4231 ferro.
2510 4173 2862 4231 Chromatius
2892 4172 3069 4228 dixit:
3106 4170 3229 4226 Fiat
3254 4171 3518 4226 voluntas
3545 4167 3643 4225 Dei
3664 4174 3717 4224 et

2122 4272 2320 4321 vestra.
2351 4264 2505 4321 Tunc
2532 4264 2587 4321 S.
2616 4264 2951 4338 Polycarpus
2977 4262 3266 4336 presbyter
3290 4270 3346 4318 et
3366 4261 3433 4317 Β.
3455 4259 3719 4317 Sebastia-

2121 4371 2226 4412 nus
2267 4356 2659 4429 praecingentes
2685 4371 2742 4411 se
2770 4362 3094 4421 oraveruut;
3139 4359 3196 4408 et
3238 4362 3365 4426 post
3414 4351 3719 4409 orationem

2120 4447 2357 4521 amplius
2371 4462 2531 4522 quam
2553 4445 2789 4504 ducenta
2802 4445 3078 4502 idolorum
3098 4444 3257 4518 signa
3281 4444 3717 4518 confringentes,

2040 4563 2088 4622 D
2123 4545 2406 4610 cmperunt
2430 4537 2628 4611 gratias
2656 4552 2812 4610 agere
2840 4537 2953 4592 Deo
2980 4551 3101 4591 suo.

2119 4756 2486 4816 Instrumentis
2512 4757 2814 4828 astrologiae
2831 4755 3140 4825 judiciariat
3164 4748 3463 4825 confracti:
3497 4757 3722 4811 sanatur

2741 4844 3096 4902 Chromatius.

2189 4958 2277 5014 54.
2308 4958 2437 5013 Post
2463 4956 2582 5013 haec
2600 4964 2943 5012 accesserunt
2971 4954 3040 5010 ad
3065 4953 3457 5011 Chromatium
3478 4952 3719 5011 dicentes

2120 5050 2169 5107 ei
2196 5070 2207 5107 :
2250 5048 2739 5122 Confringentibus
2769 5048 2929 5104 nobis
2958 5046 3104 5103 idola
3132 5054 3195 5102 tu
3224 5046 3474 5103 debuisti
3525 5045 3716 5103 sanita-

2120 5148 2229 5196 tem
2261 5140 2520 5213 recipere,
2552 5139 2657 5195 nisi
2690 5138 2830 5195 forte
2865 5137 3049 5209 aliqua
3078 5135 3181 5191 tibi
3230 5136 3293 5191 in
3329 5137 3527 5193 animo
3572 5137 3717 5209 signa

2123 5229 2465 5286 inﬁdelitatis
2520 5229 3001 5301 derelinquuntur.
3060 5225 3175 5281 Hoc
3228 5226 3386 5282 enim
3426 5226 3578 5299 apud
3626 5241 3714 5281 nos

2121 5327 2331 5375 certum
2356 5319 2611 5391 gerimus,
2645 5317 2792 5392 quod
2838 5324 2931 5372 aut
2970 5322 3053 5371 est
3097 5314 3339 5387 aliquid,
3386 5315 3545 5388 quod
3592 5329 3715 5371 non.

2121 5409 2252 5466 dum
2284 5418 2365 5466 est
2389 5410 2654 5477 fractum;
2688 5416 2783 5464 aut
2809 5407 2855 5464 si
2886 5406 3073 5464 omnia
3101 5406 3282 5463 fracta
3308 5416 3467 5476 sunt,
3500 5404 3635 5479 quid
3664 5405 3712 5460 in

2194 5571 2312 5712 (ἐξ)
2345 5572 2464 5711 il:
2487 5570 2990 5699 οἲθιετιῗίὲῖνῖέΐέενε..
