3880 6204
386 182 522 240 H39

1411 183 1503 237 AD
1545 182 1779 237 OPEBA
1816 182 1873 237 S.
1915 180 2252 237 AMBROSII
2292 180 2673 236 APPENDIX.

3585 174 3706 231 1140

382 306 513 363 bani
543 314 596 361 et
630 305 844 362 accensi
883 312 1013 361 ante
1038 304 1263 378 januam
1311 305 1554 361 cubiculi
1589 314 1982 377 praeparentur,
2015 310 2065 367 A
2099 306 2263 361 nibus
2310 306 2581 377 peccatis;
2615 314 2669 361 at
2714 305 2809 360 ille
2850 305 2928 361 ait
2960 323 2971 361 :
3005 307 3115 361 Ista
3146 305 3310 377 prius
3338 300 3595 359 debuisti
3628 300 3705 355 in-

383 402 447 449 ut
487 393 620 449 dum
671 392 1010 451 destructum
1060 396 1127 451 ab
1179 395 1258 450 eis
1316 395 1503 462 fuerit,
1553 403 1607 449 et
1652 402 1805 465 pater
1833 411 1987 452 meus

384 500 498 540 non
527 482 793 554 receperit
821 486 1133 550 sanitatem,
1181 484 1344 538 ambo
1379 485 1434 538 in
1476 484 1708 555 singulis
1752 485 1987 541 clibanis

385 572 710 629 ardentibus
756 573 1164 644 demergantur.
1206 573 1457 627 Audiens
1496 572 1612 627 huic
1656 580 1809 644 pater
1845 572 1984 644 ejus,

385 663 715 737 prohibebat
760 661 901 718 ﬁeri.
948 662 1132 717 Sancti
1166 678 1299 715 vero
1354 678 1464 717 non
1504 663 1681 716 solum
1719 679 1831 717 non
1862 679 1987 719 me-

385 754 617 810 tuebant
676 752 1008 822 promissum
1057 750 1317 821 exitium,
1376 769 1570 808 verum
1625 752 1790 807 etiam
1845 770 1987 810 con-

387 850 593 900 stanter
623 841 914 909 praeparari
943 841 1191 897 clibanos
1220 840 1603 900 hortabantur.

456 929 708 985 59.Tunc
736 937 1083 986 accesserunt
1103 928 1172 985 ad
1194 930 1452 987 universa
1482 932 1631 988 idola
1662 933 1989 1005 crystallina

388 1027 442 1074 et
466 1016 793 1085 holovitrea,
826 1025 880 1073 et
927 1034 1091 1073 omne
1119 1034 1257 1089 opus
1286 1020 1426 1076 illud
1468 1022 1850 1079 mechanicum
1893 1041 1904 1079 :
1934 1030 1989 1078 et

389 1108 597 1175 subito,
628 1107 761 1164 dum
810 1116 1125 1165 sanctorum
1166 1111 1422 1169 manibus
1450 1113 1851 1186 frangerentur,
1882 1131 1989 1186 ap-

388 1197 573 1271 paruit
601 1204 726 1252 ante
773 1198 963 1253 oculos
1015 1196 1324 1255 Chromatii
1350 1200 1597 1271 juvenis,
1629 1203 1788 1274 cujus
1824 1202 1990 1258 facies

389 1288 643 1344 flammeo
671 1286 919 1343 radiabat
938 1295 1181 1359 aspectu,
1211 1297 1266 1345 et
1290 1290 1437 1346 dixit
1467 1291 1539 1347 ei:
1573 1293 1726 1349 Misit
1754 1308 1840 1348 me
1869 1294 1988 1348 Do-

390 1378 576 1433 minus
605 1394 759 1432 meus
804 1378 959 1433 Iesus
988 1378 1263 1449 Christus,
1303 1381 1394 1437 cui
1432 1382 1738 1448 credidisti,
1770 1391 1832 1439 ut
1860 1399 1990 1438 om-

392 1470 550 1525 nium
582 1468 956 1524 membrorum
1011 1477 1234 1525 tuorum
1290 1471 1524 1542 recipias
1566 1473 1873 1529 sanitatem.
1905 1471 1991 1528 Ad

390 1558 532 1615 hanc
560 1574 751 1614 vocem
792 1556 1117 1613 sanissimus
1147 1558 1397 1615 redditus
1426 1561 1592 1632 coapit
1620 1576 1841 1616 currere
1870 1570 1993 1632 post

2096 396 2312 467 quirere
2357 404 2648 467 antequam
2681 394 2776 450 has
2806 395 2957 450 aulas
2990 394 3132 466 regis
3163 393 3287 463 (74)
3318 391 3603 447 ccelorum
3634 389 3706 445 iu-

2096 491 2315 539 trarem.
2364 485 2522 539 Nunc
2566 491 2747 539 autem
2778 482 3061 538 reinduam
3096 498 3183 536 me
3215 497 3337 537 non
3381 478 3704 550 baptizatus,

2096 580 2158 627 ut
2186 572 2444 627 omnibus
2490 574 2662 643 prius,
2694 571 2894 644 quibus
2936 588 3060 627 sum
3109 572 3308 637 iratus,
3347 568 3703 639 indulgeam;

2096 660 2355 716 omnibus
2394 661 2734 718 debitoribus
2787 661 2922 715 meis
2960 659 3333 732 chirographa
3376 657 3703 723 restituam;

2096 749 2142 805 si
2171 749 2261 804 cui
2288 749 2497 822 aliquid
2526 750 2795 805 violenter
2823 749 3047 816 abstuli,
3073 749 3361 820 integrum
3385 744 3552 801 reddi
3582 761 3707 816 pras-

2096 839 2295 911 cipiam
2330 857 2341 894 :
2375 840 2497 896 dum
2541 838 2681 894 mihi
2726 848 2846 910 post
2892 839 3084 894 uxoris
3121 838 3345 894 obitum
3378 835 3708 892 concubina

2097 936 2246 996 sunt,
2274 937 2329 985 et
2358 928 2479 984 istis
2508 928 2690 984 dotem
2711 936 2766 984 et
2780 928 3005 985 maritos
3025 927 3261 995 tradam,
3285 927 3357 983 ab
3379 925 3541 982 omni
3565 941 3710 981 nexu

2097 1015 2306 1083 servili,
2338 1016 2598 1089 ingenuo,
2620 1017 2857 1089 privato,
2888 1017 2976 1072 vel
3020 1016 3248 1088 publico
3279 1024 3516 1071 actuum
3566 1029 3710 1070 meo-

2097 1124 2220 1163 rum
2249 1108 2529 1164 exsolvam
2567 1128 2577 1165 :
2611 1116 2665 1164 et
2698 1109 2772 1164 ita
2802 1107 3023 1164 demum
3056 1108 3377 1179 promittam
3422 1105 3709 1160 renuntia-

2098 1206 2285 1253 turum
2331 1214 2417 1253 me
2446 1197 2701 1253 omnibus
2746 1196 2983 1268 peccatis
3025 1195 3319 1252 diabolicis
3348 1202 3406 1251 et
3451 1194 3710 1264 volupta-

2098 1290 2247 1361 tibus
2288 1289 2503 1345 mundi.
2552 1288 2700 1346 Dicit
2744 1290 2793 1345 ei
2834 1289 3173 1361 Polycarpus
3202 1287 3500 1361 presbyter
3533 1304 3545 1341 :
3576 1285 3709 1341 Bea-

2098 1379 2291 1435 tiorem
2328 1385 2382 1433 te
2432 1378 2669 1434 coalestis
2713 1377 2863 1433 unda
2918 1376 3234 1449 perfundet,
3290 1392 3423 1431 cum
3471 1391 3539 1430 ea
3585 1390 3709 1446 qua

2099 1469 2327 1525 arbitrio
2354 1476 2450 1523 tuo
2479 1468 2619 1525 dicis
2645 1477 2699 1526 te
2733 1485 2849 1525 esse
2878 1470 3179 1535 facturum,
3201 1474 3319 1524 tota
3347 1465 3709 1522 festinatione

2100 1558 2462 1630 compleveris
2495 1576 2506 1614 :
2541 1574 2667 1613 nam
2718 1557 3249 1631 etquadragesimw
3304 1563 3530 1627 tempus
3584 1552 3708 1609 ideo

384 1648 667 1720 juvenem,
707 1657 769 1704 ut
825 1647 989 1721 pedes
1036 1646 1155 1719 ejus
1200 1649 1559 1705 oscularetur.
1602 1650 1799 1707 Atille
1841 1649 1987 1705 dixit
2021 1661 2067 1721 Β
2098 1647 2441 1720 baptizandis
2488 1646 2820 1719 injungitur,
2850 1654 2913 1702 ut
2967 1654 3048 1703 tot
3088 1645 3284 1701 diebus
3328 1645 3449 1714 (75)
3486 1643 3597 1715 ipsi
3627 1641 3708 1698 di-

390 1740 440 1795 ei
466 1757 477 1794 :
500 1738 639 1794 Vide
661 1754 729 1793 ne
749 1738 1037 1811 contingas
1062 1753 1169 1806 me,
1211 1738 1341 1811 quia
1369 1738 1617 1794 nondum
1643 1738 1989 1812 baptismatis

390 1826 754 1885 sanctiﬁcatio
782 1834 837 1883 te
869 1844 902 1883 a
934 1826 1285 1900 squaloribus
1334 1828 1514 1884 abluit
1560 1828 1859 1884 idolorum.
1893 1828 1987 1884 Vi-

390 1916 525 1972 dens
555 1916 672 1973 haec
698 1915 984 1972 Tiburtius
1030 1915 1181 1972 filius
1211 1916 1352 1987 ejus,
1380 1916 1700 1972 advolvitur
1729 1917 1797 1973 ad
1826 1917 1989 1989 pedes

392 2006 450 2062 S.
512 2004 824 2077 Polycarpi.
888 2006 1007 2076 Ipse
1056 2012 1239 2060 autem
1290 2004 1642 2061 Chromatius
1695 2006 1990 2079 pra‘fectus

391 2093 728 2165 astringebat
757 2094 971 2166 plantas
1001 2094 1056 2149 S.
1081 2093 1409 2160 Sebastiani,
1441 2104 1494 2149 et
1524 2094 1685 2150 ambo
1714 2112 1824 2151 una
1853 2112 1990 2152 voce

393 2187 704 2243 clamabant
734 2203 745 2241 :
780 2186 956 2243 Verus
985 2189 1132 2243 Deus
1161 2195 1243 2242 est
1273 2187 1549 2255 Christus,
1586 2204 1751 2243 verus
1775 2196 1830 2244 et
1859 2205 1989 2243 om-

392 2276 649 2348 nipotens
689 2275 1010 2347 unigenitus
1071 2276 1247 2333 Filius
1299 2277 1420 2346 Dei,
1472 2292 1633 2350 quem
1678 2277 1990 2350 praedicatis

393 2364 528 2424 boni
558 2364 799 2429 ministri
830 2364 966 2438 ejus.

961 2514 1189 2573 CAPUT
1239 2514 1419 2573 XVII.

722 2622 1017 2680 Chromatii
1031 2628 1079 2677 et
1106 2622 1334 2679 Tiburtii
1362 2623 1667 2695 baptismus.

469 2758 559 2815 60.
596 2758 752 2815 Tunc
781 2759 842 2814 Β.
877 2757 1230 2816 Sebastianus
1258 2758 1405 2816 dixit
1432 2758 1753 2817 Chromatio
1783 2778 1795 2816 :
1837 2760 1991 2819 Sicut

397 2849 513 2919 ipse
562 2848 707 2903 nosti
741 2891 757 2915 ,
814 2847 1187 2921 principatum
1238 2849 1429 2920 primae
1469 2849 1715 2905 cohortis
1743 2866 1863 2922 ago,
1895 2851 1989 2907 sed

394 2945 581 2993 utrum
630 2938 703 2990 sit
743 2937 945 2991 militia
1001 2938 1119 3006 (73)
1173 2937 1438 3007 hominis,
1480 2938 1691 2995 nescire
1722 2939 1856 2995 olim
1885 2940 1991 2996 de—

2096 1743 2249 1794 scaut
2278 1736 2690 1792 renuntiaturos
2717 1752 2775 1791 se
2803 1752 2919 1791 esse
2946 1735 3208 1790 omnibus
3236 1734 3450 1790 artibus
3484 1730 3706 1788 inimici

2097 1838 2151 1885 et
2200 1825 2394 1882 mundi
2439 1826 2808 1894 commerciis,
2848 1826 2895 1882 si
2939 1826 3035 1898 qui
3076 1824 3365 1882 verissime
3411 1824 3561 1881 efﬁci
3611 1840 3708 1879 vo-

2097 1918 2221 1973 lunt
2250 1915 2572 1974 Christiani.

2167 2013 2255 2069 62.
2287 2013 2446 2069 Tunc
2474 2013 2760 2069 Tiburtius
2780 2013 3007 2085 juvenis
3035 2012 3480 2086 sapientissimus
3511 2010 3698 2068 dixit:

2098 2103 2277 2169 Pater,
2308 2100 2354 2157 si
2386 2101 2487 2156 tibi
2518 2118 2617 2173 pro
2646 2102 3031 2158 renuntiandis
3073 2102 3313 2173 negotiis
3340 2109 3559 2172 tempus
3584 2098 3700 2156 fla-

2101 2193 2257 2263 gitas,
2288 2206 2388 2261 ego
2417 2190 2513 2263 qui
2538 2191 2721 2249 adhuc
2753 2200 3108 2265 suscepturus
3136 2208 3288 2247 eram
3318 2190 3537 2262 negotia
3566 2190 3701 2259 fori,

2098 2285 2201 2342 soli
2230 2284 2594 2356 susceptionis
2616 2284 2889 2341 voluntati
2919 2285 3180 2341 renuntio
3213 2302 3225 2340 :
3260 2292 3317 2339 et
3344 2284 3437 2357 qui
3477 2283 3703 2339 futurus

2098 2390 2244 2431 eram
2277 2374 2575 2430 advocatus
2620 2373 2689 2430 ad
2717 2372 2952 2445 agendas
2983 2390 3176 2430 causas
3206 2373 3551 2440 mortalium,
3586 2389 3702 2429 sus.

2100 2461 2301 2535 cipiam
2333 2462 2827 2530 Christianitatem,
2858 2462 2929 2518 ad
2957 2462 3195 2536 agendas
3224 2464 3472 2518 actiones
3499 2462 3702 2533 angeli-

2099 2568 2209 2620 cas,
2240 2567 2365 2607 cum
2410 2568 2555 2608 unus
2587 2567 2703 2608 esse
2732 2568 2947 2624 coepero
2984 2568 3055 2608 ex
3096 2568 3292 2608 eorum
3322 2568 3580 2617 numero,
3608 2551 3701 2624 qui

2100 2648 2360 2697 aeternam
2410 2640 2581 2696 vitam
2628 2640 2927 2712 accipiunt,
2962 2648 3018 2696 et
3065 2640 3387 2697 efﬁciuntur
3435 2639 3701 2695 causidici

2099 2731 2427 2789 sanctitatis.
2477 2730 2631 2787 Tunc
2673 2731 3016 2801 amplexatus
3059 2738 3143 2786 est
3181 2745 3309 2786 eum
3340 2730 3405 2784 Β.
3437 2728 3703 2785 Sebastia-

2102 2837 2249 2876 nus:
2290 2835 2453 2891 quem
2502 2835 2629 2875 cum
2684 2818 3009 2891 baptizasset
3052 2819 3110 2874 S.
3171 2819 3536 2890 Polycarpus,
3594 2817 3706 2888 ipse

2099 2919 2252 2982 pater
2282 2908 2649 2981 susceptionis
2678 2907 2793 2979 ejus
2822 2915 2904 2964 est
2933 2906 3131 2963 factus.

394 3023 567 3091 crevi,
618 3040 720 3081 nec
749 3026 969 3081 vellem.
1022 3003 1107 3082 Ad
1141 3026 1247 3084 hoc
1286 3003 1501 3083 tantum
1546 3028 1649 3085 sub
1695 3028 1985 3101 chlamyde

2172 3006 2259 3063 63.
2295 3006 2468 3079 Igitur
2495 3006 2629 3062 dum
2656 3005 2814 3078 pauci
2843 3004 3143 3062 admodum
3173 3003 3444 3061 transacti
3474 3003 3706 3059 fuissent

394 3114 563 3168 latere
593 3112 771 3182 volui,
804 3120 867 3169 ut
903 3114 1219 3171 nutantium
1279 3114 1494 3171 animos
1525 3115 1877 3184 instruerem,
1934 3124 1989 3172 et

393 3200 708 3259 dubitantes
727 3211 1038 3260 constantes
1066 3204 1361 3272 efﬁcerem,
1383 3220 1451 3260 ne
1472 3201 1789 3276 passionum
1820 3205 1990 3262 dolo—

393 3293 550 3350 ribus
603 3295 878 3363 cederent,
926 3312 1062 3368 quos
1112 3295 1248 3352 ﬁdes
1294 3296 1497 3353 fecerat
1547 3296 1859 3352 bellatores.
1908 3296 1990 3351 Tu

397 3395 581 3443 autem
630 3387 982 3459 amplissimae
1036 3387 1323 3459 potestatis
1374 3387 1584 3459 apicem
1636 3405 1847 3459 gerens,
1878 3405 1988 3444 non

392 3484 546 3546 potes
592 3475 945 3545 temetipsum
979 3490 1082 3529 nec
1123 3490 1156 3528 a
1212 3475 1544 3544 spectaculis
1572 3477 1784 3543 tollere,
1814 3493 1990 3547 neque

386 3563 707 3635 judicandis
736 3563 974 3633 negotiis
997 3562 1302 3619 absentare.
1346 3564 1627 3620 Simulans
1648 3566 1816 3636 igitur
1837 3567 1988 3639 aegri-

390 3649 664 3718 tudinem,
713 3649 821 3705 tibi
867 3649 971 3719 ipsi
1026 3651 1246 3721 postula
1290 3666 1681 3719 successorem,
1724 3660 1787 3708 ut
1816 3655 1989 3725 possis

391 3738 533 3795 liber
578 3736 647 3793 ad
695 3736 1152 3809 occupationibus
1203 3737 1418 3806 mundi,
1450 3737 1651 3795 futurae
1682 3741 1810 3797 vitae
1839 3743 1987 3800 rudi-

393 3838 581 3887 menta
604 3829 904 3903 suscipere,
927 3835 990 3884 ut
1010 3829 1251 3886 secunda
1281 3828 1572 3887 nativitate
1602 3828 1801 3888 iterum
1826 3841 1990 3890 natus

389 3920 609 3977 aeternis
647 3919 901 3977 eﬂiciaris
933 3919 1255 3992 parentibus
1302 3920 1501 3993 proles.
1546 3920 1755 3978 Eodem
1803 3922 1987 3996 itaque

388 4009 480 4067 die
518 4010 694 4067 mittit
738 4009 809 4066 ad
852 4010 1058 4068 amicos
1103 4025 1231 4066 suos
1280 4011 1339 4067 in
1377 4009 1583 4083 palatio
1634 4012 1862 4083 positos,
1892 4028 1988 4084 per

390 4112 529 4169 quos
556 4097 955 4154 testimonialia
984 4098 1190 4172 scripta
1218 4099 1545 4172 suscipiens,
1562 4100 1885 4158 tirocinium
1906 4101 1987 4158 di-

387 4184 534 4239 vinas
565 4185 781 4240 militiae
806 4194 1099 4258 antequam
1130 4189 1499 4261 baptizaretur
1525 4190 1754 4263 accepit.

458 4274 547 4330 61.
581 4274 727 4341 Quid
758 4292 1078 4347 memorem,
1100 4295 1263 4351 quam
1291 4281 1625 4352 plenissimae
1642 4281 1772 4339 ﬁdei
1792 4282 1981 4353 fuerit,

2098 3094 2235 3162 dies,
2259 3094 2519 3150 omnibus
2538 3094 2643 3150 rite
2664 3092 3068 3150 abrenuntiatis
3098 3109 3130 3149 a
3154 3092 3485 3150 Chromatio
3512 3091 3704 3148 mundi

2098 3183 2353 3255 negotiis,
2377 3183 2616 3255 suscepit
2636 3182 2989 3241 Chromatius
3008 3183 3147 3239 sacri
3176 3182 3533 3253 baptismatis
3553 3181 3704 3237 novi-

2097 3281 2266 3329 tatem
2301 3291 2312 3329 :
2346 3280 2402 3329 et
2443 3290 2569 3330 cum
2618 3272 2808 3328 eodem
2856 3287 2925 3327 ex
2969 3270 3186 3327 familia
3232 3271 3357 3343 ejus
3406 3271 3703 3343 promiscui

2098 3377 2262 3417 sexus
2290 3362 2445 3417 mille
2473 3360 2883 3434 quadringenta
2916 3360 3135 3427 animae,
3168 3376 3311 3433 quos
3341 3377 3541 3416 omnes
3561 3360 3703 3432 prius

2099 3451 2553 3507 manumissionis
2582 3450 2755 3521 gratia
2781 3466 2813 3505 a
2848 3449 3134 3505 servitutis
3178 3450 3330 3506 nodo
3360 3450 3626 3517 exsolvit,
3652 3457 3703 3505 et

2098 3539 2258 3595 donis
2285 3539 2512 3611 optimis
2540 3537 2826 3608 instruxit,
2854 3537 3044 3595 dicens
3090 3538 3197 3595 hoc
3231 3556 3243 3594 :
3277 3539 3371 3594 Illi
3405 3540 3507 3612 qui
3537 3540 3700 3595 Deum

2097 3628 2373 3701 incipiunt
2400 3627 2601 3684 habere
2641 3633 2871 3700 patrem,
2903 3626 3050 3683 servi
3085 3626 3339 3684 hominis
3362 3643 3482 3683 non
3509 3625 3699 3683 debent

2096 3733 2230 3775 8386.

2602 3828 2609 3839 ’
2659 3872 2889 3933 CAPUT
2916 3872 3121 3932 XVIII.

2100 3980 2457 4048 Chromatius,
2480 3980 2805 4055 prafectura
2848 3980 3004 4038 Urbis
3028 3980 3299 4049 abdicata,
3318 3982 3699 4055 persecutionis

2520 4077 2747 4142 tempore
2779 4069 3111 4127 Christianos
3137 4071 3262 4127 alit.

2160 4194 2248 4251 64.
2324 4194 2458 4250 Erat
2521 4202 2703 4251 autem
2777 4211 2916 4267 papa
2988 4195 3143 4252 urbis
3208 4198 3405 4255 Romae
3481 4199 3693 4255 nomine

2092 4285 2254 4344 Caius
2290 4286 2428 4359 (76),
2473 4286 2561 4343 vir
2615 4303 2822 4360 magna
2870 4287 3177 4359 prudentiae
3226 4305 3557 4363 magnaeque
3591 4290 3691 4345 vir-

386 4380 662 4438 quamque
685 4364 829 4422 acris
849 4364 1056 4437 ingenii
1075 4375 1267 4422 contra
1294 4367 1601 4425 inﬁdelium
1634 4380 1839 4428 asserta
1857 4388 1985 4428 con-
2013 4376 2062 4436 D
2095 4374 2247 4442 tutis,
2282 4374 2682 4445 imperantibus
2713 4374 2916 4433 Carino
2948 4376 3088 4446 (77),
3124 4376 3482 4434 Diocletiano
3509 4388 3566 4436 et
3591 4379 3691 4434 Ma-

385 4454 639 4512 stiterit?
696 4456 942 4529 Sequens
975 4454 1140 4511 lectio
1186 4456 1521 4514 manifestat.
1564 4460 1701 4516 Nam
1732 4461 1789 4516 in
1823 4461 1983 4518 initio

386 4544 627 4617 qualiter
656 4544 729 4601 sit
759 4544 1091 4602 sacrosancti
1120 4544 1292 4602 fontis
1312 4546 1460 4602 unda
1476 4548 1748 4618 perfusus,
1776 4552 1976 4608 mentis

384 4632 503 4705 ejus
530 4632 665 4689 ﬁdes
696 4631 984 4690 evidenter
1010 4632 1608 4706 enituit.Interrogatus
1631 4636 1678 4691 si
1707 4636 1975 4705 crederet,

382 4722 749 4781 dixit:Credo.
773 4724 979 4781 Iterum
1001 4722 1390 4798 interrogatus,
1413 4734 1602 4782 utrum
1622 4724 1976 4783 abrenuntia-

380 4824 465 4872 ret
484 4818 744 4875 omnibus
764 4817 947 4887 idolis,
967 4817 1279 4890 respondit:
1297 4817 1663 4876 Abrenuntio.
1685 4818 1978 4875 Prosecuta

379 4912 461 4961 est
489 4906 848 4980 interrogatio
894 4905 1213 4977 sacerdotis,
1244 4916 1436 4965 utrum
1467 4908 1811 4966 renuntiaret
1859 4924 1974 4964 om-

477 5099 566 5167 73)
596 5100 726 5157 Mss.
759 5097 1045 5167 Rebdorf.,
1075 5097 1308 5156 malitia.

476 5170 565 5240 74)
597 5172 710 5240 AL,
742 5170 910 5240 regni.

475 5242 565 5305 75)
597 5242 710 5305 AL,
744 5243 864 5297 totis
894 5242 1094 5299 diebus.

474 5311 561 5393 76)
599 5312 815 5393 Colitur
843 5311 1091 5393 $.nCaius
1116 5330 1255 5386 papa
1281 5314 1350 5393 2?
1378 5314 1757 5393 Aprilisedit
1784 5332 1815 5371 a
1842 5330 1971 5393 con:

369 5378 557 5457 sulatu
594 5382 719 5439 Cari
747 5400 799 5457 II_
817 5391 871 5457 et
901 5378 1236 5457 Carinijan.
1288 5378 1483 5457 chron.
1526 5378 1873 5457 2783,,usque
1898 5384 1968 5440 ad

366 5451 715 5579 33ἓὲ1δὲιόιὲ
770 5451 1102 5510 Diocletiani
1162 5471 1237 5523 vr,
1285 5465 1341 5513 et
1396 5451 1704 5515 Constantii
1760 5451 1820 5524 Ii,
1871 5471 1961 5510 an.

445 5099 471 5378 Ξ

2091 4464 2361 4520 ximiano.
2404 4462 2510 4519 Sed
2547 4464 2926 4521 Diocletianus
2958 4466 3014 4520 in
3046 4464 3191 4521 Urbe
3218 4476 3341 4523 erat
3367 4484 3499 4525 cum
3528 4468 3693 4524 Maxi-

2090 4553 2275 4608 miano
2307 4570 2319 4607 :
2353 4552 2586 4610 Carinus
2614 4560 2796 4608 autem
2842 4561 2958 4609 erat
2997 4570 3124 4610 cum
3168 4555 3327 4610 omni
3359 4557 3611 4614 exercitu
3635 4557 3688 4612 iu

2088 4641 2335 4712 partibus
2382 4641 2687 4697 Galliarum
2734 4640 2945 4713 positus
2978 4649 3069 4698 :et
3124 4641 3245 4714 ejus
3286 4643 3503 4701 intuitu
3550 4647 3692 4703 lenta

2089 4733 2395 4803 persecutio
2411 4732 2743 4790 Diocletiani
2756 4732 2904 4790 circa
2918 4733 3265 4791 Christianos
3284 4752 3405 4792 esse
3419 4746 3656 4809 ceperat
3672 4755 3686 4804 ;

2087 4824 2217 4896 quia
2258 4823 2493 4881 Carinus
2542 4822 2659 4895 (78)
2710 4822 2945 4880 habebat
2992 4825 3211 4898 aliquos
3265 4824 3503 4896 amicos,
3558 4843 3690 4900 quos

2086 4909 2253 4984 hujus
2274 4910 2426 4967 tituli
2454 4910 2723 4983 professio
2751 4910 3065 4970 decorabat.

2162 5102 2279 5175 (77)
2299 5101 2650 5175 Carinussub
2666 5101 2829 5175 ﬁnem
2843 5103 2977 5160 anni
2994 5103 3098 5162 282
3119 5104 3303 5163 Caesar
3314 5116 3537 5166 creatus
3555 5109 3688 5168 Caro

2083 5182 2235 5248 patre
2274 5175 2333 5248 in
2379 5174 2729 5248 expeditione
2773 5174 2991 5248 Persica
3028 5177 3142 5233 ictu
3170 5178 3460 5248 fulminis,
3492 5182 3686 5238 Nume-
3776 5205 3780 5209 ⁴

2082 5245 2238 5300 riano
2263 5245 2598 5333 fratrfen’épii.
2632 5245 2805 5333 soceri
2838 5246 3380 5333 fraude-exstinctis,
3412 5245 3532 5333 ipse
3561 5270 3686 5326 quo-

2081 5332 2185 5388 que
2213 5333 2358 5372 anno
2388 5315 2865 5384 285,’Diocletiani
2897 5335 2957 5385 II,
2989 5319 3055 5375 ab
3086 5317 3193 5376 hoc
3220 5315 3411 5379 victus
3432 5315 3683 5381 interem-

2079 5394 2311 5458 ptusque
2341 5395 2441 5443 est.

2152 5458 2268 5537 (78)
2299 5459 2415 5537 Huc
2435 5458 2663 5537 fortasse
2684 5459 2923 5537 respexit
2938 5460 3213 5537 Vopiscus
3229 5462 3299 5520 de
3321 5480 3391 5522 eo
3413 5467 3676 5535 scribens,

2076 5527 2204 5584 odio
2235 5536 2433 5587 nostra:
2463 5528 2743 5602 religionis
2770 5527 2789 5587 ξ
2822 5527 3290 5604 Amicos—optimos
3319 5553 3563 5613 quosque
3592 5527 3681 5595 re:-
