  <div class='ocr_page' id='page_1' title='image "/cluster/home/n/w/nwhite01/storage/ocr_20150623/17/uva.x000826553/579.png"; bbox 0 0 3880 6204; ppageno 0'>
   <div class='ocr_carea' id='block_1_1' title="bbox 396 167 1994 239">
    <p class='ocr_par' dir='ltr' id='par_1_1' title="bbox 396 175 1994 239">
     <span class='ocr_line' id='line_1_1' title="bbox 396 175 1994 239; baseline -0.004 -1"><span class='ocrx_word' id='word_1_1' title='bbox 396 181 536 239; x_wconf 71' lang='grc'><strong>1143</strong></span> <span class='ocrx_word' id='word_1_2' title='bbox 1416 180 1511 233; x_wconf 78' lang='grc' dir='ltr'>ΑΙ)</span> <span class='ocrx_word' id='word_1_3' title='bbox 1552 178 1786 235; x_wconf 80' lang='lat' dir='ltr'>OPERA</span> <span class='ocrx_word' id='word_1_4' title='bbox 1824 177 1881 232; x_wconf 87' lang='lat' dir='ltr'>S.</span> <span class='ocrx_word' id='word_1_5' title='bbox 1910 175 1994 231; x_wconf 71' lang='lat' dir='ltr'>AN</span> 
     </span>
    </p>
   </div>
   <div class='ocr_carea' id='block_1_2' title="bbox 2114 167 3733 239">
    <p class='ocr_par' dir='ltr' id='par_1_2' title="bbox 2114 167 3733 231">
     <span class='ocr_line' id='line_1_2' title="bbox 2114 167 3733 231; baseline -0.005 0"><span class='ocrx_word' id='word_1_6' title='bbox 2114 174 2240 231; x_wconf 89' lang='lat' dir='ltr'>OSll</span> <span class='ocrx_word' id='word_1_7' title='bbox 2278 171 2658 229; x_wconf 77' lang='lat' dir='ltr'>APPENDIX.</span> <span class='ocrx_word' id='word_1_8' title='bbox 3569 167 3733 223; x_wconf 67' lang='grc' dir='ltr'>1ιὲιὶ</span> 
     </span>
    </p>
   </div>
   <div class='ocr_carea' id='block_1_3' title="bbox 384 297 3729 388">
    <p class='ocr_par' dir='ltr' id='par_1_3' title="bbox 384 297 3729 388">
     <span class='ocr_line' id='line_1_3' title="bbox 384 297 3729 388; baseline -0.005 -18"><span class='ocrx_word' id='word_1_9' title='bbox 384 321 592 388; x_wconf 78' lang='lat' dir='ltr'>patrem</span> <span class='ocrx_word' id='word_1_10' title='bbox 624 327 837 378; x_wconf 84' lang='lat' dir='ltr'>eorum,</span> <span class='ocrx_word' id='word_1_11' title='bbox 865 308 997 368; x_wconf 86' lang='lat' dir='ltr'>fecit</span> <span class='ocrx_word' id='word_1_12' title='bbox 1027 309 1454 383; x_wconf 78' lang='lat' dir='ltr'>presbyterium.</span> <span class='ocrx_word' id='word_1_13' title='bbox 1488 309 1542 363; x_wconf 91' lang='lat' dir='ltr'>S.</span> <span class='ocrx_word' id='word_1_14' title='bbox 1598 307 1977 363; x_wconf 79' lang='lat' dir='ltr'>Sebastianum</span> <span class='ocrx_word' id='word_1_15' title='bbox 2008 308 2058 366; x_wconf 85' lang='lat' dir='ltr'><strong>A</strong></span> <span class='ocrx_word' id='word_1_16' title='bbox 2091 305 2308 361; x_wconf 78' lang='lat' dir='ltr'>fortiter</span> <span class='ocrx_word' id='word_1_17' title='bbox 2336 305 2394 360; x_wconf 91' lang='lat' dir='ltr'>in</span> <span class='ocrx_word' id='word_1_18' title='bbox 2432 303 2631 359; x_wconf 84' lang='lat' dir='ltr'>timore</span> <span class='ocrx_word' id='word_1_19' title='bbox 2658 300 2903 369; x_wconf 87' lang='lat' dir='ltr'>Domini,</span> <span class='ocrx_word' id='word_1_20' title='bbox 2928 299 3188 373; x_wconf 91' lang='lat' dir='ltr'>perduxit</span> <span class='ocrx_word' id='word_1_21' title='bbox 3237 314 3338 355; x_wconf 87' lang='lat' dir='ltr'>eos</span> <span class='ocrx_word' id='word_1_22' title='bbox 3381 297 3455 353; x_wconf 87' lang='lat' dir='ltr'>ad</span> <span class='ocrx_word' id='word_1_23' title='bbox 3508 313 3729 371; x_wconf 85' lang='lat' dir='ltr'>papam</span> 
     </span>
    </p>
   </div>
   <div class='ocr_carea' id='block_1_4' title="bbox 383 388 3734 474">
    <p class='ocr_par' dir='ltr' id='par_1_4' title="bbox 383 388 3734 474">
     <span class='ocr_line' id='line_1_4' title="bbox 383 388 3734 474; baseline -0.005 -13"><span class='ocrx_word' id='word_1_24' title='bbox 383 411 588 470; x_wconf 90' lang='lat' dir='ltr'>autem,</span> <span class='ocrx_word' id='word_1_25' title='bbox 623 400 718 474; x_wconf 88' lang='lat' dir='ltr'>qui</span> <span class='ocrx_word' id='word_1_26' title='bbox 742 400 810 457; x_wconf 89' lang='lat' dir='ltr'>ad</span> <span class='ocrx_word' id='word_1_27' title='bbox 839 401 1145 457; x_wconf 90' lang='lat' dir='ltr'>multorum</span> <span class='ocrx_word' id='word_1_28' title='bbox 1169 399 1472 471; x_wconf 90' lang='lat' dir='ltr'>profectum</span> <span class='ocrx_word' id='word_1_29' title='bbox 1493 396 1594 452; x_wconf 90' lang='lat' dir='ltr'>sub</span> <span class='ocrx_word' id='word_1_30' title='bbox 1625 397 1802 465; x_wconf 85' lang='lat' dir='ltr'>specie</span> <span class='ocrx_word' id='word_1_31' title='bbox 1833 395 1976 451; x_wconf 90' lang='lat' dir='ltr'>mili-</span> <span class='ocrx_word' id='word_1_32' title='bbox 2089 394 2284 453; x_wconf 84' lang='lat' dir='ltr'>Caium</span> <span class='ocrx_word' id='word_1_33' title='bbox 2316 400 2370 449; x_wconf 91' lang='lat' dir='ltr'>et</span> <span class='ocrx_word' id='word_1_34' title='bbox 2399 392 2546 449; x_wconf 82' lang='lat' dir='ltr'>dixit</span> <span class='ocrx_word' id='word_1_35' title='bbox 2580 409 2590 447; x_wconf 95' lang='lat'>:</span> <span class='ocrx_word' id='word_1_36' title='bbox 2626 390 2973 449; x_wconf 86' lang='lat' dir='ltr'>Venerabilis</span> <span class='ocrx_word' id='word_1_37' title='bbox 3012 406 3149 463; x_wconf 88' lang='lat' dir='ltr'>papa</span> <span class='ocrx_word' id='word_1_38' title='bbox 3193 405 3260 446; x_wconf 88' lang='lat' dir='ltr'>ac</span> <span class='ocrx_word' id='word_1_39' title='bbox 3311 388 3535 444; x_wconf 72' lang='lat' dir='ltr'>divinae</span> <span class='ocrx_word' id='word_1_40' title='bbox 3579 388 3734 460; x_wconf 81' lang='lat' dir='ltr'>legis</span> 
     </span>
    </p>
   </div>
   <div class='ocr_carea' id='block_1_5' title="bbox 382 477 3731 559">
    <p class='ocr_par' dir='ltr' id='par_1_5' title="bbox 382 477 3731 559">
     <span class='ocr_line' id='line_1_5' title="bbox 382 477 3731 559; baseline -0.006 -8"><span class='ocrx_word' id='word_1_41' title='bbox 382 494 474 551; x_wconf 70' lang='lat' dir='ltr'>tiae</span> <span class='ocrx_word' id='word_1_42' title='bbox 503 491 724 559; x_wconf 85' lang='lat' dir='ltr'>latebat,</span> <span class='ocrx_word' id='word_1_43' title='bbox 757 492 1103 548; x_wconf 83' lang='lat' dir='ltr'>defensorem</span> <span class='ocrx_word' id='word_1_44' title='bbox 1136 488 1397 545; x_wconf 76' lang='lat' dir='ltr'>Ecclesize</span> <span class='ocrx_word' id='word_1_45' title='bbox 1451 486 1719 555; x_wconf 90' lang='lat' dir='ltr'>instituit,</span> <span class='ocrx_word' id='word_1_46' title='bbox 1753 496 1979 543; x_wconf 78' lang='lat' dir='ltr'>caeteros</span> <span class='ocrx_word' id='word_1_47' title='bbox 2087 485 2335 549; x_wconf 87' lang='lat' dir='ltr'>antistes,</span> <span class='ocrx_word' id='word_1_48' title='bbox 2365 498 2489 538; x_wconf 90' lang='lat' dir='ltr'>ecce</span> <span class='ocrx_word' id='word_1_49' title='bbox 2516 496 2653 554; x_wconf 89' lang='lat' dir='ltr'>quos</span> <span class='ocrx_word' id='word_1_50' title='bbox 2682 496 2777 553; x_wconf 90' lang='lat' dir='ltr'>per</span> <span class='ocrx_word' id='word_1_51' title='bbox 2803 496 2891 536; x_wconf 92' lang='lat' dir='ltr'>me</span> <span class='ocrx_word' id='word_1_52' title='bbox 2920 478 3085 535; x_wconf 91' lang='lat' dir='ltr'>hodie</span> <span class='ocrx_word' id='word_1_53' title='bbox 3117 479 3370 534; x_wconf 83' lang='lat' dir='ltr'>lucratus</span> <span class='ocrx_word' id='word_1_54' title='bbox 3410 484 3503 533; x_wconf 86' lang='lat' dir='ltr'>est</span> <span class='ocrx_word' id='word_1_55' title='bbox 3556 477 3731 535; x_wconf 87' lang='lat' dir='ltr'>Chri-</span> 
     </span>
    </p>
   </div>
   <div class='ocr_carea' id='block_1_6' title="bbox 383 576 3725 653">
    <p class='ocr_par' dir='ltr' id='par_1_6' title="bbox 383 576 3725 653">
     <span class='ocr_line' id='line_1_6' title="bbox 383 576 3725 653; baseline -0.004 -12"><span class='ocrx_word' id='word_1_56' title='bbox 383 601 514 640; x_wconf 88' lang='lat' dir='ltr'>vero</span> <span class='ocrx_word' id='word_1_57' title='bbox 541 582 907 639; x_wconf 84' lang='lat' dir='ltr'>snbdiaconos</span> <span class='ocrx_word' id='word_1_58' title='bbox 940 578 1090 634; x_wconf 79' lang='lat' dir='ltr'>fecit.</span> <span class='ocrx_word' id='word_1_59' title='bbox 2089 589 2224 648; x_wconf 87' lang='lat' dir='ltr'>stus,</span> <span class='ocrx_word' id='word_1_60' title='bbox 2258 581 2314 635; x_wconf 92' lang='lat' dir='ltr'>in</span> <span class='ocrx_word' id='word_1_61' title='bbox 2347 580 2546 653; x_wconf 87' lang='lat' dir='ltr'>quibus</span> <span class='ocrx_word' id='word_1_62' title='bbox 2574 578 2707 635; x_wconf 88' lang='lat' dir='ltr'>ﬁdes</span> <span class='ocrx_word' id='word_1_63' title='bbox 2755 593 2892 645; x_wconf 89' lang='lat' dir='ltr'>mea,</span> <span class='ocrx_word' id='word_1_64' title='bbox 2926 579 3077 634; x_wconf 92' lang='lat' dir='ltr'>velut</span> <span class='ocrx_word' id='word_1_65' title='bbox 3125 576 3430 633; x_wconf 85' lang='lat' dir='ltr'>arbuscula</span> <span class='ocrx_word' id='word_1_66' title='bbox 3458 576 3725 647; x_wconf 77' lang='lat' dir='ltr'>novella,</span> 
     </span>
    </p>
   </div>
   <div class='ocr_carea' id='block_1_7' title="bbox 454 664 3730 752">
    <p class='ocr_par' dir='ltr' id='par_1_7' title="bbox 454 664 3730 752">
     <span class='ocr_line' id='line_1_7' title="bbox 454 664 3730 752; baseline -0.006 -13"><span class='ocrx_word' id='word_1_67' title='bbox 454 683 545 739; x_wconf 88' lang='lat'>69.</span> <span class='ocrx_word' id='word_1_68' title='bbox 578 681 680 737; x_wconf 89' lang='lat' dir='ltr'>Sed</span> <span class='ocrx_word' id='word_1_69' title='bbox 712 679 839 752; x_wconf 86' lang='lat' dir='ltr'>quia</span> <span class='ocrx_word' id='word_1_70' title='bbox 868 686 1019 733; x_wconf 89' lang='lat' dir='ltr'>tutus</span> <span class='ocrx_word' id='word_1_71' title='bbox 1074 673 1261 728; x_wconf 92' lang='lat' dir='ltr'>nullus</span> <span class='ocrx_word' id='word_1_72' title='bbox 1304 670 1543 726; x_wconf 78' lang='lat' dir='ltr'>inveniri</span> <span class='ocrx_word' id='word_1_73' title='bbox 1573 678 1782 741; x_wconf 88' lang='lat' dir='ltr'>poterat</span> <span class='ocrx_word' id='word_1_74' title='bbox 1828 669 1981 725; x_wconf 88' lang='lat' dir='ltr'>locus</span> <span class='ocrx_word' id='word_1_75' title='bbox 2092 672 2333 744; x_wconf 87' lang='lat' dir='ltr'>primum</span> <span class='ocrx_word' id='word_1_76' title='bbox 2366 670 2617 743; x_wconf 87' lang='lat' dir='ltr'>prorupit</span> <span class='ocrx_word' id='word_1_77' title='bbox 2648 670 2705 725; x_wconf 90' lang='lat' dir='ltr'>in</span> <span class='ocrx_word' id='word_1_78' title='bbox 2734 669 2997 725; x_wconf 87' lang='lat' dir='ltr'>fructum.</span> <span class='ocrx_word' id='word_1_79' title='bbox 3021 668 3178 722; x_wconf 90' lang='lat' dir='ltr'>Tunc</span> <span class='ocrx_word' id='word_1_80' title='bbox 3208 666 3265 722; x_wconf 90' lang='lat' dir='ltr'>S.</span> <span class='ocrx_word' id='word_1_81' title='bbox 3293 664 3466 725; x_wconf 83' lang='lat' dir='ltr'>Caius</span> <span class='ocrx_word' id='word_1_82' title='bbox 3499 664 3730 735; x_wconf 83' lang='lat' dir='ltr'>episco-</span> 
     </span>
    </p>
   </div>
   <div class='ocr_carea' id='block_1_8' title="bbox 384 753 3731 833">
    <p class='ocr_par' dir='ltr' id='par_1_8' title="bbox 384 753 3731 833">
     <span class='ocr_line' id='line_1_8' title="bbox 384 753 3731 833; baseline -0.005 -4"><span class='ocrx_word' id='word_1_83' title='bbox 384 774 451 829; x_wconf 91' lang='lat' dir='ltr'>ad</span> <span class='ocrx_word' id='word_1_84' title='bbox 484 770 745 827; x_wconf 87' lang='lat' dir='ltr'>latebram</span> <span class='ocrx_word' id='word_1_85' title='bbox 778 762 1178 824; x_wconf 88' lang='lat' dir='ltr'>confovendam</span> <span class='ocrx_word' id='word_1_86' title='bbox 1235 761 1373 832; x_wconf 91' lang='lat'>(88),</span> <span class='ocrx_word' id='word_1_87' title='bbox 1407 761 1763 816; x_wconf 88' lang='lat' dir='ltr'>morabantur</span> <span class='ocrx_word' id='word_1_88' title='bbox 1790 775 1982 817; x_wconf 89' lang='lat' dir='ltr'>omnes</span> <span class='ocrx_word' id='word_1_89' title='bbox 2094 778 2197 833; x_wconf 91' lang='lat' dir='ltr'>pus</span> <span class='ocrx_word' id='word_1_90' title='bbox 2220 759 2521 831; x_wconf 88' lang='lat' dir='ltr'>baptizavit</span> <span class='ocrx_word' id='word_1_91' title='bbox 2548 776 2658 827; x_wconf 91' lang='lat' dir='ltr'>eos,</span> <span class='ocrx_word' id='word_1_92' title='bbox 2693 758 2799 814; x_wconf 90' lang='lat' dir='ltr'>hoc</span> <span class='ocrx_word' id='word_1_93' title='bbox 2827 766 2928 825; x_wconf 89' lang='lat' dir='ltr'>est,</span> <span class='ocrx_word' id='word_1_94' title='bbox 2964 753 3228 828; x_wconf 87' lang='lat' dir='ltr'>juvenem</span> <span class='ocrx_word' id='word_1_95' title='bbox 3278 771 3410 812; x_wconf 90' lang='lat' dir='ltr'>cum</span> <span class='ocrx_word' id='word_1_96' title='bbox 3444 753 3731 831; x_wconf 79' lang='lat' dir='ltr'>parenti-</span> 
     </span>
    </p>
   </div>
   <div class='ocr_carea' id='block_1_9' title="bbox 385 846 3084 935">
    <p class='ocr_par' dir='ltr' id='par_1_9' title="bbox 385 846 3084 935">
     <span class='ocr_line' id='line_1_9' title="bbox 385 846 3084 935; baseline -0.006 -18"><span class='ocrx_word' id='word_1_97' title='bbox 385 860 531 935; x_wconf 89' lang='lat' dir='ltr'>apud</span> <span class='ocrx_word' id='word_1_98' title='bbox 555 858 838 916; x_wconf 88' lang='lat' dir='ltr'>Castulum</span> <span class='ocrx_word' id='word_1_99' title='bbox 868 851 1159 926; x_wconf 88' lang='lat' dir='ltr'>quemdam</span> <span class='ocrx_word' id='word_1_100' title='bbox 1179 850 1557 907; x_wconf 87' lang='lat' dir='ltr'>Christianum</span> <span class='ocrx_word' id='word_1_101' title='bbox 1580 849 1842 905; x_wconf 89' lang='lat' dir='ltr'>zetarium</span> <span class='ocrx_word' id='word_1_102' title='bbox 1862 848 1977 920; x_wconf 89' lang='lat'>(89)</span> <span class='ocrx_word' id='word_1_103' title='bbox 2098 848 2201 905; x_wconf 91' lang='lat' dir='ltr'>bus</span> <span class='ocrx_word' id='word_1_104' title='bbox 2230 849 2364 919; x_wconf 87' lang='lat' dir='ltr'>suis,</span> <span class='ocrx_word' id='word_1_105' title='bbox 2398 850 2511 905; x_wconf 90' lang='lat' dir='ltr'>Deo</span> <span class='ocrx_word' id='word_1_106' title='bbox 2539 847 2738 922; x_wconf 84' lang='lat' dir='ltr'>gratias</span> <span class='ocrx_word' id='word_1_107' title='bbox 2766 846 3084 904; x_wconf 78' lang='lat' dir='ltr'>referentes.</span> 
     </span>
    </p>
   </div>
   <div class='ocr_carea' id='block_1_10' title="bbox 385 936 3075 1042">
    <p class='ocr_par' dir='ltr' id='par_1_10' title="bbox 385 936 3075 1042">
     <span class='ocr_line' id='line_1_10' title="bbox 385 936 3075 1042; baseline 0.001 -37"><span class='ocrx_word' id='word_1_108' title='bbox 385 948 575 1023; x_wconf 86' lang='lat' dir='ltr'>palatii</span> <span class='ocrx_word' id='word_1_109' title='bbox 602 965 613 1002; x_wconf 91' lang='lat'>:</span> <span class='ocrx_word' id='word_1_110' title='bbox 647 945 743 1019; x_wconf 89' lang='lat' dir='ltr'>qui</span> <span class='ocrx_word' id='word_1_111' title='bbox 773 944 1031 1001; x_wconf 89' lang='lat' dir='ltr'>Castulus</span> <span class='ocrx_word' id='word_1_112' title='bbox 1058 939 1263 996; x_wconf 87' lang='lat' dir='ltr'>ibidem</span> <span class='ocrx_word' id='word_1_113' title='bbox 1287 939 1343 993; x_wconf 92' lang='lat' dir='ltr'>in</span> <span class='ocrx_word' id='word_1_114' title='bbox 1365 938 1590 1009; x_wconf 90' lang='lat' dir='ltr'>palatio,</span> <span class='ocrx_word' id='word_1_115' title='bbox 1625 938 1683 993; x_wconf 92' lang='lat' dir='ltr'>in</span> <span class='ocrx_word' id='word_1_116' title='bbox 1711 936 1982 1011; x_wconf 86' lang='lat' dir='ltr'>superiori</span> <span class='ocrx_word' id='word_1_117' title='bbox 2697 980 2924 1042; x_wconf 71' lang='lat' dir='ltr'>CAPUT</span> <span class='ocrx_word' id='word_1_118' title='bbox 2968 979 3075 1037; x_wconf 73' lang='lat' dir='ltr'>xx</span> 
     </span>
    </p>
   </div>
   <div class='ocr_carea' id='block_1_11' title="bbox 385 1023 3145 1097">
    <p class='ocr_par' dir='ltr' id='par_1_11' title="bbox 385 1023 3145 1097">
     <span class='ocr_line' id='line_1_11' title="bbox 385 1023 3145 1097; baseline -0.015 0"><span class='ocrx_word' id='word_1_119' title='bbox 385 1042 508 1097; x_wconf 90' lang='lat' dir='ltr'>loco</span> <span class='ocrx_word' id='word_1_120' title='bbox 538 1045 592 1093; x_wconf 90' lang='lat' dir='ltr'>et</span> <span class='ocrx_word' id='word_1_121' title='bbox 629 1033 786 1090; x_wconf 87' lang='lat' dir='ltr'>valde</span> <span class='ocrx_word' id='word_1_122' title='bbox 842 1029 1113 1088; x_wconf 88' lang='lat' dir='ltr'>altissimo</span> <span class='ocrx_word' id='word_1_123' title='bbox 1156 1028 1557 1085; x_wconf 87' lang='lat' dir='ltr'>commanebat.</span> <span class='ocrx_word' id='word_1_124' title='bbox 1618 1027 1743 1083; x_wconf 92' lang='lat' dir='ltr'>Ideo</span> <span class='ocrx_word' id='word_1_125' title='bbox 1799 1036 1982 1083; x_wconf 90' lang='lat' dir='ltr'>autem</span> <span class='ocrx_word' id='word_1_126' title='bbox 2280 1083 2351 1097; x_wconf 56' lang='grc' dir='ltr'>Μ</span> <span class='ocrx_word' id='word_1_127' title='bbox 2422 1084 2457 1097; x_wconf 88' lang='lat'>_</span> <span class='ocrx_word' id='word_1_128' title='bbox 2601 1085 2646 1097; x_wconf 80' lang='lat'><em>_</em></span> <span class='ocrx_word' id='word_1_129' title='bbox 2699 1023 2917 1097; x_wconf 32' lang='lat' dir='ltr'>“me:</span> <span class='ocrx_word' id='word_1_130' title='bbox 2954 1023 3145 1097; x_wconf 39' lang='lat' dir='ltr'>f-‘mn</span> 
     </span>
    </p>
   </div>
   <div class='ocr_carea' id='block_1_12' title="bbox 2272 1079 3534 1154">
    <p class='ocr_par' dir='ltr' id='par_1_12' title="bbox 2272 1079 3534 1154">
     <span class='ocr_line' id='line_1_12' title="bbox 2272 1079 3534 1154; baseline -0.003 -15"><span class='ocrx_word' id='word_1_131' title='bbox 2272 1083 2369 1139; x_wconf 88' lang='lat' dir='ltr'>SS.</span> <span class='ocrx_word' id='word_1_132' title='bbox 2410 1084 2561 1152; x_wconf 83' lang='lat' dir='ltr'>Zoes,</span> <span class='ocrx_word' id='word_1_133' title='bbox 2600 1082 2965 1154; x_wconf 81' lang='lat' dir='ltr'>Tranquillini</span> <span class='ocrx_word' id='word_1_134' title='bbox 2992 1086 3040 1137; x_wconf 86' lang='lat' dir='ltr'>et</span> <span class='ocrx_word' id='word_1_135' title='bbox 3066 1080 3307 1137; x_wconf 80' lang='lat' dir='ltr'>aliorum</span> <span class='ocrx_word' id='word_1_136' title='bbox 3334 1079 3534 1135; x_wconf 67' lang='lat' dir='ltr'>cades.</span> 
     </span>
    </p>
   </div>
   <div class='ocr_carea' id='block_1_13' title="bbox 387 1116 1984 1197">
    <p class='ocr_par' dir='ltr' id='par_1_13' title="bbox 387 1116 1984 1197">
     <span class='ocr_line' id='line_1_13' title="bbox 387 1116 1984 1197; baseline -0.007 -13"><span class='ocrx_word' id='word_1_137' title='bbox 387 1128 506 1184; x_wconf 64' lang='lat' dir='ltr'>haec</span> <span class='ocrx_word' id='word_1_138' title='bbox 531 1134 658 1197; x_wconf 91' lang='lat' dir='ltr'>apta</span> <span class='ocrx_word' id='word_1_139' title='bbox 688 1122 901 1178; x_wconf 89' lang='lat' dir='ltr'>mansio</span> <span class='ocrx_word' id='word_1_140' title='bbox 932 1117 1289 1191; x_wconf 86' lang='lat' dir='ltr'>probabatur,</span> <span class='ocrx_word' id='word_1_141' title='bbox 1316 1119 1445 1190; x_wconf 87' lang='lat' dir='ltr'>quia</span> <span class='ocrx_word' id='word_1_142' title='bbox 1474 1127 1527 1174; x_wconf 92' lang='lat' dir='ltr'>et</span> <span class='ocrx_word' id='word_1_143' title='bbox 1584 1116 1697 1190; x_wconf 87' lang='lat' dir='ltr'>ipse</span> <span class='ocrx_word' id='word_1_144' title='bbox 1727 1117 1984 1175; x_wconf 90' lang='lat' dir='ltr'>Castulns</span> 
     </span>
    </p>
   </div>
   <div class='ocr_carea' id='block_1_14' title="bbox 2164 1204 3729 1280">
    <p class='ocr_par' dir='ltr' id='par_1_14' title="bbox 2164 1204 3729 1280">
     <span class='ocr_line' id='line_1_14' title="bbox 2164 1204 3729 1280; baseline -0.004 -15"><span class='ocrx_word' id='word_1_145' title='bbox 2164 1206 2251 1265; x_wconf 89' lang='lat'>73.</span> <span class='ocrx_word' id='word_1_146' title='bbox 2285 1206 2490 1264; x_wconf 84' lang='lat' dir='ltr'>Verum</span> <span class='ocrx_word' id='word_1_147' title='bbox 2522 1206 2649 1280; x_wconf 90' lang='lat' dir='ltr'>quia</span> <span class='ocrx_word' id='word_1_148' title='bbox 2678 1206 2917 1263; x_wconf 88' lang='lat' dir='ltr'>multum</span> <span class='ocrx_word' id='word_1_149' title='bbox 2947 1213 3029 1263; x_wconf 89' lang='lat' dir='ltr'>est</span> <span class='ocrx_word' id='word_1_150' title='bbox 3056 1204 3104 1262; x_wconf 91' lang='lat' dir='ltr'>si</span> <span class='ocrx_word' id='word_1_151' title='bbox 3149 1205 3394 1261; x_wconf 88' lang='lat' dir='ltr'>velimus</span> <span class='ocrx_word' id='word_1_152' title='bbox 3432 1219 3501 1261; x_wconf 87' lang='lat' dir='ltr'>ea</span> <span class='ocrx_word' id='word_1_153' title='bbox 3528 1219 3729 1276; x_wconf 82' lang='lat' dir='ltr'>prose-</span> 
     </span>
    </p>
   </div>
   <div class='ocr_carea' id='block_1_15' title="bbox 387 1208 1983 1275">
    <p class='ocr_par' dir='ltr' id='par_1_15' title="bbox 387 1208 1983 1275">
     <span class='ocr_line' id='line_1_15' title="bbox 387 1208 1983 1275; baseline -0.007 0"><span class='ocrx_word' id='word_1_154' title='bbox 387 1233 514 1275; x_wconf 90' lang='lat' dir='ltr'>cum</span> <span class='ocrx_word' id='word_1_155' title='bbox 571 1214 685 1271; x_wconf 87' lang='lat' dir='ltr'>suis</span> <span class='ocrx_word' id='word_1_156' title='bbox 742 1210 1002 1267; x_wconf 90' lang='lat' dir='ltr'>omnibus</span> <span class='ocrx_word' id='word_1_157' title='bbox 1061 1208 1557 1266; x_wconf 88' lang='lat' dir='ltr'>christianissimus</span> <span class='ocrx_word' id='word_1_158' title='bbox 1586 1215 1735 1274; x_wconf 86' lang='lat' dir='ltr'>erat;</span> <span class='ocrx_word' id='word_1_159' title='bbox 1785 1215 1839 1263; x_wconf 91' lang='lat' dir='ltr'>et</span> <span class='ocrx_word' id='word_1_160' title='bbox 1893 1209 1983 1264; x_wconf 85' lang='lat' dir='ltr'>lex</span> 
     </span>
    </p>
   </div>
   <div class='ocr_carea' id='block_1_16' title="bbox 389 1296 3735 1374">
    <p class='ocr_par' dir='ltr' id='par_1_16' title="bbox 389 1296 3735 1374">
     <span class='ocr_line' id='line_1_16' title="bbox 389 1296 3735 1374; baseline -0.003 -11"><span class='ocrx_word' id='word_1_161' title='bbox 389 1308 516 1365; x_wconf 89' lang='lat' dir='ltr'>data</span> <span class='ocrx_word' id='word_1_162' title='bbox 540 1304 608 1361; x_wconf 91' lang='lat' dir='ltr'>de</span> <span class='ocrx_word' id='word_1_163' title='bbox 628 1300 913 1359; x_wconf 89' lang='lat' dir='ltr'>sacriﬁciis</span> <span class='ocrx_word' id='word_1_164' title='bbox 932 1316 1058 1356; x_wconf 91' lang='lat' dir='ltr'>cum</span> <span class='ocrx_word' id='word_1_165' title='bbox 1088 1298 1295 1371; x_wconf 90' lang='lat' dir='ltr'>ubique</span> <span class='ocrx_word' id='word_1_166' title='bbox 1318 1296 1404 1353; x_wconf 89' lang='lat' dir='ltr'>sui</span> <span class='ocrx_word' id='word_1_167' title='bbox 1435 1297 1651 1353; x_wconf 84' lang='lat' dir='ltr'>fervore</span> <span class='ocrx_word' id='word_1_168' title='bbox 1675 1296 1983 1366; x_wconf 83' lang='lat' dir='ltr'>desaeviret,</span> <span class='ocrx_word' id='word_1_169' title='bbox 2093 1300 2188 1374; x_wconf 90' lang='lat' dir='ltr'>qui</span> <span class='ocrx_word' id='word_1_170' title='bbox 2218 1317 2338 1374; x_wconf 72' lang='lat' dir='ltr'>qnaa</span> <span class='ocrx_word' id='word_1_171' title='bbox 2368 1308 2421 1356; x_wconf 90' lang='lat' dir='ltr'>et</span> <span class='ocrx_word' id='word_1_172' title='bbox 2450 1309 2652 1374; x_wconf 88' lang='lat' dir='ltr'>quanta</span> <span class='ocrx_word' id='word_1_173' title='bbox 2678 1316 2775 1373; x_wconf 88' lang='lat' dir='ltr'>per</span> <span class='ocrx_word' id='word_1_174' title='bbox 2802 1316 2895 1356; x_wconf 91' lang='lat' dir='ltr'>eos</span> <span class='ocrx_word' id='word_1_175' title='bbox 2924 1299 3118 1356; x_wconf 84' lang='lat' dir='ltr'>fecerit</span> <span class='ocrx_word' id='word_1_176' title='bbox 3147 1298 3432 1367; x_wconf 87' lang='lat' dir='ltr'>Christus,</span> <span class='ocrx_word' id='word_1_177' title='bbox 3466 1298 3735 1370; x_wconf 83' lang='lat' dir='ltr'>qualiter</span> 
     </span>
    </p>
   </div>
   <div class='ocr_carea' id='block_1_17' title="bbox 2093 1390 3728 1466">
    <p class='ocr_par' dir='ltr' id='par_1_17' title="bbox 2093 1390 3728 1466">
     <span class='ocr_line' id='line_1_17' title="bbox 2093 1390 3728 1466; baseline -0.002 -18"><span class='ocrx_word' id='word_1_178' title='bbox 2093 1392 2471 1466; x_wconf 88' lang='lat' dir='ltr'>unusquisque</span> <span class='ocrx_word' id='word_1_179' title='bbox 2497 1392 2566 1449; x_wconf 91' lang='lat' dir='ltr'>ad</span> <span class='ocrx_word' id='word_1_180' title='bbox 2595 1393 2830 1466; x_wconf 89' lang='lat' dir='ltr'>palmam</span> <span class='ocrx_word' id='word_1_181' title='bbox 2874 1390 3132 1464; x_wconf 85' lang='lat' dir='ltr'>martyrii</span> <span class='ocrx_word' id='word_1_182' title='bbox 3172 1390 3414 1459; x_wconf 87' lang='lat' dir='ltr'>venerit,</span> <span class='ocrx_word' id='word_1_183' title='bbox 3445 1398 3728 1446; x_wconf 88' lang='lat' dir='ltr'>tantum-</span> 
     </span>
    </p>
   </div>
   <div class='ocr_carea' id='block_1_18' title="bbox 390 1387 1984 1467">
    <p class='ocr_par' dir='ltr' id='par_1_18' title="bbox 390 1387 1984 1467">
     <span class='ocr_line' id='line_1_18' title="bbox 390 1387 1984 1467; baseline -0.004 -15"><span class='ocrx_word' id='word_1_184' title='bbox 390 1398 448 1453; x_wconf 91' lang='lat' dir='ltr'>in</span> <span class='ocrx_word' id='word_1_185' title='bbox 481 1395 595 1451; x_wconf 90' lang='lat' dir='ltr'>illis</span> <span class='ocrx_word' id='word_1_186' title='bbox 624 1393 718 1467; x_wconf 91' lang='lat' dir='ltr'>qui</span> <span class='ocrx_word' id='word_1_187' title='bbox 746 1393 951 1465; x_wconf 88' lang='lat' dir='ltr'>palatio</span> <span class='ocrx_word' id='word_1_188' title='bbox 966 1388 1341 1456; x_wconf 68' lang='lat' dir='ltr'>adhaerebant,</span> <span class='ocrx_word' id='word_1_189' title='bbox 1373 1388 1505 1461; x_wconf 87' lang='lat' dir='ltr'>quia</span> <span class='ocrx_word' id='word_1_190' title='bbox 1533 1404 1635 1444; x_wconf 91' lang='lat' dir='ltr'>nec</span> <span class='ocrx_word' id='word_1_191' title='bbox 1658 1387 1897 1460; x_wconf 88' lang='lat' dir='ltr'>suspicio</span> <span class='ocrx_word' id='word_1_192' title='bbox 1917 1388 1984 1446; x_wconf 92' lang='lat' dir='ltr'>de</span> 
     </span>
    </p>
   </div>
   <div class='ocr_carea' id='block_1_19' title="bbox 391 1476 3717 1557">
    <p class='ocr_par' dir='ltr' id='par_1_19' title="bbox 391 1476 3717 1557">
     <span class='ocr_line' id='line_1_19' title="bbox 391 1476 3717 1557; baseline -0.002 -17"><span class='ocrx_word' id='word_1_193' title='bbox 391 1488 470 1544; x_wconf 89' lang='lat' dir='ltr'>eis</span> <span class='ocrx_word' id='word_1_194' title='bbox 499 1502 616 1542; x_wconf 91' lang='lat' dir='ltr'>esse</span> <span class='ocrx_word' id='word_1_195' title='bbox 641 1490 876 1557; x_wconf 88' lang='lat' dir='ltr'>poterat,</span> <span class='ocrx_word' id='word_1_196' title='bbox 908 1480 1208 1538; x_wconf 86' lang='lat' dir='ltr'>celabatur.</span> <span class='ocrx_word' id='word_1_197' title='bbox 1238 1479 1416 1535; x_wconf 90' lang='lat' dir='ltr'>Erant</span> <span class='ocrx_word' id='word_1_198' title='bbox 1444 1494 1594 1550; x_wconf 91' lang='lat' dir='ltr'>ergo,</span> <span class='ocrx_word' id='word_1_199' title='bbox 1626 1485 1689 1534; x_wconf 91' lang='lat' dir='ltr'>ut</span> <span class='ocrx_word' id='word_1_200' title='bbox 1715 1476 1982 1546; x_wconf 86' lang='lat' dir='ltr'>diximus,</span> <span class='ocrx_word' id='word_1_201' title='bbox 2094 1481 2258 1539; x_wconf 92' lang='lat' dir='ltr'>modo</span> <span class='ocrx_word' id='word_1_202' title='bbox 2286 1483 2646 1555; x_wconf 90' lang='lat' dir='ltr'>explicemus.</span> <span class='ocrx_word' id='word_1_203' title='bbox 2679 1481 3003 1539; x_wconf 88' lang='lat' dir='ltr'>Beatissima</span> <span class='ocrx_word' id='word_1_204' title='bbox 3030 1484 3138 1539; x_wconf 89' lang='lat' dir='ltr'>Zoe</span> <span class='ocrx_word' id='word_1_205' title='bbox 3185 1481 3244 1537; x_wconf 90' lang='lat' dir='ltr'>in</span> <span class='ocrx_word' id='word_1_206' title='bbox 3296 1480 3717 1553; x_wconf 84' lang='lat' dir='ltr'>Apostolorum</span> 
     </span>
    </p>
   </div>
   <div class='ocr_carea' id='block_1_20' title="bbox 391 1567 3724 1642">
    <p class='ocr_par' dir='ltr' id='par_1_20' title="bbox 391 1567 3724 1642">
     <span class='ocr_line' id='line_1_20' title="bbox 391 1567 3724 1642; baseline -0.003 -9"><span class='ocrx_word' id='word_1_207' title='bbox 391 1592 582 1634; x_wconf 90' lang='lat' dir='ltr'>omnes</span> <span class='ocrx_word' id='word_1_208' title='bbox 610 1574 669 1631; x_wconf 93' lang='lat' dir='ltr'>hi</span> <span class='ocrx_word' id='word_1_209' title='bbox 697 1580 973 1629; x_wconf 87' lang='lat' dir='ltr'>morantes</span> <span class='ocrx_word' id='word_1_210' title='bbox 996 1585 1124 1627; x_wconf 89' lang='lat' dir='ltr'>cum</span> <span class='ocrx_word' id='word_1_211' title='bbox 1154 1576 1344 1626; x_wconf 89' lang='lat' dir='ltr'>sancto</span> <span class='ocrx_word' id='word_1_212' title='bbox 1364 1584 1503 1641; x_wconf 88' lang='lat' dir='ltr'>papa</span> <span class='ocrx_word' id='word_1_213' title='bbox 1535 1567 1666 1625; x_wconf 89' lang='lat' dir='ltr'>Caio</span> <span class='ocrx_word' id='word_1_214' title='bbox 1688 1567 1833 1641; x_wconf 89' lang='lat' dir='ltr'>apud</span> <span class='ocrx_word' id='word_1_215' title='bbox 1862 1567 1986 1626; x_wconf 90' lang='lat' dir='ltr'>Cas-</span> <span class='ocrx_word' id='word_1_216' title='bbox 2094 1572 2293 1641; x_wconf 89' lang='lat' dir='ltr'>natale,</span> <span class='ocrx_word' id='word_1_217' title='bbox 2343 1571 2475 1628; x_wconf 90' lang='lat' dir='ltr'>dum</span> <span class='ocrx_word' id='word_1_218' title='bbox 2518 1572 2587 1629; x_wconf 92' lang='lat' dir='ltr'>ad</span> <span class='ocrx_word' id='word_1_219' title='bbox 2632 1570 3045 1631; x_wconf 89' lang='lat' dir='ltr'>Confessionem</span> <span class='ocrx_word' id='word_1_220' title='bbox 3088 1570 3206 1642; x_wconf 80' lang='grc'>(91)</span> <span class='ocrx_word' id='word_1_221' title='bbox 3261 1569 3410 1626; x_wconf 88' lang='lat' dir='ltr'>Petri</span> <span class='ocrx_word' id='word_1_222' title='bbox 3467 1568 3724 1642; x_wconf 83' lang='lat' dir='ltr'>apostoli</span> 
     </span>
    </p>
   </div>
   <div class='ocr_carea' id='block_1_21' title="bbox 392 1656 3723 1733">
    <p class='ocr_par' dir='ltr' id='par_1_21' title="bbox 392 1656 3723 1733">
     <span class='ocr_line' id='line_1_21' title="bbox 392 1656 3723 1733; baseline -0.002 -11"><span class='ocrx_word' id='word_1_223' title='bbox 392 1667 573 1723; x_wconf 88' lang='lat' dir='ltr'>tulum</span> <span class='ocrx_word' id='word_1_224' title='bbox 601 1664 888 1729; x_wconf 85' lang='lat' dir='ltr'>zetarium,</span> <span class='ocrx_word' id='word_1_225' title='bbox 923 1660 982 1716; x_wconf 88' lang='lat' dir='ltr'>in</span> <span class='ocrx_word' id='word_1_226' title='bbox 1010 1660 1146 1732; x_wconf 89' lang='lat' dir='ltr'>ipsis</span> <span class='ocrx_word' id='word_1_227' title='bbox 1167 1658 1548 1732; x_wconf 86' lang='lat' dir='ltr'>superioribus</span> <span class='ocrx_word' id='word_1_228' title='bbox 1577 1658 1795 1732; x_wconf 84' lang='lat' dir='ltr'>palatii,</span> <span class='ocrx_word' id='word_1_229' title='bbox 1827 1666 1882 1715; x_wconf 90' lang='lat' dir='ltr'>et</span> <span class='ocrx_word' id='word_1_230' title='bbox 1894 1656 1985 1715; x_wconf 87' lang='lat' dir='ltr'>die</span> <span class='ocrx_word' id='word_1_231' title='bbox 2015 1667 2062 1728; x_wconf 84' lang='grc' dir='ltr'><strong>Β</strong></span> <span class='ocrx_word' id='word_1_232' title='bbox 2093 1667 2291 1729; x_wconf 88' lang='lat' dir='ltr'>oraret,</span> <span class='ocrx_word' id='word_1_233' title='bbox 2317 1660 2385 1717; x_wconf 90' lang='lat' dir='ltr'>ab</span> <span class='ocrx_word' id='word_1_234' title='bbox 2405 1660 2798 1717; x_wconf 86' lang='lat' dir='ltr'>insidiantibus</span> <span class='ocrx_word' id='word_1_235' title='bbox 2826 1659 3049 1733; x_wconf 82' lang='lat' dir='ltr'>paganis</span> <span class='ocrx_word' id='word_1_236' title='bbox 3072 1666 3335 1727; x_wconf 87' lang='lat' dir='ltr'>arctatnr,</span> <span class='ocrx_word' id='word_1_237' title='bbox 3371 1658 3723 1732; x_wconf 85' lang='lat' dir='ltr'>duciturque</span> 
     </span>
    </p>
   </div>
   <div class='ocr_carea' id='block_1_22' title="bbox 392 1748 1986 1830">
    <p class='ocr_par' dir='ltr' id='par_1_22' title="bbox 392 1748 1986 1830">
     <span class='ocr_line' id='line_1_22' title="bbox 392 1748 1986 1830; baseline -0.006 -15"><span class='ocrx_word' id='word_1_238' title='bbox 392 1767 669 1830; x_wconf 91' lang='lat' dir='ltr'>noctuque</span> <span class='ocrx_word' id='word_1_239' title='bbox 697 1752 991 1828; x_wconf 78' lang='lat' dir='ltr'>gemitibus</span> <span class='ocrx_word' id='word_1_240' title='bbox 1007 1768 1071 1807; x_wconf 91' lang='lat' dir='ltr'>ac</span> <span class='ocrx_word' id='word_1_241' title='bbox 1089 1750 1330 1819; x_wconf 84' lang='lat' dir='ltr'>fletibus,</span> <span class='ocrx_word' id='word_1_242' title='bbox 1358 1757 1412 1805; x_wconf 91' lang='lat' dir='ltr'>et</span> <span class='ocrx_word' id='word_1_243' title='bbox 1438 1748 1667 1822; x_wconf 89' lang='lat' dir='ltr'>jejuniis</span> <span class='ocrx_word' id='word_1_244' title='bbox 1685 1757 1849 1823; x_wconf 90' lang='lat' dir='ltr'>atque</span> <span class='ocrx_word' id='word_1_245' title='bbox 1870 1766 1986 1806; x_wconf 88' lang='lat' dir='ltr'>ora-</span> 
     </span>
    </p>
   </div>
   <div class='ocr_carea' id='block_1_23' title="bbox 392 1839 1987 1915">
    <p class='ocr_par' dir='ltr' id='par_1_23' title="bbox 392 1839 1987 1915">
     <span class='ocr_line' id='line_1_23' title="bbox 392 1839 1987 1915; baseline -0.005 -12"><span class='ocrx_word' id='word_1_246' title='bbox 392 1844 641 1904; x_wconf 89' lang='lat' dir='ltr'>tionibus</span> <span class='ocrx_word' id='word_1_247' title='bbox 700 1842 974 1915; x_wconf 89' lang='lat' dir='ltr'>occupati,</span> <span class='ocrx_word' id='word_1_248' title='bbox 1001 1839 1302 1898; x_wconf 83' lang='lat' dir='ltr'>exorabant</span> <span class='ocrx_word' id='word_1_249' title='bbox 1357 1840 1685 1906; x_wconf 88' lang='lat' dir='ltr'>Dominum,</span> <span class='ocrx_word' id='word_1_250' title='bbox 1718 1848 1780 1897; x_wconf 92' lang='lat' dir='ltr'>ut</span> <span class='ocrx_word' id='word_1_251' title='bbox 1833 1839 1987 1912; x_wconf 84' lang='lat' dir='ltr'>digni</span> 
     </span>
    </p>
   </div>
   <div class='ocr_carea' id='block_1_24' title="bbox 393 1928 1988 2002">
    <p class='ocr_par' dir='ltr' id='par_1_24' title="bbox 393 1928 1988 2002">
     <span class='ocr_line' id='line_1_24' title="bbox 393 1928 1988 2002; baseline -0.004 -11"><span class='ocrx_word' id='word_1_252' title='bbox 393 1934 731 1991; x_wconf 87' lang='lat' dir='ltr'>haberentur</span> <span class='ocrx_word' id='word_1_253' title='bbox 758 1930 1049 1989; x_wconf 85' lang='lat' dir='ltr'>tolerantia</span> <span class='ocrx_word' id='word_1_254' title='bbox 1087 1929 1449 1988; x_wconf 88' lang='lat' dir='ltr'>confessionis</span> <span class='ocrx_word' id='word_1_255' title='bbox 1478 1929 1614 2002; x_wconf 90' lang='lat' dir='ltr'>ejus,</span> <span class='ocrx_word' id='word_1_256' title='bbox 1648 1928 1706 1985; x_wconf 90' lang='lat' dir='ltr'>in</span> <span class='ocrx_word' id='word_1_257' title='bbox 1756 1944 1988 1986; x_wconf 89' lang='lat' dir='ltr'>numero</span> 
     </span>
    </p>
   </div>
   <div class='ocr_carea' id='block_1_25' title="bbox 393 2010 1721 2093">
    <p class='ocr_par' dir='ltr' id='par_1_25' title="bbox 393 2010 1721 2093">
     <span class='ocr_line' id='line_1_25' title="bbox 393 2010 1721 2093; baseline -0.008 -11"><span class='ocrx_word' id='word_1_258' title='bbox 393 2033 709 2082; x_wconf 87' lang='lat' dir='ltr'>sanctorum</span> <span class='ocrx_word' id='word_1_259' title='bbox 738 2028 1045 2093; x_wconf 86' lang='lat' dir='ltr'>martyrum</span> <span class='ocrx_word' id='word_1_260' title='bbox 1073 2018 1292 2077; x_wconf 87' lang='lat' dir='ltr'>sociari.</span> <span class='ocrx_word' id='word_1_261' title='bbox 1718 2010 1721 2013; x_wconf 75' lang='grc'><em>’</em></span> 
     </span>
    </p>
   </div>
   <div class='ocr_carea' id='block_1_26' title="bbox 465 2106 1989 2181">
    <p class='ocr_par' dir='ltr' id='par_1_26' title="bbox 465 2106 1989 2181">
     <span class='ocr_line' id='line_1_26' title="bbox 465 2106 1989 2181; baseline -0.004 -10"><span class='ocrx_word' id='word_1_262' title='bbox 465 2113 554 2171; x_wconf 92' lang='grc'>70.</span> <span class='ocrx_word' id='word_1_263' title='bbox 597 2110 1184 2170; x_wconf 84' lang='lat' dir='ltr'>Ascendebantautem</span> <span class='ocrx_word' id='word_1_264' title='bbox 1243 2107 1311 2165; x_wconf 86' lang='lat' dir='ltr'>ad</span> <span class='ocrx_word' id='word_1_265' title='bbox 1339 2124 1432 2165; x_wconf 90' lang='lat' dir='ltr'>eos</span> <span class='ocrx_word' id='word_1_266' title='bbox 1473 2107 1687 2164; x_wconf 86' lang='lat' dir='ltr'>occulte</span> <span class='ocrx_word' id='word_1_267' title='bbox 1745 2106 1989 2181; x_wconf 80' lang='lat' dir='ltr'>religiosi</span> 
     </span>
    </p>
   </div>
   <div class='ocr_carea' id='block_1_27' title="bbox 396 2199 1989 2276">
    <p class='ocr_par' dir='ltr' id='par_1_27' title="bbox 396 2199 1989 2276">
     <span class='ocr_line' id='line_1_27' title="bbox 396 2199 1989 2276; baseline -0.002 -17"><span class='ocrx_word' id='word_1_268' title='bbox 396 2205 502 2262; x_wconf 79' lang='lat' dir='ltr'>\il‘i</span> <span class='ocrx_word' id='word_1_269' title='bbox 533 2212 586 2262; x_wconf 88' lang='lat' dir='ltr'>et</span> <span class='ocrx_word' id='word_1_270' title='bbox 616 2203 883 2276; x_wconf 68' lang='lat' dir='ltr'>religiosae</span> <span class='ocrx_word' id='word_1_271' title='bbox 906 2201 1147 2269; x_wconf 65' lang='lat' dir='ltr'>feminae,</span> <span class='ocrx_word' id='word_1_272' title='bbox 1190 2206 1244 2255; x_wconf 92' lang='lat' dir='ltr'>et</span> <span class='ocrx_word' id='word_1_273' title='bbox 1272 2216 1303 2255; x_wconf 90' lang='lat' dir='ltr'>a</span> <span class='ocrx_word' id='word_1_274' title='bbox 1336 2199 1550 2256; x_wconf 87' lang='lat' dir='ltr'>Sanctis</span> <span class='ocrx_word' id='word_1_275' title='bbox 1578 2199 1824 2255; x_wconf 88' lang='lat' dir='ltr'>diversas</span> <span class='ocrx_word' id='word_1_276' title='bbox 1880 2200 1989 2256; x_wconf 89' lang='lat' dir='ltr'>sibi</span> 
     </span>
    </p>
   </div>
   <div class='ocr_carea' id='block_1_28' title="bbox 395 2289 1990 2367">
    <p class='ocr_par' dir='ltr' id='par_1_28' title="bbox 395 2289 1990 2367">
     <span class='ocr_line' id='line_1_28' title="bbox 395 2289 1990 2367; baseline -0.003 -15"><span class='ocrx_word' id='word_1_277' title='bbox 395 2294 691 2352; x_wconf 87' lang='lat' dir='ltr'>sanitatum</span> <span class='ocrx_word' id='word_1_278' title='bbox 723 2293 922 2367; x_wconf 77' lang='lat' dir='ltr'>gratias</span> <span class='ocrx_word' id='word_1_279' title='bbox 956 2290 1347 2365; x_wconf 88' lang='lat' dir='ltr'>impetrabant.</span> <span class='ocrx_word' id='word_1_280' title='bbox 1401 2289 1794 2348; x_wconf 88' lang='lat' dir='ltr'>Corroboratos</span> <span class='ocrx_word' id='word_1_281' title='bbox 1823 2306 1990 2347; x_wconf 89' lang='lat' dir='ltr'>nam-</span> 
     </span>
    </p>
   </div>
   <div class='ocr_carea' id='block_1_29' title="bbox 395 2379 1991 2460">
    <p class='ocr_par' dir='ltr' id='par_1_29' title="bbox 395 2379 1991 2460">
     <span class='ocr_line' id='line_1_29' title="bbox 395 2379 1991 2460; baseline -0.004 -18"><span class='ocrx_word' id='word_1_282' title='bbox 395 2402 501 2460; x_wconf 89' lang='lat' dir='ltr'>que</span> <span class='ocrx_word' id='word_1_283' title='bbox 535 2401 673 2442; x_wconf 76' lang='lat' dir='ltr'>verae</span> <span class='ocrx_word' id='word_1_284' title='bbox 706 2384 833 2440; x_wconf 83' lang='lat' dir='ltr'>fidei</span> <span class='ocrx_word' id='word_1_285' title='bbox 862 2381 1121 2439; x_wconf 88' lang='lat' dir='ltr'>firmitate</span> <span class='ocrx_word' id='word_1_286' title='bbox 1157 2389 1209 2437; x_wconf 90' lang='lat' dir='ltr'>et</span> <span class='ocrx_word' id='word_1_287' title='bbox 1230 2380 1464 2437; x_wconf 90' lang='lat' dir='ltr'>solidato</span> <span class='ocrx_word' id='word_1_288' title='bbox 1490 2379 1849 2435; x_wconf 89' lang='lat' dir='ltr'>fundamento</span> <span class='ocrx_word' id='word_1_289' title='bbox 1868 2380 1991 2435; x_wconf 89' lang='lat' dir='ltr'>vir-</span> 
     </span>
    </p>
   </div>
   <div class='ocr_carea' id='block_1_30' title="bbox 402 2469 1991 2545">
    <p class='ocr_par' dir='ltr' id='par_1_30' title="bbox 402 2469 1991 2545">
     <span class='ocr_line' id='line_1_30' title="bbox 402 2469 1991 2545; baseline -0.002 -14"><span class='ocrx_word' id='word_1_290' title='bbox 402 2482 607 2543; x_wconf 88' lang='lat' dir='ltr'>tutum,</span> <span class='ocrx_word' id='word_1_291' title='bbox 663 2473 962 2530; x_wconf 86' lang='lat' dir='ltr'>sanitatum</span> <span class='ocrx_word' id='word_1_292' title='bbox 1028 2471 1203 2545; x_wconf 88' lang='lat' dir='ltr'>gratia</span> <span class='ocrx_word' id='word_1_293' title='bbox 1237 2469 1684 2544; x_wconf 88' lang='lat' dir='ltr'>prosequebatur.</span> <span class='ocrx_word' id='word_1_294' title='bbox 1744 2470 1880 2525; x_wconf 82' lang='lat' dir='ltr'>Nam</span> <span class='ocrx_word' id='word_1_295' title='bbox 1936 2478 1991 2528; x_wconf 91' lang='lat' dir='ltr'>et</span> 
     </span>
    </p>
   </div>
   <div class='ocr_carea' id='block_1_31' title="bbox 402 2561 1992 2633">
    <p class='ocr_par' dir='ltr' id='par_1_31' title="bbox 402 2561 1992 2633">
     <span class='ocr_line' id='line_1_31' title="bbox 402 2561 1992 2633; baseline -0.003 -10"><span class='ocrx_word' id='word_1_296' title='bbox 402 2580 679 2623; x_wconf 66' lang='lat' dir='ltr'>caecorum</span> <span class='ocrx_word' id='word_1_297' title='bbox 710 2564 855 2620; x_wconf 91' lang='lat' dir='ltr'>oculi</span> <span class='ocrx_word' id='word_1_298' title='bbox 911 2561 1370 2619; x_wconf 89' lang='lat' dir='ltr'>illuminabantur</span> <span class='ocrx_word' id='word_1_299' title='bbox 1402 2577 1590 2617; x_wconf 89' lang='lat' dir='ltr'>eorum</span> <span class='ocrx_word' id='word_1_300' title='bbox 1640 2561 1913 2633; x_wconf 88' lang='lat' dir='ltr'>precibus,</span> <span class='ocrx_word' id='word_1_301' title='bbox 1938 2570 1992 2619; x_wconf 90' lang='lat' dir='ltr'>et</span> 
     </span>
    </p>
   </div>
   <div class='ocr_carea' id='block_1_32' title="bbox 401 2650 1991 2725">
    <p class='ocr_par' dir='ltr' id='par_1_32' title="bbox 401 2650 1991 2725">
     <span class='ocr_line' id='line_1_32' title="bbox 401 2650 1991 2725; baseline -0.001 -15"><span class='ocrx_word' id='word_1_302' title='bbox 401 2654 738 2711; x_wconf 88' lang='lat' dir='ltr'>sanabantnr</span> <span class='ocrx_word' id='word_1_303' title='bbox 767 2653 997 2721; x_wconf 85' lang='lat' dir='ltr'>infirmi,</span> <span class='ocrx_word' id='word_1_304' title='bbox 1053 2658 1107 2709; x_wconf 91' lang='lat' dir='ltr'>et</span> <span class='ocrx_word' id='word_1_305' title='bbox 1131 2668 1202 2709; x_wconf 87' lang='lat' dir='ltr'>ex</span> <span class='ocrx_word' id='word_1_306' title='bbox 1237 2650 1470 2709; x_wconf 85' lang='lat' dir='ltr'>obsessis</span> <span class='ocrx_word' id='word_1_307' title='bbox 1498 2652 1820 2725; x_wconf 91' lang='lat' dir='ltr'>corporibus</span> <span class='ocrx_word' id='word_1_308' title='bbox 1887 2652 1991 2709; x_wconf 84' lang='lat' dir='ltr'>dae-</span> 
     </span>
    </p>
   </div>
   <div class='ocr_carea' id='block_1_33' title="bbox 398 2744 984 2816">
    <p class='ocr_par' dir='ltr' id='par_1_33' title="bbox 398 2744 984 2816">
     <span class='ocr_line' id='line_1_33' title="bbox 398 2744 984 2816; baseline -0.007 -15"><span class='ocrx_word' id='word_1_309' title='bbox 398 2761 589 2801; x_wconf 88' lang='lat' dir='ltr'>mones</span> <span class='ocrx_word' id='word_1_310' title='bbox 620 2744 984 2816; x_wconf 86' lang='lat' dir='ltr'>pellebantur.</span> 
     </span>
    </p>
   </div>
   <div class='ocr_carea' id='block_1_34' title="bbox 479 2828 1995 2901">
    <p class='ocr_par' dir='ltr' id='par_1_34' title="bbox 479 2828 1995 2901">
     <span class='ocr_line' id='line_1_34' title="bbox 479 2828 1995 2901; baseline -0.006 -8"><span class='ocrx_word' id='word_1_311' title='bbox 479 2836 565 2893; x_wconf 80' lang='grc'>71.</span> <span class='ocrx_word' id='word_1_312' title='bbox 598 2837 813 2892; x_wconf 86' lang='lat' dir='ltr'>Interea</span> <span class='ocrx_word' id='word_1_313' title='bbox 831 2833 962 2889; x_wconf 89' lang='lat' dir='ltr'>dum</span> <span class='ocrx_word' id='word_1_314' title='bbox 994 2831 1111 2888; x_wconf 66' lang='lat' dir='ltr'>haec</span> <span class='ocrx_word' id='word_1_315' title='bbox 1136 2839 1397 2901; x_wconf 87' lang='lat' dir='ltr'>aguntur,</span> <span class='ocrx_word' id='word_1_316' title='bbox 1424 2828 1698 2887; x_wconf 86' lang='lat' dir='ltr'>transiens</span> <span class='ocrx_word' id='word_1_317' title='bbox 1713 2829 1775 2885; x_wconf 87' lang='grc' dir='ltr'>Β.</span> <span class='ocrx_word' id='word_1_318' title='bbox 1802 2828 1995 2885; x_wconf 90' lang='lat' dir='ltr'>Tibur-</span> 
     </span>
    </p>
   </div>
   <div class='ocr_carea' id='block_1_35' title="bbox 402 2919 1994 2991">
    <p class='ocr_par' dir='ltr' id='par_1_35' title="bbox 402 2919 1994 2991">
     <span class='ocr_line' id='line_1_35' title="bbox 402 2919 1994 2991; baseline -0.004 -10"><span class='ocrx_word' id='word_1_319' title='bbox 402 2925 516 2982; x_wconf 89' lang='lat' dir='ltr'>tius</span> <span class='ocrx_word' id='word_1_320' title='bbox 547 2925 790 2980; x_wconf 90' lang='lat' dir='ltr'>occnrrit</span> <span class='ocrx_word' id='word_1_321' title='bbox 822 2920 1037 2976; x_wconf 89' lang='lat' dir='ltr'>homini</span> <span class='ocrx_word' id='word_1_322' title='bbox 1072 2919 1168 2991; x_wconf 89' lang='lat' dir='ltr'>qui</span> <span class='ocrx_word' id='word_1_323' title='bbox 1188 2919 1256 2974; x_wconf 91' lang='lat' dir='ltr'>de</span> <span class='ocrx_word' id='word_1_324' title='bbox 1281 2920 1395 2974; x_wconf 87' lang='lat' dir='ltr'>alto</span> <span class='ocrx_word' id='word_1_325' title='bbox 1442 2920 1645 2990; x_wconf 81' lang='lat' dir='ltr'>lapsus,</span> <span class='ocrx_word' id='word_1_326' title='bbox 1677 2925 1731 2973; x_wconf 91' lang='lat' dir='ltr'>et</span> <span class='ocrx_word' id='word_1_327' title='bbox 1758 2927 1921 2990; x_wconf 88' lang='lat' dir='ltr'>caput</span> <span class='ocrx_word' id='word_1_328' title='bbox 1942 2919 1994 2975; x_wconf 84' lang='lat' dir='ltr'>&#39;ei</span> 
     </span>
    </p>
   </div>
   <div class='ocr_carea' id='block_1_36' title="bbox 2098 1750 3722 1826">
    <p class='ocr_par' dir='ltr' id='par_1_36' title="bbox 2098 1750 3722 1826">
     <span class='ocr_line' id='line_1_36' title="bbox 2098 1750 3722 1826; baseline -0.001 -20"><span class='ocrx_word' id='word_1_329' title='bbox 2098 1750 2166 1807; x_wconf 92' lang='lat' dir='ltr'>ad</span> <span class='ocrx_word' id='word_1_330' title='bbox 2194 1760 2486 1823; x_wconf 89' lang='lat' dir='ltr'>patronum</span> <span class='ocrx_word' id='word_1_331' title='bbox 2514 1752 2755 1826; x_wconf 88' lang='lat' dir='ltr'>regionis</span> <span class='ocrx_word' id='word_1_332' title='bbox 2781 1750 3133 1809; x_wconf 76' lang='lat' dir='ltr'>Naumachize</span> <span class='ocrx_word' id='word_1_333' title='bbox 3181 1751 3325 1823; x_wconf 77' lang='lat'>(92),</span> <span class='ocrx_word' id='word_1_334' title='bbox 3357 1757 3414 1805; x_wconf 91' lang='lat' dir='ltr'>et</span> <span class='ocrx_word' id='word_1_335' title='bbox 3451 1751 3722 1822; x_wconf 85' lang='lat' dir='ltr'>compel-</span> 
     </span>
    </p>
   </div>
   <div class='ocr_carea' id='block_1_37' title="bbox 2098 1842 3721 1916">
    <p class='ocr_par' dir='ltr' id='par_1_37' title="bbox 2098 1842 3721 1916">
     <span class='ocr_line' id='line_1_37' title="bbox 2098 1842 3721 1916; baseline -0.001 -17"><span class='ocrx_word' id='word_1_336' title='bbox 2098 1842 2234 1899; x_wconf 85' lang='lat' dir='ltr'>litur</span> <span class='ocrx_word' id='word_1_337' title='bbox 2259 1844 2449 1901; x_wconf 87' lang='lat' dir='ltr'>Martis</span> <span class='ocrx_word' id='word_1_338' title='bbox 2478 1844 2792 1901; x_wconf 82' lang='lat' dir='ltr'>statuncula</span> <span class='ocrx_word' id='word_1_339' title='bbox 2818 1842 2958 1916; x_wconf 89' lang='lat'>(93),</span> <span class='ocrx_word' id='word_1_340' title='bbox 2985 1842 3132 1916; x_wconf 90' lang='lat' dir='ltr'>quod</span> <span class='ocrx_word' id='word_1_341' title='bbox 3157 1842 3276 1899; x_wconf 91' lang='lat' dir='ltr'>illic</span> <span class='ocrx_word' id='word_1_342' title='bbox 3305 1842 3507 1911; x_wconf 86' lang='lat' dir='ltr'>stabat,</span> <span class='ocrx_word' id='word_1_343' title='bbox 3528 1842 3721 1899; x_wconf 87' lang='lat' dir='ltr'>thuris</span> 
     </span>
    </p>
   </div>
   <div class='ocr_carea' id='block_1_38' title="bbox 2092 1931 3716 2005">
    <p class='ocr_par' dir='ltr' id='par_1_38' title="bbox 2092 1931 3716 2005">
     <span class='ocr_line' id='line_1_38' title="bbox 2092 1931 3716 2005; baseline 0.002 -18"><span class='ocrx_word' id='word_1_344' title='bbox 2092 1939 2277 2004; x_wconf 86' lang='lat' dir='ltr'>guttas</span> <span class='ocrx_word' id='word_1_345' title='bbox 2334 1933 2647 1989; x_wconf 88' lang='lat' dir='ltr'>incendere.</span> <span class='ocrx_word' id='word_1_346' title='bbox 2699 1933 2839 1989; x_wconf 91' lang='lat' dir='ltr'>Tum</span> <span class='ocrx_word' id='word_1_347' title='bbox 2890 1933 2984 1989; x_wconf 90' lang='lat' dir='ltr'>illa</span> <span class='ocrx_word' id='word_1_348' title='bbox 3028 1931 3359 2005; x_wconf 89' lang='lat' dir='ltr'>respondit:</span> <span class='ocrx_word' id='word_1_349' title='bbox 3416 1933 3716 1990; x_wconf 83' lang='lat' dir='ltr'>Mulierem</span> 
     </span>
    </p>
   </div>
   <div class='ocr_carea' id='block_1_39' title="bbox 2099 2022 3715 2096">
    <p class='ocr_par' dir='ltr' id='par_1_39' title="bbox 2099 2022 3715 2096">
     <span class='ocr_line' id='line_1_39' title="bbox 2099 2022 3715 2096; baseline -0.001 -17"><span class='ocrx_word' id='word_1_350' title='bbox 2099 2023 2260 2079; x_wconf 88' lang='lat' dir='ltr'>Marti</span> <span class='ocrx_word' id='word_1_351' title='bbox 2290 2022 2599 2080; x_wconf 87' lang='lat' dir='ltr'>sacrificare</span> <span class='ocrx_word' id='word_1_352' title='bbox 2646 2022 3000 2096; x_wconf 90' lang='lat' dir='ltr'>compellitis,</span> <span class='ocrx_word' id='word_1_353' title='bbox 3052 2030 3114 2078; x_wconf 90' lang='lat' dir='ltr'>nt</span> <span class='ocrx_word' id='word_1_354' title='bbox 3141 2022 3447 2080; x_wconf 88' lang='lat' dir='ltr'>ostendatis</span> <span class='ocrx_word' id='word_1_355' title='bbox 3474 2023 3715 2080; x_wconf 81' lang='lat' dir='ltr'>Martem</span> 
     </span>
    </p>
   </div>
   <div class='ocr_carea' id='block_1_40' title="bbox 2100 2110 3715 2183">
    <p class='ocr_par' dir='ltr' id='par_1_40' title="bbox 2100 2110 3715 2183">
     <span class='ocr_line' id='line_1_40' title="bbox 2100 2110 3715 2183; baseline 0.001 -16"><span class='ocrx_word' id='word_1_356' title='bbox 2100 2119 2342 2168; x_wconf 90' lang='lat' dir='ltr'>vestrum</span> <span class='ocrx_word' id='word_1_357' title='bbox 2378 2111 2704 2168; x_wconf 88' lang='lat' dir='ltr'>mulieribus</span> <span class='ocrx_word' id='word_1_358' title='bbox 2733 2110 2997 2169; x_wconf 90' lang='lat' dir='ltr'>delectari</span> <span class='ocrx_word' id='word_1_359' title='bbox 3029 2111 3058 2167; x_wconf 77' lang='lat'>?</span> <span class='ocrx_word' id='word_1_360' title='bbox 3093 2110 3201 2167; x_wconf 89' lang='lat' dir='ltr'>Sed</span> <span class='ocrx_word' id='word_1_361' title='bbox 3240 2111 3333 2167; x_wconf 91' lang='lat' dir='ltr'>ille</span> <span class='ocrx_word' id='word_1_362' title='bbox 3360 2111 3715 2183; x_wconf 85' lang='lat' dir='ltr'>impudicis-</span> 
     </span>
    </p>
   </div>
   <div class='ocr_carea' id='block_1_41' title="bbox 2101 2202 3713 2277">
    <p class='ocr_par' dir='ltr' id='par_1_41' title="bbox 2101 2202 3713 2277">
     <span class='ocr_line' id='line_1_41' title="bbox 2101 2202 3713 2277; baseline -0.001 -17"><span class='ocrx_word' id='word_1_363' title='bbox 2101 2204 2253 2260; x_wconf 67' lang='lat' dir='ltr'>simaa</span> <span class='ocrx_word' id='word_1_364' title='bbox 2283 2203 2487 2260; x_wconf 84' lang='lat' dir='ltr'>Veneri</span> <span class='ocrx_word' id='word_1_365' title='bbox 2537 2203 2719 2277; x_wconf 91' lang='lat' dir='ltr'>potuit</span> <span class='ocrx_word' id='word_1_366' title='bbox 2778 2203 3042 2276; x_wconf 87' lang='lat' dir='ltr'>pudorem</span> <span class='ocrx_word' id='word_1_367' title='bbox 3102 2203 3334 2275; x_wconf 86' lang='lat' dir='ltr'>eripere,</span> <span class='ocrx_word' id='word_1_368' title='bbox 3393 2202 3535 2259; x_wconf 86' lang='lat' dir='ltr'>mihi</span> <span class='ocrx_word' id='word_1_369' title='bbox 3578 2219 3713 2259; x_wconf 86' lang='lat' dir='ltr'>vero</span> 
     </span>
    </p>
   </div>
   <div class='ocr_carea' id='block_1_42' title="bbox 2100 2292 3711 2367">
    <p class='ocr_par' dir='ltr' id='par_1_42' title="bbox 2100 2292 3711 2367">
     <span class='ocr_line' id='line_1_42' title="bbox 2100 2292 3711 2367; baseline -0.002 -16"><span class='ocrx_word' id='word_1_370' title='bbox 2100 2304 2366 2367; x_wconf 69' lang='lat' dir='ltr'>tropaeum</span> <span class='ocrx_word' id='word_1_371' title='bbox 2393 2292 2521 2350; x_wconf 87' lang='lat' dir='ltr'>fidei</span> <span class='ocrx_word' id='word_1_372' title='bbox 2545 2294 2600 2349; x_wconf 90' lang='lat' dir='ltr'>in</span> <span class='ocrx_word' id='word_1_373' title='bbox 2630 2294 2810 2349; x_wconf 88' lang='lat' dir='ltr'>fronte</span> <span class='ocrx_word' id='word_1_374' title='bbox 2847 2292 3090 2366; x_wconf 87' lang='lat' dir='ltr'>portanti</span> <span class='ocrx_word' id='word_1_375' title='bbox 3120 2308 3232 2347; x_wconf 89' lang='lat' dir='ltr'>non</span> <span class='ocrx_word' id='word_1_376' title='bbox 3249 2292 3450 2364; x_wconf 90' lang='lat' dir='ltr'>poterit</span> <span class='ocrx_word' id='word_1_377' title='bbox 3483 2308 3711 2365; x_wconf 66' lang='lat' dir='ltr'>praeva-</span> 
     </span>
    </p>
   </div>
   <div class='ocr_carea' id='block_1_43' title="bbox 2102 2381 3706 2457">
    <p class='ocr_par' dir='ltr' id='par_1_43' title="bbox 2102 2381 3706 2457">
     <span class='ocr_line' id='line_1_43' title="bbox 2102 2381 3706 2457; baseline -0.002 -17"><span class='ocrx_word' id='word_1_378' title='bbox 2102 2385 2233 2440; x_wconf 91' lang='lat' dir='ltr'>lere.</span> <span class='ocrx_word' id='word_1_379' title='bbox 2265 2384 2384 2440; x_wconf 89' lang='lat' dir='ltr'>Non</span> <span class='ocrx_word' id='word_1_380' title='bbox 2414 2384 2561 2439; x_wconf 89' lang='lat' dir='ltr'>enim</span> <span class='ocrx_word' id='word_1_381' title='bbox 2586 2400 2684 2457; x_wconf 88' lang='lat' dir='ltr'>ego</span> <span class='ocrx_word' id='word_1_382' title='bbox 2708 2387 2843 2439; x_wconf 90' lang='lat' dir='ltr'>meis</span> <span class='ocrx_word' id='word_1_383' title='bbox 2874 2392 3066 2439; x_wconf 90' lang='lat' dir='ltr'>contra</span> <span class='ocrx_word' id='word_1_384' title='bbox 3086 2398 3210 2439; x_wconf 91' lang='lat' dir='ltr'>enm</span> <span class='ocrx_word' id='word_1_385' title='bbox 3246 2381 3462 2438; x_wconf 87' lang='lat' dir='ltr'>viribus</span> <span class='ocrx_word' id='word_1_386' title='bbox 3492 2383 3706 2449; x_wconf 83' lang='lat' dir='ltr'>luctor;</span> 
     </span>
    </p>
   </div>
   <div class='ocr_carea' id='block_1_44' title="bbox 2102 2471 3706 2540">
    <p class='ocr_par' dir='ltr' id='par_1_44' title="bbox 2102 2471 3706 2540">
     <span class='ocr_line' id='line_1_44' title="bbox 2102 2471 3706 2540; baseline -0.002 -10"><span class='ocrx_word' id='word_1_387' title='bbox 2102 2473 2196 2530; x_wconf 90' lang='lat' dir='ltr'>sed</span> <span class='ocrx_word' id='word_1_388' title='bbox 2226 2472 2284 2529; x_wconf 90' lang='lat' dir='ltr'>in</span> <span class='ocrx_word' id='word_1_389' title='bbox 2322 2474 2544 2530; x_wconf 87' lang='lat' dir='ltr'>Domini</span> <span class='ocrx_word' id='word_1_390' title='bbox 2587 2475 2694 2530; x_wconf 89' lang='lat' dir='ltr'>mei</span> <span class='ocrx_word' id='word_1_391' title='bbox 2733 2474 2862 2529; x_wconf 80' lang='lat' dir='ltr'>Iesu</span> <span class='ocrx_word' id='word_1_392' title='bbox 2896 2472 3106 2531; x_wconf 91' lang='lat' dir='ltr'>Christi</span> <span class='ocrx_word' id='word_1_393' title='bbox 3154 2471 3360 2528; x_wconf 88' lang='lat' dir='ltr'>virtute</span> <span class='ocrx_word' id='word_1_394' title='bbox 3398 2472 3706 2540; x_wconf 88' lang='lat' dir='ltr'>conﬁdens,</span> 
     </span>
    </p>
   </div>
   <div class='ocr_carea' id='block_1_45' title="bbox 2103 2562 3709 2637">
    <p class='ocr_par' dir='ltr' id='par_1_45' title="bbox 2103 2562 3709 2637">
     <span class='ocr_line' id='line_1_45' title="bbox 2103 2562 3709 2637; baseline -0.002 -16"><span class='ocrx_word' id='word_1_395' title='bbox 2103 2572 2156 2621; x_wconf 90' lang='lat' dir='ltr'>et</span> <span class='ocrx_word' id='word_1_396' title='bbox 2185 2582 2286 2621; x_wconf 88' lang='lat' dir='ltr'>vos</span> <span class='ocrx_word' id='word_1_397' title='bbox 2341 2571 2395 2619; x_wconf 89' lang='lat' dir='ltr'>et</span> <span class='ocrx_word' id='word_1_398' title='bbox 2450 2563 2608 2620; x_wconf 89' lang='lat' dir='ltr'>illum</span> <span class='ocrx_word' id='word_1_399' title='bbox 2667 2563 2871 2637; x_wconf 89' lang='lat' dir='ltr'>pariter</span> <span class='ocrx_word' id='word_1_400' title='bbox 2926 2562 3159 2619; x_wconf 89' lang='lat' dir='ltr'>ridendo</span> <span class='ocrx_word' id='word_1_401' title='bbox 3192 2570 3510 2620; x_wconf 88' lang='lat' dir='ltr'>contemno.</span> <span class='ocrx_word' id='word_1_402' title='bbox 3559 2563 3709 2618; x_wconf 82' lang='lat' dir='ltr'>Tunc</span> 
     </span>
    </p>
   </div>
   <div class='ocr_carea' id='block_1_46' title="bbox 2103 2652 3708 2727">
    <p class='ocr_par' dir='ltr' id='par_1_46' title="bbox 2103 2652 3708 2727">
     <span class='ocr_line' id='line_1_46' title="bbox 2103 2652 3708 2727; baseline -0.001 -17"><span class='ocrx_word' id='word_1_403' title='bbox 2103 2662 2367 2727; x_wconf 88' lang='lat' dir='ltr'>patronus</span> <span class='ocrx_word' id='word_1_404' title='bbox 2396 2653 2637 2727; x_wconf 89' lang='lat' dir='ltr'>regionis</span> <span class='ocrx_word' id='word_1_405' title='bbox 2659 2653 2808 2709; x_wconf 87' lang='lat' dir='ltr'>misit</span> <span class='ocrx_word' id='word_1_406' title='bbox 2838 2668 2955 2709; x_wconf 86' lang='lat' dir='ltr'>eam</span> <span class='ocrx_word' id='word_1_407' title='bbox 2989 2652 3047 2708; x_wconf 90' lang='lat' dir='ltr'>in</span> <span class='ocrx_word' id='word_1_408' title='bbox 3077 2652 3387 2708; x_wconf 87' lang='lat' dir='ltr'>custodiam</span> <span class='ocrx_word' id='word_1_409' title='bbox 3418 2652 3708 2709; x_wconf 85' lang='lat' dir='ltr'>obscuris-</span> 
     </span>
    </p>
   </div>
   <div class='ocr_carea' id='block_1_47' title="bbox 2105 2741 3707 2817">
    <p class='ocr_par' dir='ltr' id='par_1_47' title="bbox 2105 2741 3707 2817">
     <span class='ocr_line' id='line_1_47' title="bbox 2105 2741 3707 2817; baseline -0.001 -18"><span class='ocrx_word' id='word_1_410' title='bbox 2105 2742 2321 2810; x_wconf 86' lang='lat' dir='ltr'>simam,</span> <span class='ocrx_word' id='word_1_411' title='bbox 2352 2750 2407 2799; x_wconf 89' lang='lat' dir='ltr'>et</span> <span class='ocrx_word' id='word_1_412' title='bbox 2435 2759 2532 2816; x_wconf 91' lang='lat' dir='ltr'>per</span> <span class='ocrx_word' id='word_1_413' title='bbox 2559 2742 2803 2817; x_wconf 90' lang='lat' dir='ltr'>quinque</span> <span class='ocrx_word' id='word_1_414' title='bbox 2854 2741 2972 2799; x_wconf 91' lang='lat' dir='ltr'>dies</span> <span class='ocrx_word' id='word_1_415' title='bbox 3026 2741 3161 2799; x_wconf 88' lang='lat' dir='ltr'>fecit</span> <span class='ocrx_word' id='word_1_416' title='bbox 3211 2758 3330 2797; x_wconf 90' lang='lat' dir='ltr'>eam</span> <span class='ocrx_word' id='word_1_417' title='bbox 3386 2758 3489 2799; x_wconf 88' lang='lat' dir='ltr'>nec</span> <span class='ocrx_word' id='word_1_418' title='bbox 3522 2743 3707 2798; x_wconf 87' lang='lat' dir='ltr'>lumen</span> 
     </span>
    </p>
   </div>
   <div class='ocr_carea' id='block_1_48' title="bbox 2106 2832 3708 2906">
    <p class='ocr_par' dir='ltr' id='par_1_48' title="bbox 2106 2832 3708 2906">
     <span class='ocr_line' id='line_1_48' title="bbox 2106 2832 3708 2906; baseline 0 -17"><span class='ocrx_word' id='word_1_419' title='bbox 2106 2833 2315 2902; x_wconf 91' lang='lat' dir='ltr'>videre,</span> <span class='ocrx_word' id='word_1_420' title='bbox 2350 2850 2452 2891; x_wconf 89' lang='lat' dir='ltr'>nec</span> <span class='ocrx_word' id='word_1_421' title='bbox 2481 2835 2666 2891; x_wconf 91' lang='lat' dir='ltr'>cibum</span> <span class='ocrx_word' id='word_1_422' title='bbox 2696 2849 2796 2891; x_wconf 92' lang='lat' dir='ltr'>nec</span> <span class='ocrx_word' id='word_1_423' title='bbox 2824 2840 3014 2906; x_wconf 89' lang='lat' dir='ltr'>potum</span> <span class='ocrx_word' id='word_1_424' title='bbox 3055 2832 3326 2905; x_wconf 89' lang='lat' dir='ltr'>accipere.</span> <span class='ocrx_word' id='word_1_425' title='bbox 3374 2832 3568 2888; x_wconf 91' lang='lat' dir='ltr'>Solum</span> <span class='ocrx_word' id='word_1_426' title='bbox 3600 2849 3708 2889; x_wconf 89' lang='lat' dir='ltr'>vox</span> 
     </span>
    </p>
   </div>
   <div class='ocr_carea' id='block_1_49' title="bbox 2110 2923 3704 2998">
    <p class='ocr_par' dir='ltr' id='par_1_49' title="bbox 2110 2923 3704 2998">
     <span class='ocr_line' id='line_1_49' title="bbox 2110 2923 3704 2998; baseline -0.001 -17"><span class='ocrx_word' id='word_1_427' title='bbox 2110 2923 2226 2997; x_wconf 91' lang='lat' dir='ltr'>ejus</span> <span class='ocrx_word' id='word_1_428' title='bbox 2254 2924 2348 2998; x_wconf 92' lang='lat' dir='ltr'>qni</span> <span class='ocrx_word' id='word_1_429' title='bbox 2373 2940 2492 2980; x_wconf 88' lang='lat' dir='ltr'>eam</span> <span class='ocrx_word' id='word_1_430' title='bbox 2540 2924 2658 2981; x_wconf 89' lang='lat' dir='ltr'>illic</span> <span class='ocrx_word' id='word_1_431' title='bbox 2708 2925 3005 2980; x_wconf 90' lang='lat' dir='ltr'>incluserat</span> <span class='ocrx_word' id='word_1_432' title='bbox 3061 2923 3392 2980; x_wconf 89' lang='lat' dir='ltr'>audiebatur</span> <span class='ocrx_word' id='word_1_433' title='bbox 3429 2923 3704 2980; x_wconf 87' lang='lat' dir='ltr'>dicentis:</span> 
     </span>
    </p>
   </div>
   <div class='ocr_carea' id='block_1_50' title="bbox 404 3007 3707 3092">
    <p class='ocr_par' dir='ltr' id='par_1_50' title="bbox 404 3007 3707 3092">
     <span class='ocr_line' id='line_1_50' title="bbox 404 3007 3707 3092; baseline -0.001 -21"><span class='ocrx_word' id='word_1_434' title='bbox 404 3014 593 3071; x_wconf 91' lang='lat' dir='ltr'>omnia</span> <span class='ocrx_word' id='word_1_435' title='bbox 623 3012 869 3068; x_wconf 90' lang='lat' dir='ltr'>membra</span> <span class='ocrx_word' id='word_1_436' title='bbox 895 3015 1265 3083; x_wconf 82' lang='lat' dir='ltr'>quassaverat,</span> <span class='ocrx_word' id='word_1_437' title='bbox 1298 3007 1376 3064; x_wconf 87' lang='lat' dir='ltr'>ita</span> <span class='ocrx_word' id='word_1_438' title='bbox 1395 3017 1458 3064; x_wconf 91' lang='lat' dir='ltr'>ut</span> <span class='ocrx_word' id='word_1_439' title='bbox 1481 3008 1549 3064; x_wconf 92' lang='lat' dir='ltr'>de</span> <span class='ocrx_word' id='word_1_440' title='bbox 1573 3009 1689 3064; x_wconf 69' lang='lat' dir='ltr'>sola</span> <span class='ocrx_word' id='word_1_441' title='bbox 1717 3009 1996 3081; x_wconf 87' lang='lat' dir='ltr'>sepultura</span> <span class='ocrx_word' id='word_1_442' title='bbox 2031 3031 2074 3092; x_wconf 70' lang='grc' dir='ltr'>ο</span> <span class='ocrx_word' id='word_1_443' title='bbox 2106 3014 2444 3071; x_wconf 90' lang='lat' dir='ltr'>Ibimorieris</span> <span class='ocrx_word' id='word_1_444' title='bbox 2472 3014 2635 3081; x_wconf 86' lang='lat' dir='ltr'>fame,</span> <span class='ocrx_word' id='word_1_445' title='bbox 2667 3022 2719 3069; x_wconf 87' lang='lat' dir='ltr'>et</span> <span class='ocrx_word' id='word_1_446' title='bbox 2773 3013 2888 3083; x_wconf 89' lang='lat' dir='ltr'>siti,</span> <span class='ocrx_word' id='word_1_447' title='bbox 2942 3023 2996 3070; x_wconf 92' lang='lat' dir='ltr'>et</span> <span class='ocrx_word' id='word_1_448' title='bbox 3045 3014 3315 3081; x_wconf 70' lang='lat' dir='ltr'>caecitate,</span> <span class='ocrx_word' id='word_1_449' title='bbox 3352 3014 3463 3069; x_wconf 88' lang='lat' dir='ltr'>nisi</span> <span class='ocrx_word' id='word_1_450' title='bbox 3492 3021 3546 3070; x_wconf 88' lang='lat' dir='ltr'>te</span> <span class='ocrx_word' id='word_1_451' title='bbox 3576 3012 3707 3069; x_wconf 86' lang='lat' dir='ltr'>liba-</span> 
     </span>
    </p>
   </div>
   <div class='ocr_carea' id='block_1_51' title="bbox 402 3099 1992 3178">
    <p class='ocr_par' dir='ltr' id='par_1_51' title="bbox 402 3099 1992 3178">
     <span class='ocr_line' id='line_1_51' title="bbox 402 3099 1992 3178; baseline -0.003 -15"><span class='ocrx_word' id='word_1_452' title='bbox 402 3106 521 3178; x_wconf 89' lang='lat' dir='ltr'>ejns</span> <span class='ocrx_word' id='word_1_453' title='bbox 547 3111 769 3178; x_wconf 86' lang='lat' dir='ltr'>agerent</span> <span class='ocrx_word' id='word_1_454' title='bbox 796 3103 875 3172; x_wconf 89' lang='lat' dir='ltr'>hi,</span> <span class='ocrx_word' id='word_1_455' title='bbox 907 3118 1142 3176; x_wconf 89' lang='lat' dir='ltr'>quorum</span> <span class='ocrx_word' id='word_1_456' title='bbox 1186 3099 1337 3158; x_wconf 87' lang='lat' dir='ltr'>ﬁlius</span> <span class='ocrx_word' id='word_1_457' title='bbox 1373 3116 1489 3157; x_wconf 87' lang='lat' dir='ltr'>esse</span> <span class='ocrx_word' id='word_1_458' title='bbox 1552 3100 1992 3174; x_wconf 86' lang='lat' dir='ltr'>dignoscebatnr.</span> 
     </span>
    </p>
   </div>
   <div class='ocr_carea' id='block_1_52' title="bbox 402 3189 1997 3263">
    <p class='ocr_par' dir='ltr' id='par_1_52' title="bbox 402 3189 1997 3263">
     <span class='ocr_line' id='line_1_52' title="bbox 402 3189 1997 3263; baseline -0.004 -9"><span class='ocrx_word' id='word_1_459' title='bbox 402 3199 558 3255; x_wconf 87' lang='lat' dir='ltr'>Tunc</span> <span class='ocrx_word' id='word_1_460' title='bbox 589 3195 727 3253; x_wconf 89' lang='lat' dir='ltr'>dicit</span> <span class='ocrx_word' id='word_1_461' title='bbox 753 3195 833 3252; x_wconf 88' lang='lat' dir='ltr'>eis</span> <span class='ocrx_word' id='word_1_462' title='bbox 852 3192 1148 3250; x_wconf 85' lang='lat' dir='ltr'>ﬂentibus:</span> <span class='ocrx_word' id='word_1_463' title='bbox 1193 3189 1501 3247; x_wconf 88' lang='lat' dir='ltr'>Permittite</span> <span class='ocrx_word' id='word_1_464' title='bbox 1552 3207 1639 3247; x_wconf 88' lang='lat' dir='ltr'>me</span> <span class='ocrx_word' id='word_1_465' title='bbox 1666 3200 1997 3263; x_wconf 64' lang='lat' dir='ltr'>praecantare</span> 
     </span>
    </p>
   </div>
   <div class='ocr_carea' id='block_1_53' title="bbox 405 3280 1997 3362">
    <p class='ocr_par' dir='ltr' id='par_1_53' title="bbox 405 3280 1997 3362">
     <span class='ocr_line' id='line_1_53' title="bbox 405 3280 1997 3362; baseline -0.004 -16"><span class='ocrx_word' id='word_1_466' title='bbox 405 3287 523 3362; x_wconf 88' lang='lat'>(90)</span> <span class='ocrx_word' id='word_1_467' title='bbox 558 3286 628 3356; x_wconf 91' lang='lat' dir='ltr'>ei,</span> <span class='ocrx_word' id='word_1_468' title='bbox 689 3285 924 3343; x_wconf 87' lang='lat' dir='ltr'>forsitan</span> <span class='ocrx_word' id='word_1_469' title='bbox 972 3282 1323 3357; x_wconf 87' lang='lat' dir='ltr'>recnperabit</span> <span class='ocrx_word' id='word_1_470' title='bbox 1370 3281 1685 3338; x_wconf 86' lang='lat' dir='ltr'>sanitatem.</span> <span class='ocrx_word' id='word_1_471' title='bbox 1745 3280 1997 3355; x_wconf 89' lang='lat' dir='ltr'>Cumque</span> 
     </span>
    </p>
   </div>
   <div class='ocr_carea' id='block_1_54' title="bbox 404 3371 1998 3447">
    <p class='ocr_par' dir='ltr' id='par_1_54' title="bbox 404 3371 1998 3447">
     <span class='ocr_line' id='line_1_54' title="bbox 404 3371 1998 3447; baseline -0.004 -12"><span class='ocrx_word' id='word_1_472' title='bbox 404 3395 593 3435; x_wconf 91' lang='lat' dir='ltr'>omnes</span> <span class='ocrx_word' id='word_1_473' title='bbox 623 3375 902 3433; x_wconf 88' lang='lat' dir='ltr'>dedissent</span> <span class='ocrx_word' id='word_1_474' title='bbox 949 3375 1209 3447; x_wconf 88' lang='lat' dir='ltr'>spatium,</span> <span class='ocrx_word' id='word_1_475' title='bbox 1268 3373 1494 3431; x_wconf 89' lang='lat' dir='ltr'>accessit</span> <span class='ocrx_word' id='word_1_476' title='bbox 1552 3371 1716 3443; x_wconf 87' lang='lat' dir='ltr'>juxta</span> <span class='ocrx_word' id='word_1_477' title='bbox 1767 3388 1914 3439; x_wconf 78' lang='lat' dir='ltr'>eum,</span> <span class='ocrx_word' id='word_1_478' title='bbox 1945 3380 1998 3430; x_wconf 91' lang='lat' dir='ltr'>et</span> 
     </span>
    </p>
   </div>
   <div class='ocr_carea' id='block_1_55' title="bbox 404 3461 1994 3536">
    <p class='ocr_par' dir='ltr' id='par_1_55' title="bbox 404 3461 1994 3536">
     <span class='ocr_line' id='line_1_55' title="bbox 404 3461 1994 3536; baseline -0.006 -12"><span class='ocrx_word' id='word_1_479' title='bbox 404 3468 594 3524; x_wconf 90' lang='lat' dir='ltr'>dicens</span> <span class='ocrx_word' id='word_1_480' title='bbox 623 3482 787 3536; x_wconf 87' lang='lat' dir='ltr'>supra</span> <span class='ocrx_word' id='word_1_481' title='bbox 815 3465 1045 3519; x_wconf 88' lang='lat' dir='ltr'>vulnera</span> <span class='ocrx_word' id='word_1_482' title='bbox 1075 3462 1194 3533; x_wconf 89' lang='lat' dir='ltr'>ejus</span> <span class='ocrx_word' id='word_1_483' title='bbox 1222 3463 1368 3517; x_wconf 89' lang='lat' dir='ltr'>lente</span> <span class='ocrx_word' id='word_1_484' title='bbox 1407 3461 1713 3517; x_wconf 92' lang='lat' dir='ltr'>orationem</span> <span class='ocrx_word' id='word_1_485' title='bbox 1742 3462 1994 3517; x_wconf 88' lang='lat' dir='ltr'>Domini-</span> 
     </span>
    </p>
   </div>
   <div class='ocr_carea' id='block_1_56' title="bbox 403 3548 1993 3622">
    <p class='ocr_par' dir='ltr' id='par_1_56' title="bbox 403 3548 1993 3622">
     <span class='ocr_line' id='line_1_56' title="bbox 403 3548 1993 3622; baseline -0.003 -10"><span class='ocrx_word' id='word_1_486' title='bbox 403 3571 523 3613; x_wconf 87' lang='lat' dir='ltr'>cam</span> <span class='ocrx_word' id='word_1_487' title='bbox 552 3561 607 3608; x_wconf 91' lang='lat' dir='ltr'>et</span> <span class='ocrx_word' id='word_1_488' title='bbox 633 3552 977 3622; x_wconf 85' lang='lat' dir='ltr'>symbolum,</span> <span class='ocrx_word' id='word_1_489' title='bbox 1009 3551 1086 3606; x_wconf 90' lang='lat' dir='ltr'>ita</span> <span class='ocrx_word' id='word_1_490' title='bbox 1113 3549 1347 3605; x_wconf 89' lang='lat' dir='ltr'>solidata</span> <span class='ocrx_word' id='word_1_491' title='bbox 1366 3558 1495 3605; x_wconf 91' lang='lat' dir='ltr'>sunt</span> <span class='ocrx_word' id='word_1_492' title='bbox 1522 3566 1643 3604; x_wconf 89' lang='lat' dir='ltr'>ossa</span> <span class='ocrx_word' id='word_1_493' title='bbox 1662 3548 1802 3619; x_wconf 90' lang='lat' dir='ltr'>ejus,</span> <span class='ocrx_word' id='word_1_494' title='bbox 1834 3560 1889 3606; x_wconf 87' lang='lat' dir='ltr'>et</span> <span class='ocrx_word' id='word_1_495' title='bbox 1911 3567 1993 3607; x_wconf 86' lang='lat' dir='ltr'>ca-</span> 
     </span>
    </p>
   </div>
   <div class='ocr_carea' id='block_1_57' title="bbox 403 3637 1995 3715">
    <p class='ocr_par' dir='ltr' id='par_1_57' title="bbox 403 3637 1995 3715">
     <span class='ocr_line' id='line_1_57' title="bbox 403 3637 1995 3715; baseline -0.003 -17"><span class='ocrx_word' id='word_1_496' title='bbox 403 3650 503 3715; x_wconf 89' lang='lat' dir='ltr'>put</span> <span class='ocrx_word' id='word_1_497' title='bbox 531 3648 585 3695; x_wconf 91' lang='lat' dir='ltr'>et</span> <span class='ocrx_word' id='word_1_498' title='bbox 613 3638 799 3695; x_wconf 88' lang='lat' dir='ltr'>omnia</span> <span class='ocrx_word' id='word_1_499' title='bbox 827 3637 1058 3707; x_wconf 86' lang='lat' dir='ltr'>viscera,</span> <span class='ocrx_word' id='word_1_500' title='bbox 1081 3646 1142 3694; x_wconf 90' lang='lat' dir='ltr'>ut</span> <span class='ocrx_word' id='word_1_501' title='bbox 1168 3638 1324 3711; x_wconf 87' lang='lat' dir='ltr'>quasi</span> <span class='ocrx_word' id='word_1_502' title='bbox 1352 3637 1496 3693; x_wconf 90' lang='lat' dir='ltr'>nihil</span> <span class='ocrx_word' id='word_1_503' title='bbox 1517 3638 1568 3693; x_wconf 91' lang='lat' dir='ltr'>ei</span> <span class='ocrx_word' id='word_1_504' title='bbox 1594 3638 1886 3708; x_wconf 88' lang='lat' dir='ltr'>evenisset,</span> <span class='ocrx_word' id='word_1_505' title='bbox 1918 3639 1995 3696; x_wconf 89' lang='lat' dir='ltr'>ita</span> 
     </span>
    </p>
   </div>
   <div class='ocr_carea' id='block_1_58' title="bbox 402 3724 1027 3788">
    <p class='ocr_par' dir='ltr' id='par_1_58' title="bbox 402 3724 1027 3788">
     <span class='ocr_line' id='line_1_58' title="bbox 402 3724 1027 3788; baseline -0.01 0"><span class='ocrx_word' id='word_1_506' title='bbox 402 3730 580 3788; x_wconf 89' lang='lat' dir='ltr'>factus</span> <span class='ocrx_word' id='word_1_507' title='bbox 608 3727 681 3785; x_wconf 91' lang='lat' dir='ltr'>sit</span> <span class='ocrx_word' id='word_1_508' title='bbox 710 3724 1027 3783; x_wconf 89' lang='lat' dir='ltr'>incolumis.</span> 
     </span>
    </p>
   </div>
   <div class='ocr_carea' id='block_1_59' title="bbox 476 3822 1997 3901">
    <p class='ocr_par' dir='ltr' id='par_1_59' title="bbox 476 3822 1997 3901">
     <span class='ocr_line' id='line_1_59' title="bbox 476 3822 1997 3901; baseline 0.001 -13"><span class='ocrx_word' id='word_1_509' title='bbox 476 3829 563 3888; x_wconf 79' lang='lat'>72.</span> <span class='ocrx_word' id='word_1_510' title='bbox 598 3829 727 3886; x_wconf 72' lang='lat' dir='ltr'>Haec</span> <span class='ocrx_word' id='word_1_511' title='bbox 754 3828 940 3901; x_wconf 85' lang='lat' dir='ltr'>itaque</span> <span class='ocrx_word' id='word_1_512' title='bbox 968 3840 1094 3883; x_wconf 89' lang='lat' dir='ltr'>cum</span> <span class='ocrx_word' id='word_1_513' title='bbox 1125 3824 1366 3893; x_wconf 87' lang='lat' dir='ltr'>fecisset,</span> <span class='ocrx_word' id='word_1_514' title='bbox 1399 3822 1565 3899; x_wconf 67' lang='lat' dir='ltr'>caapit</span> <span class='ocrx_word' id='word_1_515' title='bbox 1582 3823 1681 3881; x_wconf 89' lang='lat' dir='ltr'>ira.</span> <span class='ocrx_word' id='word_1_516' title='bbox 1714 3825 1997 3889; x_wconf 87' lang='lat' dir='ltr'>Tenebant</span> 
     </span>
    </p>
   </div>
   <div class='ocr_carea' id='block_1_60' title="bbox 404 3916 1996 3995">
    <p class='ocr_par' dir='ltr' id='par_1_60' title="bbox 404 3916 1996 3995">
     <span class='ocr_line' id='line_1_60' title="bbox 404 3916 1996 3995; baseline -0.002 -13"><span class='ocrx_word' id='word_1_517' title='bbox 404 3932 585 3982; x_wconf 89' lang='lat' dir='ltr'>autem</span> <span class='ocrx_word' id='word_1_518' title='bbox 617 3923 777 3981; x_wconf 91' lang='lat' dir='ltr'>illum</span> <span class='ocrx_word' id='word_1_519' title='bbox 820 3926 1071 3995; x_wconf 88' lang='lat' dir='ltr'>parentes</span> <span class='ocrx_word' id='word_1_520' title='bbox 1099 3916 1218 3991; x_wconf 91' lang='lat' dir='ltr'>ejus</span> <span class='ocrx_word' id='word_1_521' title='bbox 1244 3916 1523 3974; x_wconf 87' lang='lat' dir='ltr'>dicentes:</span> <span class='ocrx_word' id='word_1_522' title='bbox 1576 3916 1718 3974; x_wconf 83' lang='lat' dir='ltr'>Veni</span> <span class='ocrx_word' id='word_1_523' title='bbox 1748 3925 1802 3975; x_wconf 90' lang='lat' dir='ltr'>et</span> <span class='ocrx_word' id='word_1_524' title='bbox 1858 3920 1996 3980; x_wconf 90' lang='lat' dir='ltr'>habe</span> 
     </span>
    </p>
   </div>
   <div class='ocr_carea' id='block_1_61' title="bbox 404 4008 1997 4073">
    <p class='ocr_par' dir='ltr' id='par_1_61' title="bbox 404 4008 1997 4073">
     <span class='ocr_line' id='line_1_61' title="bbox 404 4008 1997 4073; baseline -0.001 0"><span class='ocrx_word' id='word_1_525' title='bbox 404 4033 528 4073; x_wconf 90' lang='lat' dir='ltr'>eum</span> <span class='ocrx_word' id='word_1_526' title='bbox 559 4031 783 4073; x_wconf 81' lang='lat' dir='ltr'>servum</span> <span class='ocrx_word' id='word_1_527' title='bbox 836 4022 891 4071; x_wconf 89' lang='lat' dir='ltr'>et</span> <span class='ocrx_word' id='word_1_528' title='bbox 946 4010 1134 4069; x_wconf 90' lang='lat' dir='ltr'>omnia</span> <span class='ocrx_word' id='word_1_529' title='bbox 1161 4009 1308 4067; x_wconf 88' lang='lat' dir='ltr'>bona</span> <span class='ocrx_word' id='word_1_530' title='bbox 1354 4016 1542 4065; x_wconf 92' lang='lat' dir='ltr'>nostra</span> <span class='ocrx_word' id='word_1_531' title='bbox 1569 4008 1672 4065; x_wconf 91' lang='lat' dir='ltr'>tibi</span> <span class='ocrx_word' id='word_1_532' title='bbox 1727 4010 1997 4071; x_wconf 89' lang='lat' dir='ltr'>tradimus</span> 
     </span>
    </p>
   </div>
   <div class='ocr_carea' id='block_1_62' title="bbox 403 4097 1995 4174">
    <p class='ocr_par' dir='ltr' id='par_1_62' title="bbox 403 4097 1995 4174">
     <span class='ocr_line' id='line_1_62' title="bbox 403 4097 1995 4174; baseline -0.002 -14"><span class='ocrx_word' id='word_1_533' title='bbox 403 4121 532 4161; x_wconf 89' lang='lat' dir='ltr'>cum</span> <span class='ocrx_word' id='word_1_534' title='bbox 580 4120 666 4170; x_wconf 90' lang='lat' dir='ltr'>eo,</span> <span class='ocrx_word' id='word_1_535' title='bbox 729 4102 862 4174; x_wconf 88' lang='lat' dir='ltr'>quia</span> <span class='ocrx_word' id='word_1_536' title='bbox 904 4102 1085 4173; x_wconf 88' lang='lat' dir='ltr'>ipsum</span> <span class='ocrx_word' id='word_1_537' title='bbox 1123 4098 1377 4165; x_wconf 87' lang='lat' dir='ltr'>unicum,</span> <span class='ocrx_word' id='word_1_538' title='bbox 1421 4114 1584 4172; x_wconf 90' lang='lat' dir='ltr'>quem</span> <span class='ocrx_word' id='word_1_539' title='bbox 1643 4097 1995 4171; x_wconf 88' lang='lat' dir='ltr'>habebamus,</span> 
     </span>
    </p>
   </div>
   <div class='ocr_carea' id='block_1_63' title="bbox 405 4190 1996 4262">
    <p class='ocr_par' dir='ltr' id='par_1_63' title="bbox 405 4190 1996 4262">
     <span class='ocr_line' id='line_1_63' title="bbox 405 4190 1996 4262; baseline 0.003 -14"><span class='ocrx_word' id='word_1_540' title='bbox 405 4192 566 4249; x_wconf 89' lang='lat' dir='ltr'>nobis</span> <span class='ocrx_word' id='word_1_541' title='bbox 606 4191 721 4262; x_wconf 88' lang='lat' dir='ltr'>jam</span> <span class='ocrx_word' id='word_1_542' title='bbox 769 4200 1048 4247; x_wconf 88' lang='lat' dir='ltr'>mortuum</span> <span class='ocrx_word' id='word_1_543' title='bbox 1090 4190 1380 4248; x_wconf 88' lang='lat' dir='ltr'>reddidisti</span> <span class='ocrx_word' id='word_1_544' title='bbox 1431 4191 1644 4247; x_wconf 90' lang='lat' dir='ltr'>vivum.</span> <span class='ocrx_word' id='word_1_545' title='bbox 1690 4192 1838 4249; x_wconf 91' lang='lat' dir='ltr'>Dicit</span> <span class='ocrx_word' id='word_1_546' title='bbox 1879 4195 1996 4253; x_wconf 88' lang='lat' dir='ltr'>eis:</span> 
     </span>
    </p>
   </div>
   <div class='ocr_carea' id='block_1_64' title="bbox 405 4277 1999 4355">
    <p class='ocr_par' dir='ltr' id='par_1_64' title="bbox 405 4277 1999 4355">
     <span class='ocr_line' id='line_1_64' title="bbox 405 4277 1999 4355; baseline 0.003 -19"><span class='ocrx_word' id='word_1_547' title='bbox 405 4280 463 4336; x_wconf 91' lang='lat' dir='ltr'>Si</span> <span class='ocrx_word' id='word_1_548' title='bbox 491 4294 555 4335; x_wconf 90' lang='lat' dir='ltr'>ea</span> <span class='ocrx_word' id='word_1_549' title='bbox 594 4294 714 4351; x_wconf 69' lang='lat' dir='ltr'>quae</span> <span class='ocrx_word' id='word_1_550' title='bbox 770 4277 930 4334; x_wconf 89' lang='lat' dir='ltr'>vobis</span> <span class='ocrx_word' id='word_1_551' title='bbox 985 4278 1183 4335; x_wconf 82' lang='lat' dir='ltr'>dixero</span> <span class='ocrx_word' id='word_1_552' title='bbox 1230 4280 1488 4345; x_wconf 88' lang='lat' dir='ltr'>feceritis,</span> <span class='ocrx_word' id='word_1_553' title='bbox 1523 4280 1708 4353; x_wconf 88' lang='lat' dir='ltr'>magni</span> <span class='ocrx_word' id='word_1_554' title='bbox 1764 4283 1999 4355; x_wconf 90' lang='lat' dir='ltr'>pendam</span> 
     </span>
    </p>
   </div>
   <div class='ocr_carea' id='block_1_65' title="bbox 2108 3104 2857 3179">
    <p class='ocr_par' dir='ltr' id='par_1_65' title="bbox 2108 3104 2857 3179">
     <span class='ocr_line' id='line_1_65' title="bbox 2108 3104 2857 3179; baseline -0.004 -16"><span class='ocrx_word' id='word_1_555' title='bbox 2108 3115 2284 3163; x_wconf 88' lang='lat' dir='ltr'>turam</span> <span class='ocrx_word' id='word_1_556' title='bbox 2316 3105 2693 3179; x_wconf 88' lang='lat' dir='ltr'>repromiseris</span> <span class='ocrx_word' id='word_1_557' title='bbox 2726 3104 2857 3162; x_wconf 89' lang='lat' dir='ltr'>diis.</span> 
     </span>
    </p>
   </div>
   <div class='ocr_carea' id='block_1_66' title="bbox 2179 3194 3706 3268">
    <p class='ocr_par' dir='ltr' id='par_1_66' title="bbox 2179 3194 3706 3268">
     <span class='ocr_line' id='line_1_66' title="bbox 2179 3194 3706 3268; baseline 0 -16"><span class='ocrx_word' id='word_1_558' title='bbox 2179 3195 2265 3253; x_wconf 75' lang='grc'>74.</span> <span class='ocrx_word' id='word_1_559' title='bbox 2298 3196 2402 3253; x_wconf 91' lang='lat' dir='ltr'>Sed</span> <span class='ocrx_word' id='word_1_560' title='bbox 2435 3212 2559 3252; x_wconf 90' lang='lat' dir='ltr'>cum</span> <span class='ocrx_word' id='word_1_561' title='bbox 2591 3194 3011 3267; x_wconf 85' lang='lat' dir='ltr'>pertransissent</span> <span class='ocrx_word' id='word_1_562' title='bbox 3044 3211 3140 3251; x_wconf 86' lang='lat' dir='ltr'>sex</span> <span class='ocrx_word' id='word_1_563' title='bbox 3168 3194 3285 3252; x_wconf 91' lang='lat' dir='ltr'>dies</span> <span class='ocrx_word' id='word_1_564' title='bbox 3314 3204 3706 3268; x_wconf 81' lang='lat' dir='ltr'>suggesseth</span> 
     </span>
    </p>
   </div>
   <div class='ocr_carea' id='block_1_67' title="bbox 2108 3285 3712 3361">
    <p class='ocr_par' dir='ltr' id='par_1_67' title="bbox 2108 3285 3712 3361">
     <span class='ocr_line' id='line_1_67' title="bbox 2108 3285 3712 3361; baseline -0.001 -16"><span class='ocrx_word' id='word_1_565' title='bbox 2108 3288 2175 3345; x_wconf 93' lang='lat' dir='ltr'>de</span> <span class='ocrx_word' id='word_1_566' title='bbox 2203 3304 2264 3345; x_wconf 89' lang='lat' dir='ltr'>ea</span> <span class='ocrx_word' id='word_1_567' title='bbox 2293 3288 2548 3360; x_wconf 81' lang='lat' dir='ltr'>praefecto</span> <span class='ocrx_word' id='word_1_568' title='bbox 2578 3286 2830 3344; x_wconf 71' lang='lat' dir='ltr'>saevienti</span> <span class='ocrx_word' id='word_1_569' title='bbox 2864 3305 2875 3343; x_wconf 93' lang='lat'>:</span> <span class='ocrx_word' id='word_1_570' title='bbox 2911 3286 3007 3361; x_wconf 90' lang='lat' dir='ltr'>qui</span> <span class='ocrx_word' id='word_1_571' title='bbox 3032 3285 3199 3359; x_wconf 88' lang='lat' dir='ltr'>jussit</span> <span class='ocrx_word' id='word_1_572' title='bbox 3245 3303 3367 3343; x_wconf 90' lang='lat' dir='ltr'>eam</span> <span class='ocrx_word' id='word_1_573' title='bbox 3396 3305 3430 3344; x_wconf 89' lang='lat' dir='ltr'>a</span> <span class='ocrx_word' id='word_1_574' title='bbox 3478 3288 3624 3344; x_wconf 87' lang='lat' dir='ltr'>collo</span> <span class='ocrx_word' id='word_1_575' title='bbox 3660 3296 3712 3345; x_wconf 88' lang='lat' dir='ltr'>et</span> 
     </span>
    </p>
   </div>
   <div class='ocr_carea' id='block_1_68' title="bbox 2110 3378 3716 3453">
    <p class='ocr_par' dir='ltr' id='par_1_68' title="bbox 2110 3378 3716 3453">
     <span class='ocr_line' id='line_1_68' title="bbox 2110 3378 3716 3453; baseline -0.002 -15"><span class='ocrx_word' id='word_1_576' title='bbox 2110 3380 2328 3453; x_wconf 90' lang='lat' dir='ltr'>capillis</span> <span class='ocrx_word' id='word_1_577' title='bbox 2372 3381 2431 3437; x_wconf 91' lang='lat' dir='ltr'>in</span> <span class='ocrx_word' id='word_1_578' title='bbox 2462 3379 2713 3436; x_wconf 88' lang='lat' dir='ltr'>arborem</span> <span class='ocrx_word' id='word_1_579' title='bbox 2771 3381 3042 3437; x_wconf 82' lang='lat' dir='ltr'>excelsam</span> <span class='ocrx_word' id='word_1_580' title='bbox 3101 3378 3365 3453; x_wconf 89' lang='lat' dir='ltr'>suspendi</span> <span class='ocrx_word' id='word_1_581' title='bbox 3424 3387 3482 3435; x_wconf 88' lang='lat' dir='ltr'>et</span> <span class='ocrx_word' id='word_1_582' title='bbox 3538 3378 3716 3436; x_wconf 82' lang='lat' dir='ltr'>subter</span> 
     </span>
    </p>
   </div>
   <div class='ocr_carea' id='block_1_69' title="bbox 2108 3469 3711 3545">
    <p class='ocr_par' dir='ltr' id='par_1_69' title="bbox 2108 3469 3711 3545">
     <span class='ocr_line' id='line_1_69' title="bbox 2108 3469 3711 3545; baseline 0.002 -20"><span class='ocrx_word' id='word_1_583' title='bbox 2108 3470 2323 3527; x_wconf 86' lang='lat' dir='ltr'>fumum</span> <span class='ocrx_word' id='word_1_584' title='bbox 2359 3487 2427 3527; x_wconf 84' lang='lat' dir='ltr'>ex</span> <span class='ocrx_word' id='word_1_585' title='bbox 2456 3469 2808 3545; x_wconf 89' lang='lat' dir='ltr'>sterquilinio</span> <span class='ocrx_word' id='word_1_586' title='bbox 2863 3469 3135 3525; x_wconf 87' lang='lat' dir='ltr'>adhiberi.</span> <span class='ocrx_word' id='word_1_587' title='bbox 3174 3469 3374 3526; x_wconf 88' lang='lat' dir='ltr'>Statim</span> <span class='ocrx_word' id='word_1_588' title='bbox 3414 3479 3604 3526; x_wconf 86' lang='lat' dir='ltr'>autem</span> <span class='ocrx_word' id='word_1_589' title='bbox 3656 3483 3711 3531; x_wconf 88' lang='lat' dir='ltr'>ut</span> 
     </span>
    </p>
   </div>
   <div class='ocr_carea' id='block_1_70' title="bbox 2110 3559 3711 3633">
    <p class='ocr_par' dir='ltr' id='par_1_70' title="bbox 2110 3559 3711 3633">
     <span class='ocr_line' id='line_1_70' title="bbox 2110 3559 3711 3633; baseline -0.001 -16"><span class='ocrx_word' id='word_1_590' title='bbox 2110 3578 2367 3633; x_wconf 89' lang='lat' dir='ltr'>suspensa</span> <span class='ocrx_word' id='word_1_591' title='bbox 2419 3571 2517 3629; x_wconf 91' lang='lat' dir='ltr'>est,</span> <span class='ocrx_word' id='word_1_592' title='bbox 2560 3561 2618 3617; x_wconf 91' lang='lat' dir='ltr'>in</span> <span class='ocrx_word' id='word_1_593' title='bbox 2649 3559 2994 3618; x_wconf 88' lang='lat' dir='ltr'>confessione</span> <span class='ocrx_word' id='word_1_594' title='bbox 3040 3559 3266 3617; x_wconf 91' lang='lat' dir='ltr'>Domini</span> <span class='ocrx_word' id='word_1_595' title='bbox 3309 3561 3501 3617; x_wconf 87' lang='lat' dir='ltr'>emisit</span> <span class='ocrx_word' id='word_1_596' title='bbox 3545 3560 3711 3633; x_wconf 87' lang='lat' dir='ltr'>spiri-</span> 
     </span>
    </p>
   </div>
   <div class='ocr_carea' id='block_1_71' title="bbox 2106 3650 3711 3723">
    <p class='ocr_par' dir='ltr' id='par_1_71' title="bbox 2106 3650 3711 3723">
     <span class='ocr_line' id='line_1_71' title="bbox 2106 3650 3711 3723; baseline -0.001 -15"><span class='ocrx_word' id='word_1_597' title='bbox 2106 3661 2225 3708; x_wconf 90' lang='lat' dir='ltr'>tum</span> <span class='ocrx_word' id='word_1_598' title='bbox 2287 3651 2427 3723; x_wconf 77' lang='grc'>(94).</span> <span class='ocrx_word' id='word_1_599' title='bbox 2473 3652 2561 3708; x_wconf 92' lang='lat' dir='ltr'>Illi</span> <span class='ocrx_word' id='word_1_600' title='bbox 2615 3660 2801 3707; x_wconf 90' lang='lat' dir='ltr'>autem</span> <span class='ocrx_word' id='word_1_601' title='bbox 2849 3650 3158 3707; x_wconf 86' lang='lat' dir='ltr'>auferentes</span> <span class='ocrx_word' id='word_1_602' title='bbox 3203 3666 3409 3722; x_wconf 79' lang='lat' dir='ltr'>corpus</span> <span class='ocrx_word' id='word_1_603' title='bbox 3436 3650 3559 3722; x_wconf 85' lang='lat' dir='ltr'>ejus</span> <span class='ocrx_word' id='word_1_604' title='bbox 3585 3666 3711 3707; x_wconf 85' lang='lat' dir='ltr'>saxo</span> 
     </span>
    </p>
   </div>
   <div class='ocr_carea' id='block_1_72' title="bbox 2106 3739 3704 3817">
    <p class='ocr_par' dir='ltr' id='par_1_72' title="bbox 2106 3739 3704 3817">
     <span class='ocr_line' id='line_1_72' title="bbox 2106 3739 3704 3817; baseline -0.003 -17"><span class='ocrx_word' id='word_1_605' title='bbox 2106 3745 2415 3817; x_wconf 87' lang='lat' dir='ltr'>ligaverunt</span> <span class='ocrx_word' id='word_1_606' title='bbox 2439 3750 2494 3798; x_wconf 90' lang='lat' dir='ltr'>et</span> <span class='ocrx_word' id='word_1_607' title='bbox 2527 3741 2740 3799; x_wconf 86' lang='lat' dir='ltr'>Tiberis</span> <span class='ocrx_word' id='word_1_608' title='bbox 2779 3742 2937 3798; x_wconf 86' lang='lat' dir='ltr'>alveo</span> <span class='ocrx_word' id='word_1_609' title='bbox 2970 3740 3382 3809; x_wconf 88' lang='lat' dir='ltr'>immersernnt,</span> <span class='ocrx_word' id='word_1_610' title='bbox 3424 3739 3704 3797; x_wconf 80' lang='lat' dir='ltr'>dicentes:</span> 
     </span>
    </p>
   </div>
   <div class='ocr_carea' id='block_1_73' title="bbox 2103 3826 3705 3908">
    <p class='ocr_par' dir='ltr' id='par_1_73' title="bbox 2103 3826 3705 3908">
     <span class='ocr_line' id='line_1_73' title="bbox 2103 3826 3705 3908; baseline -0.006 -15"><span class='ocrx_word' id='word_1_611' title='bbox 2103 3836 2182 3893; x_wconf 87' lang='lat' dir='ltr'>Ne</span> <span class='ocrx_word' id='word_1_612' title='bbox 2232 3832 2534 3893; x_wconf 88' lang='lat' dir='ltr'>Christiani</span> <span class='ocrx_word' id='word_1_613' title='bbox 2589 3849 2790 3908; x_wconf 89' lang='lat' dir='ltr'>corpus</span> <span class='ocrx_word' id='word_1_614' title='bbox 2856 3831 2976 3905; x_wconf 90' lang='lat' dir='ltr'>ejus</span> <span class='ocrx_word' id='word_1_615' title='bbox 3030 3832 3250 3900; x_wconf 89' lang='lat' dir='ltr'>tollant,</span> <span class='ocrx_word' id='word_1_616' title='bbox 3283 3837 3339 3886; x_wconf 90' lang='lat' dir='ltr'>et</span> <span class='ocrx_word' id='word_1_617' title='bbox 3365 3829 3577 3888; x_wconf 81' lang='lat' dir='ltr'>faciant</span> <span class='ocrx_word' id='word_1_618' title='bbox 3610 3826 3705 3885; x_wconf 90' lang='lat' dir='ltr'>sibi</span> 
     </span>
    </p>
   </div>
   <div class='ocr_carea' id='block_1_74' title="bbox 2107 3923 2475 3981">
    <p class='ocr_par' dir='ltr' id='par_1_74' title="bbox 2107 3923 2475 3981">
     <span class='ocr_line' id='line_1_74' title="bbox 2107 3923 2475 3981; baseline -0.003 -2"><span class='ocrx_word' id='word_1_619' title='bbox 2107 3923 2264 3981; x_wconf 91' lang='lat' dir='ltr'>illam</span> <span class='ocrx_word' id='word_1_620' title='bbox 2296 3923 2475 3979; x_wconf 90' lang='lat' dir='ltr'>deam.</span> 
     </span>
    </p>
   </div>
   <div class='ocr_carea' id='block_1_75' title="bbox 2182 4009 3701 4085">
    <p class='ocr_par' dir='ltr' id='par_1_75' title="bbox 2182 4009 3701 4085">
     <span class='ocr_line' id='line_1_75' title="bbox 2182 4009 3701 4085; baseline -0.005 -14"><span class='ocrx_word' id='word_1_621' title='bbox 2182 4014 2270 4072; x_wconf 84' lang='lat'>75.</span> <span class='ocrx_word' id='word_1_622' title='bbox 2302 4014 2478 4085; x_wconf 88' lang='lat' dir='ltr'>Igitur</span> <span class='ocrx_word' id='word_1_623' title='bbox 2506 4011 2789 4071; x_wconf 75' lang='lat' dir='ltr'>celebrato</span> <span class='ocrx_word' id='word_1_624' title='bbox 2807 4010 3076 4085; x_wconf 89' lang='lat' dir='ltr'>martyrio</span> <span class='ocrx_word' id='word_1_625' title='bbox 3104 4009 3242 4082; x_wconf 90' lang='lat' dir='ltr'>ejus,</span> <span class='ocrx_word' id='word_1_626' title='bbox 3277 4011 3442 4068; x_wconf 87' lang='lat' dir='ltr'>venit</span> <span class='ocrx_word' id='word_1_627' title='bbox 3471 4012 3532 4068; x_wconf 91' lang='lat' dir='ltr'>in</span> <span class='ocrx_word' id='word_1_628' title='bbox 3557 4025 3701 4067; x_wconf 86' lang='lat' dir='ltr'>som-</span> 
     </span>
    </p>
   </div>
   <div class='ocr_carea' id='block_1_76' title="bbox 2109 4099 3697 4173">
    <p class='ocr_par' dir='ltr' id='par_1_76' title="bbox 2109 4099 3697 4173">
     <span class='ocr_line' id='line_1_76' title="bbox 2109 4099 3697 4173; baseline -0.004 -14"><span class='ocrx_word' id='word_1_629' title='bbox 2109 4103 2197 4159; x_wconf 89' lang='lat' dir='ltr'>nis</span> <span class='ocrx_word' id='word_1_630' title='bbox 2225 4103 2287 4159; x_wconf 91' lang='lat' dir='ltr'>B.</span> <span class='ocrx_word' id='word_1_631' title='bbox 2320 4102 2659 4171; x_wconf 89' lang='lat' dir='ltr'>Sebastiano,</span> <span class='ocrx_word' id='word_1_632' title='bbox 2687 4110 2742 4158; x_wconf 90' lang='lat' dir='ltr'>et</span> <span class='ocrx_word' id='word_1_633' title='bbox 2770 4102 3017 4158; x_wconf 87' lang='lat' dir='ltr'>narravit</span> <span class='ocrx_word' id='word_1_634' title='bbox 3040 4102 3093 4157; x_wconf 91' lang='lat' dir='ltr'>ei</span> <span class='ocrx_word' id='word_1_635' title='bbox 3111 4100 3353 4173; x_wconf 85' lang='lat' dir='ltr'>qualiter</span> <span class='ocrx_word' id='word_1_636' title='bbox 3380 4099 3697 4172; x_wconf 85' lang='lat' dir='ltr'>martyrium</span> 
     </span>
    </p>
   </div>
   <div class='ocr_carea' id='block_1_77' title="bbox 2110 4187 3700 4265">
    <p class='ocr_par' dir='ltr' id='par_1_77' title="bbox 2110 4187 3700 4265">
     <span class='ocr_line' id='line_1_77' title="bbox 2110 4187 3700 4265; baseline -0.004 -16"><span class='ocrx_word' id='word_1_637' title='bbox 2110 4192 2332 4249; x_wconf 92' lang='lat' dir='ltr'>Domini</span> <span class='ocrx_word' id='word_1_638' title='bbox 2363 4192 2707 4265; x_wconf 88' lang='lat' dir='ltr'>suscepisset.</span> <span class='ocrx_word' id='word_1_639' title='bbox 2736 4190 2895 4260; x_wconf 89' lang='lat' dir='ltr'>Quod</span> <span class='ocrx_word' id='word_1_640' title='bbox 2940 4207 3067 4249; x_wconf 89' lang='lat' dir='ltr'>cum</span> <span class='ocrx_word' id='word_1_641' title='bbox 3110 4197 3389 4246; x_wconf 89' lang='lat' dir='ltr'>narrasset</span> <span class='ocrx_word' id='word_1_642' title='bbox 3438 4190 3499 4246; x_wconf 92' lang='lat' dir='ltr'>S.</span> <span class='ocrx_word' id='word_1_643' title='bbox 3541 4187 3700 4245; x_wconf 83' lang='lat' dir='ltr'>Seba-</span> 
     </span>
    </p>
   </div>
   <div class='ocr_carea' id='block_1_78' title="bbox 2110 4277 3694 4354">
    <p class='ocr_par' dir='ltr' id='par_1_78' title="bbox 2110 4277 3694 4354">
     <span class='ocr_line' id='line_1_78' title="bbox 2110 4277 3694 4354; baseline -0.003 -16"><span class='ocrx_word' id='word_1_644' title='bbox 2110 4282 2342 4351; x_wconf 87' lang='lat' dir='ltr'>stianus,</span> <span class='ocrx_word' id='word_1_645' title='bbox 2397 4279 2673 4354; x_wconf 88' lang='lat' dir='ltr'>proripuit</span> <span class='ocrx_word' id='word_1_646' title='bbox 2728 4296 2783 4338; x_wconf 89' lang='lat' dir='ltr'>se</span> <span class='ocrx_word' id='word_1_647' title='bbox 2840 4280 2894 4337; x_wconf 88' lang='lat' dir='ltr'>S.</span> <span class='ocrx_word' id='word_1_648' title='bbox 2954 4279 3399 4352; x_wconf 88' lang='lat' dir='ltr'>Tranquillinns,</span> <span class='ocrx_word' id='word_1_649' title='bbox 3472 4277 3694 4334; x_wconf 86' lang='lat' dir='ltr'>dicens:</span> 
     </span>
    </p>
   </div>
   <div class='ocr_carea' id='block_1_79' title="bbox 407 4365 3696 4450">
    <p class='ocr_par' dir='ltr' id='par_1_79' title="bbox 407 4365 3696 4450">
     <span class='ocr_line' id='line_1_79' title="bbox 407 4365 3696 4450; baseline -0.001 -25"><span class='ocrx_word' id='word_1_650' title='bbox 407 4367 713 4425; x_wconf 89' lang='lat' dir='ltr'>mercedem</span> <span class='ocrx_word' id='word_1_651' title='bbox 743 4367 997 4425; x_wconf 87' lang='lat' dir='ltr'>sanitatis</span> <span class='ocrx_word' id='word_1_652' title='bbox 1026 4365 1216 4438; x_wconf 89' lang='lat' dir='ltr'>hujus.</span> <span class='ocrx_word' id='word_1_653' title='bbox 1242 4368 1450 4424; x_wconf 88' lang='lat' dir='ltr'>Dicunt</span> <span class='ocrx_word' id='word_1_654' title='bbox 1495 4368 1547 4423; x_wconf 90' lang='lat' dir='ltr'>ei</span> <span class='ocrx_word' id='word_1_655' title='bbox 1576 4378 1829 4440; x_wconf 89' lang='lat' dir='ltr'>parentes</span> <span class='ocrx_word' id='word_1_656' title='bbox 1847 4371 1996 4444; x_wconf 87' lang='lat' dir='ltr'>ejus:</span> <span class='ocrx_word' id='word_1_657' title='bbox 2028 4392 2078 4450; x_wconf 76' lang='grc' dir='ltr'>ι)</span> <span class='ocrx_word' id='word_1_658' title='bbox 2112 4371 2354 4428; x_wconf 82' lang='lat' dir='ltr'>Feminae</span> <span class='ocrx_word' id='word_1_659' title='bbox 2379 4370 2449 4427; x_wconf 88' lang='lat' dir='ltr'>ad</span> <span class='ocrx_word' id='word_1_660' title='bbox 2479 4385 2738 4427; x_wconf 91' lang='lat' dir='ltr'>coronam</span> <span class='ocrx_word' id='word_1_661' title='bbox 2770 4368 3108 4441; x_wconf 66' lang='lat' dir='ltr'>praecedunt,</span> <span class='ocrx_word' id='word_1_662' title='bbox 3136 4376 3200 4425; x_wconf 91' lang='lat' dir='ltr'>ut</span> <span class='ocrx_word' id='word_1_663' title='bbox 3227 4366 3367 4440; x_wconf 91' lang='lat' dir='ltr'>quid</span> <span class='ocrx_word' id='word_1_664' title='bbox 3406 4367 3645 4423; x_wconf 88' lang='lat' dir='ltr'>vivimus</span> <span class='ocrx_word' id='word_1_665' title='bbox 3671 4365 3696 4421; x_wconf 79' lang='lat'><strong>?</strong></span> 
     </span>
    </p>
   </div>
   <div class='ocr_carea' id='block_1_80' title="bbox 404 4454 2001 4531">
    <p class='ocr_par' dir='ltr' id='par_1_80' title="bbox 404 4454 2001 4531">
     <span class='ocr_line' id='line_1_80' title="bbox 404 4454 2001 4531; baseline 0.003 -15"><span class='ocrx_word' id='word_1_666' title='bbox 404 4458 779 4531; x_wconf 90' lang='lat' dir='ltr'>Nosmetipsos</span> <span class='ocrx_word' id='word_1_667' title='bbox 831 4456 878 4513; x_wconf 88' lang='lat' dir='ltr'>si</span> <span class='ocrx_word' id='word_1_668' title='bbox 933 4471 1120 4512; x_wconf 89' lang='lat' dir='ltr'>servos</span> <span class='ocrx_word' id='word_1_669' title='bbox 1148 4454 1349 4512; x_wconf 90' lang='lat' dir='ltr'>habere</span> <span class='ocrx_word' id='word_1_670' title='bbox 1412 4455 1675 4528; x_wconf 89' lang='lat' dir='ltr'>digneris,</span> <span class='ocrx_word' id='word_1_671' title='bbox 1728 4462 2001 4520; x_wconf 88' lang='lat' dir='ltr'>contraire</span> 
     </span>
    </p>
   </div>
   <div class='ocr_carea' id='block_1_81' title="bbox 406 4544 2002 4622">
    <p class='ocr_par' dir='ltr' id='par_1_81' title="bbox 406 4544 2002 4622">
     <span class='ocr_line' id='line_1_81' title="bbox 406 4544 2002 4622; baseline -0.006 -17"><span class='ocrx_word' id='word_1_672' title='bbox 406 4564 520 4605; x_wconf 91' lang='lat' dir='ltr'>non</span> <span class='ocrx_word' id='word_1_673' title='bbox 549 4562 875 4622; x_wconf 89' lang='lat' dir='ltr'>possumus:</span> <span class='ocrx_word' id='word_1_674' title='bbox 909 4544 1044 4620; x_wconf 88' lang='lat' dir='ltr'>quin</span> <span class='ocrx_word' id='word_1_675' title='bbox 1075 4544 1187 4601; x_wconf 92' lang='lat' dir='ltr'>imo</span> <span class='ocrx_word' id='word_1_676' title='bbox 1216 4552 1270 4601; x_wconf 88' lang='lat' dir='ltr'>et</span> <span class='ocrx_word' id='word_1_677' title='bbox 1298 4551 1571 4618; x_wconf 87' lang='lat' dir='ltr'>optamus,</span> <span class='ocrx_word' id='word_1_678' title='bbox 1626 4546 1672 4603; x_wconf 88' lang='lat' dir='ltr'>si</span> <span class='ocrx_word' id='word_1_679' title='bbox 1701 4547 1817 4621; x_wconf 89' lang='lat' dir='ltr'>ipse</span> <span class='ocrx_word' id='word_1_680' title='bbox 1838 4549 2002 4622; x_wconf 80' lang='lat' dir='ltr'>judi-</span> 
     </span>
    </p>
   </div>
   <div class='ocr_carea' id='block_1_82' title="bbox 407 4632 1997 4715">
    <p class='ocr_par' dir='ltr' id='par_1_82' title="bbox 407 4632 1997 4715">
     <span class='ocr_line' id='line_1_82' title="bbox 407 4632 1997 4715; baseline 0.001 -19"><span class='ocrx_word' id='word_1_681' title='bbox 407 4637 619 4698; x_wconf 86' lang='lat' dir='ltr'>caveris</span> <span class='ocrx_word' id='word_1_682' title='bbox 641 4636 896 4710; x_wconf 89' lang='lat' dir='ltr'>dignum.</span> <span class='ocrx_word' id='word_1_683' title='bbox 925 4635 1080 4692; x_wconf 91' lang='lat' dir='ltr'>Tunc</span> <span class='ocrx_word' id='word_1_684' title='bbox 1107 4632 1524 4707; x_wconf 76' lang='lat' dir='ltr'>apprehendens</span> <span class='ocrx_word' id='word_1_685' title='bbox 1571 4651 1766 4715; x_wconf 84' lang='lat' dir='ltr'>manus</span> <span class='ocrx_word' id='word_1_686' title='bbox 1784 4653 1997 4712; x_wconf 85' lang='lat' dir='ltr'>eorum,</span> 
     </span>
    </p>
   </div>
   <div class='ocr_carea' id='block_1_83' title="bbox 408 4724 2000 4802">
    <p class='ocr_par' dir='ltr' id='par_1_83' title="bbox 408 4724 2000 4802">
     <span class='ocr_line' id='line_1_83' title="bbox 408 4724 2000 4802; baseline 0.002 -17"><span class='ocrx_word' id='word_1_687' title='bbox 408 4728 711 4802; x_wconf 87' lang='lat' dir='ltr'>segregavit</span> <span class='ocrx_word' id='word_1_688' title='bbox 738 4743 831 4783; x_wconf 89' lang='lat' dir='ltr'>eos</span> <span class='ocrx_word' id='word_1_689' title='bbox 855 4743 887 4783; x_wconf 89' lang='lat' dir='ltr'>a</span> <span class='ocrx_word' id='word_1_690' title='bbox 913 4725 1109 4795; x_wconf 90' lang='lat' dir='ltr'>turbis,</span> <span class='ocrx_word' id='word_1_691' title='bbox 1155 4733 1211 4783; x_wconf 91' lang='lat' dir='ltr'>et</span> <span class='ocrx_word' id='word_1_692' title='bbox 1272 4724 1543 4784; x_wconf 92' lang='lat' dir='ltr'>indicavit</span> <span class='ocrx_word' id='word_1_693' title='bbox 1602 4728 1681 4784; x_wconf 87' lang='lat' dir='ltr'>eis</span> <span class='ocrx_word' id='word_1_694' title='bbox 1736 4730 2000 4787; x_wconf 90' lang='lat' dir='ltr'>virtutem</span> 
     </span>
    </p>
   </div>
   <div class='ocr_carea' id='block_1_84' title="bbox 408 4815 2001 4879">
    <p class='ocr_par' dir='ltr' id='par_1_84' title="bbox 408 4815 2001 4879">
     <span class='ocr_line' id='line_1_84' title="bbox 408 4815 2001 4879; baseline 0.002 -4"><span class='ocrx_word' id='word_1_695' title='bbox 408 4818 653 4876; x_wconf 90' lang='lat' dir='ltr'>nominis</span> <span class='ocrx_word' id='word_1_696' title='bbox 681 4816 906 4877; x_wconf 88' lang='lat' dir='ltr'>Christi.</span> <span class='ocrx_word' id='word_1_697' title='bbox 961 4817 1034 4876; x_wconf 91' lang='lat' dir='ltr'>Et</span> <span class='ocrx_word' id='word_1_698' title='bbox 1061 4815 1257 4874; x_wconf 89' lang='lat' dir='ltr'>videns</span> <span class='ocrx_word' id='word_1_699' title='bbox 1303 4817 1550 4875; x_wconf 84' lang='lat' dir='ltr'>animum</span> <span class='ocrx_word' id='word_1_700' title='bbox 1581 4833 1768 4875; x_wconf 91' lang='lat' dir='ltr'>eorum</span> <span class='ocrx_word' id='word_1_701' title='bbox 1826 4819 2001 4879; x_wconf 88' lang='lat' dir='ltr'>ﬁxum</span> 
     </span>
    </p>
   </div>
   <div class='ocr_carea' id='block_1_85' title="bbox 483 4977 1360 5051">
    <p class='ocr_par' dir='ltr' id='par_1_85' title="bbox 483 4977 1360 5051">
     <span class='ocr_line' id='line_1_85' title="bbox 483 4977 1360 5051; baseline -0.003 -14"><span class='ocrx_word' id='word_1_702' title='bbox 483 4980 601 5051; x_wconf 91' lang='lat'>(88)</span> <span class='ocrx_word' id='word_1_703' title='bbox 631 4980 737 5051; x_wconf 81' lang='lat' dir='ltr'>Ms.</span> <span class='ocrx_word' id='word_1_704' title='bbox 760 4980 909 5051; x_wconf 76' lang='lat' dir='ltr'>Bip.,</span> <span class='ocrx_word' id='word_1_705' title='bbox 941 4977 1308 5051; x_wconf 74' lang='lat' dir='ltr'>contuendum.</span> <span class='ocrx_word' id='word_1_706' title='bbox 1356 4994 1360 4998; x_wconf 91' lang='grc'>·</span> 
     </span>
    </p>
   </div>
   <div class='ocr_carea' id='block_1_86' title="bbox 483 5050 2001 5125">
    <p class='ocr_par' dir='ltr' id='par_1_86' title="bbox 483 5050 2001 5125">
     <span class='ocr_line' id='line_1_86' title="bbox 483 5050 2001 5125; baseline 0 -15"><span class='ocrx_word' id='word_1_707' title='bbox 483 5050 606 5124; x_wconf 84' lang='grc'>(89)</span> <span class='ocrx_word' id='word_1_708' title='bbox 639 5050 784 5118; x_wconf 89' lang='lat' dir='ltr'>Quid</span> <span class='ocrx_word' id='word_1_709' title='bbox 834 5050 963 5125; x_wconf 60' lang='lat' dir='ltr'>seta</span> <span class='ocrx_word' id='word_1_710' title='bbox 1010 5050 1122 5106; x_wconf 88' lang='lat' dir='ltr'>sint</span> <span class='ocrx_word' id='word_1_711' title='bbox 1172 5056 1456 5125; x_wconf 70' lang='lat' dir='ltr'>aut_zcetce,</span> <span class='ocrx_word' id='word_1_712' title='bbox 1486 5051 1720 5125; x_wconf 83' lang='lat' dir='ltr'>_quibus</span> <span class='ocrx_word' id='word_1_713' title='bbox 1767 5053 2001 5110; x_wconf 77' lang='lat' dir='ltr'>zetarins</span> 
     </span>
    </p>
   </div>
   <div class='ocr_carea' id='block_1_87' title="bbox 409 5120 1532 5194">
    <p class='ocr_par' dir='ltr' id='par_1_87' title="bbox 409 5120 1532 5194">
     <span class='ocr_line' id='line_1_87' title="bbox 409 5120 1532 5194; baseline 0.002 -17"><span class='ocrx_word' id='word_1_714' title='bbox 409 5120 651 5193; x_wconf 75' lang='lat' dir='ltr'>praetrat,</span> <span class='ocrx_word' id='word_1_715' title='bbox 684 5139 851 5194; x_wconf 87' lang='lat' dir='ltr'>supra</span> <span class='ocrx_word' id='word_1_716' title='bbox 877 5122 1087 5178; x_wconf 90' lang='lat' dir='ltr'>dictum</span> <span class='ocrx_word' id='word_1_717' title='bbox 1116 5129 1198 5178; x_wconf 89' lang='lat' dir='ltr'>est</span> <span class='ocrx_word' id='word_1_718' title='bbox 1224 5120 1294 5194; x_wconf 87' lang='lat' dir='ltr'>ad</span> <span class='ocrx_word' id='word_1_719' title='bbox 1322 5139 1442 5194; x_wconf 88' lang='lat' dir='ltr'>cap.</span> <span class='ocrx_word' id='word_1_720' title='bbox 1480 5121 1532 5179; x_wconf 89' lang='lat'>3.</span> 
     </span>
    </p>
   </div>
   <div class='ocr_carea' id='block_1_88' title="bbox 506 5193 1553 5266">
    <p class='ocr_par' dir='ltr' id='par_1_88' title="bbox 506 5193 1553 5266">
     <span class='ocr_line' id='line_1_88' title="bbox 506 5193 1553 5266; baseline -0.002 -14"><span class='ocrx_word' id='word_1_721' title='bbox 506 5194 599 5266; x_wconf 88' lang='lat'><strong>90)</strong></span> <span class='ocrx_word' id='word_1_722' title='bbox 629 5193 1089 5266; x_wconf 24' lang='lat' dir='ltr'>41.,iincantare;</span> <span class='ocrx_word' id='word_1_723' title='bbox 1122 5194 1222 5263; x_wconf 82' lang='lat' dir='ltr'>aL,</span> <span class='ocrx_word' id='word_1_724' title='bbox 1253 5193 1553 5253; x_wconf 71' lang='lat' dir='ltr'>decantare.</span> 
     </span>
    </p>
   </div>
   <div class='ocr_carea' id='block_1_89' title="bbox 506 5263 1997 5337">
    <p class='ocr_par' dir='ltr' id='par_1_89' title="bbox 506 5263 1997 5337">
     <span class='ocr_line' id='line_1_89' title="bbox 506 5263 1997 5337; baseline 0.001 -16"><span class='ocrx_word' id='word_1_725' title='bbox 506 5263 601 5337; x_wconf 83' lang='grc'>91)</span> <span class='ocrx_word' id='word_1_726' title='bbox 634 5263 917 5337; x_wconf 84' lang='lat' dir='ltr'>Confessio</span> <span class='ocrx_word' id='word_1_727' title='bbox 945 5272 1028 5320; x_wconf 89' lang='lat' dir='ltr'>est</span> <span class='ocrx_word' id='word_1_728' title='bbox 1077 5281 1203 5337; x_wconf 87' lang='lat' dir='ltr'>pars</span> <span class='ocrx_word' id='word_1_729' title='bbox 1232 5266 1475 5337; x_wconf 74' lang='lat' dir='ltr'>ecclesiae</span> <span class='ocrx_word' id='word_1_730' title='bbox 1529 5265 1623 5322; x_wconf 89' lang='lat' dir='ltr'>ubi</span> <span class='ocrx_word' id='word_1_731' title='bbox 1681 5273 1997 5324; x_wconf 89' lang='lat' dir='ltr'>sanctorum</span> 
     </span>
    </p>
   </div>
   <div class='ocr_carea' id='block_1_90' title="bbox 411 5335 1765 5462">
    <p class='ocr_par' dir='ltr' id='par_1_90' title="bbox 411 5335 1765 5462">
     <span class='ocr_line' id='line_1_90' title="bbox 411 5335 1765 5409; baseline 0.003 -19"><span class='ocrx_word' id='word_1_732' title='bbox 411 5335 506 5391; x_wconf 86' lang='lat' dir='ltr'>cor</span> <span class='ocrx_word' id='word_1_733' title='bbox 545 5335 642 5391; x_wconf 87' lang='lat' dir='ltr'>ora</span> <span class='ocrx_word' id='word_1_734' title='bbox 708 5335 980 5405; x_wconf 91' lang='lat' dir='ltr'>uiescnnt,</span> <span class='ocrx_word' id='word_1_735' title='bbox 1004 5335 1204 5393; x_wconf 45' lang='lat' dir='ltr'>ac&#39;fere</span> <span class='ocrx_word' id='word_1_736' title='bbox 1230 5335 1332 5392; x_wconf 90' lang='lat' dir='ltr'>sub</span> <span class='ocrx_word' id='word_1_737' title='bbox 1364 5337 1559 5409; x_wconf 89' lang='lat' dir='ltr'>majori</span> <span class='ocrx_word' id='word_1_738' title='bbox 1586 5338 1765 5394; x_wconf 88' lang='lat' dir='ltr'>altari.</span> 
     </span>
     <span class='ocr_line' id='line_1_91' title="bbox 483 5351 1731 5462; baseline 0 0"><span class='ocrx_word' id='word_1_739' title='bbox 483 5352 601 5462; x_wconf 67' lang='lat'>(82)</span> <span class='ocrx_word' id='word_1_740' title='bbox 631 5351 824 5462; x_wconf 50' lang='lat' dir='ltr'>Pilures</span> <span class='ocrx_word' id='word_1_741' title='bbox 856 5407 1080 5462; x_wconf 88' lang='lat' dir='ltr'>fuerunt</span> <span class='ocrx_word' id='word_1_742' title='bbox 1102 5407 1160 5462; x_wconf 91' lang='lat' dir='ltr'>in</span> <span class='ocrx_word' id='word_1_743' title='bbox 1183 5407 1327 5462; x_wconf 89' lang='lat' dir='ltr'>Urbe</span> <span class='ocrx_word' id='word_1_744' title='bbox 1372 5409 1731 5462; x_wconf 72' lang='lat' dir='ltr'>Naumachia.</span> 
     </span>
    </p>
   </div>
   <div class='ocr_carea' id='block_1_91' title="bbox 442 5406 1998 5486">
    <p class='ocr_par' dir='ltr' id='par_1_91' title="bbox 442 5406 1998 5486">
     <span class='ocr_line' id='line_1_92' title="bbox 442 5406 1998 5486; baseline 0.003 -24"><span class='ocrx_word' id='word_1_745' title='bbox 442 5474 453 5485; x_wconf 40' lang='lat'><em>.</em></span> <span class='ocrx_word' id='word_1_746' title='bbox 483 5406 601 5486; x_wconf 77' lang='lat'>(92)</span> <span class='ocrx_word' id='word_1_747' title='bbox 631 5406 824 5486; x_wconf 73' lang='lat' dir='ltr'>Plures</span> <span class='ocrx_word' id='word_1_748' title='bbox 856 5407 1084 5486; x_wconf 76' lang='lat' dir='ltr'>fuerunt</span> <span class='ocrx_word' id='word_1_749' title='bbox 1097 5407 1160 5486; x_wconf 79' lang='lat' dir='ltr'>in</span> <span class='ocrx_word' id='word_1_750' title='bbox 1183 5407 1327 5486; x_wconf 78' lang='lat' dir='ltr'>Urbe</span> <span class='ocrx_word' id='word_1_751' title='bbox 1372 5406 1731 5486; x_wconf 63' lang='lat' dir='ltr'>Ndumachia,</span> <span class='ocrx_word' id='word_1_752' title='bbox 1788 5409 1998 5486; x_wconf 79' lang='lat' dir='ltr'>Diocle-</span> 
     </span>
    </p>
   </div>
   <div class='ocr_carea' id='block_1_92' title="bbox 413 5476 2002 5548">
    <p class='ocr_par' dir='ltr' id='par_1_92' title="bbox 413 5476 2002 5548">
     <span class='ocr_line' id='line_1_93' title="bbox 413 5476 2002 5548; baseline 0.004 -18"><span class='ocrx_word' id='word_1_753' title='bbox 413 5476 554 5530; x_wconf 88' lang='lat' dir='ltr'>tiani</span> <span class='ocrx_word' id='word_1_754' title='bbox 578 5476 800 5548; x_wconf 84' lang='lat' dir='ltr'>regione</span> <span class='ocrx_word' id='word_1_755' title='bbox 828 5493 975 5548; x_wconf 85' lang='lat' dir='ltr'>nona</span> <span class='ocrx_word' id='word_1_756' title='bbox 998 5496 1011 5544; x_wconf 89' lang='lat'><strong>;</strong></span> <span class='ocrx_word' id='word_1_757' title='bbox 1036 5478 1158 5534; x_wconf 72' lang='lat' dir='ltr'>aliae</span> <span class='ocrx_word' id='word_1_758' title='bbox 1178 5477 1343 5534; x_wconf 88' lang='lat' dir='ltr'>tertia</span> <span class='ocrx_word' id='word_1_759' title='bbox 1362 5478 1611 5546; x_wconf 86' lang='lat' dir='ltr'>decima;</span> <span class='ocrx_word' id='word_1_760' title='bbox 1636 5480 1757 5537; x_wconf 64' lang='lat' dir='ltr'>dum</span> <span class='ocrx_word' id='word_1_761' title='bbox 1787 5480 2002 5538; x_wconf 87' lang='lat' dir='ltr'>decima</span> 
     </span>
    </p>
   </div>
   <div class='ocr_carea' id='block_1_93' title="bbox 413 5547 1998 5621">
    <p class='ocr_par' dir='ltr' id='par_1_93' title="bbox 413 5547 1998 5621">
     <span class='ocr_line' id='line_1_94' title="bbox 413 5547 1998 5621; baseline 0.006 -22"><span class='ocrx_word' id='word_1_762' title='bbox 413 5552 606 5619; x_wconf 85' lang='lat' dir='ltr'>quarta</span> <span class='ocrx_word' id='word_1_763' title='bbox 634 5547 785 5603; x_wconf 84' lang='lat' dir='ltr'>trans</span> <span class='ocrx_word' id='word_1_764' title='bbox 815 5547 1077 5605; x_wconf 89' lang='lat' dir='ltr'>Tiberim.</span> <span class='ocrx_word' id='word_1_765' title='bbox 1110 5549 1182 5607; x_wconf 89' lang='lat' dir='ltr'>Et</span> <span class='ocrx_word' id='word_1_766' title='bbox 1200 5549 1475 5608; x_wconf 86' lang='lat' dir='ltr'>Baronius</span> <span class='ocrx_word' id='word_1_767' title='bbox 1501 5566 1595 5609; x_wconf 85' lang='lat' dir='ltr'>an.</span> <span class='ocrx_word' id='word_1_768' title='bbox 1645 5550 1771 5621; x_wconf 81' lang='lat'>286,</span> <span class='ocrx_word' id='word_1_769' title='bbox 1801 5567 1857 5607; x_wconf 92' lang='lat' dir='ltr'>n.</span> <span class='ocrx_word' id='word_1_770' title='bbox 1911 5553 1998 5621; x_wconf 80' lang='lat' dir='ltr'>I3,</span> 
     </span>
    </p>
   </div>
   <div class='ocr_carea' id='block_1_94' title="bbox 2110 4452 3698 4534">
    <p class='ocr_par' dir='ltr' id='par_1_94' title="bbox 2110 4452 3698 4534">
     <span class='ocr_line' id='line_1_95' title="bbox 2110 4452 3698 4534; baseline -0.004 -17"><span class='ocrx_word' id='word_1_771' title='bbox 2110 4463 2229 4533; x_wconf 87' lang='lat' dir='ltr'>Ipse</span> <span class='ocrx_word' id='word_1_772' title='bbox 2293 4475 2510 4534; x_wconf 88' lang='lat' dir='ltr'>quoque</span> <span class='ocrx_word' id='word_1_773' title='bbox 2592 4459 2926 4516; x_wconf 88' lang='lat' dir='ltr'>descendens</span> <span class='ocrx_word' id='word_1_774' title='bbox 3008 4457 3406 4530; x_wconf 88' lang='lat' dir='ltr'>Apostolorum</span> <span class='ocrx_word' id='word_1_775' title='bbox 3477 4452 3698 4512; x_wconf 82' lang='lat' dir='ltr'>natalitii</span> 
     </span>
    </p>
   </div>
   <div class='ocr_carea' id='block_1_95' title="bbox 2110 4544 3695 4619">
    <p class='ocr_par' dir='ltr' id='par_1_95' title="bbox 2110 4544 3695 4619">
     <span class='ocr_line' id='line_1_96' title="bbox 2110 4544 3695 4619; baseline -0.003 -12"><span class='ocrx_word' id='word_1_776' title='bbox 2110 4559 2305 4607; x_wconf 90' lang='lat' dir='ltr'>octavo</span> <span class='ocrx_word' id='word_1_777' title='bbox 2364 4549 2476 4619; x_wconf 91' lang='lat' dir='ltr'>die,</span> <span class='ocrx_word' id='word_1_778' title='bbox 2537 4548 2607 4605; x_wconf 85' lang='lat' dir='ltr'>ad</span> <span class='ocrx_word' id='word_1_779' title='bbox 2661 4549 2725 4605; x_wconf 88' lang='grc' dir='ltr'>Β.</span> <span class='ocrx_word' id='word_1_780' title='bbox 2782 4548 2939 4604; x_wconf 90' lang='lat' dir='ltr'>Pauli</span> <span class='ocrx_word' id='word_1_781' title='bbox 2976 4546 3397 4605; x_wconf 89' lang='lat' dir='ltr'>Confessionem</span> <span class='ocrx_word' id='word_1_782' title='bbox 3426 4544 3695 4602; x_wconf 88' lang='lat' dir='ltr'>accessit:</span> 
     </span>
    </p>
   </div>
   <div class='ocr_carea' id='block_1_96' title="bbox 2110 4635 3702 4712">
    <p class='ocr_par' dir='ltr' id='par_1_96' title="bbox 2110 4635 3702 4712">
     <span class='ocr_line' id='line_1_97' title="bbox 2110 4635 3702 4712; baseline -0.004 -15"><span class='ocrx_word' id='word_1_783' title='bbox 2110 4640 2475 4697; x_wconf 90' lang='lat' dir='ltr'>nihilominus</span> <span class='ocrx_word' id='word_1_784' title='bbox 2502 4647 2556 4696; x_wconf 92' lang='lat' dir='ltr'>et</span> <span class='ocrx_word' id='word_1_785' title='bbox 2584 4640 2699 4711; x_wconf 88' lang='lat' dir='ltr'>ipse</span> <span class='ocrx_word' id='word_1_786' title='bbox 2724 4654 3008 4712; x_wconf 88' lang='lat' dir='ltr'>perpessus</span> <span class='ocrx_word' id='word_1_787' title='bbox 3037 4635 3272 4693; x_wconf 86' lang='lat' dir='ltr'>insidias</span> <span class='ocrx_word' id='word_1_788' title='bbox 3303 4642 3499 4693; x_wconf 89' lang='lat' dir='ltr'>tentus</span> <span class='ocrx_word' id='word_1_789' title='bbox 3528 4642 3628 4702; x_wconf 89' lang='lat' dir='ltr'>est,</span> <span class='ocrx_word' id='word_1_790' title='bbox 3652 4641 3702 4691; x_wconf 85' lang='lat' dir='ltr'>et</span> 
     </span>
    </p>
   </div>
   <div class='ocr_carea' id='block_1_97' title="bbox 2108 4722 3699 4803">
    <p class='ocr_par' dir='ltr' id='par_1_97' title="bbox 2108 4722 3699 4803">
     <span class='ocr_line' id='line_1_98' title="bbox 2108 4722 3699 4803; baseline -0.003 -17"><span class='ocrx_word' id='word_1_791' title='bbox 2108 4746 2139 4786; x_wconf 89' lang='lat' dir='ltr'>a</span> <span class='ocrx_word' id='word_1_792' title='bbox 2167 4732 2371 4802; x_wconf 88' lang='lat' dir='ltr'>populo</span> <span class='ocrx_word' id='word_1_793' title='bbox 2398 4729 2670 4803; x_wconf 89' lang='lat' dir='ltr'>lapidatus</span> <span class='ocrx_word' id='word_1_794' title='bbox 2698 4735 2949 4785; x_wconf 89' lang='lat' dir='ltr'>mortuus</span> <span class='ocrx_word' id='word_1_795' title='bbox 2989 4734 3070 4784; x_wconf 88' lang='lat' dir='ltr'>est</span> <span class='ocrx_word' id='word_1_796' title='bbox 3097 4726 3242 4798; x_wconf 79' lang='lat'><strong>(95),</strong></span> <span class='ocrx_word' id='word_1_797' title='bbox 3270 4733 3327 4782; x_wconf 92' lang='lat' dir='ltr'>et</span> <span class='ocrx_word' id='word_1_798' title='bbox 3363 4742 3570 4799; x_wconf 87' lang='lat' dir='ltr'>corpus</span> <span class='ocrx_word' id='word_1_799' title='bbox 3594 4722 3699 4797; x_wconf 86' lang='lat' dir='ltr'>ejus</span> 
     </span>
    </p>
   </div>
   <div class='ocr_carea' id='block_1_98' title="bbox 2109 4819 3143 4894">
    <p class='ocr_par' dir='ltr' id='par_1_98' title="bbox 2109 4819 3143 4894">
     <span class='ocr_line' id='line_1_99' title="bbox 2109 4819 3143 4894; baseline -0.003 -17"><span class='ocrx_word' id='word_1_800' title='bbox 2109 4820 2371 4878; x_wconf 91' lang='lat' dir='ltr'>Tiberino</span> <span class='ocrx_word' id='word_1_801' title='bbox 2400 4819 2601 4894; x_wconf 88' lang='lat' dir='ltr'>gurgiti</span> <span class='ocrx_word' id='word_1_802' title='bbox 2632 4819 3004 4892; x_wconf 89' lang='lat' dir='ltr'>mancipatum</span> <span class='ocrx_word' id='word_1_803' title='bbox 3038 4823 3143 4874; x_wconf 90' lang='lat' dir='ltr'>est-</span> 
     </span>
    </p>
   </div>
   <div class='ocr_carea' id='block_1_99' title="bbox 2108 4982 3695 5055">
    <p class='ocr_par' dir='ltr' id='par_1_99' title="bbox 2108 4982 3695 5055">
     <span class='ocr_line' id='line_1_100' title="bbox 2108 4982 3695 5055; baseline -0.006 -15"><span class='ocrx_word' id='word_1_804' title='bbox 2108 4984 2214 5041; x_wconf 92' lang='lat' dir='ltr'>hoc</span> <span class='ocrx_word' id='word_1_805' title='bbox 2240 4990 2391 5039; x_wconf 87' lang='lat' dir='ltr'>trans</span> <span class='ocrx_word' id='word_1_806' title='bbox 2418 4982 2659 5039; x_wconf 89' lang='lat' dir='ltr'>Tiberim</span> <span class='ocrx_word' id='word_1_807' title='bbox 2687 4988 3128 5055; x_wconf 10' lang='lat' dir='ltr'>gestnmjcenset,</span> <span class='ocrx_word' id='word_1_808' title='bbox 3191 4987 3245 5035; x_wconf 91' lang='lat' dir='ltr'>et</span> <span class='ocrx_word' id='word_1_809' title='bbox 3291 4995 3437 5055; x_wconf 68' lang='lat' dir='ltr'>nouo</span> <span class='ocrx_word' id='word_1_810' title='bbox 3491 4994 3695 5055; x_wconf 67' lang='lat' dir='ltr'>innuero</span> 
     </span>
    </p>
   </div>
   <div class='ocr_carea' id='block_1_100' title="bbox 2109 5049 3697 5121">
    <p class='ocr_par' dir='ltr' id='par_1_100' title="bbox 2109 5049 3697 5121">
     <span class='ocr_line' id='line_1_101' title="bbox 2109 5049 3697 5121; baseline -0.004 -10"><span class='ocrx_word' id='word_1_811' title='bbox 2109 5062 2231 5111; x_wconf 85' lang='lat' dir='ltr'>tunc</span> <span class='ocrx_word' id='word_1_812' title='bbox 2285 5055 2437 5110; x_wconf 81' lang='lat' dir='ltr'>certis</span> <span class='ocrx_word' id='word_1_813' title='bbox 2496 5055 2640 5121; x_wconf 76' lang='lat' dir='ltr'>locis,</span> <span class='ocrx_word' id='word_1_814' title='bbox 2689 5049 2841 5109; x_wconf 69' lang='lat' dir='ltr'>certis</span> <span class='ocrx_word' id='word_1_815' title='bbox 2893 5052 3188 5108; x_wconf 81' lang='lat' dir='ltr'>hominibus</span> <span class='ocrx_word' id='word_1_816' title='bbox 3239 5050 3314 5106; x_wconf 84' lang='lat' dir='ltr'>ad</span> <span class='ocrx_word' id='word_1_817' title='bbox 3368 5049 3697 5121; x_wconf 61' lang='lat' dir='ltr'>inquirendos</span> 
     </span>
    </p>
   </div>
   <div class='ocr_carea' id='block_1_101' title="bbox 2112 5120 3697 5195">
    <p class='ocr_par' dir='ltr' id='par_1_101' title="bbox 2112 5120 3697 5195">
     <span class='ocr_line' id='line_1_102' title="bbox 2112 5120 3697 5195; baseline -0.006 -12"><span class='ocrx_word' id='word_1_818' title='bbox 2112 5126 2442 5183; x_wconf 81' lang='lat' dir='ltr'>Christianos</span> <span class='ocrx_word' id='word_1_819' title='bbox 2474 5120 2760 5189; x_wconf 82' lang='lat' dir='ltr'>distincta;</span> <span class='ocrx_word' id='word_1_820' title='bbox 2814 5126 2990 5195; x_wconf 84' lang='lat' dir='ltr'>sicque</span> <span class='ocrx_word' id='word_1_821' title='bbox 3042 5130 3101 5178; x_wconf 80' lang='lat' dir='ltr'>ut</span> <span class='ocrx_word' id='word_1_822' title='bbox 3149 5122 3248 5195; x_wconf 75' lang='lat' dir='ltr'>uni</span> <span class='ocrx_word' id='word_1_823' title='bbox 3286 5120 3465 5195; x_wconf 73' lang='lat' dir='ltr'>Urbis</span> <span class='ocrx_word' id='word_1_824' title='bbox 3496 5120 3697 5195; x_wconf 69' lang='lat' dir='ltr'>regioni</span> 
     </span>
    </p>
   </div>
   <div class='ocr_carea' id='block_1_102' title="bbox 2102 5193 3698 5269">
    <p class='ocr_par' dir='ltr' id='par_1_102' title="bbox 2102 5193 3698 5269">
     <span class='ocr_line' id='line_1_103' title="bbox 2102 5193 3698 5269; baseline -0.005 -16"><span class='ocrx_word' id='word_1_825' title='bbox 2102 5200 2285 5269; x_wconf 83' lang='lat' dir='ltr'>plures</span> <span class='ocrx_word' id='word_1_826' title='bbox 2334 5204 2498 5253; x_wconf 83' lang='lat' dir='ltr'>essent</span> <span class='ocrx_word' id='word_1_827' title='bbox 2532 5195 2768 5269; x_wconf 66' lang='lat' dir='ltr'>praefecti</span> <span class='ocrx_word' id='word_1_828' title='bbox 2817 5193 3056 5269; x_wconf 76' lang='lat' dir='ltr'>patroni,</span> <span class='ocrx_word' id='word_1_829' title='bbox 3081 5194 3191 5269; x_wconf 14' lang='lat' dir='ltr'>‘qui</span> <span class='ocrx_word' id='word_1_830' title='bbox 3245 5193 3455 5266; x_wconf 75' lang='lat' dir='ltr'>singuli</span> <span class='ocrx_word' id='word_1_831' title='bbox 3483 5193 3543 5248; x_wconf 82' lang='lat' dir='ltr'>in</span> <span class='ocrx_word' id='word_1_832' title='bbox 3565 5197 3698 5265; x_wconf 77' lang='lat' dir='ltr'>parte</span> 
     </span>
    </p>
   </div>
   <div class='ocr_carea' id='block_1_103' title="bbox 2108 5266 3289 5337">
    <p class='ocr_par' dir='ltr' id='par_1_103' title="bbox 2108 5266 3289 5337">
     <span class='ocr_line' id='line_1_104' title="bbox 2108 5266 3289 5337; baseline -0.002 -13"><span class='ocrx_word' id='word_1_833' title='bbox 2108 5266 2208 5325; x_wconf 73' lang='lat' dir='ltr'>sibi</span> <span class='ocrx_word' id='word_1_834' title='bbox 2239 5266 2546 5325; x_wconf 74' lang='lat' dir='ltr'>concredita</span> <span class='ocrx_word' id='word_1_835' title='bbox 2569 5266 2901 5326; x_wconf 74' lang='lat' dir='ltr'>Christianos</span> <span class='ocrx_word' id='word_1_836' title='bbox 2937 5266 3289 5337; x_wconf 78' lang='lat' dir='ltr'>inquirerent.</span> 
     </span>
    </p>
   </div>
   <div class='ocr_carea' id='block_1_104' title="bbox 2177 5340 3051 5411">
    <p class='ocr_par' dir='ltr' id='par_1_104' title="bbox 2177 5340 3051 5411">
     <span class='ocr_line' id='line_1_105' title="bbox 2177 5340 3051 5411; baseline -0.005 -14"><span class='ocrx_word' id='word_1_837' title='bbox 2177 5340 2300 5411; x_wconf 87' lang='lat'>(93)</span> <span class='ocrx_word' id='word_1_838' title='bbox 2334 5341 2450 5408; x_wconf 82' lang='lat' dir='ltr'>AL,</span> <span class='ocrx_word' id='word_1_839' title='bbox 2488 5340 2750 5411; x_wconf 75' lang='lat' dir='ltr'>staticulo,</span> <span class='ocrx_word' id='word_1_840' title='bbox 2780 5348 2843 5397; x_wconf 90' lang='lat' dir='ltr'>ut</span> <span class='ocrx_word' id='word_1_841' title='bbox 2870 5353 3051 5411; x_wconf 88' lang='lat' dir='ltr'>supra.</span> 
     </span>
    </p>
   </div>
   <div class='ocr_carea' id='block_1_105' title="bbox 2206 5410 2752 5470">
    <p class='ocr_par' dir='ltr' id='par_1_105' title="bbox 2206 5410 2752 5470">
     <span class='ocr_line' id='line_1_106' title="bbox 2206 5410 2752 5470; baseline -0.004 -2"><span class='ocrx_word' id='word_1_842' title='bbox 2206 5410 2300 5470; x_wconf 77' lang='grc'>94)</span> <span class='ocrx_word' id='word_1_843' title='bbox 2342 5410 2555 5469; x_wconf 90' lang='lat' dir='ltr'>Colitur</span> <span class='ocrx_word' id='word_1_844' title='bbox 2582 5411 2616 5470; x_wconf 78' lang='grc'><strong>5</strong></span> <span class='ocrx_word' id='word_1_845' title='bbox 2644 5410 2752 5468; x_wconf 82' lang='lat' dir='ltr'>Jul.</span> 
     </span>
    </p>
   </div>
   <div class='ocr_carea' id='block_1_106' title="bbox 2207 5482 2500 5541">
    <p class='ocr_par' dir='ltr' id='par_1_106' title="bbox 2207 5482 2500 5541">
     <span class='ocr_line' id='line_1_107' title="bbox 2207 5482 2500 5541; baseline 0.003 -2"><span class='ocrx_word' id='word_1_846' title='bbox 2207 5482 2298 5541; x_wconf 80' lang='lat'>95)</span> <span class='ocrx_word' id='word_1_847' title='bbox 2331 5483 2364 5538; x_wconf 86' lang='lat'><strong><em>6</em></strong></span> <span class='ocrx_word' id='word_1_848' title='bbox 2390 5483 2500 5541; x_wconf 82' lang='lat' dir='ltr'>Jul.</span> 
     </span>
    </p>
   </div>
  </div>
