3880 6204
72 310 227 372 1145

1368 308 1555 367 ACTA
1592 307 1646 364 S.
1691 306 2121 366 SEBASTIANI.

3252 310 3391 369 1146

151 436 249 493 76.
287 436 428 492 Item
476 435 814 491 Nicostratus
860 440 913 490 et
963 433 1225 491 Claudius
1267 448 1377 490 una
1419 450 1544 490 cum
1597 432 1695 490 Ca-
1721 441 1773 501 Α
1804 432 1918 489 lum
1944 432 2149 489 divinas
2178 431 2402 489 virtutis
2434 440 2535 500 est,
2564 439 2898 489 sectatorum
2938 434 3197 492 videlicet
3226 434 3400 492 Chri-

68 525 261 584 storio
294 531 353 581 et
378 523 669 581 Victorino
713 532 767 582 et
805 522 1231 596 Symphoriano,
1281 523 1412 580 dum
1465 540 1697 596 corpora

70 617 427 674 Sanctorum
472 630 569 686 per
605 629 700 668 ora
732 612 991 668 Tiberina
1035 613 1396 685 requirerent,
1442 629 1473 668 a
1518 628 1694 685 perse-

67 706 380 765 cutoribus
412 705 551 761 tenti
596 714 744 772 sunt,
794 713 848 761 et
895 704 962 759 ad
1002 703 1162 760 Urbis
1208 704 1525 777 praefectum
1576 721 1694 778 per-

69 796 259 854 ducti.
310 796 445 851 Erat
480 794 654 867 judex
695 794 990 862 Fabianus,
1026 794 1120 871 qui
1149 811 1242 850 eos
1270 794 1595 851 hortabatur
1624 796 1693 853 ad

68 885 540 950 sacriﬁcandum,
570 892 627 940 et
653 900 752 956 per
779 883 965 941 decem
994 884 1112 941 dies
1141 883 1311 939 minis
1337 899 1429 939 eos
1457 892 1511 939 et
1541 884 1693 941 blan-

70 976 239 1033 ditiis
295 991 465 1046 agens
512 974 571 1030 in
619 974 777 1030 nullo
821 974 1040 1046 penitus
1087 973 1268 1046 potuit
1322 989 1688 1033 commovere.

69 1067 238 1123 Tunc
289 1066 429 1123 fecit
464 1065 534 1123 de
578 1065 646 1122 iis
685 1066 1086 1137 suggestionem
1123 1065 1564 1137 imperatoribus,
1595 1066 1692 1138 qui

62 1156 372 1231 jusserunt
401 1172 493 1212 eos
519 1172 691 1230 usque
729 1156 894 1213 tertio
926 1154 1192 1228 torqueri.
1243 1154 1490 1228 Cumque
1538 1157 1693 1213 nulla

68 1249 297 1306 ratione
327 1249 622 1304 tormentis
663 1247 932 1321 compulsi
968 1246 1242 1314 cederent,
1286 1246 1453 1318 jussit
1495 1263 1588 1304 eos
1632 1248 1691 1304 in

68 1337 262 1395 medio
290 1336 439 1393 mari
464 1337 775 1410 praecipites
802 1335 941 1392 dari.
975 1335 1269 1395 Immensis
1297 1336 1467 1410 igitur
1495 1336 1691 1393 arctati

67 1426 447 1502 ponderibus,
479 1426 656 1499 pelagi
694 1425 958 1482 ﬂuctibus
1004 1425 1119 1482 dati
1165 1434 1314 1495 sunt,
1365 1434 1419 1482 et
1467 1426 1527 1481 in
1570 1426 1691 1484 loco

68 1517 290 1574 mundo
323 1515 477 1572 inter
523 1532 692 1589 aquas
738 1532 997 1573 coronam
1043 1515 1297 1588 martyrii
1342 1516 1691 1573 celebrarunt

72 1610 214 1683 (96).
251 1609 677 1667 Insidiabantur
699 1610 884 1683 itaque
916 1609 1165 1666 inﬁdeles
1192 1608 1470 1679 ﬁdelibus,
1502 1617 1557 1666 et
1587 1608 1689 1665 ini-

66 1716 178 1774 quo
234 1699 435 1756 furore
478 1699 667 1755 vexati
714 1699 1082 1756 christianum
1133 1716 1244 1756 non
1290 1706 1543 1773 poterant
1589 1713 1691 1755 nec

68 1808 279 1848 nomen
309 1790 532 1852 audire.

685 1926 913 1985 CAPUT
942 1926 1094 1983 XXI.

536 2036 593 2093 S.
635 2035 866 2093 Tiburtii
892 2035 1234 2108 martyrium.

141 2152 232 2209 77.
271 2152 499 2209 Interea
529 2150 663 2207 dum
694 2153 749 2208 8.
783 2151 917 2209 Caio
945 2150 1201 2222 episcopo
1243 2151 1466 2224 quidam
1512 2168 1569 2208 se
1615 2153 1686 2209 si~

72 2244 284 2301 mulata
312 2242 430 2298 ﬁde
460 2241 743 2306 sociasset,
783 2240 971 2296 dicens
1012 2256 1070 2296 se
1106 2256 1222 2297 esse
1265 2240 1680 2310 Christianum;

71 2349 236 2407 porro
267 2332 370 2387 hic
398 2337 643 2403 apostata
686 2328 989 2397 exstiterat,
1040 2336 1095 2384 et
1140 2337 1256 2385 erat
1304 2327 1686 2386 fraudulentus

75 2423 128 2479 in
160 2421 320 2478 omni
376 2436 649 2489 sermone,
694 2426 748 2476 et
793 2419 1029 2476 callidus
1068 2419 1127 2476 in
1172 2419 1324 2475 omni
1367 2421 1681 2479 commisso.

74 2512 218 2580 Quid
238 2512 422 2567 multa
437 2510 466 2567 ?
489 2510 621 2567 dum
651 2527 683 2567 a
711 2509 1035 2566 B.Tiburtio
1051 2510 1174 2565 viro
1195 2509 1684 2567 scholasticissimo

75 2611 125 2657 et
162 2600 347 2658 nobili
369 2606 425 2656 et
454 2607 641 2656 sancto
687 2599 1003 2672 frequenter
1035 2606 1373 2672 argueretur,
1407 2598 1555 2671 quod
1599 2616 1683 2656 ca-

75 2691 237 2764 pillos
267 2706 441 2762 super
469 2689 679 2761 apicem
699 2689 897 2745 frontis
917 2689 1154 2744 tonsoris
1173 2694 1293 2747 arte
1307 2696 1681 2762 componeret,

77 2788 128 2836 et
153 2780 303 2853 quod
334 2779 559 2835 assidue
588 2786 900 2851 pasceretur
937 2778 1052 2849 (97)
1089 2785 1143 2833 et
1172 2776 1412 2833 ludendo
1450 2777 1682 2849 prande-

76 2878 155 2927 ret
178 2889 192 2938 ;
225 2879 289 2945 et_
301 2867 457 2943 quod
474 2867 731 2925 licentius
752 2868 1082 2923 feminarum
1106 2883 1161 2923 se
1180 2867 1492 2940 aspectibus
1508 2866 1680 2937 daret,

77 2968 127 3014 et
171 2958 321 3033 quod
355 2975 389 3013 a
412 2955 643 3029 jejuniis
688 2974 744 3012 se
774 2966 828 3012 et
855 2956 1200 3013 orationibus
1242 2958 1480 3024 tolleret,
1537 2957 1683 3029 quod

76 3064 269 3104 somno
299 3046 530 3103 deditus
562 3062 675 3102 non
704 3045 990 3101 interesset
1021 3047 1253 3118 pervigil
1287 3047 1404 3119 (98)
1439 3047 1495 3102 in
1526 3046 1683 3119 hym-

85 3137 168 3194 nis
185 3137 281 3194 Dei
303 3135 640 3194 ducentibus
661 3144 876 3204 noctes;
909 3135 1040 3192 dum
1070 3154 1167 3209 pro
1199 3137 1306 3206 his,
1333 3146 1394 3193 ut
1414 3138 1681 3205 diximus,
1721 3163 1764 3224 α

84 3243 114 3282 a
137 3227 199 3285 Β.
233 3226 495 3284 Tiburtio
524 3224 705 3282 acrius
733 3234 1068 3299 argueretur,
1097 3226 1323 3283 simulat
1351 3243 1408 3283 se
1445 3225 1684 3300 aequani-

84 3315 244 3372 miter
290 3323 612 3372 monentem
658 3315 946 3388 accipere:
1002 3322 1056 3370 et
1100 3316 1210 3388 egit
1256 3322 1371 3372 arte
1414 3326 1686 3390 quatenus

83 3413 326 3462 orantem
374 3404 432 3462 S.
468 3404 780 3461 Tiburtium
836 3404 1363 3477 comprehenderent
1411 3406 1683 3463 inﬁdeles.

83 3494 142 3550 In
170 3511 277 3568 qua
304 3493 800 3566 comprehensione
845 3495 1085 3568 seipsum
1135 3495 1310 3551 teneri
1349 3495 1501 3563 fecit,
1533 3502 1585 3552 et
1615 3494 1685 3551 si-

83 3584 193 3639 mul
223 3583 292 3641 ad
322 3583 681 3641 secretarium
700 3583 925 3655 perduci
944 3584 1152 3656 judicis
1178 3584 1473 3641 szevientis.
1493 3586 1566 3641 At
1588 3584 1684 3641 ubi

83 3671 383 3732 introducti
412 3679 564 3741 sunt,
604 3673 879 3729 Fabianus
917 3674 1206 3747 praefectus
1243 3675 1389 3731 dixit
1435 3675 1502 3731 ad
1555 3690 1683 3730 eum

85 3762 173 3834 qui
202 3779 258 3819 se
288 3773 406 3820 arte
429 3760 732 3819 tradiderat
760 3780 771 3818 :
806 3762 940 3830 Quis
968 3763 1211 3821 diceris?
1234 3765 1307 3820 At
1336 3765 1431 3821 ille
1462 3782 1682 3837 respon-

86 3848 163 3907 dit
194 3871 207 3908 :
240 3852 553 3926 Torquatus
581 3852 721 3925 (99).
753 3852 1026 3910 Fabianus
1059 3852 1207 3909 dixit
1237 3872 1249 3910 :
1280 3853 1425 3921 Quid
1463 3855 1680 3929 proﬁte-

86 3940 201 3997 ris?
230 3942 543 4017 Torquatus
581 3942 728 3999 dixit
762 3962 773 3999 :
820 3942 1167 4002 Christianus
1214 3962 1356 4001 sum.
1405 3946 1680 4002 Fabianus

86 4027 221 4085 dixit
239 4049 251 4087 :
286 4032 515 4104 Ignoras
534 4032 679 4106 quod
697 4031 981 4104 jusserunt
1002 4034 1358 4091 invictissimi
1379 4034 1675 4108 principes,

86 4125 139 4173 ut
175 4119 268 4192 qui
318 4119 629 4176 sacriﬁcare
662 4121 770 4176 diis
799 4123 1083 4179 noluerint
1113 4124 1347 4179 diversis
1393 4124 1678 4196 suppliciis

85 4208 473 4265 macerentur?
502 4206 809 4278 Torquatus
838 4208 1019 4265 dixit:
1077 4211 1180 4267 Hic
1225 4210 1483 4282 magister
1524 4228 1679 4268 meus

87 4301 175 4363 est,
204 4305 258 4353 et
287 4296 409 4369 ipse
441 4310 528 4351 me
559 4310 773 4367 semper
811 4295 1036 4354 docuit:
1094 4299 1242 4372 quod
1291 4300 1441 4357 hunc
1486 4299 1677 4356 videro

86 4379 273 4452 facere,
305 4399 529 4441 necesse
557 4391 640 4440 est
667 4391 728 4439 ut
753 4383 971 4441 faciam.

151 4474 234 4532 78.
267 4476 546 4532 Fabianus
590 4490 887 4531 conversus
924 4475 995 4531 ad
1032 4474 1088 4531 8.
1130 4475 1443 4531 Tiburtium
1478 4475 1623 4533 dixit
1656 4495 1669 4534 :

84 4560 297 4621 Audisti
329 4564 468 4638 quid
496 4564 805 4637 Torquatus
842 4565 1095 4620 asserat?
1142 4564 1276 4639 quid
1327 4564 1395 4622 ad
1440 4566 1545 4622 ista
1594 4583 1674 4624 re-

1703 4525 1754 4585 D

1803 527 1894 593 sti,
1928 525 2023 599 qui
2053 542 2182 581 vere
2205 524 2578 598 philosophati
2618 533 2766 593 sunt,
2805 525 2903 597 qui
2932 540 3060 581 vere
3093 524 3399 583 Christiani

1801 615 1936 672 dicti
1967 623 2115 683 sunt,
2146 614 2239 687 qui
2270 614 2338 670 ad
2382 614 2707 670 obterendas
2738 613 2999 670 libidines
3043 614 3264 670 fortiter
3302 614 3401 670 di-

1802 706 2096 763 micarunt.
2155 705 2433 772 Credisne,
2490 705 2579 759 vir
2635 704 3028 771 illustrissime,
3079 705 3229 762 hunc
3283 722 3399 763 esse

1802 794 2199 861 Christianum,
2235 795 2329 867 qui
2361 796 2417 849 in
2449 793 2725 850 lenocinio
2767 793 2851 849 sui
2881 794 3158 850 moliendo
3200 796 3281 867 (2)
3314 811 3398 851 ca-

1800 884 1933 957 pitis
1961 882 2205 940 ﬁmbrias
2237 883 2316 955 (3)
2356 900 2421 939 co
2482 882 2675 952 mittit,
2725 882 2821 955 qui
2868 891 3146 939 tonsorem
3190 881 3393 955 diligit,

1800 974 1896 1047 qui
1925 974 2174 1045 scapulas
2194 974 2435 1029 molliter
2463 973 2642 1044 gestit,
2669 971 2763 1045 qui
2790 972 3002 1029 ﬂuxum
3037 971 3119 1043 (4)
3150 988 3397 1044 gressum

1801 1062 2053 1135 improbo
2083 1062 2208 1119 nisu
2231 1061 2515 1129 distendit,
2562 1062 2659 1134 qui
2703 1061 2853 1117 viros
2881 1061 3221 1133 negligenter
3259 1060 3393 1135 agit,

1801 1152 2033 1208 feminas
2061 1151 2381 1225 diligentius
2410 1152 2656 1208 intuetur
2685 1150 2713 1207 ?
2752 1150 3043 1224 Nunquam
3072 1152 3210 1207 tales
3238 1151 3397 1208 Chri-

1800 1252 1915 1298 stus
1954 1242 2154 1298 habere
2201 1241 2457 1314 dignatus
2494 1251 2575 1299 est
2622 1258 2829 1300 servos.
2876 1244 3082 1301 Verum
3129 1242 3395 1316 quoniam

1801 1347 1886 1387 me
1906 1331 1999 1388 hic
2026 1348 2082 1389 se
2109 1331 2454 1389 imitaturum
2485 1333 2737 1401 asseruit,
2760 1332 2853 1389 hic
2885 1333 2945 1388 in
2973 1340 3071 1389 tuo
3098 1339 3396 1404 conspectu

1800 1422 2056 1495 probabis
2105 1440 2230 1479 eum
2286 1439 2403 1479 esse
2460 1422 2775 1479 mentitum.
2837 1422 2939 1480 Hic
2994 1421 3143 1479 enim
3211 1421 3394 1495 qualis

1799 1529 2013 1586 semper
2040 1514 2227 1581 fuerit,
2260 1530 2409 1571 nunc
2442 1513 2728 1570 evidenter
2754 1514 3023 1571 ostendet.

1873 1604 1958 1661 79.
1998 1604 2273 1660 Fabianus
2311 1603 2457 1660 dixit
2490 1622 2502 1660 :
2536 1602 2854 1662 Consultius
2902 1602 3086 1671 facies,
3135 1601 3182 1658 si
3229 1600 3397 1659 saluti

1798 1701 1908 1749 tua;
1935 1693 2206 1759 consulas,
2235 1701 2291 1748 et
2318 1693 2632 1765 principum
2664 1691 2882 1748 decreta
2909 1707 3022 1747 non
3050 1699 3391 1747 contemnas.

1713 1807 1762 1867 Β
1798 1783 1854 1839 8.
1878 1782 2163 1838 Tiburtius
2181 1782 2328 1839 dixit
2363 1800 2374 1838 ε
2407 1784 2523 1854 Ego
2546 1782 2709 1838 saluti
2733 1797 2865 1837 mea;
2886 1780 3085 1837 melius
3112 1795 3225 1835 non
3251 1795 3396 1835 con-

1798 1872 1942 1940 sulo,
1973 1888 2133 1944 quam
2164 1878 2226 1926 ut
2258 1872 2388 1928 deos
2417 1871 2652 1944 deasque
2680 1879 3050 1938 contemnam,
3084 1883 3259 1924 unum
3291 1868 3398 1923 Do-

1799 1964 2013 2021 minum
2042 1962 2225 2018 Iesum
2250 1962 2530 2021 Christum
2562 1965 2736 2019 Deum
2763 1976 2946 2015 meum
2971 1975 3088 2015 esse
3110 1956 3394 2014 conﬁtear.

1799 2057 2107 2130 Torquatus
2161 2055 2307 2111 dixit
2367 2073 2380 2111 :
2438 2054 2559 2110 Non
2638 2052 2817 2108 solum
2883 2051 2998 2122 ipse
3053 2046 3400 2105 Christianus

1796 2146 2037 2204 crudelis
2092 2153 2194 2212 est,
2254 2160 2443 2200 verum
2508 2140 2671 2198 etiam
2731 2139 2922 2197 multis
2976 2135 3286 2212 persuadet,
3346 2144 3401 2193 et

1796 2237 2021 2310 decipit,
2052 2252 2115 2292 ac
2143 2236 2302 2292 docet
2340 2249 2531 2291 omnes
2566 2232 2696 2288 deos
2740 2230 3017 2287 daemones
3063 2240 3178 2282 esse
3209 2243 3223 2293 ;
3282 2225 3399 2299 ipse

1796 2335 1976 2382 autem
2006 2342 2133 2383 cum
2159 2325 2324 2382 sociis
2352 2325 2486 2392 suis,
2524 2339 2649 2380 cum
2666 2321 2869 2395 quibus
2887 2318 3125 2391 magicas
3144 2324 3292 2374 artes
3314 2316 3395 2389 (5)

1796 2421 2035 2482 exercet,
2081 2412 2171 2469 die
2217 2405 2493 2486 noctuque
2549 2409 3018 2468 incantationibus
3076 2413 3394 2480 occupatur.

1796 2504 1852 2560 S.
1884 2502 2170 2559 Tiburtius
2194 2501 2342 2559 dixit
2375 2520 2387 2558 :
2430 2501 2621 2557 Falsus
2662 2499 2817 2554 testis
2867 2513 2980 2552 non
3008 2495 3114 2553 erit
3142 2495 3398 2568 impuni-

1795 2601 1906 2649 tus.
1956 2593 2027 2648 Et
2063 2591 2140 2647 ait
2172 2590 2350 2663 judici
2386 2607 2397 2644 :
2432 2591 2559 2656 Iste,
2600 2602 2761 2659 quem
2801 2584 2977 2652 vides,
3019 2584 3394 2640 illustrissime

1796 2682 1905 2751 vir,
1954 2681 2179 2737 malitiae
2225 2697 2338 2736 sua}
2383 2678 2533 2735 curis
2577 2684 2886 2733 exaestuans
2932 2672 3001 2729 ad
3051 2671 3194 2728 nihil
3240 2672 3395 2728 aliud

1796 2770 2127 2830 Christianis
2164 2778 2245 2826 est
2268 2769 2514 2841 junctus,
2563 2764 2671 2821 nisi
2718 2771 2780 2819 ut
2823 2762 3088 2835 cogitaret
3118 2759 3395 2834 quomodo

1796 2877 1852 2919 se
1898 2862 2059 2918 nobis
2097 2861 2253 2933 quasi
2301 2858 2678 2918 Christianum
2714 2854 3071 2921 ostenderet;
3117 2851 3394 2925 quomodo

1796 2952 1924 3009 aliis
1970 2967 2027 3007 se
2072 2950 2457 3008 ﬁdelissimum
2506 2948 2853 3002 mentiretur.
2908 2941 3392 3017 Reprehendebam

1799 3046 1879 3117 (6)
1908 3053 2092 3101 tamen
2118 3043 2178 3099 in
2221 3059 2285 3099 eo
2327 3041 2655 3115 Cyclopeam
2687 3038 3033 3106 edacitatem,
3063 3044 3118 3093 et
3152 3048 3394 3091 mersum

1795 3134 1927 3190 vino
1955 3134 2219 3207 pudorem
2252 3132 2359 3205 (7),
2391 3138 2444 3186 et
2474 3129 2739 3202 sepultam
2779 3126 2959 3183 divini
2991 3124 3235 3180 nominis
3271 3138 3393 3180 san-

1793 3224 2059 3282 ctitatem.
2096 3222 2300 3278 Ebrius
2345 3219 2654 3292 patiebatur
2681 3217 2854 3284 sitim,
2902 3222 2957 3270 et
2999 3213 3235 3270 esuriem
3279 3228 3394 3267 vo-

1794 3328 1949 3368 mens
1983 3329 1994 3367 :
2026 3327 2126 3368 nec
2154 3318 2217 3364 ut
2246 3308 2614 3374 Christianus,
2645 3305 2739 3361 sed
2768 3311 2832 3360 ut
2851 3300 3201 3359 Antonianas
3219 3297 3390 3373 quod-

1794 3402 1919 3458 dam
1964 3402 2058 3457 ille
2104 3399 2341 3456 conviva
2384 3396 2769 3464 manducabat,
2813 3391 3057 3459 bibebat,
3109 3388 3387 3458 vomebat,

1795 3499 1849 3547 et
1895 3506 2044 3547 nunc
2101 3488 2445 3547 Christianos
2509 3485 2711 3558 arguit,
2759 3481 3101 3541 Christianos
3149 3485 3388 3547 accusat,

1794 3579 1853 3635 in
1872 3596 1974 3636 nos
2004 3579 2192 3634 mitem
2208 3576 2452 3649 judicem
2474 3575 2691 3641 incitat,
2708 3572 2951 3645 gladium
2973 3568 3185 3625 nolenti
3208 3566 3390 3640 judici

1794 3669 2043 3742 porrigit,
2076 3675 2131 3724 et
2176 3674 2239 3723 ut
2276 3656 2577 3722 daemoniis
2610 3661 2851 3719 cervices
2891 3666 3105 3717 nostras
3144 3657 3392 3714 incline—

1792 3775 1915 3815 mus
1942 3758 2212 3814 hortatur.
2246 3755 2514 3813 Videmus
2545 3761 2738 3810 votum
2760 3759 2939 3817 tuum,
2967 3747 3223 3805 videmus
3251 3763 3391 3803 cru-

1789 3856 1917 3904 enta
1964 3848 2231 3915 consilia;
2278 3853 2332 3901 et
2367 3846 2626 3901 scelerata
2673 3849 2789 3897 arte
2833 3837 3127 3894 verborum
3177 3850 3391 3890 venena

1788 3938 1872 3994 tui
1904 3938 2141 4010 pectoris
2185 3936 2487 3992 intuemur.
2526 3933 2826 4003 Accingere
2852 3943 3021 3993 nunc,
3052 3922 3383 4010 crudelissi-

1788 4042 1875 4082 me
1906 4009 2005 4097 (8)
2043 4044 2055 4081 :
2100 4034 2253 4080 utere
2297 4021 2575 4079 carniﬁcis
2625 4018 2807 4074 ofﬁcio
2857 4034 2869 4072 :
2920 4013 3145 4070 vindica
3187 4009 3291 4066 tibi
3323 4014 3378 4066 et

1788 4113 1960 4186 ipsius
1998 4111 2208 4184 judicis
2251 4126 2443 4166 vocem
2488 4127 2503 4176 ;
2563 4107 2778 4178 applica
2826 4104 3063 4171 aculeos,
3113 4098 3385 4173 suspende

1788 4202 2151 4269 Christianos,
2205 4199 2424 4266 damna,
2497 4202 2737 4269 percute,
2815 4191 3066 4261 incende,
3125 4189 3387 4247 universa

1786 4302 2061 4352 tormenta
2105 4292 2328 4357 adhibe,
2375 4291 2514 4348 bene
2552 4305 2654 4345 nos
2702 4287 2978 4360 accepisti.
3029 4284 3088 4343 Si
3117 4283 3380 4342 exsilium

1786 4385 2034 4451 minaris,
2081 4383 2187 4440 hoc
2222 4379 2744 4456 philosophantibus
2773 4385 2923 4434 totus
2965 4385 3048 4434 est
3091 4374 3335 4432 mundus
3366 4392 3380 4443 ;

1783 4478 1829 4535 si
1859 4475 2214 4550 supplicium,
2247 4473 2534 4531 evadimus
2554 4469 2750 4527 mundi
2778 4482 3051 4528 carcerem
3080 4485 3094 4535 ;
3123 4466 3171 4523 si
3203 4466 3381 4538 ignes,

1785 4567 1992 4640 majora
2030 4565 2229 4621 horum
2270 4564 2330 4620 in
2376 4561 2775 4635 cupiditatibus
2804 4558 3105 4615 vincimus.
3135 4557 3381 4612 Decerne

87 4653 356 4722 spondes?
412 4654 469 4711 8.
518 4654 804 4711 Tiburtius
851 4654 998 4711 dixit
1031 4673 1042 4711 :
1096 4655 1402 4730 Torquatus
1445 4656 1543 4713 diu
1592 4664 1673 4714 est
1779 4655 2051 4731 quidquid
2080 4655 2235 4724 libet,
2271 4653 2452 4711 omnis
2468 4652 2628 4708 nobis
2647 4649 2778 4705 vilis
2806 4654 2888 4704 est
2914 4661 3094 4720 paena,
3118 4644 3216 4702 ubi
3245 4658 3384 4717 pura

87 4744 224 4815 quod
271 4763 329 4803 se
377 4745 757 4805 Christianum
787 4762 902 4803 esse
939 4745 1238 4813 mentitur;
1289 4746 1469 4806 virtus
1522 4748 1671 4805 enim
1779 4763 1962 4805 comes
1991 4753 2073 4803 est
2101 4742 2459 4802 conscientia.

88 4834 319 4893 nominis
346 4835 523 4910 ipsius
549 4836 725 4895 sancti
755 4835 994 4910 graviter
1014 4835 1121 4893 fert
1144 4843 1197 4892 et
1227 4837 1472 4908 moleste,
1504 4854 1669 4894 suum

1848 4845 1937 4903 80.
1988 4843 2262 4902 Fabianus
2290 4841 2581 4916 praefectus
2609 4838 2758 4895 dixit
2787 4855 2799 4894 :
2830 4835 3080 4895 Restitue
3106 4842 3161 4891 te
3194 4834 3381 4907 generi

88 4936 277 4984 nomen
306 4944 420 4984 non
451 4944 483 4984 a
508 4928 622 4986 suis
645 4927 985 4985 amatoribus
1034 4930 1114 5001 (1)
1159 4929 1432 5003 usurpari.
1465 4931 1671 4988 Revera
1776 4944 1894 5004 tuo,
1926 4944 1980 4992 et
2023 4935 2130 4991 hoc
2174 4941 2290 4990 esto
2323 4930 2471 5007 quod
2518 4938 2572 4987 te
2615 4937 2812 4985 natura
2856 4925 3110 4985 dictavit.
3158 4925 3374 4983 Nobilis

87 5014 247 5083 enim,
296 5020 386 5076 vir
432 5021 823 5093 illustrissime,
868 5022 975 5081 hoc
1013 5021 1389 5083 Christianum
1435 5022 1669 5082 vocabu-

155 5228 267 5373 li?)
297 5234 469 5364 trt-

177 5301 264 5380 92)
297 5304 396 5380 Ms.
429 5306 578 5378 Rip.,
607 5314 839 5380 potaret.

296 5377 407 5444 AL,
430 5370 730 5451 pervigiles.

247 5445 264 5507 )
298 5445 671 5507 Metaohrast..
707 5452 730 5507 ι

155 5440 264 5513 (99)
298 5440 671 5521 Metaphrast.,
707 5451 1023 5524 Curtuatus,
1070 5468 1139 5513 ne
1190 5452 1329 5511 forte
1378 5451 1667 5526 legendum

97 5506 397 5570 Turcuatus_
536 5552 541 5555 Α

320 5532 397 5574 us.

157 5552 652 5726 mit?

1776 5024 1925 5082 enim
1952 5032 2113 5081 natus
2149 5022 2218 5080 ad
2246 5029 2454 5079 tantam
2502 5018 2797 5077 devolutus
2837 5033 2894 5074 es
2931 5016 3142 5086 faecem,
3169 5024 3233 5074 ut
3282 5031 3377 5071 ve-

1873 5242 1929 5314 3)
1956 5240 2072 5308 AL,
2099 5237 2264 5311 ﬁbras
2292 5230 2486 5291 omittit
2512 5248 2535 5297 ,-
2572 5229 2669 5299 al.,
2701 5229 2869 5303 ﬁbras
2895 5228 3114 5286 amittit.

1873 5313 1930 5385 4)
1965 5314 2081 5381 AL,
2114 5314 2331 5385 ﬂexum.

1872 5381 1929 5455 5)
1961 5385 2077 5453 AL,
2114 5381 2307 5438 clades.

1871 5451 1928 5524 6)
1960 5451 2078 5524 AL,
2108 5451 2573 5524 reprehendebant.

1846 5461 1928 5599 (6)
1960 5461 2078 5524 AL,
2108 5461 2573 5536 reprehendebant.

1846 5529 1903 5596 (7
1961 5527 2075 5599 AL,
2104 5540 2407 5580 immensum
2433 5536 2547 5577 vim
2562 5515 2861 5590 pudorem;
2888 5516 3176 5595 Brechtus,
3207 5532 3374 5581 emer-

1773 5612 1891 5669 sum
1916 5598 2038 5669 vino
2063 5604 2326 5669 putorem.

1804 5670 1809 5675 '
1847 5668 1929 5742 (8)
1956 5668 2047 5726 Al.
2057 5663 2083 5738 ,'
2102 5663 2550 5725 οιινίειεαηίεεεηυ,
2578 5676 2600 5696 ~
