3880 6204
488 303 620 361 1147

471 431 541 488 lis
573 433 652 505 (9)
684 439 737 489 et
779 431 1113 504 supplicium
1165 429 1329 486 simul
1379 436 1433 486 et
1477 427 1762 483 infamiam
1803 426 1987 482 subire
2016 436 2070 482 et
2097 427 2144 485 A

469 531 722 578 mortem.
767 520 822 577 S.
874 519 1160 576 Tiburtius
1208 518 1356 573 dixit
1412 536 1422 573 :
1468 517 1512 573 Ο
1576 516 2062 588 prudentissimum

467 611 735 679 virorum,
785 616 839 664 et
887 608 1147 666 Romanis
1181 606 1424 677 judicem
1467 605 1827 661 constitutum
1878 606 1888 660 l
1939 604 2066 676 quia

466 700 806 756 meretricem
859 698 1151 762 Venerem,
1182 705 1236 750 et
1274 695 1542 750 incestum
1581 695 1791 762 Jovem,
1830 703 1884 750 et
1930 695 2065 749 Mer-

465 790 680 844 curium
733 787 1002 851 fallacem,
1048 792 1102 839 et
1147 784 1443 839 Saturnum
1494 784 1735 840 ﬁliorum
1767 785 2064 840 occisorem

465 879 645 932 colere
687 875 838 938 nolo,
883 873 1165 928 infamiam
1205 873 1582 944 generositatis
1623 873 1733 944 (10)
1786 873 2006 928 incurro
2049 890 2060 928 :

465 971 520 1017 et
547 963 676 1034 quia
706 978 877 1016 unum
906 971 959 1017 et
989 978 1179 1016 verum
1214 964 1408 1030 Deum,
1442 961 1534 1032 qui
1568 961 1624 1016 in
1655 961 1808 1016 caelis
1855 967 2062 1032 regnat,

467 1050 634 1106 adoro
673 1057 728 1105 et
773 1067 1024 1118 veneror,
1071 1051 1361 1122 suppliciis
1408 1067 1495 1106 me
1537 1050 1917 1106 macerandum
1951 1065 2066 1105 esse

469 1139 699 1195 minaris
729 1141 756 1196 ?
792 1140 911 1195 Non
942 1140 1240 1196 annuimus
1264 1147 1371 1195 tuae
1399 1139 1739 1212 persuasioni
1771 1157 1784 1206 ;
1826 1155 1938 1193 non
1969 1155 2064 1194 ne-

469 1245 660 1297 gamus
706 1229 823 1299 (11)
867 1229 1145 1285 Christum
1185 1228 1384 1284 Filium
1435 1228 1534 1285 Dei
1575 1228 1643 1283 ad
1683 1227 1789 1283 hoc
1824 1228 1891 1283 de
1928 1227 2066 1282 caelo

468 1313 815 1370 descendisse
843 1315 911 1370 ad
961 1323 1154 1384 terras,
1187 1324 1247 1371 ut
1276 1333 1306 1371 a
1335 1317 1497 1372 terris
1541 1316 1706 1371 homo
1752 1317 1819 1372 ad
1865 1317 2064 1372 coalum

471 1413 652 1478 posset
680 1404 1014 1472 ascendere;
1066 1404 1190 1460 ideo
1232 1405 1363 1461 istas
1408 1422 1596 1461 omnes
1640 1422 1806 1460 vanas
1839 1406 2062 1478 efﬁgies,

469 1511 605 1568 quas
651 1493 835 1550 colitis
881 1493 999 1550 sine
1047 1510 1228 1563 causa,
1277 1496 1598 1566 proculcans
1641 1495 1868 1567 pedibus
1905 1497 2061 1566 meis,

471 1587 582 1642 Deo
611 1599 698 1639 me
729 1583 1097 1654 omnipotenti
1129 1582 1360 1655 subjeci.

538 1674 626 1730 81.
659 1675 814 1730 Tunc
852 1673 1123 1729 Fabianus
1164 1673 1329 1744 jussit
1376 1681 1501 1728 ante
1543 1673 1705 1746 pedes
1732 1674 1849 1747 ejus
1877 1674 2062 1732 carbo-

470 1780 566 1820 nes
595 1765 848 1821 ardentes
898 1762 1103 1818 effundi
1133 1781 1145 1828 ;
1179 1771 1232 1818 et
1269 1763 1346 1818 ait
1375 1762 1443 1818 ad
1495 1780 1618 1818 eum

469 1869 642 1908 unum
680 1870 709 1908 e
745 1853 982 1920 duobus,
1012 1860 1107 1908 aut
1137 1851 1298 1908 thura
1333 1852 1392 1907 in
1435 1853 1553 1908 istis
1599 1853 1930 1909 carbonibus
1954 1856 2064 1911 ad-

460 1939 590 2012 jice,
623 1948 717 2012 au_t
744 1940 976 2013 pedibus
1013 1957 1175 2012 super
1214 1958 1307 1997 eos
1350 1941 1512 1997 nudis
1556 1941 1764 1997 incede.
1812 1942 1966 1998 Tunc
1996 1943 2058 1999 B.

466 2029 749 2086 Tiburtius
795 2029 999 2086 faciens
1047 2030 1262 2101 signum
1310 2030 1509 2097 crucis,
1555 2037 1869 2086 constanter
1916 2031 2065 2086 nuda

465 2136 628 2194 super
667 2137 760 2176 eos
803 2121 1077 2192 ingressus
1127 2129 1206 2176 est
1255 2121 1464 2193 planta,
1509 2127 1564 2176 et
1601 2120 1766 2192 cmpit
1805 2121 2062 2192 praefecto

464 2208 646 2265 dicere
706 2226 718 2264 :
772 2211 994 2282 Depone
1044 2209 1424 2265 inﬁdelitatem
1478 2218 1533 2266 et
1587 2208 1736 2265 disce
1787 2211 1914 2282 quia
1971 2210 2064 2268 hic

465 2299 616 2353 solus
640 2305 722 2354 est
748 2299 912 2365 Deus,
943 2315 1105 2371 quem
1149 2299 1479 2356 conﬁtemur
1508 2298 1774 2354 creaturis
1805 2299 2062 2355 omnibus

465 2389 762 2445 dominari.
796 2389 950 2446 Mitte
998 2397 1079 2458 tu,
1129 2390 1172 2445 si
1222 2396 1397 2461 potes,
1442 2388 1500 2443 in
1537 2388 1762 2444 nomine
1791 2389 1942 2444 Jovis
1971 2389 2060 2445 dei

465 2477 547 2533 tui
597 2493 790 2533 manus
839 2479 896 2534 in
939 2479 1173 2535 calidam
1221 2495 1414 2551 aquam
1448 2497 1461 2545 ;
1504 2486 1558 2533 et
1589 2477 1632 2532 si
1669 2481 1866 2548 ‘potest
1909 2478 2062 2534 Jovis

465 2575 614 2636 tuus,
647 2566 818 2624 faciat
856 2576 909 2624 te
947 2585 1057 2624 non
1098 2569 1301 2625 sentire
1333 2567 1602 2623 fervorem
1644 2567 1875 2623 ardoris.
1925 2568 2058 2624 Nam

465 2655 606 2711 mihi
637 2657 693 2711 in
726 2656 948 2712 nomine
981 2656 1208 2712 Domini
1249 2656 1354 2711 mei
1402 2656 1529 2711 Jesu
1567 2654 1774 2712 Christi
1817 2655 2058 2722 videtur,

465 2744 612 2817 quod
667 2761 829 2818 super
877 2762 1061 2801 roseos
1118 2745 1279 2800 flores
1334 2743 1572 2817 gradior,
1629 2743 1759 2815 quia
1813 2751 2060 2800 creatura

463 2834 739 2892 Creatoris
768 2835 852 2890 sui
882 2834 1184 2890 famulatur
1208 2833 1461 2906 imperio.

532 2923 620 2979 82.
656 2923 928 2979 Fabianus
969 2915 1113 2979 dixit
1155 2942 1167 2979 :
1217 2925 1353 2991 Quis
1391 2926 1606 2997 ignorat
1650 2926 1916 3001 magicam
1961 2941 2060 2979 vos

462 3010 714 3066 docuisse
759 3011 1040 3068 Christum
1091 3021 1330 3069 vestrum
1364 3015 1393 3070 ?
1431 3016 1485 3072 S.
1535 3016 1819 3072 Tiburtius
1857 3013 2001 3070 dixit
2042 3033 2052 3069 :

461 3101 806 3201 obmutesce,
840 3102 1060 3172 infelix,
1091 3112 1145 3160 et
1169 3105 1282 3160 noli
1314 3105 1539 3163 auribus
1574 3109 1709 3165 meis
1740 3108 1880 3163 hanc
1914 3105 2055 3178 inju-
2087 3145 2135 3208 Ο

460 3191 596 3247 riam
648 3192 846 3260 facere,
881 3201 944 3248 ut
995 3193 1215 3250 audiam
1264 3203 1318 3250 te
1370 3195 1562 3253 rabido
1601 3215 1694 3252 ore
1745 3198 2052 3263 latrantem,

459 3281 786 3337 melliﬁuum
835 3299 1037 3340 nomen
1075 3284 1192 3356 ejus
1238 3292 1484 3342 sanctum
1548 3287 1851 3342 nominare.
1903 3286 2057 3342 Tunc

458 3371 629 3429 iratus
667 3375 943 3431 Fabianus
984 3376 1216 3433 dictavit
1262 3379 1587 3434 sententiam
1638 3379 1868 3434 dicens:
1912 3379 2056 3434 Blas-

457 3460 745 3530 phemator
771 3463 1018 3528 deorum,
1042 3472 1096 3519 et
1128 3482 1252 3519 reus
1274 3465 1543 3520 atrocium
1576 3464 1924 3536 injuriarum,
1951 3467 2056 3538 gla-

457 3547 549 3600 dio
597 3547 1087 3603 animadvertatur.
1136 3553 1346 3606 Ductus
1388 3562 1468 3606 est
1523 3561 1704 3607 autem
1766 3553 2055 3608 via.Lavi-

456 3648 591 3688 cana
620 3635 784 3689 tertio
816 3635 1079 3691 milliario
1109 3638 1176 3692 ab
1225 3639 1387 3706 Urbe,
1439 3619 1514 3694 et.
1543 3640 1829 3695 effundens
1856 3642 2053 3697 oratio-

456 3735 581 3776 nem
613 3722 680 3779 ad
711 3722 1032 3793 Dominum,
1075 3740 1186 3779 uno
1233 3724 1348 3780 ictu
1381 3725 1546 3796 gladii
1579 3727 1894 3784 verberatus
1922 3729 2057 3785 abs-

455 3811 621 3867 cessit
666 3813 805 3886 (12).
859 3813 930 3869 Et
978 3815 1036 3871 in
1086 3815 1273 3870 eodem
1321 3815 1442 3871 loco
1485 3832 1516 3871 a
1546 3825 1770 3888 parente
1817 3819 2052 3890 quodam

455 3897 770 3958 Christiano
799 3903 1045 3974 sepultus
1074 3910 1155 3958 est
1189 3920 1200 3958 :
1235 3903 1293 3958 in
1346 3919 1457 3976 quo
1504 3905 1624 3960 loco
1655 3906 1827 3961 multa
1855 3906 2054 3963 beneﬁ-

453 3987 541 4044 cia
583 4007 799 4065 semper
843 3993 1102 4064 praestitit
1149 3992 1402 4050 Christus
1445 3995 1513 4051 ad
1559 3994 1774 4051 laudem
1812 3997 2055 4054 nominis

455 4081 541 4135 sui
571 4097 742 4155 usque
771 4082 831 4139 in
862 4090 1184 4157 prasentem
1219 4084 1385 4140 diem.

1035 4221 1262 4278 CAPUT
1293 4221 1472 4276 XXII.

659 4314 756 4370 SS.
792 4314 1020 4384 Castuli,
1052 4318 1410 4387 Marcelliani,
1442 4319 1636 4388 Marci,
1665 4321 1844 4375 credes.

523 4427 613 4484 83.
657 4428 785 4485 Post
825 4427 943 4484 haec
986 4437 1168 4485 autem
1208 4431 1514 4503 Torquatus
1545 4433 1657 4506 egit
1701 4441 1763 4489 ut
1801 4433 2052 4491 Castulus

1517 305 1612 358 AD
1654 302 1888 358 OPERA
1927 300 1984 356 S.
2027 298 2362 355 AMBROSII
2399 296 2778 353 APPENDIX.

3664 292 3782 351 1118

2254 424 2341 479 84.
2376 424 2652 478 Tenentur
2680 428 2800 493 post
2836 419 2951 477 haec
2986 417 3377 476 Marcellianus
3424 424 3482 474 et
3537 418 3776 487 Marcus;

2178 521 2231 568 et
2259 511 2421 568 ambo
2449 511 2598 583 ligati
2639 509 2708 566 ad
2747 509 2990 582 stipitem
3021 509 3207 564 clavos
3239 508 3299 562 in
3327 506 3574 578 pedibus
3606 516 3778 564 acutus

2178 609 2502 674 acceperunt
2532 619 2544 668 ;
2579 601 2780 674 quibus
2809 599 3024 656 dicebat
3047 597 3444 653 insanissimus
3475 596 3773 654 Fabianus:

2178 692 2392 748 Tandiu
2420 691 2547 746 ﬁxis
2577 690 2792 747 stabitis
2820 689 3038 762 plantis,
3073 703 3365 761 quousque
3397 686 3509 741 diis
3538 686 3772 742 debitum

2178 780 2512 837 redhibeatis
2559 780 2822 836 ofﬁcium.
2880 780 3032 834 Tunc
3083 777 3245 832 ambo
3304 777 3510 831 fratres
3568 776 3624 832 in
3680 795 3775 833 uno

2179 872 2328 942 ligno
2364 869 2568 926 conﬁxi
2614 868 2916 941 psallebant
2957 867 3205 922 dicentes
3238 884 3250 920 :
3294 865 3441 922 Ecce
3480 882 3651 938 quam
3684 865 3778 920 bc—

2179 977 2311 1014 num
2342 966 2394 1013 et
2422 975 2581 1030 quam
2607 957 2917 1028 jucundum
2959 957 3209 1012 habitare
3258 957 3458 1012 fratres
3500 958 3563 1012 in
3595 974 3775 1013 unum.

2179 1051 2324 1106 Dicit
2365 1050 2443 1105 eis
2493 1049 2802 1105 Fabianus:
2859 1048 3112 1104 Infelices
3162 1057 3216 1104 et
3261 1049 3475 1115 miseri,
3529 1048 3777 1120 deponite

2179 1142 2472 1198 amentiam
2517 1149 2772 1208 vestram,
2823 1149 2876 1196 et
2925 1139 3152 1195 liberate
3184 1138 3561 1210 vosmetipsos
3591 1157 3622 1194 a
3654 1157 3779 1196 cru-

2177 1229 2414 1286 ciatibus
2445 1229 2864 1284 imminentibus
2894 1245 3055 1299 super
3086 1243 3203 1282 vos.
3247 1227 3351 1284 Cui
3392 1227 3779 1298 respondentes

2179 1317 2340 1373 ambo
2368 1317 2631 1373 dixerunt
2657 1336 2666 1373 :
2695 1319 2988 1390 Nunquam
3014 1325 3128 1372 tam
3157 1316 3298 1372 bene
3319 1315 3530 1387 epulati
3559 1333 3773 1372 sumus:

2178 1409 2342 1464 modo
2367 1409 2632 1479 coepimus
2673 1424 2787 1463 esse
2817 1407 2916 1462 ﬁxi
2952 1407 3007 1462 in
3045 1423 3233 1462 amore
3277 1406 3513 1462 Christi.
3562 1406 3775 1462 Utinam

2177 1516 2277 1555 nos
2306 1499 2386 1555 sic
2414 1516 2530 1554 esse
2559 1499 2703 1555 sicut
2731 1515 2920 1554 sumus
2961 1497 3154 1553 tandiu
3186 1497 3504 1568 permittas,
3540 1497 3774 1570 quandin

2176 1589 2339 1661 hujus
2369 1589 2609 1660 tegimur
2636 1587 2880 1659 corporis
2906 1587 3234 1642 indumento
3261 1589 3272 1641 l
3310 1587 3568 1660 Cumque
3599 1596 3776 1642 trans-

2175 1680 2303 1736 isset
2361 1695 2471 1734 una
2510 1679 2628 1735 dies
2671 1686 2724 1734 et
2770 1694 2879 1733 una
2926 1693 3058 1744 nox,
3109 1684 3163 1731 et
3213 1677 3297 1731 illi
3347 1677 3406 1731 in
3456 1676 3690 1748 psalmis
3731 1686 3774 1732 et

1682 1783 1692 1820 :
1749 1765 1904 1837 Elige
1958 1765 2060 1820 tibi
2093 1789 2137 1848 Β
2175 1769 2398 1841 hymnis
2427 1776 2856 1840 perseverarent,
2884 1766 3049 1839 jussit
3079 1782 3173 1822 eos
3201 1766 3398 1821 ambos
3427 1767 3528 1821 ubi
3573 1769 3773 1823 stabant

2173 1859 2378 1915 lanceis
2413 1875 2507 1930 per
2554 1858 2724 1913 latera
2774 1855 3095 1912 verberari:
3143 1864 3200 1911 et
3249 1855 3331 1910 ita
3384 1872 3480 1927 per
3530 1857 3773 1928 martyrii

2173 1948 2398 2020 gloriam
2439 1947 2507 2001 ad
2546 1945 2758 2002 siderea
2802 1962 2968 2017 regna
3015 1946 3402 2016 migraverunt
3452 1944 3594 2017 (14).
3646 1947 3772 2001 Item

2172 2037 2369 2108 sepulti
2399 2044 2526 2092 sunt
2557 2044 2610 2091 et
2641 2037 2745 2108 ipsi
2780 2035 2837 2091 in
2864 2035 2956 2090 via
2983 2036 3183 2107 Appia,
3234 2036 3509 2090 milliario
3540 2035 3772 2091 secundo

2170 2126 2238 2182 ab
2265 2125 2429 2191 Urbe,
2452 2126 2510 2180 in
2538 2127 2658 2182 loco
2683 2125 2779 2197 qui
2803 2133 3029 2181 vocatur
3053 2124 3135 2179 Ad
3162 2124 3406 2193 Arenas,
3429 2125 3558 2196 quia
3576 2131 3770 2196 crypta

2171 2233 2456 2271 arenarum
2485 2215 2603 2280 illic
2628 2222 2805 2281 erant,
2835 2231 2905 2272 ex
2932 2213 3132 2288 quibus
3172 2213 3347 2270 Urbis
3380 2215 3585 2270 mmnia
3611 2223 3769 2270 strue-

2169 2312 2370 2368 bantur
2402 2312 2544 2385 (15).

2738 2425 2966 2484 CAPUT
2991 2425 3199 2482 XXIII.

2455 2527 2509 2582 S.
2543 2524 2837 2581 Sebastiani
2868 2527 3162 2596 gloriosum
3202 2532 3499 2583 certamen.

2238 2641 2327 2698 85.
2359 2640 2456 2696 His
2486 2640 2561 2695 ita
2586 2640 2771 2713 gestis,
2801 2640 2863 2695 B.
2897 2639 3250 2696 Sebastianus
3283 2639 3358 2695 ab
3382 2639 3765 2695 insidiantibus

2167 2738 2474 2787 conventus
2509 2735 2589 2784 est
2622 2746 2633 2783 :
2685 2737 2738 2784 et
2767 2728 2916 2802 quia,
2948 2737 3010 2784 ut
3035 2728 3311 2796 diximus,
3348 2728 3642 2784 videbatur
3677 2728 3767 2783 sub

2169 2818 2458 2890 chlamyde
2494 2818 2678 2886 latere,
2713 2834 2837 2873 cum
2871 2817 3030 2872 miles
3054 2827 3194 2873 esset
3225 2817 3594 2888 dignissimus
3624 2817 3767 2872 Chri-

2168 2909 2258 2976 sti,
2309 2906 2576 2978 suggessit
2611 2907 2678 2962 de
2705 2924 2768 2963 eo
2799 2907 3089 2979 praefectus
3129 2906 3485 2962 Diocletiano
3534 2907 3768 2977 impera-

2168 3003 2292 3060 tori.
2327 3004 2502 3072 Quem
2534 3004 2910 3061 Diocletianus
2951 3005 3018 3060 ad
3062 3019 3118 3058 se
3146 3019 3492 3070 convocans,
3515 3004 3630 3057 ait:
3664 3003 3769 3074 Ego

2166 3101 2220 3149 te
2250 3094 2395 3150 inter
2413 3096 2631 3167 primos
2661 3094 2850 3166 palatii
2871 3093 2973 3148 mei
2999 3110 3213 3165 semper
3244 3092 3446 3160 habui,
3477 3101 3531 3148 et
3562 3101 3624 3148 tu
3656 3108 3769 3147 con-

2169 3190 2252 3236 tra
2289 3183 2518 3239 salutem
2569 3199 2744 3238 meam
2795 3183 2853 3238 in
2901 3181 3164 3253 injuriam
3221 3179 3457 3236 deorum
3516 3181 3771 3236 hactenus

2166 3273 2394 3329 latuisti.
2429 3274 2482 3329 S.
2517 3274 2867 3330 Sebastianus
2897 3274 3069 3330 dixit:
3102 3274 3206 3328 Pro
3237 3275 3418 3329 salute
3451 3281 3550 3328 tua
3569 3288 3770 3345 semper

2166 3361 2446 3418 Christum
2477 3364 2644 3431 colui,
2693 3372 2745 3418 et
2785 3380 2882 3435 pro
2919 3370 3069 3418 statu
3101 3363 3335 3418 Romani
3389 3361 3545 3416 orbis
3588 3363 3764 3429 illum,

2165 3451 2259 3523 qui
2291 3452 2347 3506 in
2377 3453 2529 3509 ccelis
2555 3461 2655 3522 est,
2689 3469 2902 3525 semper
2939 3452 3185 3519 adoravi,
3231 3451 3600 3507 considerans
3631 3468 3662 3506 a
3692 3453 3773 3506 la-

2166 3539 2388 3611 pidibus
2415 3542 2687 3596 auxilium
2719 3549 2900 3613 petere
2930 3541 3107 3595 insani
3136 3540 3335 3610 capitis
3367 3557 3486 3595 esse
3527 3549 3582 3596 et
3621 3539 3761 3594 vani.

2165 3628 2320 3686 Tunc
2352 3629 2522 3685 iratus
2553 3630 2928 3686 Diocletianus
2949 3629 3114 3700 jussit
3143 3644 3270 3683 eum
3293 3628 3426 3684 duci
3451 3629 3508 3682 in
3536 3627 3765 3684 medium

2164 3733 2442 3789 campum,
2489 3727 2543 3774 et
2596 3719 2756 3791 ligari
2805 3719 2958 3791 quasi
3006 3719 3224 3789 signum
3279 3717 3346 3772 ad
3392 3717 3674 3787 sagittam,
3719 3723 3765 3769 et

2159 3803 2325 3875 jussit
2355 3815 2416 3862 ut
2442 3807 2710 3878 sagittarii
2751 3824 2875 3863 eum
2908 3807 3136 3878 ﬁgerent
3170 3806 3312 3876 (16).
3374 3805 3529 3859 Tunc
3568 3819 3763 3875 posue-

2165 3903 2295 3950 runt
2321 3913 2443 3952 eum
2479 3897 2683 3952 milites
2714 3897 2770 3951 in
2793 3896 2972 3951 medio
2997 3911 3213 3967 campo,
3241 3903 3297 3950 et
3324 3895 3458 3949 hinc
3491 3894 3623 3949 inde
3641 3910 3756 3948 eum

2164 3984 2240 4039 ita
2269 3986 2486 4056 sagittis
2515 3987 2892 4058 repleverunt,
2927 3992 2987 4039 ut
3016 3985 3172 4057 quasi
3219 3983 3465 4040 hericius
3515 3983 3594 4039 ita
3636 3989 3762 4038 esset

2164 4073 2410 4130 hirsutus
2442 4075 2559 4146 (17)
2593 4075 2795 4130 ictibus
2826 4074 3170 4146 sagittarum.

2231 4166 2320 4221 86.
2352 4165 2716 4222 Estimantes
2745 4175 2926 4221 autem
2959 4165 3118 4220 illum
3149 4180 3264 4220 esse
3292 4172 3579 4219 mortuum
3605 4161 3761 4216 abie-

2163 4263 2311 4311 runt.
2344 4256 2497 4312 Tunc
2527 4255 2719 4312 relicta
2748 4255 3006 4327 martyris
3045 4253 3257 4311 Castuli
3291 4252 3506 4320 zetarii,
3547 4252 3764 4308 nomine

2160 4345 2313 4401 Irene
2345 4345 2486 4417 (18),
2516 4345 2652 4401 abiit
2698 4352 2880 4410 nocte,
2928 4352 2990 4399 ut
3034 4359 3234 4414 corpus
3282 4342 3404 4414 ejus
3453 4343 3671 4398 tolleret
3715 4347 3765 4395 et

2161 4434 2431 4506 sepeliret.
2467 4435 2540 4490 Et
2583 4435 2875 4490 inveniens
2923 4449 3048 4488 eum
3096 4433 3385 4487 viventem
3429 4431 3662 4486 adduxit
3701 4428 3766 4484 ad

452 4518 687 4574 zetarius
717 4517 928 4590 palatii,
960 4517 1158 4590 hospes
1189 4518 1540 4590 Sanctorum,
1569 4523 2052 4593 comprehendere-
2083 4513 2132 4572 D
2163 4521 2390 4578 domum
2420 4539 2574 4578 suam
2607 4523 2666 4578 in
2695 4522 2841 4578 scala
2869 4521 3085 4576 excelsa
3118 4521 3234 4591 (19)
3278 4518 3376 4574 ubi
3419 4517 3674 4573 manebat
3702 4515 3766 4572 ad

451 4614 542 4663 tur
576 4627 588 4664 :
628 4606 723 4681 qui
756 4623 881 4663 cum
914 4607 1108 4663 fuisset
1135 4615 1398 4676 arctatus,
1445 4617 1498 4664 et
1541 4609 1634 4666 hic
1663 4611 1826 4666 tertio
1854 4628 2050 4682 appen-

450 4713 565 4766 sus,
597 4697 765 4754 tertio
793 4696 1036 4763 auditus,
1085 4697 1143 4752 in
1172 4695 1514 4753 confessione
1546 4699 1767 4753 Domini
1798 4716 2049 4771 perseve-

450 4803 599 4856 rans,
645 4787 846 4844 missus
893 4795 974 4842 est
1023 4786 1080 4842 in
1120 4787 1358 4856 foveam,
1401 4795 1471 4843 et'
1497 4788 1723 4845 dimissa
1767 4797 1849 4845 est
1889 4807 2052 4863 super

451 4893 575 4933 eum
610 4894 790 4934 massa
835 4878 1102 4946 arenaria,
1143 4887 1196 4934 et
1242 4878 1358 4951 ipse
1401 4896 1525 4936 cum
1570 4881 1750 4952 palma
1797 4883 2050 4955 martyrii

451 4966 713 5038 migravit
747 4967 863 5040 (13)
897 4967 965 5024 ad
993 4969 1315 5025 Dominum.

525 5136 606 5205 (9)
637 5137 754 5206 AL,
787 5136 979 5208 possis.

522 5207 639 5348 (10)
673 5207 795 5276 AL,
818 5207 1289 5279 ingenerositatem.

551 5279 640 5348 11)
674 5279 790 5348 AL,
821 5296 930 5333 non
956 5278 1259 5347 abnuimus,

551 5279 640 5352 11)
674 5279 790 5349 AL,
821 5278 930 5333 non
956 5278 1259 5347 abnuimus,
1309 5297 1415 5336 non
1452 5281 1753 5350 renitimur,
1801 5297 1907 5336 non
1947 5297 2077 5337 ne-~

447 5363 648 5417 gamus.

523 5420 640 5490 (12)
677 5420 892 5495 Colitur
921 5419 1297 5495 S._Tiburtius
1330 5422 1392 5477 11
1428 5425 1594 5495 Aug,
1635 5440 1744 5495 quo
1787 5424 1876 5480 die
1904 5431 1959 5479 et
1987 5423 2042 5479 S.

450 5485 754 5566 Chromatii
769 5491 1027 5566 parentis
1064 5489 1184 5562 ejus
1210 5492 1477 5550 memoria
1503 5485 1703 5566 igitur.

522 5507 754 5547 iromatu
822 5507 973 5546 arent

522 5560 638 5626 (13)
673 5562 741 5616 26
769 5507 973 5616 ἰθέῃ-111.

525 5628 642 5694 (14)
677 5631 742 5684 18
770 5631 941 5686 Junii.

2160 4612 2448 4684 palatium,
2479 4618 2534 4666 et
2563 4611 2641 4666 ibi
2672 4610 2818 4668 intra
2846 4627 3047 4682 paucos
3077 4608 3195 4664 dies
3224 4608 3462 4663 salutem
3485 4606 3764 4679 integerri-

2161 4717 2305 4754 mam
2334 4698 2681 4772 recuperavit
2708 4699 2765 4754 in
2796 4698 3056 4754 omnibus
3094 4696 3382 4752 membris.

2229 4789 2318 4844 87.
2354 4786 2598 4859 Cumque
2631 4803 2822 4842 omnes
2851 4784 3151 4842 Christiani
3197 4785 3265 4840 ad
3312 4800 3442 4839 eum
3492 4781 3766 4838 conveni-

2159 4885 2302 4946 rent,
2333 4876 2696 4932 hortabantur
2731 4892 2855 4932 eum
2894 4873 3206 4931 abscedere.
3251 4874 3351 4929 Ille
3401 4881 3588 4929 autem
3638 4886 3766 4926 ora-

2157 4967 2308 5023 tione
2349 4967 2494 5024 facta
2531 4966 2838 5033 descendit,
2871 4973 2923 5020 et
2952 4972 3100 5020 stans
3133 4978 3302 5034 super
3335 4962 3545 5035 gradus
3572 4961 3765 5017 Helio-

2261 5137 2349 5206 15)
2374 5139 2498 5206 ,ΑΙ.,
2529 5136 2948 5192 instruebantur.

2261 5140 2325 5196 15
2385 5140 2498 5206 AL,
2529 5140 2948 5192 instruebantur.

2230 5140 2493 5283 (16)Ἀ1.,
2525 5215 2818 5283 sumerent;
2864 5208 2959 5275 aL,
2995 5212 3250 5272 suerent;
3299 5205 3402 5274 aL,
3446 5209 3759 5265 exstarent;

2156 5279 2254 5348 aL,
2285 5279 2343 5335 in
2372 5298 2487 5336 cum
2509 5279 2768 5348 jacerent.

2258 5354 2345 5421 17)
2373 5353 2485 5417 AL,
2513 5347 2758 5409 insutus;
2795 5351 2890 5416 aL,
2920 5347 3134 5421 insitus.

2258 5357 2345 5421 17)
2373 5357 2485 5417 AL,
2519 5357 2758 5409 insutus:
2795 5357 2890 5416 aL,
2920 5357 3134 5405 insitus.

2229 5357 2346 5495 (18)
2397 5422 2630 5495 Plurimi
2670 5421 2906 5488 codices,
2956 5420 3188 5486 Hirene,
3243 5420 3490 5490 Raban.,
3533 5421 3756 5477 Herem;

2155 5493 2251 5562 aL,
2282 5496 2527 5560 Harena;
2562 5493 2655 5560 aL,
2688 5495 2913 5548 ιΕνεεηα.

2228 5567 2340 5637 (19)
2374 5565 2485 5633 AL,
2513 5564 2743 5619 insulam
2773 5564 3046 5619 excelsam.
