3880 6204
24 269 199 327 1149
981 269 1075 325 DE
1113 268 1459 329 VITIORUM
1500 272 1679 330 VIRTl

1795 273 2013 341 lMQUE
2060 274 2471 334 CONFLICTU.
3244 279 3383 337 1150

23 392 241 464 gabali
326 390 469 463 (20),
551 392 904 450 venientibus
981 394 1405 468 imperatoribus
1474 397 1621 454 dixit
1649 416 1662 455 :
1697 403 1747 463 Α
1776 398 1837 453 Β.
1871 398 2235 456 Sebastianus
2254 400 2507 472 apparuit
2528 417 2583 456 iu
2606 402 2816 458 somnis
2837 402 2892 458 S.
2914 402 3136 459 Lucinae
3161 402 3378 459 cuidam

25 481 285 554 Iniquis
317 480 768 553 subreptionibus
803 484 1017 540 animos
1060 485 1277 557 imperii
1319 486 1488 542 vestri
1519 495 1669 543 tem-
1779 500 2042 549 matronae
2062 494 2511 566 religiosissima,
2535 494 2724 551 dicens
2758 513 2769 550 :
2802 497 2864 551 In
2893 497 3078 552 cloaca
3108 494 3224 563 illa,
3255 511 3377 567 quas

27 571 288 644 piorum
340 569 626 642 pontiﬁces
667 571 940 641 obsident,
991 584 1339 646 suggerentes
1384 576 1451 631 de
1498 576 1670 634 Chri-

31 660 263 718 stianis
312 660 447 716 falsa
481 669 810 729 commenta,
857 662 1100 719 dicentes
1139 681 1230 720 eos
1269 665 1504 737 reipubl.
1554 682 1669 723 esse

36 749 454 817 adversarios;
505 765 741 822 quorum
799 752 1143 808 orationibus
1193 753 1309 825 ipsa
1362 754 1671 825 respublica

42 839 404 896 melioratur
446 845 500 893 et
534 838 769 907 crescit;
825 840 920 912 qui
969 857 1068 913 pro
1112 841 1346 913 imperio
1389 852 1572 898 vestro
1616 852 1671 900 et

38 946 154 1001 pro
209 929 397 984 salute
439 928 674 985 Romani
724 928 1000 985 exercitus
1047 946 1202 986 orare
1260 946 1372 986 non
1419 940 1658 990 cessant.

38 1018 201 1076 Cum
246 1017 371 1073 hac
415 1026 471 1072 et
510 1017 644 1073 talia
672 1017 901 1085 diceret,
946 1018 1324 1076 Diocletianus
1350 1020 1463 1076 ait:
1516 1022 1670 1077 Tune

37 1124 107 1164 es
140 1106 532 1175 Sebastianus,
574 1123 737 1179 quem
782 1124 880 1163 nos
916 1107 1126 1164 dudum
1173 1109 1385 1180 sagittis
1419 1109 1672 1181 jussera-

42 1214 190 1253 mus
240 1195 536 1252 interﬁci?
583 1196 637 1252 S.
672 1195 1022 1252 Sebastianus
1064 1196 1245 1254 dixit:
1297 1199 1383 1254 Ad
1432 1198 1536 1255 hoc
1582 1215 1671 1257 me

38 1286 352 1341 Dominus
381 1301 535 1341 meus
563 1286 720 1341 Iesus
753 1284 1008 1343 Christus
1048 1286 1371 1343 resuscitare
1413 1288 1672 1361 dignatus

42 1383 162 1443 est,
203 1384 273 1431 ut
304 1374 630 1430 conveniam
662 1384 715 1431 et
743 1382 1017 1431 contester
1044 1393 1144 1432 vos
1169 1393 1352 1433 coram
1382 1379 1536 1434 omni
1563 1396 1672 1452 po—

44 1464 223 1536 pulo,
288 1462 498 1534 injuste
547 1461 761 1533 judicio
817 1464 1256 1534 persecutionem
1316 1473 1555 1522 vestram
1611 1467 1671 1523 in

46 1551 286 1610 Christi
317 1551 553 1607 famulos
580 1551 860 1609 ebullisse.

130 1641 235 1698 88.
278 1641 434 1697 Tunc
457 1639 624 1712 jussit
655 1657 780 1697 eum
812 1641 869 1696 in
897 1640 1264 1714 hippodromo
1312 1642 1428 1715 (21)
1478 1644 1671 1717 palatii

49 1730 226 1799 duci,
275 1738 332 1786 et
371 1738 479 1786 tam
510 1730 608 1786 diu
637 1731 888 1802 fustigari
940 1731 1080 1802 (22),
1139 1732 1385 1803 quandiu
1414 1733 1670 1805 spiritum

48 1819 383 1876 exhalaret.
434 1819 587 1874 Tunc
616 1819 864 1874 tulerunt
902 1836 1101 1891 corpus
1137 1819 1255 1891 ejus
1285 1830 1463 1888 nocte,
1513 1830 1567 1877 et
1616 1821 1673 1877 in

50 1909 318 1965 cloacam
376 1907 670 1964 Maximam
732 1907 848 1978 (23)
910 1907 1178 1964 miserunt
1240 1908 1519 1966 dicentes:
1595 1910 1674 1965 Ne

54 1998 217 2055 forte
258 1997 562 2056 Christiani
591 2014 716 2054 eum
755 1997 863 2054 sibi
897 2006 1200 2071 martyrem
1231 1998 1457 2057 faciant.
1518 2000 1675 2059 Tunc

314 2195 743 2278 Ubinbilfuerint
771 2195 970 2278 gradus
995 2195 1347 2278 Heliogabali,
1383 2196 1674 2278 sive‘Ela-

60 2265 296 2340 gabali;
336 2268 529 2340 colligi
552 2265 973 2340 _ex_Lampr_idio
1003 2273 1200 2340 potest,
1227 2266 1347 2340 qui
1390 2267 1449 2340 in
1487 2268 1674 2323 Anto-

60 2285 291 2340 gaoau;
344 2285 471 2323 com
513 2285 624 2321 lex
656 2285 973 2336 Lamprlum
1038 2285 1200 2332 etest,
1253 2285 1347 2337 qui
1390 2285 1449 2321 in
1487 2285 1674 2323 anto—

60 2341 215 2396 nino
250 2285 603 2410 Heliogagalo
637 2338 712 2393 ita
740 2336 967 2410 scribit:
1000 2285 1400 2410 Eleliogabalum
1427 2337 1484 2390 in
1515 2340 1677 2393 Pala-

68 2413 194 2466 tino
250 2408 444 2476 monte,
499 2408 669 2478 juxta
722 2409 856 2463 ardes
910 2408 1287 2478 imperatorias
1331 2410 1672 2476 comecravit,

68 2484 232 2562 eigue
258 2482 507 2562 templum
536 2479 775 2562 [θείμην
825 2480 883 2562 id
921 2496 1078 2562 ageps
1105 2496 1169 2561 pe
1197 2479 1315 2560 quis
1343 2481 1522 2561 Itomw

68 2550 190 2608 nisi
251 2550 625 2623 Heliogabalus
671 2551 969 2623 coleretur.
1019 2550 1194 2623 Hujus
1250 2550 1514 2607 nimirum
1587 2550 1676 2607 dei

70 2623 337 2681 sacerdos
365 2621 542 2679 fuerat
567 2622 883 2677 Antoninus
913 2621 1032 2676 ille.

156 2694 278 2765 (2i)
320 2693 508 2766 Aliqui
529 2693 764 2760 codices,
788 2691 1079 2766 epidromio
1100 2710 1114 2761 ;
1146 2691 1391 2766 quidam,
1414 2693 1675 2766 hypodro-

73 2764 194 2822 mio
221 2783 235 2828 ;
260 2764 381 2830 alii,
411 2764 578 2829 recte,
608 2764 995 2836 hippodromio.

157 2836 279 2905 (22)
321 2836 578 2892 Rabanus
605 2835 666 2891 et
688 2836 805 2901 alii,
838 2836 1104 2906 fatigari;
1148 2836 1243 2902 al.,
1274 2835 1503 2904 fustibus
1523 2835 1673 2892 caedi.

162 2907 283 2978 (23)
324 2909 403 2963 De
432 2906 635 2978 cloacis
665 2906 829 2978 Urbis
866 2908 1024 2977 plane
1067 2906 1406 2963 admirandis
1452 2908 1678 2964 consule

76 2977 493 3050 Baroniumin
535 2977 836 3050 Notat._ad
863 2979 1168 3050 Martyrol.
1217 2979 1285 3050 26
1322 2980 1499 3050 Aug;
1550 2980 1678 3035 An-

74 3048 606 3122 dreamgFgulvium,
644 3046 967 3118 Antiquitat.
1007 3046 1233 3122 Roman.
1277 3049 1372 3104 lib.
1420 3046 1507 3118 in,
1554 3066 1673 3122 cap.

75 3121 196 3186 30;
229 3120 489 3185 Plinium,
520 3119 617 3174 lib.
647 3135 846 3183 xxxvr,
877 3135 995 3190 cap.
1032 3120 1117 3175 15.

162 3190 283 3262 (24)
323 3189 590 3246 Brechtus
629 3199 683 3247 et
710 3189 956 3262 plerique
985 3191 1222 3258 codices,
1266 3192 1325 3246 in
1351 3207 1504 3247 unco.
1556 3192 1679 3247 Un-

78 3279 219 3319 cum
249 3261 396 3317 hunc
426 3277 541 3317 esse
568 3263 691 3317 vult
718 3261 1010 3334 Baronius,
1039 3279 1148 3334 quo
1166 3279 1241 3334 ac
1269 3264 1510 3334 cloacam
1542 3279 1676 3334 per-

78 3340 328 3405 tractum
358 3342 474 3389 erat
507 3333 765 3405 martyris
794 3350 1011 3405 corpus,
1055 3332 1118 3405 iit
1148 3333 1267 3389 ﬁeri
1293 3332 1517 3405 solitum
1544 3332 1678 3405 plu-

81 3404 247 3461 ribus
287 3411 534 3475 veterum
584 3404 916 3475 testimoniis
963 3404 1173 3475 probat.
1224 3404 1573 3475 Lampridius
1620 3405 1676 3459 in

80 3474 430 3534 Commodo:
489 3474 748 3545 Carnifex
778 3492 909 3530 unco
941 3474 1208 3543 trahatur,
1249 3474 1494 3543 carnifex
1519 3493 1681 3530 sena-

83 3555 175 3602 tus
204 3563 346 3601 more
376 3545 646 3615 majorum
673 3564 805 3601 unco
826 3548 1093 3601 trahatur.
1120 3549 1191 3603 Et
1216 3547 1274 3602 in
1305 3547 1674 3617 Heliogabalo:

81 3620 198 3675 Per
226 3619 425 3690 plateas
455 3624 653 3672 tractus
681 3624 755 3672 est
773 3618 1166 3690 sordidissimo,
1206 3636 1303 3690 per
1339 3620 1543 3673 cloacas
1568 3619 1681 3673 du-

82 3688 239 3757 ctus,
268 3694 315 3742 et
353 3688 409 3741 in
446 3689 673 3762 Tiberim
697 3689 985 3762 submissus
1012 3696 1103 3744 est.
1154 3688 1226 3744 At
1252 3706 1376 3762 cum
1412 3690 1681 3762 impactus

83 3767 236 3817 esset
264 3760 476 3840 corpori
507 3775 705 3840 uncus,
736 3760 830 3833 qui
859 3777 929 3840 ex
966 3777 1111 3840 unco
1140 3761 1455 3840 pendebat?
1484 3760 1680 3840 an_un-

84 3849 190 3891 cus
215 3830 505 3903 multiplex
534 3830 594 3887 in
623 3830 767 3900 uno,
804 3832 980 3887 veluti
1017 3830 1185 3906 quoe
1214 3833 1396 3904 puteis
1438 3832 1680 3904 profun-

1778 590 1860 639 est
1893 581 2056 653 juxta
2100 582 2331 650 circum,
2375 583 2624 640 invenies
2668 602 2867 657 corpus
2905 601 3084 641 meum
3138 584 3382 657 pendens

1777 671 1836 726 in
1867 670 2104 743 gompho
2136 672 2276 741 (24).
2308 673 2423 728 Hoc
2462 680 2525 727 tu
2553 672 2685 728 dum
2720 672 2992 730 levaveris
3020 673 3283 745 perduces
3311 672 3382 729 ad

1778 759 2124 815 catacumbas
2162 760 2280 831 (25)
2330 770 2383 816 et
2428 761 2659 833 sepelies
2696 761 2753 816 in
2792 762 2956 819 initio
2985 771 3193 834 crypta
3215 760 3381 833 juxta

1778 848 2008 920 vestigia
2042 849 2452 920 Apostolorum.

1848 938 1937 994 89.
1983 940 2137 995 Tunc
2176 940 2237 995 Β.
2271 940 2479 996 Lucina
2526 942 2643 1013 ipsa
2688 958 2784 1014 per
2823 958 2879 997 se
2906 957 3034 998 cum
3063 939 3238 996 servis
3265 940 3381 996 suis

1780 1027 1961 1083 medio
2011 1027 2190 1084 noctis
2241 1028 2399 1097 abiit,
2446 1039 2500 1086 et
2545 1031 2731 1086 levans
2776 1046 2901 1086 eum
2952 1028 3136 1100 posuit
3182 1028 3241 1083 in
3291 1045 3381 1100 pa-

1779 1134 1923 1173 vone
1971 1117 2088 1189 (26)
2146 1135 2266 1187 suo,
2325 1128 2379 1176 et
2438 1121 2701 1193 perduxit
2764 1120 2832 1177 ad
2881 1122 3062 1177 locum
3114 1119 3212 1176 ubi
3268 1119 3383 1192 ipse

1778 1205 2165 1278 imperaverat,
2196 1214 2251 1263 et
2280 1225 2407 1263 cum
2437 1210 2592 1265 omni
2625 1209 2919 1282 diligentia
2957 1208 3229 1281 sepelivit.
3261 1208 3384 1279 Ipsa

1783 1302 1966 1351 autem
2016 1305 2204 1352 sancta
2246 1297 2455 1354 Lucina
2495 1314 2605 1370 pax
2654 1315 2772 1355 xxx
2812 1299 2931 1355 dies
2966 1314 2998 1353 a
3043 1297 3164 1353 loco
3192 1303 3382 1353 sancto

1781 1385 1901 1458 ipso
1930 1402 2042 1442 non
2072 1386 2343 1444 discessit.

1850 1475 1941 1531 90.
1997 1476 2126 1530 Post
2175 1476 2487 1549 aliquantos
2532 1484 2715 1534 autem
2762 1493 2937 1533 annos
2985 1493 3082 1549 per
3119 1475 3381 1533 Ecclesiae

1782 1573 1864 1620 est
1909 1564 2124 1621 reddita
2154 1582 2165 1621 :
2197 1581 2318 1638 quas
2360 1566 2548 1622 statim
2596 1574 2659 1622 ut
2701 1566 2941 1623 Ecclesia
2969 1565 3197 1638 gloriam
3228 1564 3382 1638 pacis

1779 1655 2011 1725 accepit,
2063 1654 2291 1711 domum
2346 1671 2500 1710 suam
2556 1654 2688 1710 fecit
2742 1655 3027 1712 ecclesiam
3081 1654 3222 1726 (27).
3280 1652 3383 1710 Cui

1706 1766 1750 1826 Β
1779 1761 1971 1801 omnes
2016 1762 2144 1802 suas
2200 1762 2329 1817 opes
2357 1745 2426 1801 ad
2467 1744 2910 1802 Christianorum
2942 1747 3185 1818 requiem
3218 1745 3383 1801 relin-

1782 1850 1976 1906 quens,
2007 1835 2140 1891 fecit
2184 1835 2359 1907 ipsam
2407 1835 2707 1890 Ecclesiam
2751 1834 3018 1890 baeredem
3054 1834 3111 1889 in
3140 1833 3383 1901 Christo,

1783 1923 1880 1995 qui
1909 1938 2036 1980 cum
2062 1925 2175 1979 Deo
2202 1924 2359 1978 Patre
2386 1932 2441 1979 et
2464 1922 2676 1995 Spiritu
2706 1932 2893 1979 sancto
2918 1921 3145 1994 aequalis
3170 1921 3313 1976 vivit
3331 1927 3386 1977 et

1784 2018 1973 2085 regnat
1992 2011 2050 2067 in
2072 2011 2285 2068 unitate
2304 2011 2532 2066 virtutis
2550 2011 2607 2066 in
2625 2010 3384 2067 saaculaszeculorumAmen.
3400 2008 3419 2023 ⁴

1783 2202 2033 2259 dioribus
2078 2218 2199 2274 quae
2242 2200 2551 2274 inciderent
2578 2201 2869 2274 extrahere
2888 2217 3016 2274 mos
3052 2208 3162 2274 est;
3208 2200 3386 2272 sicqui

1784 2291 1943 2328 muro
1991 2272 2235 2328 fortassis
2284 2273 2419 2328 dens
2466 2290 2609 2328 unus
2657 2272 2909 2328 inﬁxus?
2955 2272 3259 2340 Veriorem,
3318 2288 3387 2328 ne

1788 2345 2052 2416 fallimur,
2085 2343 2373 2416 lectionem
2406 2343 2629 2416 quidam
2661 2344 2881 2399 codices
2924 2350 3386 2416 commonstrant,

1784 2416 1842 2470 in
1874 2414 2075 2486 quibus
2110 2415 2335 2484 gumpho
2380 2414 2439 2469 et
2478 2416 2679 2485 gonpho
2722 2416 3017 2486 scriptum.
3066 2414 3383 2486 Legendum

1783 2486 1842 2540 in
1887 2484 2126 2556 gompho.
2181 2486 2281 2539 Est
2334 2484 2541 2563 γόμφός,
2578 2484 2782 2540 θειαυαε
2829 2484 2917 2540 vel
2961 2484 3243 2554 junctum.
3301 2485 3384 2541 Ita

1784 2565 1985 2634 Satius,
2013 2582 2069 2621 ιν
2098 2566 2235 2621 Silv.
2272 2565 2339 2621 de
2373 2564 2465 2619 via
2492 2563 2806 2621 Domitiana
2839 2581 2851 2618 :

2033 2678 2178 2727 Tunc
2204 2677 2515 2727 umbonibus
2552 2679 2671 2725 hinc
2697 2686 2750 2725 et
2773 2678 2891 2725 hinc
2916 2676 3128 2734 coactis,

2037 2740 2104 2789 Et
2130 2741 2326 2789 crebris
2356 2740 2453 2788 iter
2473 2740 2687 2802 alligare
2716 2740 2974 2802 gomphis,

1784 2836 2050 2893 connexis
2079 2834 2465 2908 nimirum,ine
2484 2835 2934 2908 distorqueantur
2961 2844 3015 2891 et
3042 2834 3117 2908 ab
3138 2832 3380 2908 invicem

1785 2908 2143 2974 divellantur,
2202 2906 2494 2977 lapidibus.
2555 2905 2929 2962 Tertullianus
2982 2911 3039 2961 in
3092 2905 3376 2977 Apolog.:

1790 2980 2024 3035 Cervices
2065 2978 2311 3050 ponimus
2368 2985 2488 3033 ante
2541 2979 2835 3049 plumbum,
2896 2984 2942 3033 et
2989 2977 3274 3050 glutinum,
3337 2980 3386 3030 et

1786 3049 2072 3131 gomphos.
2108 3049 2430 3131 Franciseus
2444 3050 2769 3131 “Zephyrus
2821 3049 3238 3131 Pa‘rapbrastes‘
3270 3063 3379 3130 ma:

1710 3113 1754 3173 C
1784 3113 1934 3193 fore}
1976 3123 2152 3176 clavos
2196 3121 2399 3177 reddit.
2444 3113 2654 3193 Eadem
2678 3113 2978 3193 voxinfra.
3002 3120 3061 3175 in
3089 3119 3143 3174 S.
3179 3117 3383 3193 Thyrsi

1786 3190 2078 3264 martyrio.
2116 3193 2215 3248 Hic
2245 3209 2374 3263 ergo
2407 3192 2657 3248 eminens
2687 3192 2898 3273 uspiam
2928 3207 2957 3247 e
2982 3206 3140 3245 muro
3170 3190 3380 3270 clavus,

1786 3264 2025 3343 aliudve.
2061 3263 2456 3343 ferramentum
2510 3263 2797 3343 firmandus
2846 3262 3124 3334 lapidibus
3164 3259 3383 3316 adhibi-

1784 3344 1903 3391 tum
1935 3334 2157 3389 videtur
2184 3334 2381 3389 debere
2413 3334 2668 3403 intelligi.

1861 3406 1977 3477 (25)
2024 3408 2102 3477 De
2156 3405 2491 3461 catacumbis
2544 3402 2629 3459 vel
2679 3402 3017 3477 catacumbis
3059 3402 3175 3477 legi
3208 3407 3387 3473 potest

1787 3474 2057 3533 Baronius
2087 3476 2145 3531 in
2176 3478 2322 3531 notis
2348 3476 2415 3532 de
2443 3476 2726 3533 Martvrol.
2762 3476 2795 3531 3
2824 3475 2945 3530 Jan.
2977 3481 3030 3530 et
3055 3474 3124 3530 20
3148 3474 3298 3529 Jan..

1861 3548 1977 3617 (26)
2028 3549 2141 3616 Αι.,
2184 3548 2499 3618 papilione;
2550 3544 2648 3614 al.,
2690 3563 2927 3618 pagane;
2972 3547 3119 3618 Sur.,
3148 3544 3387 3615 pilento;

1787 3620 1974 3691 sicque
2010 3617 2297 3691 legendum
2348 3618 2633 3676 contendit
2670 3617 2991 3691 Monachus.
3042 3617 3385 3691 I_)e_pavorte,

1788 3685 1904 3746 sive
1930 3685 2169 3817 gramine,
2201 3691 2414 3763 egimus
2473 3691 2539 3747 16
2583 3691 2704 3745 Jan.
2734 3689 2801 3745 ad
2833 3689 3003 3744 vitam
3046 3688 3102 3744 S.
3142 3685 3387 3743 Marcelli

1788 3778 1905 3817 can.
1973 3806 1983 3816 .

1787 3779 1905 3817 Οὸῐ).
1930 3779 1983 3817 ἱ).

2013 3833 2092 3887 De
2124 3830 2228 3888 hac
2255 3848 2314 3888 re
2353 3833 2535 3905 agitur
2564 3832 2625 3888 in
2653 3830 2847 3887 eadem
2879 3830 2933 3886 S.
2977 3826 3221 3886 Marcelli
3256 3827 3392 3885 Vita

2196 4004 2299 4011 —_

3106 4014 3391 4027 ———-—

1538 4203 1781 4270 LIBER
1838 4201 1949 4267 DE

298 4370 1021 4521 VITIORUM
1136 4372 2212 4546 VIRTUTUMQUE
2321 4374 3175 4543 CONFLICTU,

1086 4624 1253 4710 AD

610 4977 837 5036 CAPUT
875 4979 1171 5039 PRIMUM.

174 5064 484 5138 Apostolica
530 5082 643 5121 vox
691 5067 892 5124 clamat
942 5084 1039 5140 per
1075 5070 1289 5141 orbem,
1344 5071 1687 5145 charissime,

102 5167 263 5229 atque
290 5154 346 5209 in
376 5153 667 5225 procinctu
696 5155 825 5210 ﬁdei
863 5157 1081 5228 positis,
1141 5176 1207 5215 ne
1244 5161 1535 5218 securitate
1562 5172 1688 5220 tor-

104 5250 284 5318 peant,
334 5240 511 5297 dicit:
586 5268 603 5289 ι
646 5243 849 5301 Omnes
892 5246 987 5319 qui
1029 5246 1115 5318 pie
1160 5248 1357 5305 volunt
1397 5253 1585 5307 vivere
1629 5251 1688 5307 in

107 5332 318 5392 Christo
375 5331 524 5398 Jesu,
579 5333 1013 5403 persecutionem
1074 5336 1354 5407 patientur
1409 5339 1499 5410 (II
1553 5339 1685 5396 Tim.

108 5440 191 5490 ιιι,
238 5420 344 5491 12).
392 5444 409 5466 ι
473 5420 680 5477 Verum
715 5422 844 5495 quia
877 5422 981 5478 hoc
1013 5431 1257 5497 tempore
1300 5427 1689 5485 Christianitas

109 5510 265 5567 etiam
294 5509 351 5564 in
379 5508 496 5565 suis
524 5509 867 5582 principibus
890 5511 1006 5583 jam
1037 5513 1293 5586 religiosa
1319 5523 1421 5585 est,
1464 5516 1689 5591 jamque

114 5598 359 5656 ﬁdelibus
386 5597 586 5656 desunt
612 5599 703 5672 pie
732 5600 1054 5662 viventibus
1080 5603 1141 5662 in
1172 5604 1392 5665 Christo
1424 5606 1553 5666 Jesu
1571 5608 1691 5665 vin-

1351 4626 2400 4716 SIMPLICIANUM.

1711 4989 1761 5049 D
1796 4987 1941 5056 cula,
1970 4985 2216 5055 verbera,
2255 4986 2443 5059 ﬂagra,
2494 5000 2758 5055 carceres,
2806 4986 3053 5061 equulei,
3092 5003 3305 5059 cruces,
3335 4996 3390 5045 et

1798 5075 1844 5131 si
1874 5092 1982 5148 qua
2012 5082 2142 5131 sunt
2173 5075 2281 5132 alia
2308 5075 2527 5132 diversa
2555 5082 2961 5132 tormentorum
2991 5093 3189 5148 genera
3213 5098 3224 5136 :
3258 5094 3390 5152 quo-

1797 5162 1963 5220 modo
1989 5179 2180 5219 verum
2216 5163 2322 5220 erit
2368 5163 2539 5235 (dicet
2585 5163 2734 5236 quis)
2766 5164 2913 5237 quod
2942 5181 3038 5237 per
3068 5167 3390 5237 Apostolum

1796 5254 2006 5323 sonuit,
2037 5263 2099 5311 ut
2144 5270 2335 5311 omnes
2374 5254 2461 5328 pie
2517 5254 2768 5310 viventes
2809 5255 3245 5327 persecutionem
3302 5273 3391 5328 pa-

1796 5343 2046 5400 tiantur?
2092 5346 2180 5399 An
2234 5343 2376 5400 forte
2422 5344 2572 5415 pacis
2635 5351 2875 5415 tempore
2927 5360 3090 5400 nemo
3130 5345 3254 5400 vult
3304 5345 3393 5417 pie

1796 5431 1986 5488 vivere
2035 5432 2093 5488 in
2142 5432 2364 5490 Christo
2411 5434 2558 5501 Iesu,
2590 5440 2644 5489 et
2682 5432 2807 5489 ideo
2843 5432 3042 5489 desunt
3078 5433 3230 5489 ista?
3259 5433 3395 5500 Quis

1797 5518 1905 5575 hoc
1966 5520 2129 5577 modo
2185 5522 2273 5576 vel
2331 5521 2608 5593 desipiens
2667 5520 2923 5577 dixerit?
2978 5522 3041 5576 In
3098 5521 3203 5577 hac
3265 5537 3393 5593 ergo

1796 5609 2049 5683 Apostoli
2088 5610 2363 5669 sententia
2405 5627 2516 5667 non
2573 5609 2827 5687 specialis
2873 5608 3258 5683 quorumdam,
3298 5609 3389 5666 sed
