3880 6204
477 281 608 337 1151

1500 272 1595 328 AD
1634 269 1868 326 OPERA
1907 268 1961 324 S.
2007 263 2339 322 AMBROSII
2375 259 2757 318 APPENDIX.

3664 252 3784 309 1152

476 407 743 483 generalis
789 404 1038 462 omnium
1095 399 1404 475 persecutio
1451 397 1614 454 debet
1676 393 1931 465 intelligi.
1994 394 2065 448 Et
2093 396 2140 454 A
2171 392 2302 462 (Isa.
2337 406 2457 454 xxv,
2495 388 2586 460 12)
2618 388 2646 443 ?
2695 383 2856 483 Quod
2901 384 2946 439 si
2991 381 3086 438 ille
3127 381 3390 483 detenta
3431 375 3785 483 ‘sublixnitate

474 498 732 573 quoniam
784 504 912 552 sunt
954 492 1116 547 multi
1162 491 1307 545 intra
1348 490 1531 545 sinum
1577 485 1770 541 matris
1811 483 2070 540 Ecclesiae

474 587 788 655 constituti,
823 585 915 658 qui
946 583 1035 655 pie
1063 582 1314 636 viventes
1358 579 1417 633 in
1445 576 1687 638 Christo.
1721 573 2072 629 contumeliis

472 680 812 742 afﬁciuntur,
877 690 938 728 ac
1012 667 1369 726 amarulentis
1435 665 1767 737 opprobriis,
1827 661 2068 734 injuriis,

476 766 938 833 irrisionibusque
969 761 1312 815 lacessuntur
1347 775 1357 811 :
1392 755 1566 810 istane
1593 761 1674 809 est
1704 753 1798 807 illa
1839 767 2072 823 genera-

475 860 565 925 lis,
598 853 833 926 inquiet,
871 845 1199 920 persecutio,
1238 861 1398 917 quam
1433 843 1730 914 Apostolus
1771 856 1961 895 omnes
1987 839 2073 910 pie

474 948 725 1001 viventes
782 941 838 995 in
889 937 1110 996 Christo
1158 936 1268 1007 pati
1316 933 1651 1006 descripsit?
1700 932 1904 987 Verum
1962 945 2073 985 non

475 1036 634 1091 istam
666 1031 828 1088 facile
861 1028 1098 1084 dixerim
1135 1045 1145 1080 :
1179 1040 1303 1081 cum
1326 1025 1445 1102 sint
1485 1022 1707 1095 quidam
1742 1021 1799 1076 in
1831 1018 2075 1075 Ecclesia

473 1127 608 1184 adeo
667 1121 874 1188 devoti,
933 1117 1135 1191 quibus
1190 1133 1352 1172 nemo
1417 1128 1711 1187 pravorum
1765 1111 1963 1167 audeat
2017 1111 2076 1164 in

474 1215 670 1274 faciem
739 1212 1018 1284 derogare.
1076 1208 1202 1265 Alia
1252 1222 1380 1277 ergo
1446 1221 1515 1260 ex
1571 1200 1822 1275 Apostoli
1893 1199 2077 1255 verbis

477 1301 833 1377 intelligenda
897 1308 980 1356 est
1043 1296 1351 1372 persecutio
1414 1293 1713 1350 immanior
1781 1300 1834 1348 et
1902 1292 2073 1362 magis

475 1397 670 1462 noxia,
700 1409 864 1467 quam
913 1406 1023 1450 non
1055 1387 1307 1444 mortalis
1349 1387 1628 1458 intorquet
1669 1384 1952 1450 severitas,
1983 1383 2078 1438 sed

476 1486 742 1544 vitiorum
777 1480 951 1555 gignit
979 1477 1301 1534 adversitas.
1326 1478 1468 1532 Dum
1490 1474 1638 1531 enim
1665 1479 1858 1528 contra
1888 1471 2074 1526 humi-

478 1578 708 1642 litatem,
758 1569 1045 1642 superbia;
1095 1576 1287 1624 contra
1317 1566 1540 1622 Domini
1579 1565 1858 1632 timorem,
1893 1561 2072 1621 inanis

479 1667 693 1741 gloria;
741 1669 934 1720 contra
961 1675 1146 1716 veram
1197 1657 1542 1729 religionem,
1573 1655 1894 1722 simulatio;
1936 1670 2079 1710 con—

2178 497 2273 553 per
2320 477 2630 550 superbiam
2674 473 2893 541 cecidit,
2939 469 3215 544 quomodo
3260 476 3324 524 tu
3381 467 3456 522 ad
3517 467 3782 524 caelestem

2178 568 2557 626 celsitudinem
2585 563 2948 638 superbiendo
2985 562 3052 617 de
3082 560 3210 617 imis
3239 557 3604 616 conscendes
3627 559 3654 613 ?
3706 563 3782 631 qui

2181 657 2425 731 quandiu
2467 655 2558 711 hic
2600 646 2768 720 vivis,
2811 670 2873 709 ea
2906 650 3226 708 conditione
3269 647 3513 714 teneris,
3571 647 3646 702 de
3696 664 3784 720 qua

2182 763 2276 819 per
2305 747 2612 817 Sapientem
2643 743 2848 799 dicitur
2873 759 2883 797 :
2938 766 2955 787 ι
2988 738 3370 810 Corruptibile
3399 738 3565 793 enim
3607 754 3786 807 corpus

2182 843 2438 909 aggravat
2493 833 2754 898 animam,
2813 839 2866 886 et
2922 837 3112 885 onerat
3162 835 3388 883 terrena
3453 825 3786 883 inhabitatio

2185 933 2422 982 mentem
2465 924 2638 979 multa
2669 921 2999 992 cogitantem
3053 919 3208 989 (Sap.
3242 933 3324 984 xx,
3373 916 3498 986 15).
3536 940 3556 964 ι
3624 915 3788 983 Quam

2184 1013 2528 1072 densissimis
2591 1019 2842 1084 putamus
2902 1009 2958 1063 in
3012 1015 3157 1062 terra
3208 1005 3498 1078 superbiae
3553 1006 3792 1062 tenebris

2186 1107 2361 1162 lutum
2397 1109 2643 1158 nostrum
2676 1098 2888 1154 involvi
2940 1098 3073 1168 (Isa.
3109 1111 3264 1164 Lxxv,
3294 1095 3378 1164 8),
3429 1095 3481 1150 si
3525 1096 3717 1167 potuit
3745 1098 3793 1150 in

2185 1196 2322 1253 cmlo
2352 1193 2526 1260 stella,
2573 1207 2694 1263 quae
2725 1204 2883 1244 mane
2918 1186 3218 1256 oriebatur,
3267 1185 3411 1241 lucis
3450 1201 3573 1240 suae
3605 1187 3794 1256 globos

2186 1285 2438 1342 amittere
2488 1283 2621 1353 (Isa.
2656 1296 2774 1347 xxv,
2811 1277 2954 1349 i2)?
3003 1275 3149 1332 Audi
3198 1293 3328 1347 ergo
3371 1276 3571 1347 potius
3621 1276 3793 1332 lucem

2187 1375 2437 1433 veritatis
2474 1373 2783 1428 dicentem:
2842 1393 2860 1416 ι
2890 1367 2998 1434 Qui
3040 1366 3290 1438 sequitur
3332 1381 3441 1433 me,
3505 1382 3627 1421 non
3674 1382 3796 1420 am-

2191 1467 2342 1522 bulat
2370 1466 2428 1520 in
2458 1460 2716 1528 tenebris,
2737 1457 2831 1515 sed
2857 1457 3082 1513 habebit
3103 1457 3290 1511 lumen
3319 1455 3454 1510 vitae
3475 1455 3792 1525 (Joan.vxtx,

2193 1556 2303 1626 12).
2337 1579 2355 1603 ι
2410 1554 2472 1609 In
2521 1568 2629 1624 quo
2682 1557 2862 1605 autem
2918 1547 3033 1619 ipsa
3089 1555 3230 1602 esset
3287 1545 3604 1618 sequenda,
3669 1547 3793 1602 alibi

2191 1641 2540 1718 przemonuit,
2590 1640 2812 1696 dicens:
2878 1662 2897 1685 ε
2935 1635 3144 1693 Discite
3198 1652 3227 1691 a
3286 1653 3395 1704 me,
3452 1637 3596 1708 quia
3651 1636 3793 1692 mitis

479 1723 564 1818 ira
605 1755 1053 1821 submissionem,
1095 1750 1296 1817 elatio;
1343 1757 1534 1805 contra
1582 1748 1876 1804 fraternam
1925 1745 2076 1802 dile—
2107 1756 2152 1816 Β
2190 1751 2308 1791 sum
2346 1740 2399 1788 et
2429 1729 2659 1821 humilis
2686 1726 2868 1821 99rd?,
2919 1734 2973 1782 εἰ
3015 1724 3314 1821 ξῐξῖθηίθῑξδ
3362 1723 3628 1821 requiem
3674 1723 3794 1779 ani-

477 1850 742 1916 ctionem,
769 1843 981 1902 invidia
1005 1860 1018 1910 ;
1041 1848 1233 1899 contra
1257 1839 1602 1905 charitatem,
1627 1838 1852 1904 odium;
1885 1843 2077 1892 contra

478 1942 790 2000 libertatem
846 1934 1008 2007 justze
1074 1929 1452 1995 correctionis,
1512 1927 1817 1994 detractio;
1882 1934 2075 1982 contra

480 2028 826 2105 patientiam,
864 2024 976 2091 ira;
1019 2029 1210 2078 contra
1239 2017 1741 2085 mansuetudinem,
1771 2017 2066 2089 asperitas;

478 2128 673 2179 contra
718 2115 986 2173 humilem
1027 2110 1406 2175 dilectionem,
1438 2115 1660 2173 tumor;
1695 2113 1888 2162 contra
1915 2105 2073 2177 spiri-

478 2212 586 2268 tale
643 2206 927 2281 gaudium,
992 2201 1181 2258 saaculi
1241 2197 1501 2264 tristitia;
1577 2205 1771 2277 contra
1848 2196 2074 2251 virtutis

479 2298 830 2363 exercitium,
888 2302 1082 2366 torpor
1135 2291 1224 2346 vel
1285 2288 1544 2361 ignavia;
1603 2296 1798 2343 contra
1859 2285 2072 2341 firmam

480 2388 862 2453 stabilitatem,
932 2381 1178 2456 inquieta
1226 2379 1496 2452 vagatio;
1567 2385 1762 2433 contra
1815 2375 2072 2432 ﬁduciam

481 2479 618 2554 spei,
651 2474 994 2548 desperatio;
1028 2481 1221 2530 contra
1258 2468 1452 2525 mundi
1494 2473 1895 2538 contemptum,
1926 2465 2076 2538 cupi-

481 2570 658 2634 ditas;
709 2573 902 2623 contra
940 2564 1037 2620 Dei
1071 2577 1334 2629 amorem,
1364 2575 1518 2615 amor
1546 2557 1836 2629 proprius;
1887 2563 2078 2612 contra

483 2657 922 2731 simplicitatem,
964 2654 1172 2710 furtum
1215 2659 1270 2706 et
1309 2649 1497 2715 fraus;
1538 2653 1730 2704 contra
1765 2645 2074 2708 veritatem,

487 2749 704 2804 fallacia
735 2753 898 2817 atque
929 2742 1272 2799 mendacium
1300 2758 1313 2808 ;
1351 2747 1544 2796 contra
1572 2752 1764 2810 puram
1796 2734 2076 2805 frugalita-

483 2845 593 2894 tem
656 2852 721 2890 ac
776 2832 1194 2906 parcimoniam,
1250 2830 1459 2884 ventris
1529 2827 1833 2899 ingluvies;
1889 2831 2080 2880 contra

483 2926 827 2982 moderatum
859 2937 1170 2986 mmrorem,
1197 2920 1380 2989 inepta
1403 2918 1631 2985 laetitia;
1665 2923 1854 2972 contra
1879 2914 2078 2969 discre-

482 3023 596 3071 tam
624 3011 1076 3078 taciturnitatem,
1105 3009 1520 3081 multiloquium
1545 3028 1559 3076 ;
1593 3017 1782 3065 contra
1810 3005 2077 3062 illibatam

484 3104 811 3170 castitatem,
841 3101 1026 3158 carnis
1066 3099 1421 3156 immunditia
1468 3107 1630 3172 atque
1663 3100 1916 3166 luxuria;
1949 3116 2079 3155 con.
2111 3119 2160 3184 ρ

484 3201 569 3250 tra
599 3191 783 3251 cordis
825 3190 1181 3259 munditiam,
1213 3189 1479 3262 spiritalis
1525 3189 1854 3256 fomicatio;
1887 3199 2080 3245 contra

483 3300 728 3341 amorem
796 3281 986 3356 patriae
1041 3280 1299 3347 caelestis,
1354 3280 1625 3353 appetitus
1671 3278 1835 3352 hujus
1893 3280 2079 3336 saeculi

482 3389 791 3446 opponens,
830 3379 1002 3428 semet
1045 3372 1304 3444 emergit;
1357 3369 1475 3427 hanc
1507 3370 1782 3443 (inquam)
1814 3386 1938 3426 cum
1971 3369 2078 3424 vir-

480 3465 696 3520 tutibus
745 3465 1010 3520 obsistere
1051 3472 1342 3529 conantur,
1374 3463 1507 3534 quid
1552 3463 1702 3518 aliud
1733 3461 1893 3518 nobis
1934 3462 2081 3517 insi-

482 3559 680 3616 nuant,
725 3566 890 3622 quam
953 3550 1100 3622 quod
1145 3551 1387 3605 crudelis
1431 3550 1692 3605 adversus
1731 3551 2080 3622 conglobatas

481 3638 755 3693 virtutum
803 3636 946 3692 acies
979 3637 1068 3709 pie
1095 3637 1407 3692 viventium
1439 3640 1746 3709 persecutio
1775 3640 2080 3696 desaeviat?

365 3795 380 3804 ο
483 3730 527 3787 Ο
577 3745 739 3802 quam
787 3729 977 3797 durus,
1011 3746 1044 3784 o
1087 3745 1249 3802 quam
1293 3745 1510 3785 amarus
1539 3737 1620 3785 est
1647 3745 1968 3802 congressus
1994 3749 2081 3788 su-

483 3820 723 3896 perbiae!
783 3837 903 3895 quae
965 3821 1186 3892 angelos
1248 3820 1316 3877 de
1362 3820 1500 3876 cmlo
1556 3819 1716 3892 ejecit
1767 3822 1901 3892 (Iaa.
1962 3840 2078 3895 xxv,

486 3915 695 3986 12-14),
740 3915 1024 3972 hominem
1071 3914 1322 3987 paradiso
1359 3913 1670 3970 eliminavit
1712 3915 1866 3986 (Gen.
1909 3935 1990 3986 xxx,
2024 3919 2076 3986 5,

481 4006 549 4075 6,’
585 4006 702 4076 23),
751 4005 910 4079 cujus
948 4007 1226 4063 exercitus
1264 4015 1426 4080 atque
1473 4022 1751 4062 armorum
1791 4008 2082 4065 conﬂictus

484 4095 620 4150 vitia
668 4103 816 4163 sunt,
867 4112 988 4168 quze
1037 4095 1282 4152 breviter
1327 4095 1722 4168 comprehensa
1776 4098 2078 4170 tetigimus.

487 4183 591 4238 Sed
621 4184 910 4240 videamus
940 4185 1405 4257 quemadmodum
1433 4194 1610 4242 castra
1633 4187 1758 4244 coeli
1797 4196 1850 4244 et
1879 4189 2079 4246 inferni

485 4270 774 4340 dimicent,
809 4289 962 4329 arma
988 4275 1193 4331 Christi
1224 4283 1278 4329 et
1306 4275 1512 4332 diaboli
1542 4277 1839 4335 decertent.

1110 4411 1339 4468 CAPUT
1378 4416 1447 4470 II.

875 4507 1123 4567 Primum
1151 4510 1400 4581 superbia
1432 4511 1525 4566 tibi
1553 4512 1681 4568 dicit
1705 4530 1722 4568 :

556 4627 717 4684 Certe
768 4625 981 4694 multis,
1039 4625 1152 4681 imo
1206 4641 1344 4697 pene
1399 4626 1658 4684 omnibus
1708 4647 1720 4684 :
1769 4630 1964 4687 Melior
2005 4650 2083 4704 es,

486 4717 675 4785 verbo,
707 4715 961 4784 scientia,
996 4713 1300 4772 honoribus
1330 4724 1386 4772 et
1415 4716 1649 4786 divitiis,
1678 4725 1732 4773 et
1757 4729 1955 4777 cuncta
1981 4722 2085 4778 tibi

486 4808 730 4866 carnalia
771 4815 826 4864 et
870 4807 1142 4881 spiritalia
1188 4816 1487 4882 suppetunt
1531 4808 1861 4868 charismata
1894 4833 1904 4870 :
1936 4831 2086 4871 cun-

484 4905 602 4955 ctos
629 4913 758 4970 ergo
786 4897 1024 4972 despice,
1057 4897 1315 4955 omnibus
1358 4899 1709 4973 temetipsum
1747 4903 2084 4976 superiorem

485 4987 734 5045 ostende.

798 5084 1093 5142 Humilitas
1120 5102 1186 5142 ex
1221 5086 1444 5143 adverso
1470 5089 1745 5161 respondet
1779 5107 1790 5144 :

560 5196 838 5256 Memento
866 5196 996 5271 quia
1023 5205 1169 5254 terra
1196 5214 1253 5254 es
1279 5198 1433 5270 (Gen.
1462 5214 1544 5267 xxx,
1571 5199 1683 5270 19),
1708 5198 1836 5272 quia
1855 5196 2087 5271 putredo

485 5295 540 5343 et
586 5287 791 5344 vermis
838 5303 896 5342 es
942 5287 1064 5359 (Job
1100 5302 1237 5356 xxv,
1265 5287 1345 5360 6),
1380 5288 1508 5361 quia
1550 5295 1604 5343 et
1650 5289 1696 5343 si
1747 5286 1958 5362 aliquid
2008 5303 2086 5357 es,

495 5379 604 5435 nisi
633 5386 849 5434 tantum
880 5386 933 5434 te
954 5377 1235 5448 humilies,
1261 5386 1530 5453 quantum
1553 5375 1782 5450 magnus
1811 5395 1868 5434 es
1895 5378 2084 5450 (Eccli.

489 5487 572 5538 xxx,
620 5470 738 5542 20),
768 5468 954 5542 perdis
981 5469 1209 5526 omnino
1241 5469 1388 5543 quod
1434 5486 1510 5525 es.
1536 5469 1801 5542 Nunquid
1839 5478 1900 5526 tu
1927 5468 2090 5525 altior

495 5573 661 5627 quam
689 5558 903 5630 primus
931 5558 1156 5629 angelus
1187 5559 1404 5632 (Eczeh.
1434 5575 1638 5625 xxvxxx,
1671 5559 1853 5629 12-16)
1878 5559 1906 5614 ?
1927 5559 2091 5615 Nun—

499 5646 631 5724 quid
678 5655 740 5702 tu
770 5644 1112 5722 splendidior
1141 5648 1200 5706 in
1227 5660 1373 5706 terra
1400 5664 1565 5726 quam
1603 5648 1824 5706 Lucifer
1859 5650 1916 5708 in
1952 5648 2090 5707 coelo

2184 1823 2377 1879 mabus
2405 1820 2602 1876 vestris
2659 1818 2872 1891 (Matth.
2904 1833 2984 1882 xx,
3013 1814 3128 1886 29).
3163 1837 3180 1860 ι
3255 1811 3428 1874 Audi,
3465 1822 3671 1868 tumor
3696 1831 3793 1868 su-

2183 1912 2412 1985 perbiai:
2469 1907 2598 1964 audi
2653 1905 2837 1962 adhuc
2888 1902 3160 1960 dicentem
3217 1901 3562 1958 humilitatis
3627 1904 3791 1976 magi-

2183 2012 2356 2059 strum
2381 2018 2392 2056 :
2430 2023 2449 2047 ε
2475 1996 2672 2055 Omnis
2701 1995 2796 2068 qui
2828 2011 2885 2050 se
2904 1994 3130 2058 exaltat,
3160 1991 3596 2060 humiliabitur;
3626 2001 3684 2048 et
3707 1995 3795 2067 qui

2182 2109 2238 2148 se
2268 2087 2548 2158 humiliat,
2573 2085 3083 2154 exaltabitur(Luc.
3117 2101 3239 2150 xxv,
3276 2084 3436 2154 ii);-
3481 2091 3788 2138 ettternm:

2196 2205 2214 2229 ι
2245 2180 2418 2251 Super
2448 2193 2609 2250 quem
2653 2175 2952 2248 requiescit
2982 2173 3209 2245 spiritus
3248 2189 3417 2240 meus,
3468 2173 3584 2228 nisi
3631 2190 3792 2245 super

2183 2271 2454 2327 humilem
2485 2275 2540 2323 et
2571 2266 2819 2340 quietum
2860 2273 2914 2322 et
2952 2270 3281 2320 trementem
3309 2278 3600 2318 sermones
3645 2280 3793 2319 meos

2188 2362 2321 2431 (Isa.
2356 2375 2510 2426 vax,
2539 2356 2597 2428 2)
2631 2357 2660 2412 Ῠ
2687 2379 2705 2403 ι
2751 2353 2900 2411 Audi
2941 2353 3074 2428 quid
3104 2353 3270 2408 etiam
3300 2351 3369 2407 de
3403 2352 3503 2407 illa
3534 2353 3791 2411 veritatis

2185 2452 2307 2506 luce
2341 2448 2491 2504 dicat
2532 2446 2848 2518 Apostolus,
2904 2443 2996 2516 qui
3056 2452 3108 2499 te
3163 2441 3235 2498 ad
3286 2458 3408 2496 eam
3470 2444 3788 2500 sectandam

2186 2539 2404 2596 invitat.
2455 2537 2552 2594 Ait
2579 2537 2757 2592 enim:
2825 2558 2843 2580 ι
2886 2533 2992 2600 Qui
3022 2548 3149 2588 cum
3190 2532 3246 2586 in
3279 2531 3466 2587 forma
3498 2535 3599 2589 Dei
3633 2541 3784 2602 esset,

2185 2647 2298 2687 non
2340 2628 2586 2701 rapinam
2618 2625 2913 2682 arbitratus
2943 2632 3024 2680 est
3065 2639 3179 2678 esse
3223 2639 3281 2678 se
3319 2624 3593 2695 aequalem
3630 2626 3741 2680 Deo
3771 2644 3781 2678 :

2186 2719 2276 2776 sed
2309 2719 2661 2789 semetipsum
2693 2713 3028 2782 exinanivit,
3054 2713 3288 2768 formam
3316 2713 3468 2767 servi
3493 2714 3784 2786 accipiens,

2187 2811 2241 2866 in
2269 2807 2693 2866 similitudinem
2720 2804 3012 2862 hominum
3034 2802 3231 2868 factus,
3256 2810 3310 2858 et
3327 2802 3516 2873 specie
3538 2810 3784 2874 repertus

2186 2907 2248 2954 ut
2279 2897 2466 2954 homo.
2517 2894 2850 2952 Humiliavit
2884 2891 3266 2963 semetipsum,
3311 2891 3498 2946 fastus
3525 2890 3783 2947 obediens

2185 3006 2357 3064 usque
2387 2987 2456 3044 ad
2487 2994 2741 3053 mortem,
2762 2991 2994 3040 mortem
3020 2990 3202 3037 autem
3232 2981 3423 3037 crucis
3455 2983 3784 3054 (Philippa,

2188 3079 2326 3152 6-8).
2351 3103 2368 3126 ι
2411 3079 2468 3136 Si
2496 3077 2666 3150 igitur
2688 3082 2841 3130 tanta
2865 3072 3185 3129 humilitate
3213 3087 3272 3127 se
3301 3071 3573 3143 deprimit
3602 3071 3790 3126 divina

2189 3169 2463 3243 majestas,
2517 3164 2799 3240 superbire
2837 3163 2896 3219 in
2934 3162 3120 3234 aliquo
3163 3176 3280 3216 non
3334 3158 3506 3216 debet
3549 3159 3786 3216 humana

2188 3261 2502 3322 inﬁrmitas.
2949 3289 2972 3308 ρ

2796 3352 3025 3411 CAPUT
3064 3351 3158 3407 IlI.

2686 3451 2874 3510 Inanis
2899 3449 3076 3522 gloria
3106 3448 3265 3504 dicit:

2258 3557 2371 3627 Age
2401 3555 2609 3610 bonum
2641 3550 2787 3625 quod
2816 3548 3000 3615 vales;
3053 3544 3283 3603 ostende
3323 3546 3556 3601 cunctis
3585 3544 3781 3602 bonum

2188 3645 2335 3719 quod
2373 3644 2488 3718 agis
2517 3651 2578 3699 ut
2610 3642 2788 3698 bonus
2817 3657 2847 3696 a
2875 3638 3091 3695 cunctis
3118 3635 3346 3704 dicaris,
3382 3643 3448 3691 ut
3477 3647 3700 3693 sanctus
3726 3654 3783 3693 ac

2188 3733 2522 3792 venerabilis
2553 3731 2620 3787 ab
2651 3729 2909 3787 omnibus
2938 3725 3280 3800 praediceris,
3303 3733 3368 3781 ut
3394 3733 3663 3798 tanquam
3693 3726 3782 3782 Dei

2188 3829 2395 3883 electus
2441 3823 2720 3888 noscaris;
2765 3827 2826 3874 ut
2855 3835 3017 3874 nemo
3049 3825 3100 3873 te
3132 3823 3475 3882 contemnat,
3529 3831 3692 3871 nemo
3735 3822 3782 3869 te

2188 3914 2488 3987 despiciat:
2545 3911 2641 3968 sed
2670 3908 2914 3967 universi
2947 3906 3198 3964 debitum
3231 3905 3332 3962 tibi
3368 3905 3639 3962 honorem
3669 3919 3773 3976 per

2189 4007 2430 4062 solvant.

2588 4098 2772 4155 Timor
2817 4095 3033 4152 Domini
3078 4093 3395 4166 respondet:

2262 4203 2318 4259 Si
2343 4198 2476 4256 boni
2507 4195 2718 4270 aliquid
2744 4193 2879 4266 agis,
2903 4209 3014 4249 non
3042 4209 3142 4265 pro
3173 4193 3535 4262 transitoriis,
3558 4192 3654 4249 sed
3683 4209 3776 4266 pro

2191 4290 2408 4349 aeternis
2448 4286 2505 4343 id
2556 4283 2860 4342 honoribus
2900 4299 3015 4355 age.
3066 4281 3298 4338 Occulta
3348 4281 3496 4354 quod
3537 4282 3673 4354 agis,
3730 4283 3781 4336 in

2190 4387 2457 4457 quantum
2488 4378 2640 4433 vales
2667 4392 2678 4430 :
2738 4372 2884 4447 quod
2913 4370 2959 4428 si
2989 4387 3062 4428 ex
3091 4377 3206 4428 toto
3237 4387 3351 4428 non
3382 4371 3557 4438 vales,
3621 4370 3694 4427 sit
3730 4371 3786 4425 in

2111 4482 2164 4542 D
2195 4473 2380 4531 animo
2399 4467 2714 4527 occultandi
2743 4467 3020 4532 voluntas,
3062 4471 3115 4520 et
3145 4473 3279 4520 tunc
3312 4480 3426 4520 non
3459 4464 3560 4519 tibi
3597 4464 3788 4535 impu-

2193 4563 2403 4620 tabitur
2431 4560 2500 4617 de
2531 4555 2902 4616 ostentatione
2937 4553 3054 4609 ulla
3087 4553 3375 4627 iniquitas.
3419 4554 3559 4610 Nam
3582 4553 3788 4609 crimen

2193 4669 2309 4709 esse
2338 4666 2450 4707 non
2478 4647 2699 4721 poterit,
2744 4643 3042 4718 aliquando
3073 4644 3416 4700 manifestari
3459 4643 3612 4717 quod
3642 4660 3788 4699 sem-

2194 4761 2290 4817 per
2343 4741 2429 4797 vis
2481 4739 2716 4797 celatum
2773 4735 2985 4792 haberi.
3042 4735 3132 4793 Sic
3189 4735 3427 4808 denique
3485 4733 3624 4789 duas
3681 4735 3789 4791 Be—

2193 4830 2495 4904 demptoris
2535 4825 2834 4885 sententias
2873 4823 2977 4880 sibi
3010 4823 3167 4897 quasi
3211 4823 3518 4880 contrarias
3558 4821 3788 4878 videbe-

2194 4924 2270 4981 ris
2295 4921 2642 4993 adimplesse,
2691 4917 2893 4992 quibus
2921 4917 3167 4974 dicitur:
3230 4940 3248 4964 ι
3277 4915 3537 4972 Faciente
3585 4923 3642 4970 te
3690 4915 3789 4970 ele~

2195 5029 2535 5087 emosynam,
2579 5011 2787 5068 nesciat
2815 5010 3040 5067 sinistra
3066 5017 3161 5065 tua
3191 5009 3327 5082 quid
3358 5009 3529 5066 faciat
3568 5009 3791 5064 dextera

2195 5114 2326 5164 tua:
2382 5103 2477 5160 sed
2526 5103 2599 5160 sit
2642 5104 2994 5174 eleemosyna
3047 5109 3145 5157 tua
3195 5101 3256 5158 in
3310 5100 3684 5159 abscondito:
3739 5113 3785 5157 et

2195 5198 2355 5254 Pater
2399 5203 2546 5265 tuus,
2606 5197 2701 5269 qui
2753 5193 2908 5251 videt
2951 5195 3008 5250 in
3038 5192 3393 5263 abscondito,
3453 5194 3656 5251 reddet
3697 5193 3787 5250 tibi

2201 5289 2413 5361 (Matth.
2445 5306 2521 5356 vx,
2553 5288 2604 5355 3,
2637 5287 2693 5356 4)
2720 5305 2772 5355 ;»
2802 5293 2856 5342 et
2900 5299 2913 5341 :
2962 5311 2981 5332 ι
3011 5282 3254 5341 Videant
3283 5293 3472 5342 vestra
3498 5286 3651 5343 bona
3677 5300 3785 5356 ope-

2197 5397 2278 5444 ra,
2322 5386 2376 5435 et
2417 5378 2724 5451 gloriﬁcent
2753 5378 2963 5432 Patrem
2999 5382 3248 5430 vestrum
3293 5375 3395 5448 qui
3440 5375 3500 5430 in
3537 5376 3693 5433 ctelis
3719 5381 3786 5430 est

2203 5470 2412 5543 (Matth.
2440 5486 2496 5537 v,
2529 5468 2641 5539 16).
2674 5493 2692 5516 ι
2737 5467 2878 5525 Cave
2911 5480 3135 5536 prorsus
3161 5481 3232 5520 ne
3260 5465 3368 5522 tibi
3400 5465 3680 5522 sententia
3707 5464 3786 5518 illa

2199 5559 2512 5628 conveniat,
2571 5575 2677 5632 qua
2730 5558 2798 5616 de
2855 5555 3165 5631 hypocritis
3219 5555 3475 5615 dicitur:
3553 5583 3572 5607 ‹
3606 5557 3784 5616 Omnia

2200 5665 2363 5722 opera
2399 5664 2497 5705 sua
2533 5646 2746 5706 faciunt
2790 5657 2851 5706 ut
2889 5644 3281 5704 beatiﬁcentur
3329 5647 3404 5704 ab
3454 5648 3780 5706 hominibus.
