3880 6204
137 397 292 465 1153

137 625 368 698 (Matth.
400 641 570 691 χχιιι,
601 626 668 693 5;
703 644 779 694 v1,
832 627 958 698 I6);
1009 651 1028 675 ι
1089 626 1194 684 hoc
1240 637 1340 696 est,
1398 626 1584 684 laudes
1626 637 1760 684 tan-

132 723 272 772 tum
300 716 369 771 ab
405 715 725 772 hominibus
778 733 912 790 quas
955 726 1301 773 amaverunt.
1351 717 1591 773 Attende
1632 734 1760 789 ergo

131 806 254 862 tibi
290 807 348 862 in
379 807 637 863 omnibus
667 824 786 880 qua:
842 807 976 878 agis,
1037 823 1104 861 ne
1156 805 1475 861 cenodoxiae
1525 807 1760 862 elatione

141 899 429 970 pulsatus,
455 915 581 955 cum
614 898 701 953 his
731 899 824 971 qui
847 899 1016 957 etiam
1047 898 1116 954 de
1166 898 1557 953 miraculorum
1589 897 1760 970 signis

143 986 556 1058 gloriabantur,
620 987 847 1043 audias:
917 1009 937 1034 ι
990 985 1255 1042 Videbam
1304 985 1558 1042 Satanam
1617 986 1761 1042 sicut

150 1077 354 1150 fulgur
380 1079 447 1134 de
476 1079 612 1135 coelo
643 1079 925 1136 cadentem
971 1079 1121 1150 (Luc.
1147 1096 1208 1148 χ,
1242 1079 1332 1149 18)
1363 1097 1375 1147 ;
1417 1103 1434 1126 ι
1478 1078 1571 1135 sed
1605 1078 1754 1147 time,

143 1181 290 1222 nam
320 1169 586 1240 scriptum
618 1176 698 1224 est
730 1187 744 1225 :
804 1168 994 1224 Timor
1046 1167 1270 1224 Domini
1331 1169 1504 1240 gloria
1551 1175 1604 1223 et
1633 1169 1761 1239 glo-

140 1255 343 1323 riatio,
374 1258 564 1312 laetitia
612 1266 668 1313 et
718 1275 921 1314 corona
966 1257 1376 1314 exsultationis.
1436 1257 1624 1313 Timor
1652 1259 1755 1313 Do-

132 1346 290 1401 mini
319 1345 615 1403 delectabit
638 1364 752 1417 cor,
785 1358 839 1403 et
866 1346 1018 1403 dabit
1067 1346 1317 1403 laetitiam
1366 1354 1420 1402 et
1468 1346 1751 1418 gaudium,

133 1447 202 1495 et
234 1439 642 1511 longitudinem
671 1440 908 1496 dierum.
951 1463 970 1487 ι
1001 1439 1241 1495 Timenti
1289 1441 1588 1495 Dominum
1620 1439 1757 1495 bene

133 1528 258 1584 erit
293 1529 348 1584 in
378 1531 641 1586 extremis
679 1549 689 1586 :
724 1537 778 1586 et
807 1530 866 1585 in
893 1530 983 1585 die
1013 1529 1390 1586 defunctionis
1419 1547 1530 1585 suae
1571 1529 1748 1584 bene-

135 1615 366 1673 dicetur
418 1619 591 1688 (Eccli
643 1637 681 1687 ι,
746 1618 858 1689 13).
913 1644 933 1668 ι
1009 1619 1081 1673 Et
1129 1619 1319 1674 infra:
1377 1642 1396 1664 ι
1442 1618 1619 1674 Radix
1656 1635 1755 1673 sa-

135 1706 373 1777 pientiai
403 1708 592 1763 timere
621 1709 944 1778 Dominum,
978 1715 1031 1765 et
1075 1708 1214 1764 rami
1262 1707 1417 1765 illius
1467 1707 1756 1780 longitudo

135 1795 366 1851 dierum
402 1796 566 1868 (Ibid.
599 1797 716 1870 25).
750 1823 769 1848 ι

767 1934 994 1994 CAPUT
1034 1937 1128 1994 IV.

651 2035 931 2092 Simulatio
980 2037 1208 2109 suggerit
1233 2055 1250 2093 :

213 2150 362 2221 Quia
394 2152 452 2209 in
482 2151 806 2210 abscondito
838 2154 982 2210 nihil
1012 2153 1145 2210 boni
1173 2155 1332 2223 facis,
1381 2171 1450 2211 ne
1481 2172 1510 2210 a
1539 2155 1754 2213 cunctis

133 2244 405 2316 cognitus
435 2243 742 2312 detesteris,
783 2243 929 2314 ﬁnge
973 2251 1026 2299 te
1080 2242 1238 2311 foris,
1281 2242 1429 2317 quod
1456 2242 1608 2299 intus
1638 2259 1753 2300 esse

139 2349 263 2389 non
295 2333 506 2404 appetis
519 2376 531 2388 .

499 2431 704 2504 Religio
733 2450 797 2488 ea:
826 2433 1046 2488 adverso
1074 2431 1353 2504 respondet
1383 2447 1394 2486 :

219 2528 575 2603 Nequaquam
633 2531 862 2587 omnino
920 2531 977 2587 id
1033 2546 1180 2603 agas,
1226 2528 1321 2586 sed
1355 2528 1529 2600 magis
1573 2536 1754 2602 satage

140 2616 334 2674 bonus
362 2619 503 2688 fieri,
531 2621 678 2692 quod
709 2637 822 2677 non
850 2637 927 2676 es.
956 2620 1091 2676 Nam
1125 2619 1358 2692 probum
1389 2618 1676 2675 ostendere
1700 2627 1753 2676 te

142 2706 478 2764 hominibus
505 2709 653 2782 quod
677 2727 789 2766 non
819 2726 895 2778 es,
929 2708 1065 2783 quid
1094 2708 1244 2765 aliud
1278 2725 1441 2782 quam
1472 2709 1753 2766 damnatio

145 2805 235 2852 est
257 2795 284 2851 ?
314 2797 522 2854 Memor
551 2806 670 2854 esto
699 2799 889 2872 utique
921 2799 1069 2871 quod
1100 2799 1306 2856 dicitur
1339 2817 1351 2855 :
1400 2825 1419 2847 ι
1448 2799 1545 2856 Vae
1573 2798 1752 2868 vobis,

147 2883 360 2939 Scriba;
403 2893 457 2940 et
509 2885 771 2942 Pharisaei
817 2886 1144 2959 hypocritaa,
1179 2887 1274 2961 qui
1304 2887 1582 2944 mundatis
1608 2887 1754 2960 quod

148 2972 364 3028 deforis
392 2982 474 3030 est
501 2975 689 3031 calicis
737 2984 789 3032 et
840 2976 1166 3048 paropsidis,
1223 2976 1362 3033 istus
1392 2985 1574 3033 autem
1605 2975 1754 3048 pleni

147 3062 290 3117 estis
319 3064 508 3135 rapina
537 3073 589 3120 et
619 3065 995 3122 immunditia.
1033 3067 1300 3123 Pbariszee
1336 3063 1502 3134 caece,
1549 3065 1755 3122 munda

151 3153 310 3225 prius
341 3155 487 3227 quod
531 3156 682 3212 intus
710 3165 791 3212 est
819 3156 1007 3213 calicis
1045 3164 1098 3211 et
1127 3157 1456 3229 paropsidis,
1487 3165 1549 3212 ut
1579 3158 1675 3212 ﬁat
1703 3165 1755 3211 et

153 3243 214 3299 id
277 3244 423 3316 quod
475 3245 682 3302 deforis
731 3254 811 3302 est
868 3246 1135 3302 mundum
1188 3249 1398 3318 (Matth.
1451 3264 1615 3314 xxm,
1663 3246 1751 3314 25,
1785 3270 1829 3330 G

147 3330 272 3402 26).
304 3357 322 3379 ›
365 3333 610 3406 Itemque
664 3335 806 3391 illud
871 3335 1016 3408 quod
1071 3336 1401 3392 inculcando
1443 3336 1744 3408 repetitur:

160 3443 180 3466 ι
223 3419 322 3477 Vae
374 3423 531 3479 vobis
561 3424 764 3480 Scribat
816 3432 870 3480 et
922 3424 1180 3480 Pharisaei
1237 3424 1560 3497 hypocriten,
1620 3429 1749 3500 quia

145 3511 365 3568 similes
393 3514 525 3571 estis
553 3517 820 3588 sepulcris
855 3515 1143 3584 dealbatis,
1190 3533 1312 3590 quae
1361 3517 1496 3573 foris
1524 3519 1746 3590 quidem

145 3612 416 3675 apparent
445 3605 766 3662 hominibus
797 3607 1062 3679 speciosa,
1095 3608 1245 3664 intus
1274 3625 1406 3664 vero
1427 3609 1588 3680 plena
1622 3618 1748 3665 sunt

146 3691 368 3749 ossibus
394 3701 762 3764 mortuorum,
809 3702 864 3751 et
892 3697 1044 3752 omni
1093 3698 1393 3769 spurcitia:
1453 3700 1533 3755 sic
1569 3706 1623 3755 et
1650 3715 1749 3754 vos

145 3783 288 3840 foris
318 3784 538 3856 quidem
569 3785 770 3858 paretis
801 3785 1123 3844 hominibus
1158 3786 1317 3858 justi,
1368 3788 1518 3844 intus
1566 3797 1747 3844 autem

145 3874 302 3947 pleni
337 3876 469 3932 estis
493 3873 774 3948 hypocrisi
803 3886 856 3934 et
887 3875 1183 3950 iniquitate
1231 3878 1393 3948 (Ibid.
1440 3878 1530 3947 27,
1571 3878 1686 3950 28).
1715 3903 1733 3926 ι

145 3965 374 4020 Necnon
403 3972 457 4020 et
488 3965 628 4021 illud
659 3966 807 4039 quod
837 3966 904 4023 de
947 3967 1153 4024 talibus
1190 3968 1457 4040 scriptum
1501 3968 1701 4040 legitur
1732 3986 1743 4024 :

160 4079 180 4102 ι
221 4053 472 4110 Veniunt
501 4055 570 4111 ad
596 4073 694 4113 vos
721 4057 780 4112 in
800 4058 1147 4115 vestimentis
1169 4058 1381 4125 ovium,
1414 4058 1748 4114 intrinsecus

143 4154 332 4203 autem
363 4153 494 4202 sunt
524 4147 641 4218 lupi
670 4164 890 4219 rapaces
927 4149 1142 4220 (Matth.
1179 4165 1280 4218 vn,
1315 4149 1428 4219 15).
1461 4173 1480 4198 ι

779 4291 1007 4348 CAPUT
1048 4292 1117 4348 V.

726 4386 909 4445 Etatio
939 4387 1118 4457 objicit
1149 4406 1167 4443 .'

218 4503 411 4574 Qualis
450 4520 508 4561 es
540 4510 624 4571 tu,
662 4510 724 4558 ut
755 4503 1033 4575 prioribus
1079 4501 1440 4574 obtemperes,
1501 4498 1749 4557 deterio-

145 4595 304 4686 ribus
336 4594 688 4686 famulatum
748 4592 1010 4686 exhibeas
1029 4593 1076 4686 ?_
1099 4591 1173 4646 'l‘e
1215 4591 1386 4686 magis
1423 4608 1586 4686 quam
1620 4591 1745 4686 illos
1775 4627 1823 4686 D

144 4683 306 4741 decet
331 4684 598 4755 imperare
625 4701 635 4738 :
668 4699 794 4738 nam
826 4681 909 4736 illi
938 4697 1037 4737 nec
1063 4681 1305 4753 ingenio,
1329 4698 1430 4737 nec
1449 4677 1741 4748 industria,

145 4781 243 4829 aut
271 4772 486 4827 viribus
505 4772 606 4827 tibi
639 4771 910 4845 coaequari
943 4779 1191 4842 possunt.
1224 4770 1552 4843 Obtempera
1582 4771 1750 4842 igitur

145 4863 385 4936 imperio
433 4863 554 4931 Dei,
613 4871 666 4919 et
722 4873 832 4918 non
894 4862 966 4917 sit
1023 4862 1127 4918 tibi
1197 4862 1433 4918 ulterius
1496 4877 1628 4918 cura
1682 4861 1751 4917 de

147 4955 358 5027 aﬁquo.

435 5051 602 5106 Beata
637 5057 812 5105 autem
843 5049 1122 5105 submissio
1155 5050 1470 5122 respondet:

222 5155 280 5214 Si
309 5158 408 5213 Dei
426 5165 573 5213 recte
593 5156 1088 5229 obtemperandum
1112 5164 1194 5212 est
1224 5156 1478 5228 imperio,
1510 5156 1753 5212 humano

144 5247 309 5306 subdi
341 5262 556 5302 necesse
585 5255 666 5301 est
697 5247 1032 5317 magisterio.
1078 5244 1333 5302 Christus
1372 5261 1607 5318 namque
1650 5246 1754 5300 Do-

140 5339 336 5394 minus
364 5335 500 5392 dicit
533 5355 544 5391 :
591 5360 608 5382 ι
630 5337 736 5404 Qui
769 5352 866 5391 vos
894 5334 1068 5403 audit,
1103 5352 1188 5391 me
1219 5334 1374 5390 audit
1404 5352 1416 5400 ;
1450 5341 1504 5389 et
1534 5334 1626 5406 qui
1659 5352 1756 5391 vos

139 5427 379 5502 spernit,
407 5441 493 5480 me
517 5425 761 5496 spernit:
796 5425 889 5497 qui
923 5433 1104 5480 autem
1153 5441 1238 5479 me
1267 5423 1497 5496 spernit,
1549 5425 1756 5496 spernit

138 5533 271 5574 eum
292 5516 386 5588 qui
400 5531 487 5570 me
500 5514 654 5570 misit
670 5514 986 5586 (Luc.x,16)
1001 5540 1035 5569 ,ι
1053 5515 1258 5572 Verum
1273 5514 1350 5569 ita
1360 5513 1504 5584 ﬁeri(
1514 5513 1753 5586 inquies)

141 5613 388 5680 oportet,
419 5604 514 5660 sed
557 5604 603 5659 si
660 5605 788 5660 talis
832 5604 927 5677 qui
957 5604 1192 5676 imperat
1233 5613 1392 5673 esset,
1441 5602 1620 5677 qualis
1643 5619 1758 5659 esse

139 5696 376 5753 deberet
405 5711 502 5767 per
531 5711 694 5768 quem
728 5697 875 5752 Deus
904 5695 1156 5768 imperet,
1190 5713 1317 5754 cum
1339 5711 1472 5752 vero
1501 5694 1627 5751 talis
1644 5711 1757 5751 non

141 5785 241 5852 sit,
277 5784 450 5855 igitur
469 5800 583 5839 non
615 5783 846 5842 debetur
874 5784 922 5840 ei
953 5784 1287 5842 obedientia.
1313 5785 1582 5844 Caeterum
1613 5785 1754 5857 Apo-

1071 409 1166 464 DE
1204 408 1548 467 VITIORUM
1587 407 2092 477 VIRTUTUMQUE
2132 393 2540 467 CONFLICTU.

134 534 331 590 Amen
388 533 512 589 dico
561 535 740 604 vobis,
815 546 1136 608 receperunt
1206 537 1514 595 mercedem
1588 553 1742 593 suam
1775 546 1822 604 Α
1857 537 2028 592 stolus
2060 545 2282 593 econtra
2307 537 2383 591 ait
2417 555 2427 592 :

3297 406 3433 467 1154.

2476 560 2495 584 ι
2539 537 2658 592 Νοιι
2687 547 2769 594 est
2802 545 3064 609 potestas,
3098 537 3207 594 nisi
3236 554 3267 594 a
3293 539 3408 595 Deo
3445 556 3457 604 ;

1868 647 1986 704 quaa
2016 639 2196 688 autem
2227 640 2373 700 sunt,
2406 648 2436 688 a
2477 631 2588 688 Deo
2627 631 2893 688 ordinatae
2942 640 3091 690 sunt.
3136 633 3324 706 Itaque
3351 635 3446 706 qui

1869 721 2073 778 resistit
2120 723 2392 792 potestati,
2460 723 2560 777 Dei
2617 721 2954 778 ordinationi
3011 723 3216 780 resistit
3273 726 3451 792 (Rom.

1870 827 1993 879 χιιι,
2053 812 2102 879 1,
2161 812 2240 882 2).
2298 837 2316 860 ι
2383 812 2558 879 Quare
2604 829 2728 868 cum
2778 811 3054 868 ordinatio
3097 812 3214 868 haec
3256 812 3450 868 divino

1869 899 1941 954 sit
1980 898 2105 970 jure
2155 900 2472 968 constituta,
2523 917 2635 956 non
2692 909 2772 956 est
2813 901 3067 956 humanis
3115 901 3459 958 obscuranda

1870 979 2213 1044 commentis.
2243 989 2441 1056 Quales
2474 1006 2602 1063 ergo
2631 1007 2746 1046 esse
2791 991 3023 1046 debeant
3049 990 3106 1045 hi
3135 991 3229 1063 qui
3270 991 3454 1062 impe-

1871 1085 2012 1146 rant,
2061 1093 2172 1132 non
2214 1088 2295 1135 est
2345 1096 2377 1134 a
2430 1080 2666 1136 subditis
2719 1079 3150 1136 discutiendum.
3195 1079 3457 1152 Sequitur

1869 1169 2015 1223 enim
2069 1167 2215 1223 idem
2266 1170 2564 1242 Apostolus
2613 1189 2626 1227 :
2699 1194 2717 1218 ι
2773 1170 2880 1238 Qui
2930 1177 3110 1226 autem
3179 1169 3461 1237 resistunt,

1869 1257 1972 1328 ipsi
2033 1257 2138 1314 sibi
2184 1259 2591 1317 damnationem
2651 1260 2946 1333 acquirunt
2979 1259 3140 1331 (Ibid.
3205 1259 3286 1328 2).
3329 1283 3347 1305 ι
3392 1259 3466 1314 Et

1867 1347 2090 1420 quidem
2135 1351 2326 1422 primis
2371 1352 2630 1409 Ecclesiae
2679 1351 2988 1423 pastoribus
3037 1351 3150 1422 ipse
3191 1349 3461 1406 Dominus

1867 1437 2004 1494 dicit
2037 1457 2048 1494 :
2115 1464 2133 1487 ι
2163 1439 2328 1497 Scitis
2357 1442 2484 1514 quia
2527 1459 2678 1514 reges
2710 1441 2954 1514 gentium
2986 1439 3344 1496 dominantur
3373 1455 3460 1494 eo-

1866 1543 2027 1595 rum,
2083 1537 2136 1585 et
2199 1531 2292 1602 qui
2360 1540 2680 1602 potestatem
2772 1539 3031 1588 exercent
3109 1531 3252 1587 inter
3314 1546 3448 1598 eos,

1866 1616 2099 1675 benefici
2138 1630 2406 1678 vocantur
2440 1641 2451 1678 :
2499 1639 2597 1678 vos
2648 1630 2831 1678 autem
2873 1639 2986 1678 non
3019 1621 3118 1691 sic,
3151 1619 3246 1678 sed
3277 1620 3370 1694 qui
3404 1620 3462 1675 in

1866 1707 2023 1763 vobis
2054 1717 2136 1764 est
2180 1709 2376 1782 major,
2406 1711 2512 1767 erit
2539 1712 2790 1768 omnium
2820 1729 3010 1769 servus
3057 1729 3069 1767 :
3114 1711 3257 1767 sicut
3289 1710 3464 1767 Filius

1865 1799 2111 1857 hominis
2145 1817 2256 1857 non
2305 1804 2459 1860 venit
2510 1803 2835 1872 ministrari,
2884 1803 2978 1860 sed
3017 1802 3356 1871 ministrare,
3411 1811 3466 1858 et

1693 1884 1702 1892 ’
1784 1906 1831 1967 Β
1863 1889 2106 1947 animam
2154 1908 2308 1948 suam
2363 1893 2492 1950 dare
2535 1911 2635 1967 pro
2682 1895 2874 1951 multis
2919 1895 2979 1949 in
3027 1892 3464 1964 redemptionem

1867 1978 2078 2050 (Matth.
2111 1996 2209 2050 xx,
2254 1981 2456 2050 23-28;
2517 1984 2648 2053 Luc,
2713 2001 2857 2052 χχιι,
2891 1983 2982 2052 25,
3009 1981 3121 2054 26).
3155 2007 3173 2030 ›
3214 1981 3464 2054 Denique

1864 2070 1993 2141 quia
2041 2087 2154 2127 non
2203 2088 2392 2128 omnes
2439 2073 2576 2128 tales
2615 2071 2834 2129 futuros
2865 2088 2981 2128 esse
3010 2071 3304 2144 expressit,
3333 2070 3462 2126 ideo

1864 2159 2235 2232 subjectorum
2284 2162 2536 2219 omnium
2583 2179 2844 2236 personas
2874 2162 2934 2218 in
2973 2160 3262 2234 discipulis
3318 2177 3466 2216 assu-

1864 2265 2038 2317 mens,
2070 2252 2404 2321 praemonuit
2430 2252 2620 2308 dicens
2653 2272 2666 2309 :
2717 2278 2734 2300 ι
2753 2254 2926 2326 Super
2947 2251 3264 2309 cathedram
3287 2249 3467 2322 Moysi

1864 2337 2122 2394 sederunt
2153 2339 2355 2396 Scribae
2385 2350 2440 2397 et
2471 2341 2732 2398 Pharisaei
2764 2385 2780 2410 ,
2813 2341 3000 2398 omnia
3029 2356 3368 2415 quaecunque
3385 2339 3466 2395 di-

1861 2426 2049 2483 xerint
2076 2427 2256 2497 vobis,
2287 2438 2500 2486 servate
2554 2439 2608 2486 et
2640 2430 2843 2487 facite:
2878 2448 2998 2503 quae
3032 2440 3216 2487 autem
3254 2429 3466 2486 faciunt

1863 2517 2037 2573 nolite
2085 2519 2284 2576 facere.
2330 2521 2632 2593 Imponunt
2670 2523 2818 2577 enim
2852 2522 2911 2577 in
2940 2521 3200 2578 humeros
3271 2520 3467 2577 homi—

1863 2624 1998 2664 num
2028 2625 2194 2666 onera
2224 2611 2412 2683 gravia
2440 2619 2494 2668 et
2524 2611 2929 2684 importabilia,‘
2955 2611 3129 2684 digito
3158 2619 3340 2668 autem
3363 2627 3463 2667 suo

1863 2697 2062 2754 nolunt
2091 2715 2153 2756 ea
2181 2716 2402 2757 movere
2436 2700 2648 2772 (Matth.
2682 2716 2852 2766 XXIII,
2884 2698 3024 2772 2-4).
3059 2725 3078 2749 ι

2484 2814 2712 2874 CAPUT
2756 2814 2850 2872 VI.

2393 2913 2524 2971 Item
2576 2913 2786 2969 invidia
2839 2912 3015 2969 dicit:

1936 3017 1999 3075 In
2029 3037 2136 3094 quo
2183 3021 2282 3078 illo
2310 3022 2398 3079 vel
2444 3022 2551 3079 isto
2597 3022 2782 3079 minor
2829 3022 2929 3079 es?
2966 3039 3066 3080 cur
3105 3036 3232 3094 ergo
3259 3021 3339 3078 eis
3366 3020 3458 3078 vel

1863 3111 2090 3182 aqualis
2111 3113 2195 3168 vel
2227 3112 2478 3184 superior
2505 3129 2615 3168 non
2646 3130 2703 3170 es
2723 3113 2750 3168 ‘l
2779 3112 2998 3180 Quanta
3024 3113 3172 3168 vales
3199 3128 3320 3185 quae
3349 3113 3456 3184 ipsi

1864 3217 1976 3256 non
1998 3202 2222 3257 valent?
2251 3203 2372 3258 Non
2403 3218 2530 3275 ergo
2560 3203 2665 3258 tibi
2695 3212 2791 3260 aut
2810 3204 3142 3275 superiores,
3166 3210 3259 3259 aut
3287 3203 3453 3259 etiam

1857 3291 2093 3362 aequales
2118 3306 2232 3346 esse
2269 3290 2489 3346 debent.

2151 3389 2338 3446 Verum
2365 3389 2570 3444 dilectio
2593 3388 2841 3459 fraterna
2869 3390 3165 3460 respondet:

1929 3486 1985 3542 Si
2013 3493 2258 3554 caeteros,
2290 3504 2322 3543 ο
2353 3485 2540 3554 homo,
2573 3485 2877 3543 virtutibus
2906 3485 3234 3543 antecellere
3259 3495 3313 3543 te
3341 3486 3458 3543 exi-

1857 3575 2069 3644 stimas,
2103 3576 2279 3632 tutius
2308 3575 2367 3630 in
2397 3575 2590 3631 inﬁmo
2611 3591 2774 3648 quam
2801 3575 2860 3631 in
2876 3591 3092 3631 summo
3126 3577 3245 3633 loco
3266 3584 3456 3634 temet-

1859 3666 2040 3737 ipsum
2106 3665 2371 3722 servabis.
2430 3666 2656 3738 Semper
2702 3665 2851 3722 enim
2907 3665 2976 3722 de
3034 3666 3146 3721 alto
3189 3666 3343 3739 pejor
3395 3665 3460 3722 fit

1857 3757 2038 3812 ruina.
2070 3757 2228 3825 Quod
2256 3758 2303 3814 si
2347 3757 2472 3823 tibi,
2503 3764 2565 3812 ut
2590 3757 2812 3824 asseris,
2862 3756 3089 3828 quidam
3123 3757 3456 3828 superiores,

1858 3845 1952 3900 alii
1996 3849 2232 3918 aequales
2257 3856 2406 3915 sunt,
2447 3846 2581 3920 quid
2623 3854 2676 3902 te
2715 3846 2915 3902 laedit?
2963 3844 3098 3917 quid
3141 3853 3196 3900 te
3235 3846 3458 3902 nocet?

1860 3933 2003 3989 Cave
2033 3951 2274 4006 prorsus,
2306 3953 2373 3991 ne
2403 3935 2536 3990 dum
2567 3934 2692 3989 aliis
2723 3935 2906 3989 locum
2937 3933 3287 3990 celsitudinis
3317 3934 3458 3989 invi-

1859 4023 1974 4091 des,
2007 4024 2164 4078 illum
2197 4022 2432 4079 imiteris
2477 4023 2544 4079 de
2585 4039 2696 4094 quo
2723 4023 2991 4094 scriptum
3025 4029 3107 4077 est
3139 4039 3150 4077 :
3196 4048 3214 4071 ι
3234 4022 3461 4079 Invidia

1858 4111 2064 4167 diaboli
2112 4128 2260 4168 mors
2303 4111 2561 4168 introivit
2589 4112 2648 4167 in
2678 4112 2866 4168 orbem
2897 4121 3171 4169 terrarum
3205 4112 3360 4184 (Sap.
3394 4129 3456 4182 ιι,

1859 4201 1973 4273 24).
2023 4226 2042 4250 ι
2101 4203 2395 4258 Imitantur
2443 4210 2625 4258 autem
2673 4203 2834 4259 illum
2887 4203 2982 4276 qui
3029 4220 3098 4261 ex
3142 4212 3297 4278 parte
3338 4202 3458 4276 ejus

1859 4300 2007 4347 sunt.

2463 4388 2690 4446 CAPUT
2727 4390 2848 4447 VII.

2456 4477 2648 4534 Odium
2675 4479 2803 4534 dicit
2835 4495 2847 4532 :

1928 4584 2090 4641 Absit
2116 4593 2178 4641 ut
2204 4593 2267 4642 tu
2296 4585 2452 4642 illum
2493 4586 2710 4659 diligas,
2741 4603 2902 4659 quem
2933 4585 2990 4641 in
3020 4580 3284 4642 omnibus
3313 4594 3450 4641 cono

1857 4675 2088 4731 trarium
2122 4675 2309 4745 habes,
2354 4677 2448 4749 qui
2497 4677 2596 4733 tibi
2636 4676 2880 4747 derogat,
2917 4677 3010 4748 qui
3055 4675 3158 4731 tibi
3190 4675 3449 4743 insultat,

1858 4764 1952 4836 qui
1987 4771 2042 4819 te
2093 4763 2312 4836 injuriis
2342 4763 2650 4832 exacerbat,
2683 4764 2778 4835 qui
2811 4763 2911 4818 tibi
2951 4771 3174 4835 peccata
3198 4770 3293 4817 tua
3321 4762 3444 4817 im-

1859 4867 2130 4930 preperat,
2185 4859 2280 4930 qui
2328 4865 2381 4911 te
2410 4856 2594 4924 dictis,
2641 4855 2898 4927 operibus
2937 4864 3100 4929 atque
3131 4855 3456 4912 honoribus

1859 4964 2072 5020 semper
2117 4947 2308 5018 praeire
2356 4945 2596 5001 festinat.
2647 4944 2762 5001 Nisi
2812 4946 2960 5002 enim
3009 4946 3114 5003 tibi
3153 4945 3452 5013 invideret,

1861 5053 2204 5109 nequaquam
2237 5051 2293 5092 se
2323 5034 2423 5092 tibi
2447 5035 2523 5090 ita
2543 5035 2842 5107 praeferret.

2182 5135 2281 5193 Sed
2309 5136 2514 5190 sincera
2542 5135 2776 5190 Charitas
2804 5135 3081 5206 respondet
3117 5152 3128 5190 :

1932 5234 2193 5308 Nunquid
2243 5234 2372 5308 quia
2421 5234 2538 5290 haec
2577 5251 2696 5306 quae
2753 5251 2961 5302 narras,
3019 5233 3148 5288 odio
3201 5231 3455 5289 habenda

1863 5333 1992 5381 sunt
2020 5326 2078 5379 in
2106 5323 2352 5393 homine,
2385 5333 2672 5397 propterea
2697 5339 2808 5379 non
2826 5331 2908 5380 est
2938 5323 3172 5380 amanda
3192 5322 3291 5378 Dei
3322 5321 3457 5377 ima-

1867 5435 1931 5489 go
1962 5417 2020 5472 in
2049 5416 2274 5472 homine
2305 5416 2332 5472 ‘l
2368 5417 2484 5472 Imo
2515 5414 2788 5483 Christus,
2821 5415 2916 5487 qui
2947 5414 3004 5469 in
3050 5429 3211 5470 cruce
3247 5413 3458 5484 positus

1867 5509 2124 5567 inimicos
2169 5529 2297 5566 suos
2326 5509 2544 5578 dilexit,
2573 5518 2627 5564 et
2657 5526 2754 5580 pro
2785 5509 2863 5564 eis
2891 5509 3072 5564 oravit
3103 5509 3257 5579 (Luc.
3287 5522 3456 5576 χχιιι,

1867 5597 2122 5671 34),ξιιιῐθ
2150 5600 2330 5656 crucis
2353 5607 2690 5656 tormentum
2723 5597 3022 5669 discipulos
3042 5595 3354 5659 admonuit,
3375 5594 3454 5651 di-

1867 5707 2012 5748 cens:
2035 5716 2052 5738 ι
2066 5691 2291 5764 Diligite
2312 5691 2571 5749 inimicos
2581 5698 2792 5748 vestros
2807 5688 3113 5746 benefacite
3133 5687 3222 5743 his
3241 5686 3338 5758 qui
3356 5701 3456 5741 vos

1870 5781 2126 5852 oderunt,
2158 5789 2211 5837 et
2237 5789 2386 5839 orate
2414 5799 2513 5854 pro
2533 5777 2983 5854 persequentibus
3006 5785 3060 5833 et
3088 5773 3446 5832 calumnian-
