  <div class='ocr_page' id='page_1' title='image "/cluster/home/n/w/nwhite01/storage/ocr_20150623/17/uva.x000826553/585.png"; bbox 0 0 3880 6204; ppageno 0'>
   <div class='ocr_carea' id='block_1_1' title="bbox 447 349 588 411">
    <p class='ocr_par' dir='ltr' id='par_1_1' title="bbox 447 349 588 411">
     <span class='ocr_line' id='line_1_1' title="bbox 447 349 588 411; baseline 0 0"><span class='ocrx_word' id='word_1_1' title='bbox 447 349 588 411; x_wconf 74' lang='grc'><strong>1155</strong></span> 
     </span>
    </p>
   </div>
   <div class='ocr_carea' id='block_1_2' title="bbox 1530 320 2773 404">
    <p class='ocr_par' dir='ltr' id='par_1_2' title="bbox 1530 320 2773 404">
     <span class='ocr_line' id='line_1_2' title="bbox 1530 320 2773 404; baseline -0.002 -2"><span class='ocrx_word' id='word_1_2' title='bbox 1530 348 1627 402; x_wconf 86' lang='lat' dir='ltr'>AD</span> <span class='ocrx_word' id='word_1_3' title='bbox 1666 328 1900 404; x_wconf 67' lang='lat' dir='ltr'>orum</span> <span class='ocrx_word' id='word_1_4' title='bbox 1936 346 1991 404; x_wconf 93' lang='lat' dir='ltr'>s.</span> <span class='ocrx_word' id='word_1_5' title='bbox 2033 322 2366 404; x_wconf 80' lang='lat' dir='ltr'>AMBROSII</span> <span class='ocrx_word' id='word_1_6' title='bbox 2394 320 2773 400; x_wconf 71' lang='lat' dir='ltr'>APPENDIX.</span> 
     </span>
    </p>
   </div>
   <div class='ocr_carea' id='block_1_3' title="bbox 3648 334 3776 398">
    <p class='ocr_par' dir='ltr' id='par_1_3' title="bbox 3648 334 3776 398">
     <span class='ocr_line' id='line_1_3' title="bbox 3648 334 3776 398; baseline 0.023 -3"><span class='ocrx_word' id='word_1_7' title='bbox 3648 334 3776 398; x_wconf 71' lang='grc'><strong>1186</strong></span> 
     </span>
    </p>
   </div>
   <div class='ocr_carea' id='block_1_4' title="bbox 449 462 3771 549">
    <p class='ocr_par' dir='ltr' id='par_1_4' title="bbox 449 462 3771 549">
     <span class='ocr_line' id='line_1_4' title="bbox 449 462 3771 549; baseline -0.006 -11"><span class='ocrx_word' id='word_1_8' title='bbox 449 480 599 539; x_wconf 83' lang='lat' dir='ltr'>tibus</span> <span class='ocrx_word' id='word_1_9' title='bbox 629 496 768 536; x_wconf 91' lang='lat' dir='ltr'>vos:</span> <span class='ocrx_word' id='word_1_10' title='bbox 813 483 876 533; x_wconf 89' lang='lat' dir='ltr'>ut</span> <span class='ocrx_word' id='word_1_11' title='bbox 905 475 1026 531; x_wconf 82' lang='lat' dir='ltr'>sitis</span> <span class='ocrx_word' id='word_1_12' title='bbox 1073 474 1176 530; x_wconf 84' lang='lat' dir='ltr'>filii</span> <span class='ocrx_word' id='word_1_13' title='bbox 1225 472 1402 529; x_wconf 82' lang='lat' dir='ltr'>Patris</span> <span class='ocrx_word' id='word_1_14' title='bbox 1432 473 1622 540; x_wconf 80' lang='lat' dir='ltr'>vestri,</span> <span class='ocrx_word' id='word_1_15' title='bbox 1654 477 1751 549; x_wconf 86' lang='lat' dir='ltr'>qui</span> <span class='ocrx_word' id='word_1_16' title='bbox 1798 471 1855 526; x_wconf 91' lang='lat' dir='ltr'>in</span> <span class='ocrx_word' id='word_1_17' title='bbox 1893 470 2049 528; x_wconf 83' lang='lat' dir='ltr'>caelis</span> <span class='ocrx_word' id='word_1_18' title='bbox 2076 483 2128 543; x_wconf 76' lang='grc' dir='ltr'><strong>Α</strong></span> <span class='ocrx_word' id='word_1_19' title='bbox 2158 478 2307 527; x_wconf 88' lang='lat' dir='ltr'>creto</span> <span class='ocrx_word' id='word_1_20' title='bbox 2364 468 2587 525; x_wconf 89' lang='lat' dir='ltr'>silentio</span> <span class='ocrx_word' id='word_1_21' title='bbox 2635 466 2966 524; x_wconf 89' lang='lat' dir='ltr'>detractores</span> <span class='ocrx_word' id='word_1_22' title='bbox 3024 465 3133 522; x_wconf 84' lang='lat' dir='ltr'>sibi</span> <span class='ocrx_word' id='word_1_23' title='bbox 3191 462 3641 538; x_wconf 86' lang='lat' dir='ltr'>applauderent,</span> <span class='ocrx_word' id='word_1_24' title='bbox 3689 464 3771 540; x_wconf 83' lang='lat' dir='ltr'>qui</span> 
     </span>
    </p>
   </div>
   <div class='ocr_carea' id='block_1_5' title="bbox 450 561 2045 641">
    <p class='ocr_par' dir='ltr' id='par_1_5' title="bbox 450 561 2045 641">
     <span class='ocr_line' id='line_1_5' title="bbox 450 561 2045 641; baseline -0.009 -12"><span class='ocrx_word' id='word_1_25' title='bbox 450 578 533 630; x_wconf 89' lang='lat' dir='ltr'>est</span> <span class='ocrx_word' id='word_1_26' title='bbox 564 570 779 641; x_wconf 87' lang='lat' dir='ltr'>(Matth.</span> <span class='ocrx_word' id='word_1_27' title='bbox 811 584 869 632; x_wconf 90' lang='lat' dir='ltr'>v,</span> <span class='ocrx_word' id='word_1_28' title='bbox 899 563 989 631; x_wconf 77' lang='grc'><strong>44,</strong></span> <span class='ocrx_word' id='word_1_29' title='bbox 1020 564 1136 633; x_wconf 82' lang='grc'><strong>45).</strong></span> <span class='ocrx_word' id='word_1_30' title='bbox 1186 587 1204 611; x_wconf 74' lang='grc' dir='ltr'>ι</span> <span class='ocrx_word' id='word_1_31' title='bbox 1260 561 1419 629; x_wconf 90' lang='lat' dir='ltr'>Quod</span> <span class='ocrx_word' id='word_1_32' title='bbox 1448 570 1572 618; x_wconf 83' lang='lat' dir='ltr'>ante</span> <span class='ocrx_word' id='word_1_33' title='bbox 1600 573 1655 621; x_wconf 93' lang='lat' dir='ltr'>et</span> <span class='ocrx_word' id='word_1_34' title='bbox 1682 580 1777 637; x_wconf 90' lang='lat' dir='ltr'>per</span> <span class='ocrx_word' id='word_1_35' title='bbox 1803 561 2045 617; x_wconf 88' lang='lat' dir='ltr'>Salomo-</span> 
     </span>
    </p>
   </div>
   <div class='ocr_carea' id='block_1_6' title="bbox 451 649 2047 723">
    <p class='ocr_par' dir='ltr' id='par_1_6' title="bbox 451 649 2047 723">
     <span class='ocr_line' id='line_1_6' title="bbox 451 649 2047 723; baseline -0.009 -6"><span class='ocrx_word' id='word_1_36' title='bbox 451 677 576 717; x_wconf 91' lang='lat' dir='ltr'>nem</span> <span class='ocrx_word' id='word_1_37' title='bbox 609 658 819 714; x_wconf 91' lang='lat' dir='ltr'>dictum</span> <span class='ocrx_word' id='word_1_38' title='bbox 872 654 1068 718; x_wconf 85' lang='lat' dir='ltr'>fuerat,</span> <span class='ocrx_word' id='word_1_39' title='bbox 1113 651 1193 707; x_wconf 91' lang='lat' dir='ltr'>sic</span> <span class='ocrx_word' id='word_1_40' title='bbox 1239 650 1387 706; x_wconf 90' lang='lat' dir='ltr'>enim</span> <span class='ocrx_word' id='word_1_41' title='bbox 1438 651 1682 723; x_wconf 81' lang='lat' dir='ltr'>legitur:</span> <span class='ocrx_word' id='word_1_42' title='bbox 1740 675 1758 699; x_wconf 75' lang='grc' dir='ltr'><strong>ε</strong></span> <span class='ocrx_word' id='word_1_43' title='bbox 1788 650 1843 706; x_wconf 91' lang='lat' dir='ltr'>Si</span> <span class='ocrx_word' id='word_1_44' title='bbox 1875 649 2047 705; x_wconf 79' lang='lat' dir='ltr'>esurit</span> 
     </span>
    </p>
   </div>
   <div class='ocr_carea' id='block_1_7' title="bbox 452 739 2047 809">
    <p class='ocr_par' dir='ltr' id='par_1_7' title="bbox 452 739 2047 809">
     <span class='ocr_line' id='line_1_7' title="bbox 452 739 2047 809; baseline -0.009 -4"><span class='ocrx_word' id='word_1_45' title='bbox 452 748 716 805; x_wconf 90' lang='lat' dir='ltr'>inimicus</span> <span class='ocrx_word' id='word_1_46' title='bbox 741 753 891 809; x_wconf 91' lang='lat' dir='ltr'>tuus,</span> <span class='ocrx_word' id='word_1_47' title='bbox 915 741 1038 797; x_wconf 87' lang='lat' dir='ltr'>ciba</span> <span class='ocrx_word' id='word_1_48' title='bbox 1068 740 1223 794; x_wconf 90' lang='lat' dir='ltr'>illum</span> <span class='ocrx_word' id='word_1_49' title='bbox 1247 758 1258 795; x_wconf 90' lang='lat'>:</span> <span class='ocrx_word' id='word_1_50' title='bbox 1294 740 1338 795; x_wconf 88' lang='lat' dir='ltr'>si</span> <span class='ocrx_word' id='word_1_51' title='bbox 1368 740 1505 808; x_wconf 80' lang='lat' dir='ltr'>sitit,</span> <span class='ocrx_word' id='word_1_52' title='bbox 1537 741 1606 797; x_wconf 88' lang='lat' dir='ltr'>da</span> <span class='ocrx_word' id='word_1_53' title='bbox 1634 741 1821 797; x_wconf 86' lang='lat' dir='ltr'>bibere</span> <span class='ocrx_word' id='word_1_54' title='bbox 1844 741 1915 808; x_wconf 89' lang='lat' dir='ltr'>ei;</span> <span class='ocrx_word' id='word_1_55' title='bbox 1941 739 2047 795; x_wconf 91' lang='lat' dir='ltr'>hoc</span> 
     </span>
    </p>
   </div>
   <div class='ocr_carea' id='block_1_8' title="bbox 454 828 2048 899">
    <p class='ocr_par' dir='ltr' id='par_1_8' title="bbox 454 828 2048 899">
     <span class='ocr_line' id='line_1_8' title="bbox 454 828 2048 899; baseline -0.006 -6"><span class='ocrx_word' id='word_1_56' title='bbox 454 839 602 893; x_wconf 91' lang='lat' dir='ltr'>enim</span> <span class='ocrx_word' id='word_1_57' title='bbox 663 832 890 898; x_wconf 81' lang='lat' dir='ltr'>faciens,</span> <span class='ocrx_word' id='word_1_58' title='bbox 941 829 1205 885; x_wconf 82' lang='lat' dir='ltr'>carbones</span> <span class='ocrx_word' id='word_1_59' title='bbox 1263 828 1405 899; x_wconf 84' lang='lat' dir='ltr'>ignis</span> <span class='ocrx_word' id='word_1_60' title='bbox 1461 830 1835 886; x_wconf 88' lang='lat' dir='ltr'>accumulabis</span> <span class='ocrx_word' id='word_1_61' title='bbox 1884 845 2048 899; x_wconf 84' lang='lat' dir='ltr'>super</span> 
     </span>
    </p>
   </div>
   <div class='ocr_carea' id='block_1_9' title="bbox 453 917 2044 996">
    <p class='ocr_par' dir='ltr' id='par_1_9' title="bbox 453 917 2044 996">
     <span class='ocr_line' id='line_1_9' title="bbox 453 917 2044 996; baseline -0.006 -16"><span class='ocrx_word' id='word_1_62' title='bbox 453 930 619 996; x_wconf 85' lang='lat' dir='ltr'>caput</span> <span class='ocrx_word' id='word_1_63' title='bbox 662 920 800 992; x_wconf 86' lang='lat' dir='ltr'>ejus,</span> <span class='ocrx_word' id='word_1_64' title='bbox 832 927 886 974; x_wconf 92' lang='lat' dir='ltr'>et</span> <span class='ocrx_word' id='word_1_65' title='bbox 922 918 1194 973; x_wconf 84' lang='lat' dir='ltr'>Dominus</span> <span class='ocrx_word' id='word_1_66' title='bbox 1238 918 1505 973; x_wconf 90' lang='lat' dir='ltr'>retribuet</span> <span class='ocrx_word' id='word_1_67' title='bbox 1547 918 1650 973; x_wconf 88' lang='lat' dir='ltr'>tibi</span> <span class='ocrx_word' id='word_1_68' title='bbox 1682 918 1825 973; x_wconf 90' lang='lat' dir='ltr'>bona</span> <span class='ocrx_word' id='word_1_69' title='bbox 1856 917 2044 985; x_wconf 83' lang='lat' dir='ltr'>(Prov.</span> 
     </span>
    </p>
   </div>
   <div class='ocr_carea' id='block_1_10' title="bbox 454 1004 2050 1079">
    <p class='ocr_par' dir='ltr' id='par_1_10' title="bbox 454 1004 2050 1079">
     <span class='ocr_line' id='line_1_10' title="bbox 454 1004 2050 1079; baseline -0.006 -9"><span class='ocrx_word' id='word_1_70' title='bbox 454 1029 595 1077; x_wconf 81' lang='lat' dir='ltr'>xxv,</span> <span class='ocrx_word' id='word_1_71' title='bbox 627 1012 715 1079; x_wconf 85' lang='grc'>21,</span> <span class='ocrx_word' id='word_1_72' title='bbox 752 1009 892 1079; x_wconf 76' lang='grc'><strong>22).»</strong></span> <span class='ocrx_word' id='word_1_73' title='bbox 937 1007 1080 1063; x_wconf 84' lang='lat' dir='ltr'>Huic</span> <span class='ocrx_word' id='word_1_74' title='bbox 1107 1007 1393 1062; x_wconf 62' lang='lat' dir='ltr'>sententiae</span> <span class='ocrx_word' id='word_1_75' title='bbox 1421 1008 1719 1078; x_wconf 80' lang='lat' dir='ltr'>Apostolus</span> <span class='ocrx_word' id='word_1_76' title='bbox 1751 1024 1819 1061; x_wconf 86' lang='lat' dir='ltr'>ex</span> <span class='ocrx_word' id='word_1_77' title='bbox 1850 1004 2050 1078; x_wconf 86' lang='lat' dir='ltr'>spiritu</span> 
     </span>
    </p>
   </div>
   <div class='ocr_carea' id='block_1_11' title="bbox 456 1093 2051 1168">
    <p class='ocr_par' dir='ltr' id='par_1_11' title="bbox 456 1093 2051 1168">
     <span class='ocr_line' id='line_1_11' title="bbox 456 1093 2051 1168; baseline -0.007 -9"><span class='ocrx_word' id='word_1_78' title='bbox 456 1097 685 1167; x_wconf 90' lang='lat' dir='ltr'>Christi,</span> <span class='ocrx_word' id='word_1_79' title='bbox 714 1096 873 1168; x_wconf 89' lang='lat' dir='ltr'>cujus</span> <span class='ocrx_word' id='word_1_80' title='bbox 901 1111 1120 1151; x_wconf 86' lang='lat' dir='ltr'>sensum</span> <span class='ocrx_word' id='word_1_81' title='bbox 1153 1094 1385 1151; x_wconf 84' lang='lat' dir='ltr'>habebat</span> <span class='ocrx_word' id='word_1_82' title='bbox 1416 1096 1472 1167; x_wconf 94' lang='grc' dir='ltr'>(Ι</span> <span class='ocrx_word' id='word_1_83' title='bbox 1503 1096 1628 1152; x_wconf 86' lang='lat' dir='ltr'>Cor.</span> <span class='ocrx_word' id='word_1_84' title='bbox 1662 1113 1723 1164; x_wconf 85' lang='grc' dir='ltr'>ιι,</span> <span class='ocrx_word' id='word_1_85' title='bbox 1744 1095 1857 1165; x_wconf 87' lang='grc'><strong>16),</strong></span> <span class='ocrx_word' id='word_1_86' title='bbox 1908 1093 2051 1149; x_wconf 90' lang='lat' dir='ltr'>sub-</span> 
     </span>
    </p>
   </div>
   <div class='ocr_carea' id='block_1_12' title="bbox 452 1182 2050 1264">
    <p class='ocr_par' dir='ltr' id='par_1_12' title="bbox 452 1182 2050 1264">
     <span class='ocr_line' id='line_1_12' title="bbox 452 1182 2050 1264; baseline -0.006 -17"><span class='ocrx_word' id='word_1_87' title='bbox 452 1190 639 1264; x_wconf 86' lang='lat' dir='ltr'>jungit</span> <span class='ocrx_word' id='word_1_88' title='bbox 686 1186 876 1243; x_wconf 88' lang='lat' dir='ltr'>dicens</span> <span class='ocrx_word' id='word_1_89' title='bbox 909 1203 921 1240; x_wconf 88' lang='lat'>:</span> <span class='ocrx_word' id='word_1_90' title='bbox 986 1208 1003 1230; x_wconf 75' lang='grc' dir='ltr'><strong>ε</strong></span> <span class='ocrx_word' id='word_1_91' title='bbox 1050 1183 1174 1239; x_wconf 87' lang='lat' dir='ltr'>Noli</span> <span class='ocrx_word' id='word_1_92' title='bbox 1206 1184 1416 1239; x_wconf 87' lang='lat' dir='ltr'>vincia</span> <span class='ocrx_word' id='word_1_93' title='bbox 1446 1186 1613 1254; x_wconf 88' lang='lat' dir='ltr'>malo,</span> <span class='ocrx_word' id='word_1_94' title='bbox 1665 1184 1761 1240; x_wconf 91' lang='lat' dir='ltr'>sed</span> <span class='ocrx_word' id='word_1_95' title='bbox 1802 1184 1961 1239; x_wconf 90' lang='lat' dir='ltr'>vince</span> <span class='ocrx_word' id='word_1_96' title='bbox 1992 1182 2050 1238; x_wconf 92' lang='lat' dir='ltr'>in</span> 
     </span>
    </p>
   </div>
   <div class='ocr_carea' id='block_1_13' title="bbox 455 1272 2052 1346">
    <p class='ocr_par' dir='ltr' id='par_1_13' title="bbox 455 1272 2052 1346">
     <span class='ocr_line' id='line_1_13' title="bbox 455 1272 2052 1346; baseline -0.006 -10"><span class='ocrx_word' id='word_1_97' title='bbox 455 1280 602 1336; x_wconf 92' lang='lat' dir='ltr'>bono</span> <span class='ocrx_word' id='word_1_98' title='bbox 632 1276 834 1332; x_wconf 89' lang='lat' dir='ltr'>malum</span> <span class='ocrx_word' id='word_1_99' title='bbox 868 1274 1042 1345; x_wconf 84' lang='lat' dir='ltr'>(Rom.</span> <span class='ocrx_word' id='word_1_100' title='bbox 1061 1273 1293 1344; x_wconf 70' lang='lat'>111,21).</span> <span class='ocrx_word' id='word_1_101' title='bbox 1316 1298 1334 1320; x_wconf 74' lang='grc' dir='ltr'>ι</span> <span class='ocrx_word' id='word_1_102' title='bbox 1368 1274 1526 1341; x_wconf 87' lang='lat' dir='ltr'>Quod</span> <span class='ocrx_word' id='word_1_103' title='bbox 1550 1281 1743 1331; x_wconf 91' lang='lat' dir='ltr'>contra</span> <span class='ocrx_word' id='word_1_104' title='bbox 1756 1273 1824 1329; x_wconf 91' lang='lat' dir='ltr'>de</span> <span class='ocrx_word' id='word_1_105' title='bbox 1848 1273 1937 1329; x_wconf 86' lang='lat' dir='ltr'>his</span> <span class='ocrx_word' id='word_1_106' title='bbox 1957 1272 2052 1346; x_wconf 89' lang='lat' dir='ltr'>qui</span> 
     </span>
    </p>
   </div>
   <div class='ocr_carea' id='block_1_14' title="bbox 457 1363 2051 1435">
    <p class='ocr_par' dir='ltr' id='par_1_14' title="bbox 457 1363 2051 1435">
     <span class='ocr_line' id='line_1_14' title="bbox 457 1363 2051 1435; baseline -0.006 -9"><span class='ocrx_word' id='word_1_107' title='bbox 457 1369 651 1427; x_wconf 85' lang='lat' dir='ltr'>fratres</span> <span class='ocrx_word' id='word_1_108' title='bbox 678 1366 857 1423; x_wconf 87' lang='lat' dir='ltr'>odisse</span> <span class='ocrx_word' id='word_1_109' title='bbox 884 1372 1206 1430; x_wconf 90' lang='lat' dir='ltr'>noscuntur,</span> <span class='ocrx_word' id='word_1_110' title='bbox 1230 1381 1323 1435; x_wconf 91' lang='lat' dir='ltr'>per</span> <span class='ocrx_word' id='word_1_111' title='bbox 1338 1365 1602 1421; x_wconf 86' lang='lat' dir='ltr'>Joannem</span> <span class='ocrx_word' id='word_1_112' title='bbox 1633 1364 1869 1421; x_wconf 86' lang='lat' dir='ltr'>dicitur:</span> <span class='ocrx_word' id='word_1_113' title='bbox 1910 1388 1930 1412; x_wconf 83' lang='grc' dir='ltr'>ι</span> <span class='ocrx_word' id='word_1_114' title='bbox 1947 1363 2051 1431; x_wconf 87' lang='lat' dir='ltr'>Qui</span> 
     </span>
    </p>
   </div>
   <div class='ocr_carea' id='block_1_15' title="bbox 462 1453 2053 1528">
    <p class='ocr_par' dir='ltr' id='par_1_15' title="bbox 462 1453 2053 1528">
     <span class='ocr_line' id='line_1_15' title="bbox 462 1453 2053 1528; baseline -0.004 -13"><span class='ocrx_word' id='word_1_115' title='bbox 462 1458 581 1516; x_wconf 88' lang='lat' dir='ltr'>odit</span> <span class='ocrx_word' id='word_1_116' title='bbox 611 1457 835 1512; x_wconf 81' lang='lat' dir='ltr'>fratrem</span> <span class='ocrx_word' id='word_1_117' title='bbox 867 1472 1051 1523; x_wconf 89' lang='lat' dir='ltr'>suum,</span> <span class='ocrx_word' id='word_1_118' title='bbox 1069 1453 1349 1511; x_wconf 89' lang='lat' dir='ltr'>homicida</span> <span class='ocrx_word' id='word_1_119' title='bbox 1377 1463 1477 1511; x_wconf 87' lang='lat' dir='ltr'>est.</span> <span class='ocrx_word' id='word_1_120' title='bbox 1500 1457 1574 1511; x_wconf 90' lang='lat' dir='ltr'>Et</span> <span class='ocrx_word' id='word_1_121' title='bbox 1602 1455 1756 1511; x_wconf 82' lang='lat' dir='ltr'>scitis</span> <span class='ocrx_word' id='word_1_122' title='bbox 1775 1454 1924 1528; x_wconf 91' lang='lat' dir='ltr'>quod</span> <span class='ocrx_word' id='word_1_123' title='bbox 1939 1471 2053 1510; x_wconf 84' lang='lat' dir='ltr'>om-</span> 
     </span>
    </p>
   </div>
   <div class='ocr_carea' id='block_1_16' title="bbox 460 1543 2058 1604">
    <p class='ocr_par' dir='ltr' id='par_1_16' title="bbox 460 1543 2058 1604">
     <span class='ocr_line' id='line_1_16' title="bbox 460 1543 2058 1604; baseline -0.004 0"><span class='ocrx_word' id='word_1_124' title='bbox 460 1548 549 1604; x_wconf 84' lang='lat' dir='ltr'>nis</span> <span class='ocrx_word' id='word_1_125' title='bbox 604 1544 887 1603; x_wconf 85' lang='lat' dir='ltr'>homicida</span> <span class='ocrx_word' id='word_1_126' title='bbox 918 1561 1030 1600; x_wconf 93' lang='lat' dir='ltr'>non</span> <span class='ocrx_word' id='word_1_127' title='bbox 1061 1543 1224 1599; x_wconf 85' lang='lat' dir='ltr'>habet</span> <span class='ocrx_word' id='word_1_128' title='bbox 1252 1545 1427 1600; x_wconf 84' lang='lat' dir='ltr'>vitam</span> <span class='ocrx_word' id='word_1_129' title='bbox 1457 1553 1716 1601; x_wconf 74' lang='lat' dir='ltr'>:eternam</span> <span class='ocrx_word' id='word_1_130' title='bbox 1747 1546 1806 1600; x_wconf 91' lang='lat' dir='ltr'>in</span> <span class='ocrx_word' id='word_1_131' title='bbox 1844 1560 1901 1599; x_wconf 88' lang='lat' dir='ltr'>se</span> <span class='ocrx_word' id='word_1_132' title='bbox 1929 1560 2058 1599; x_wconf 89' lang='lat' dir='ltr'>ma-</span> 
     </span>
    </p>
   </div>
   <div class='ocr_carea' id='block_1_17' title="bbox 460 1631 2055 1709">
    <p class='ocr_par' dir='ltr' id='par_1_17' title="bbox 460 1631 2055 1709">
     <span class='ocr_line' id='line_1_17' title="bbox 460 1631 2055 1709; baseline -0.006 -13"><span class='ocrx_word' id='word_1_133' title='bbox 460 1646 684 1697; x_wconf 88' lang='lat' dir='ltr'>nentem</span> <span class='ocrx_word' id='word_1_134' title='bbox 710 1639 765 1709; x_wconf 92' lang='lat' dir='ltr'>(I</span> <span class='ocrx_word' id='word_1_135' title='bbox 802 1639 960 1693; x_wconf 84' lang='lat' dir='ltr'>Joan.</span> <span class='ocrx_word' id='word_1_136' title='bbox 991 1653 1074 1703; x_wconf 89' lang='grc' dir='ltr'>ιιι,</span> <span class='ocrx_word' id='word_1_137' title='bbox 1112 1637 1223 1705; x_wconf 82' lang='grc'><strong>15).</strong></span> <span class='ocrx_word' id='word_1_138' title='bbox 1274 1661 1292 1683; x_wconf 79' lang='grc' dir='ltr'>ι</span> <span class='ocrx_word' id='word_1_139' title='bbox 1340 1636 1411 1690; x_wconf 89' lang='lat' dir='ltr'>Et</span> <span class='ocrx_word' id='word_1_140' title='bbox 1442 1652 1658 1691; x_wconf 86' lang='lat' dir='ltr'>rursum</span> <span class='ocrx_word' id='word_1_141' title='bbox 1694 1653 1704 1690; x_wconf 95' lang='lat'>:</span> <span class='ocrx_word' id='word_1_142' title='bbox 1755 1658 1773 1681; x_wconf 81' lang='grc' dir='ltr'>ι</span> <span class='ocrx_word' id='word_1_143' title='bbox 1802 1633 1907 1701; x_wconf 86' lang='lat' dir='ltr'>Qui</span> <span class='ocrx_word' id='word_1_144' title='bbox 1938 1631 2055 1688; x_wconf 87' lang='lat' dir='ltr'>odit</span> 
     </span>
    </p>
   </div>
   <div class='ocr_carea' id='block_1_18' title="bbox 461 1721 2056 1795">
    <p class='ocr_par' dir='ltr' id='par_1_18' title="bbox 461 1721 2056 1795">
     <span class='ocr_line' id='line_1_18' title="bbox 461 1721 2056 1795; baseline -0.006 -9"><span class='ocrx_word' id='word_1_145' title='bbox 461 1729 685 1786; x_wconf 90' lang='lat' dir='ltr'>fratrem</span> <span class='ocrx_word' id='word_1_146' title='bbox 703 1745 885 1795; x_wconf 91' lang='lat' dir='ltr'>suum,</span> <span class='ocrx_word' id='word_1_147' title='bbox 916 1726 973 1782; x_wconf 91' lang='lat' dir='ltr'>in</span> <span class='ocrx_word' id='word_1_148' title='bbox 1004 1725 1243 1781; x_wconf 89' lang='lat' dir='ltr'>tenebris</span> <span class='ocrx_word' id='word_1_149' title='bbox 1272 1733 1371 1793; x_wconf 88' lang='lat' dir='ltr'>est,</span> <span class='ocrx_word' id='word_1_150' title='bbox 1403 1732 1458 1780; x_wconf 92' lang='lat' dir='ltr'>et</span> <span class='ocrx_word' id='word_1_151' title='bbox 1488 1726 1546 1780; x_wconf 91' lang='lat' dir='ltr'>in</span> <span class='ocrx_word' id='word_1_152' title='bbox 1579 1723 1820 1781; x_wconf 90' lang='lat' dir='ltr'>tenebris</span> <span class='ocrx_word' id='word_1_153' title='bbox 1849 1721 2056 1777; x_wconf 89' lang='lat' dir='ltr'>ambu-</span> 
     </span>
    </p>
   </div>
   <div class='ocr_carea' id='block_1_19' title="bbox 462 1811 2134 1911">
    <p class='ocr_par' dir='ltr' id='par_1_19' title="bbox 462 1811 2134 1911">
     <span class='ocr_line' id='line_1_19' title="bbox 462 1811 2134 1911; baseline -0.006 -36"><span class='ocrx_word' id='word_1_154' title='bbox 462 1819 559 1888; x_wconf 86' lang='lat' dir='ltr'>lat,</span> <span class='ocrx_word' id='word_1_155' title='bbox 594 1826 649 1874; x_wconf 88' lang='lat' dir='ltr'>et</span> <span class='ocrx_word' id='word_1_156' title='bbox 677 1818 851 1874; x_wconf 89' lang='lat' dir='ltr'>nescit</span> <span class='ocrx_word' id='word_1_157' title='bbox 880 1834 988 1889; x_wconf 92' lang='lat' dir='ltr'>quo</span> <span class='ocrx_word' id='word_1_158' title='bbox 1034 1823 1141 1884; x_wconf 89' lang='lat' dir='ltr'>eat,</span> <span class='ocrx_word' id='word_1_159' title='bbox 1174 1815 1433 1888; x_wconf 90' lang='lat' dir='ltr'>quoniam</span> <span class='ocrx_word' id='word_1_160' title='bbox 1464 1811 2051 1911; x_wconf 41' lang='lat' dir='ltr'>tenebrm-obczecave:</span> <span class='ocrx_word' id='word_1_161' title='bbox 2087 1851 2134 1911; x_wconf 80' lang='grc' dir='ltr'>Β</span> 
     </span>
    </p>
   </div>
   <div class='ocr_carea' id='block_1_20' title="bbox 466 1898 2054 1977">
    <p class='ocr_par' dir='ltr' id='par_1_20' title="bbox 466 1898 2054 1977">
     <span class='ocr_line' id='line_1_20' title="bbox 466 1898 2054 1977; baseline -0.006 -13"><span class='ocrx_word' id='word_1_162' title='bbox 466 1917 599 1964; x_wconf 89' lang='lat' dir='ltr'>runt</span> <span class='ocrx_word' id='word_1_163' title='bbox 624 1908 813 1963; x_wconf 90' lang='lat' dir='ltr'>oculos</span> <span class='ocrx_word' id='word_1_164' title='bbox 843 1905 961 1977; x_wconf 84' lang='lat' dir='ltr'>ejus</span> <span class='ocrx_word' id='word_1_165' title='bbox 985 1906 1041 1977; x_wconf 93' lang='grc' dir='ltr'>(Ι</span> <span class='ocrx_word' id='word_1_166' title='bbox 1062 1905 1219 1960; x_wconf 81' lang='lat' dir='ltr'>Joan.</span> <span class='ocrx_word' id='word_1_167' title='bbox 1249 1921 1312 1972; x_wconf 89' lang='grc' dir='ltr'>ιι,</span> <span class='ocrx_word' id='word_1_168' title='bbox 1354 1904 1467 1975; x_wconf 92' lang='grc'><strong>11).</strong></span> <span class='ocrx_word' id='word_1_169' title='bbox 1512 1928 1530 1951; x_wconf 79' lang='grc' dir='ltr'>ι</span> <span class='ocrx_word' id='word_1_170' title='bbox 1582 1906 1678 1971; x_wconf 85' lang='lat' dir='ltr'>At,</span> <span class='ocrx_word' id='word_1_171' title='bbox 1718 1901 1924 1973; x_wconf 88' lang='lat' dir='ltr'>inquis,</span> <span class='ocrx_word' id='word_1_172' title='bbox 1943 1898 2054 1956; x_wconf 86' lang='lat' dir='ltr'>suf-</span> 
     </span>
    </p>
   </div>
   <div class='ocr_carea' id='block_1_21' title="bbox 464 1990 2056 2068">
    <p class='ocr_par' dir='ltr' id='par_1_21' title="bbox 464 1990 2056 2068">
     <span class='ocr_line' id='line_1_21' title="bbox 464 1990 2056 2068; baseline -0.006 -15"><span class='ocrx_word' id='word_1_173' title='bbox 464 1996 583 2054; x_wconf 91' lang='lat' dir='ltr'>ﬁcit</span> <span class='ocrx_word' id='word_1_174' title='bbox 617 1994 755 2051; x_wconf 90' lang='lat' dir='ltr'>mihi</span> <span class='ocrx_word' id='word_1_175' title='bbox 796 1992 943 2068; x_wconf 90' lang='lat' dir='ltr'>quod</span> <span class='ocrx_word' id='word_1_176' title='bbox 987 2000 1231 2049; x_wconf 88' lang='lat' dir='ltr'>amantes</span> <span class='ocrx_word' id='word_1_177' title='bbox 1278 2008 1364 2047; x_wconf 89' lang='lat' dir='ltr'>me</span> <span class='ocrx_word' id='word_1_178' title='bbox 1395 1991 1585 2063; x_wconf 79' lang='lat' dir='ltr'>diligo.</span> <span class='ocrx_word' id='word_1_179' title='bbox 1633 1990 1737 2046; x_wconf 87' lang='lat' dir='ltr'>Sed</span> <span class='ocrx_word' id='word_1_180' title='bbox 1783 1990 2056 2047; x_wconf 88' lang='lat' dir='ltr'>Dominus</span> 
     </span>
    </p>
   </div>
   <div class='ocr_carea' id='block_1_22' title="bbox 464 2080 2055 2155">
    <p class='ocr_par' dir='ltr' id='par_1_22' title="bbox 464 2080 2055 2155">
     <span class='ocr_line' id='line_1_22' title="bbox 464 2080 2055 2155; baseline -0.006 -12"><span class='ocrx_word' id='word_1_181' title='bbox 464 2093 655 2144; x_wconf 87' lang='lat' dir='ltr'>contra</span> <span class='ocrx_word' id='word_1_182' title='bbox 681 2084 759 2141; x_wconf 91' lang='lat' dir='ltr'>ait</span> <span class='ocrx_word' id='word_1_183' title='bbox 785 2102 796 2140; x_wconf 91' lang='lat'>:</span> <span class='ocrx_word' id='word_1_184' title='bbox 844 2110 861 2132; x_wconf 74' lang='grc' dir='ltr'>ι</span> <span class='ocrx_word' id='word_1_185' title='bbox 889 2083 945 2139; x_wconf 92' lang='lat' dir='ltr'>Si</span> <span class='ocrx_word' id='word_1_186' title='bbox 977 2082 1210 2155; x_wconf 84' lang='lat' dir='ltr'>diligitis</span> <span class='ocrx_word' id='word_1_187' title='bbox 1234 2098 1326 2138; x_wconf 93' lang='lat' dir='ltr'>eos</span> <span class='ocrx_word' id='word_1_188' title='bbox 1354 2081 1449 2153; x_wconf 91' lang='lat' dir='ltr'>qui</span> <span class='ocrx_word' id='word_1_189' title='bbox 1486 2098 1579 2136; x_wconf 86' lang='lat' dir='ltr'>vos</span> <span class='ocrx_word' id='word_1_190' title='bbox 1608 2080 1868 2152; x_wconf 86' lang='lat' dir='ltr'>diligunt,</span> <span class='ocrx_word' id='word_1_191' title='bbox 1891 2095 2055 2152; x_wconf 86' lang='lat' dir='ltr'>quam</span> 
     </span>
    </p>
   </div>
   <div class='ocr_carea' id='block_1_23' title="bbox 468 2168 2057 2245">
    <p class='ocr_par' dir='ltr' id='par_1_23' title="bbox 468 2168 2057 2245">
     <span class='ocr_line' id='line_1_23' title="bbox 468 2168 2057 2245; baseline -0.005 -13"><span class='ocrx_word' id='word_1_192' title='bbox 468 2175 775 2233; x_wconf 90' lang='lat' dir='ltr'>mercedem</span> <span class='ocrx_word' id='word_1_193' title='bbox 796 2174 1069 2229; x_wconf 86' lang='lat' dir='ltr'>habebitis</span> <span class='ocrx_word' id='word_1_194' title='bbox 1090 2175 1116 2228; x_wconf 60' lang='grc' dir='ltr'>εἶ</span> <span class='ocrx_word' id='word_1_195' title='bbox 1136 2173 1328 2228; x_wconf 72' lang='lat' dir='ltr'>Nonne</span> <span class='ocrx_word' id='word_1_196' title='bbox 1350 2180 1404 2227; x_wconf 92' lang='lat' dir='ltr'>et</span> <span class='ocrx_word' id='word_1_197' title='bbox 1418 2170 1701 2245; x_wconf 89' lang='lat' dir='ltr'>publicani</span> <span class='ocrx_word' id='word_1_198' title='bbox 1722 2170 1828 2226; x_wconf 91' lang='lat' dir='ltr'>hoc</span> <span class='ocrx_word' id='word_1_199' title='bbox 1848 2168 2057 2226; x_wconf 89' lang='lat' dir='ltr'>faciunt</span> 
     </span>
    </p>
   </div>
   <div class='ocr_carea' id='block_1_24' title="bbox 472 2257 2059 2337">
    <p class='ocr_par' dir='ltr' id='par_1_24' title="bbox 472 2257 2059 2337">
     <span class='ocr_line' id='line_1_24' title="bbox 472 2257 2059 2337; baseline -0.006 -16"><span class='ocrx_word' id='word_1_200' title='bbox 472 2265 684 2337; x_wconf 80' lang='lat' dir='ltr'>(Matth.</span> <span class='ocrx_word' id='word_1_201' title='bbox 710 2263 863 2336; x_wconf 64' lang='lat' dir='ltr'>v,&amp;6)</span> <span class='ocrx_word' id='word_1_202' title='bbox 877 2264 921 2320; x_wconf 66' lang='lat' dir='ltr'>in</span> <span class='ocrx_word' id='word_1_203' title='bbox 937 2262 1080 2330; x_wconf 89' lang='lat' dir='ltr'>Quid</span> <span class='ocrx_word' id='word_1_204' title='bbox 1094 2270 1175 2329; x_wconf 91' lang='lat' dir='ltr'>tu,</span> <span class='ocrx_word' id='word_1_205' title='bbox 1195 2261 1464 2329; x_wconf 89' lang='lat' dir='ltr'>homo,ad</span> <span class='ocrx_word' id='word_1_206' title='bbox 1487 2260 1593 2317; x_wconf 92' lang='lat' dir='ltr'>hoc</span> <span class='ocrx_word' id='word_1_207' title='bbox 1609 2260 1808 2316; x_wconf 89' lang='lat' dir='ltr'>iterum</span> <span class='ocrx_word' id='word_1_208' title='bbox 1822 2257 2059 2329; x_wconf 89' lang='lat' dir='ltr'>objicere</span> 
     </span>
    </p>
   </div>
   <div class='ocr_carea' id='block_1_25' title="bbox 466 2348 2057 2419">
    <p class='ocr_par' dir='ltr' id='par_1_25' title="bbox 466 2348 2057 2419">
     <span class='ocr_line' id='line_1_25' title="bbox 466 2348 2057 2419; baseline -0.005 -9"><span class='ocrx_word' id='word_1_209' title='bbox 466 2354 648 2410; x_wconf 78' lang='lat' dir='ltr'>vales?</span> <span class='ocrx_word' id='word_1_210' title='bbox 666 2353 822 2410; x_wconf 89' lang='lat' dir='ltr'>Certe</span> <span class='ocrx_word' id='word_1_211' title='bbox 853 2378 868 2398; x_wconf 85' lang='lat'><em>-</em></span> <span class='ocrx_word' id='word_1_212' title='bbox 894 2351 999 2419; x_wconf 87' lang='lat' dir='ltr'>Qui</span> <span class='ocrx_word' id='word_1_213' title='bbox 1020 2352 1137 2408; x_wconf 90' lang='lat' dir='ltr'>odit</span> <span class='ocrx_word' id='word_1_214' title='bbox 1158 2351 1381 2406; x_wconf 82' lang='lat' dir='ltr'>fratrem</span> <span class='ocrx_word' id='word_1_215' title='bbox 1404 2366 1588 2417; x_wconf 91' lang='lat' dir='ltr'>suum,</span> <span class='ocrx_word' id='word_1_216' title='bbox 1613 2357 1795 2404; x_wconf 90' lang='lat' dir='ltr'>manet</span> <span class='ocrx_word' id='word_1_217' title='bbox 1815 2348 1872 2403; x_wconf 92' lang='lat' dir='ltr'>in</span> <span class='ocrx_word' id='word_1_218' title='bbox 1885 2352 2057 2402; x_wconf 88' lang='lat' dir='ltr'>morte</span> 
     </span>
    </p>
   </div>
   <div class='ocr_carea' id='block_1_26' title="bbox 473 2438 2060 2517">
    <p class='ocr_par' dir='ltr' id='par_1_26' title="bbox 473 2438 2060 2517">
     <span class='ocr_line' id='line_1_26' title="bbox 473 2438 2060 2517; baseline -0.008 -15"><span class='ocrx_word' id='word_1_219' title='bbox 473 2444 534 2517; x_wconf 91' lang='grc' dir='ltr'>(Ι</span> <span class='ocrx_word' id='word_1_220' title='bbox 550 2442 707 2498; x_wconf 84' lang='lat' dir='ltr'>Joan.</span> <span class='ocrx_word' id='word_1_221' title='bbox 733 2440 965 2514; x_wconf 77' lang='grc' dir='ltr'>ιιι,14),-</span> <span class='ocrx_word' id='word_1_222' title='bbox 995 2449 1048 2497; x_wconf 89' lang='lat' dir='ltr'>et</span> <span class='ocrx_word' id='word_1_223' title='bbox 1063 2440 1158 2512; x_wconf 90' lang='lat' dir='ltr'>qui</span> <span class='ocrx_word' id='word_1_224' title='bbox 1182 2438 1390 2511; x_wconf 82' lang='lat' dir='ltr'>diligit,</span> <span class='ocrx_word' id='word_1_225' title='bbox 1412 2438 1468 2493; x_wconf 91' lang='lat' dir='ltr'>in</span> <span class='ocrx_word' id='word_1_226' title='bbox 1490 2439 1603 2494; x_wconf 93' lang='lat' dir='ltr'>Deo</span> <span class='ocrx_word' id='word_1_227' title='bbox 1620 2445 1823 2505; x_wconf 89' lang='lat' dir='ltr'>manet,</span> <span class='ocrx_word' id='word_1_228' title='bbox 1845 2444 1899 2491; x_wconf 89' lang='lat' dir='ltr'>et</span> <span class='ocrx_word' id='word_1_229' title='bbox 1916 2438 2060 2492; x_wconf 91' lang='lat' dir='ltr'>Deus</span> 
     </span>
    </p>
   </div>
   <div class='ocr_carea' id='block_1_27' title="bbox 465 2526 2060 2605">
    <p class='ocr_par' dir='ltr' id='par_1_27' title="bbox 465 2526 2060 2605">
     <span class='ocr_line' id='line_1_27' title="bbox 465 2526 2060 2605; baseline -0.008 -12"><span class='ocrx_word' id='word_1_230' title='bbox 465 2537 526 2593; x_wconf 91' lang='lat' dir='ltr'>in</span> <span class='ocrx_word' id='word_1_231' title='bbox 555 2553 620 2593; x_wconf 91' lang='lat' dir='ltr'>eo</span> <span class='ocrx_word' id='word_1_232' title='bbox 642 2534 871 2605; x_wconf 86' lang='lat' dir='ltr'>(IJoan.</span> <span class='ocrx_word' id='word_1_233' title='bbox 905 2549 983 2600; x_wconf 78' lang='grc' dir='ltr'>ιν,</span> <span class='ocrx_word' id='word_1_234' title='bbox 1009 2532 1094 2599; x_wconf 82' lang='grc'>15,</span> <span class='ocrx_word' id='word_1_235' title='bbox 1131 2531 1243 2602; x_wconf 90' lang='grc'><strong>16).</strong></span> <span class='ocrx_word' id='word_1_236' title='bbox 1290 2556 1307 2576; x_wconf 81' lang='grc' dir='ltr'>ι</span> <span class='ocrx_word' id='word_1_237' title='bbox 1337 2530 1568 2587; x_wconf 91' lang='lat' dir='ltr'>Omnem</span> <span class='ocrx_word' id='word_1_238' title='bbox 1599 2547 1727 2603; x_wconf 89' lang='lat' dir='ltr'>ergo</span> <span class='ocrx_word' id='word_1_239' title='bbox 1743 2526 2060 2584; x_wconf 88' lang='lat' dir='ltr'>amaritudi-</span> 
     </span>
    </p>
   </div>
   <div class='ocr_carea' id='block_1_28' title="bbox 378 2606 2062 2693">
    <p class='ocr_par' dir='ltr' id='par_1_28' title="bbox 378 2606 2062 2693">
     <span class='ocr_line' id='line_1_28' title="bbox 378 2606 2062 2693; baseline -0.007 -9"><span class='ocrx_word' id='word_1_240' title='bbox 378 2606 391 2618; x_wconf 50' lang='grc'><em>’</em></span> <span class='ocrx_word' id='word_1_241' title='bbox 467 2643 592 2683; x_wconf 90' lang='lat' dir='ltr'>nem</span> <span class='ocrx_word' id='word_1_242' title='bbox 616 2622 766 2681; x_wconf 87' lang='lat' dir='ltr'>fellis</span> <span class='ocrx_word' id='word_1_243' title='bbox 790 2639 1005 2689; x_wconf 90' lang='lat' dir='ltr'>evome,</span> <span class='ocrx_word' id='word_1_244' title='bbox 1023 2628 1075 2675; x_wconf 89' lang='lat' dir='ltr'>et</span> <span class='ocrx_word' id='word_1_245' title='bbox 1089 2636 1310 2693; x_wconf 89' lang='lat' dir='ltr'>quoque</span> <span class='ocrx_word' id='word_1_246' title='bbox 1332 2627 1489 2692; x_wconf 89' lang='lat' dir='ltr'>pacto</span> <span class='ocrx_word' id='word_1_247' title='bbox 1506 2616 2062 2687; x_wconf 86' lang='lat' dir='ltr'>valueris,charitatis</span> 
     </span>
    </p>
   </div>
   <div class='ocr_carea' id='block_1_29' title="bbox 467 2706 2065 2772">
    <p class='ocr_par' dir='ltr' id='par_1_29' title="bbox 467 2706 2065 2772">
     <span class='ocr_line' id='line_1_29' title="bbox 467 2706 2065 2772; baseline -0.008 0"><span class='ocrx_word' id='word_1_248' title='bbox 467 2714 819 2772; x_wconf 89' lang='lat' dir='ltr'>dulcedinem</span> <span class='ocrx_word' id='word_1_249' title='bbox 835 2709 1167 2767; x_wconf 88' lang='lat' dir='ltr'>sume.Nihil</span> <span class='ocrx_word' id='word_1_250' title='bbox 1190 2710 1337 2764; x_wconf 89' lang='lat' dir='ltr'>enim</span> <span class='ocrx_word' id='word_1_251' title='bbox 1357 2709 1452 2763; x_wconf 90' lang='lat' dir='ltr'>illa</span> <span class='ocrx_word' id='word_1_252' title='bbox 1464 2706 1856 2772; x_wconf 85' lang='lat' dir='ltr'>suavius,nihil</span> <span class='ocrx_word' id='word_1_253' title='bbox 1875 2707 1931 2761; x_wconf 92' lang='lat' dir='ltr'>in</span> <span class='ocrx_word' id='word_1_254' title='bbox 1948 2706 2065 2761; x_wconf 88' lang='lat' dir='ltr'>vita</span> 
     </span>
    </p>
   </div>
   <div class='ocr_carea' id='block_1_30' title="bbox 468 2795 2063 2872">
    <p class='ocr_par' dir='ltr' id='par_1_30' title="bbox 468 2795 2063 2872">
     <span class='ocr_line' id='line_1_30' title="bbox 468 2795 2063 2872; baseline -0.006 -12"><span class='ocrx_word' id='word_1_255' title='bbox 468 2803 707 2871; x_wconf 88' lang='lat' dir='ltr'>beatius,</span> <span class='ocrx_word' id='word_1_256' title='bbox 736 2802 878 2860; x_wconf 88' lang='lat' dir='ltr'>sicut</span> <span class='ocrx_word' id='word_1_257' title='bbox 907 2800 1174 2872; x_wconf 88' lang='lat' dir='ltr'>scriptum</span> <span class='ocrx_word' id='word_1_258' title='bbox 1198 2807 1279 2855; x_wconf 92' lang='lat' dir='ltr'>est</span> <span class='ocrx_word' id='word_1_259' title='bbox 1303 2818 1315 2855; x_wconf 92' lang='lat'>:</span> <span class='ocrx_word' id='word_1_260' title='bbox 1355 2823 1373 2845; x_wconf 76' lang='grc' dir='ltr'><strong><em>ο</em></strong></span> <span class='ocrx_word' id='word_1_261' title='bbox 1399 2798 1601 2855; x_wconf 89' lang='lat' dir='ltr'>Odium</span> <span class='ocrx_word' id='word_1_262' title='bbox 1631 2795 1918 2860; x_wconf 84' lang='lat' dir='ltr'>suscitath</span> <span class='ocrx_word' id='word_1_263' title='bbox 1937 2811 2063 2852; x_wconf 89' lang='lat' dir='ltr'>con-</span> 
     </span>
    </p>
   </div>
   <div class='ocr_carea' id='block_1_31' title="bbox 468 2884 2066 2956">
    <p class='ocr_par' dir='ltr' id='par_1_31' title="bbox 468 2884 2066 2956">
     <span class='ocr_line' id='line_1_31' title="bbox 468 2884 2066 2956; baseline -0.006 -8"><span class='ocrx_word' id='word_1_264' title='bbox 468 2891 773 2950; x_wconf 85' lang='lat' dir='ltr'>tentionem</span> <span class='ocrx_word' id='word_1_265' title='bbox 806 2909 819 2956; x_wconf 90' lang='lat'><strong>;</strong></span> <span class='ocrx_word' id='word_1_266' title='bbox 861 2905 1051 2944; x_wconf 90' lang='lat' dir='ltr'>omnes</span> <span class='ocrx_word' id='word_1_267' title='bbox 1079 2896 1259 2944; x_wconf 90' lang='lat' dir='ltr'>autem</span> <span class='ocrx_word' id='word_1_268' title='bbox 1290 2904 1402 2944; x_wconf 93' lang='lat' dir='ltr'>non</span> <span class='ocrx_word' id='word_1_269' title='bbox 1436 2884 1829 2944; x_wconf 87' lang='lat' dir='ltr'>contendentes</span> <span class='ocrx_word' id='word_1_270' title='bbox 1858 2885 2066 2956; x_wconf 88' lang='lat' dir='ltr'>operiet</span> 
     </span>
    </p>
   </div>
   <div class='ocr_carea' id='block_1_32' title="bbox 465 2977 2066 3049">
    <p class='ocr_par' dir='ltr' id='par_1_32' title="bbox 465 2977 2066 3049">
     <span class='ocr_line' id='line_1_32' title="bbox 465 2977 2066 3049; baseline -0.004 -11"><span class='ocrx_word' id='word_1_271' title='bbox 465 2980 712 3038; x_wconf 90' lang='lat' dir='ltr'>amicitia</span> <span class='ocrx_word' id='word_1_272' title='bbox 742 2981 930 3049; x_wconf 85' lang='lat' dir='ltr'>(Prov.</span> <span class='ocrx_word' id='word_1_273' title='bbox 959 2995 1016 3045; x_wconf 84' lang='lat' dir='ltr'>x,</span> <span class='ocrx_word' id='word_1_274' title='bbox 1043 2978 1155 3049; x_wconf 91' lang='grc'><strong>12).</strong></span> <span class='ocrx_word' id='word_1_275' title='bbox 1175 3004 1193 3027; x_wconf 74' lang='grc' dir='ltr'>ι</span> <span class='ocrx_word' id='word_1_276' title='bbox 1228 2981 1347 3036; x_wconf 90' lang='lat' dir='ltr'>Imo</span> <span class='ocrx_word' id='word_1_277' title='bbox 1373 2988 1427 3035; x_wconf 92' lang='lat' dir='ltr'>et</span> <span class='ocrx_word' id='word_1_278' title='bbox 1453 2980 1566 3035; x_wconf 94' lang='lat' dir='ltr'>Deo</span> <span class='ocrx_word' id='word_1_279' title='bbox 1595 2996 1697 3035; x_wconf 91' lang='lat' dir='ltr'>nos</span> <span class='ocrx_word' id='word_1_280' title='bbox 1719 2978 1817 3034; x_wconf 91' lang='lat' dir='ltr'>illa</span> <span class='ocrx_word' id='word_1_281' title='bbox 1835 2977 2066 3036; x_wconf 90' lang='lat' dir='ltr'>confor-</span> 
     </span>
    </p>
   </div>
   <div class='ocr_carea' id='block_1_33' title="bbox 465 3068 2065 3142">
    <p class='ocr_par' dir='ltr' id='par_1_33' title="bbox 465 3068 2065 3142">
     <span class='ocr_line' id='line_1_33' title="bbox 465 3068 2065 3142; baseline -0.004 -13"><span class='ocrx_word' id='word_1_282' title='bbox 465 3088 615 3129; x_wconf 88' lang='lat' dir='ltr'>mare</span> <span class='ocrx_word' id='word_1_283' title='bbox 643 3070 929 3128; x_wconf 88' lang='lat' dir='ltr'>contendit</span> <span class='ocrx_word' id='word_1_284' title='bbox 955 3089 967 3137; x_wconf 93' lang='lat'>;</span> <span class='ocrx_word' id='word_1_285' title='bbox 992 3070 1116 3126; x_wconf 92' lang='lat' dir='ltr'>ideo</span> <span class='ocrx_word' id='word_1_286' title='bbox 1146 3071 1383 3126; x_wconf 90' lang='lat' dir='ltr'>Joannes</span> <span class='ocrx_word' id='word_1_287' title='bbox 1411 3070 1745 3142; x_wconf 83' lang='lat' dir='ltr'>evangelista</span> <span class='ocrx_word' id='word_1_288' title='bbox 1779 3069 1885 3124; x_wconf 92' lang='lat' dir='ltr'>hoc</span> <span class='ocrx_word' id='word_1_289' title='bbox 1925 3068 2065 3124; x_wconf 79' lang='lat' dir='ltr'>afﬁr-</span> 
     </span>
    </p>
   </div>
   <div class='ocr_carea' id='block_1_34' title="bbox 469 3160 2065 3233">
    <p class='ocr_par' dir='ltr' id='par_1_34' title="bbox 469 3160 2065 3233">
     <span class='ocr_line' id='line_1_34' title="bbox 469 3160 2065 3233; baseline -0.002 -15"><span class='ocrx_word' id='word_1_290' title='bbox 469 3179 626 3219; x_wconf 89' lang='lat' dir='ltr'>mans</span> <span class='ocrx_word' id='word_1_291' title='bbox 671 3162 749 3218; x_wconf 89' lang='lat' dir='ltr'>ait</span> <span class='ocrx_word' id='word_1_292' title='bbox 783 3177 794 3215; x_wconf 93' lang='lat'>:</span> <span class='ocrx_word' id='word_1_293' title='bbox 840 3186 857 3209; x_wconf 72' lang='grc' dir='ltr'>ς</span> <span class='ocrx_word' id='word_1_294' title='bbox 893 3163 1041 3217; x_wconf 91' lang='lat' dir='ltr'>Deus</span> <span class='ocrx_word' id='word_1_295' title='bbox 1069 3161 1310 3218; x_wconf 88' lang='lat' dir='ltr'>charitas</span> <span class='ocrx_word' id='word_1_296' title='bbox 1336 3170 1418 3217; x_wconf 89' lang='lat' dir='ltr'>est</span> <span class='ocrx_word' id='word_1_297' title='bbox 1440 3162 1497 3233; x_wconf 95' lang='grc' dir='ltr'>(Ι</span> <span class='ocrx_word' id='word_1_298' title='bbox 1521 3162 1679 3216; x_wconf 87' lang='lat' dir='ltr'>Joan.</span> <span class='ocrx_word' id='word_1_299' title='bbox 1712 3177 1788 3228; x_wconf 78' lang='grc' dir='ltr'>ιν,</span> <span class='ocrx_word' id='word_1_300' title='bbox 1818 3161 1895 3231; x_wconf 91' lang='grc'><strong>7).</strong></span> <span class='ocrx_word' id='word_1_301' title='bbox 1931 3184 1949 3206; x_wconf 78' lang='grc' dir='ltr'>ι</span> <span class='ocrx_word' id='word_1_302' title='bbox 1993 3160 2065 3215; x_wconf 88' lang='lat' dir='ltr'>Et</span> 
     </span>
    </p>
   </div>
   <div class='ocr_carea' id='block_1_35' title="bbox 465 3248 2065 3326">
    <p class='ocr_par' dir='ltr' id='par_1_35' title="bbox 465 3248 2065 3326">
     <span class='ocr_line' id='line_1_35' title="bbox 465 3248 2065 3326; baseline -0.003 -17"><span class='ocrx_word' id='word_1_303' title='bbox 465 3252 712 3326; x_wconf 88' lang='lat' dir='ltr'>egregius</span> <span class='ocrx_word' id='word_1_304' title='bbox 742 3251 1065 3323; x_wconf 62' lang='lat' dir='ltr'>pradicator</span> <span class='ocrx_word' id='word_1_305' title='bbox 1094 3253 1295 3307; x_wconf 88' lang='lat' dir='ltr'>Paulus</span> <span class='ocrx_word' id='word_1_306' title='bbox 1333 3269 1344 3306; x_wconf 91' lang='lat'>:</span> <span class='ocrx_word' id='word_1_307' title='bbox 1394 3275 1412 3299; x_wconf 73' lang='grc' dir='ltr'>ι</span> <span class='ocrx_word' id='word_1_308' title='bbox 1441 3250 1695 3307; x_wconf 88' lang='lat' dir='ltr'>Charitas</span> <span class='ocrx_word' id='word_1_309' title='bbox 1719 3249 1818 3307; x_wconf 92' lang='lat' dir='ltr'>Dei</span> <span class='ocrx_word' id='word_1_310' title='bbox 1866 3248 2065 3304; x_wconf 74' lang='lat' dir='ltr'>diffusa</span> 
     </span>
    </p>
   </div>
   <div class='ocr_carea' id='block_1_36' title="bbox 461 3331 2064 3415">
    <p class='ocr_par' dir='ltr' id='par_1_36' title="bbox 461 3331 2064 3415">
     <span class='ocr_line' id='line_1_36' title="bbox 461 3331 2064 3415; baseline -0.002 -15"><span class='ocrx_word' id='word_1_311' title='bbox 461 3352 544 3400; x_wconf 87' lang='lat' dir='ltr'>est</span> <span class='ocrx_word' id='word_1_312' title='bbox 559 3344 617 3399; x_wconf 91' lang='lat' dir='ltr'>in</span> <span class='ocrx_word' id='word_1_313' title='bbox 642 3343 900 3401; x_wconf 87' lang='lat' dir='ltr'>cordibus</span> <span class='ocrx_word' id='word_1_314' title='bbox 922 3343 1127 3399; x_wconf 91' lang='lat' dir='ltr'>nostris</span> <span class='ocrx_word' id='word_1_315' title='bbox 1151 3359 1247 3414; x_wconf 89' lang='lat' dir='ltr'>per</span> <span class='ocrx_word' id='word_1_316' title='bbox 1267 3331 1535 3414; x_wconf 87' lang='lat' dir='ltr'>Spiritum</span> <span class='ocrx_word' id='word_1_317' title='bbox 1561 3351 1834 3411; x_wconf 88' lang='lat' dir='ltr'>sanctum,</span> <span class='ocrx_word' id='word_1_318' title='bbox 1858 3342 1949 3415; x_wconf 89' lang='lat' dir='ltr'>qui</span> <span class='ocrx_word' id='word_1_319' title='bbox 1972 3341 2064 3397; x_wconf 89' lang='lat' dir='ltr'>da-</span> 
     </span>
    </p>
   </div>
   <div class='ocr_carea' id='block_1_37' title="bbox 460 3430 2062 3501">
    <p class='ocr_par' dir='ltr' id='par_1_37' title="bbox 460 3430 2062 3501">
     <span class='ocr_line' id='line_1_37' title="bbox 460 3430 2062 3501; baseline -0.002 -12"><span class='ocrx_word' id='word_1_320' title='bbox 460 3440 551 3489; x_wconf 91' lang='lat' dir='ltr'>tus</span> <span class='ocrx_word' id='word_1_321' title='bbox 579 3440 660 3487; x_wconf 92' lang='lat' dir='ltr'>est</span> <span class='ocrx_word' id='word_1_322' title='bbox 691 3432 852 3487; x_wconf 92' lang='lat' dir='ltr'>nobis</span> <span class='ocrx_word' id='word_1_323' title='bbox 885 3432 1062 3501; x_wconf 86' lang='lat' dir='ltr'>(Rom.</span> <span class='ocrx_word' id='word_1_324' title='bbox 1088 3432 1231 3501; x_wconf 79' lang='lat' dir='ltr'>v,5).</span> <span class='ocrx_word' id='word_1_325' title='bbox 1255 3456 1274 3478; x_wconf 78' lang='grc' dir='ltr'>ι</span> <span class='ocrx_word' id='word_1_326' title='bbox 1319 3431 1475 3487; x_wconf 90' lang='lat' dir='ltr'>Unde</span> <span class='ocrx_word' id='word_1_327' title='bbox 1504 3448 1606 3488; x_wconf 90' lang='lat' dir='ltr'>nec</span> <span class='ocrx_word' id='word_1_328' title='bbox 1640 3431 1919 3486; x_wconf 90' lang='lat' dir='ltr'>immerito</span> <span class='ocrx_word' id='word_1_329' title='bbox 1939 3430 2062 3486; x_wconf 90' lang='lat' dir='ltr'>cha-</span> 
     </span>
    </p>
   </div>
   <div class='ocr_carea' id='block_1_38' title="bbox 462 3520 2064 3592">
    <p class='ocr_par' dir='ltr' id='par_1_38' title="bbox 462 3520 2064 3592">
     <span class='ocr_line' id='line_1_38' title="bbox 462 3520 2064 3592; baseline -0.003 -13"><span class='ocrx_word' id='word_1_330' title='bbox 462 3526 596 3579; x_wconf 85' lang='lat' dir='ltr'>ritas</span> <span class='ocrx_word' id='word_1_331' title='bbox 609 3524 882 3577; x_wconf 89' lang='lat' dir='ltr'>delictoru</span> <span class='ocrx_word' id='word_1_332' title='bbox 892 3538 941 3575; x_wconf 93' lang='lat' dir='ltr'>m</span> <span class='ocrx_word' id='word_1_333' title='bbox 958 3520 1204 3575; x_wconf 87' lang='lat' dir='ltr'>facinora</span> <span class='ocrx_word' id='word_1_334' title='bbox 1219 3530 1398 3591; x_wconf 88' lang='lat' dir='ltr'>tegere</span> <span class='ocrx_word' id='word_1_335' title='bbox 1410 3521 1783 3587; x_wconf 88' lang='lat' dir='ltr'>dicitur,sicut</span> <span class='ocrx_word' id='word_1_336' title='bbox 1796 3523 2064 3592; x_wconf 89' lang='lat' dir='ltr'>scriptum</span> 
     </span>
    </p>
   </div>
   <div class='ocr_carea' id='block_1_39' title="bbox 462 3608 2049 3679">
    <p class='ocr_par' dir='ltr' id='par_1_39' title="bbox 462 3608 2049 3679">
     <span class='ocr_line' id='line_1_39' title="bbox 462 3608 2049 3679; baseline -0.001 -14"><span class='ocrx_word' id='word_1_337' title='bbox 462 3618 563 3666; x_wconf 89' lang='lat' dir='ltr'>est:</span> <span class='ocrx_word' id='word_1_338' title='bbox 602 3632 621 3657; x_wconf 72' lang='grc' dir='ltr'>ι</span> <span class='ocrx_word' id='word_1_339' title='bbox 639 3609 907 3665; x_wconf 88' lang='lat' dir='ltr'>Universa</span> <span class='ocrx_word' id='word_1_340' title='bbox 929 3608 1132 3664; x_wconf 89' lang='lat' dir='ltr'>delicta</span> <span class='ocrx_word' id='word_1_341' title='bbox 1151 3610 1330 3679; x_wconf 89' lang='lat' dir='ltr'>operit</span> <span class='ocrx_word' id='word_1_342' title='bbox 1350 3609 1654 3678; x_wconf 89' lang='lat' dir='ltr'>charitas(l</span> <span class='ocrx_word' id='word_1_343' title='bbox 1672 3610 1818 3663; x_wconf 87' lang='lat' dir='ltr'>Petr.</span> <span class='ocrx_word' id='word_1_344' title='bbox 1844 3625 1920 3675; x_wconf 81' lang='lat' dir='ltr'>IV,</span> <span class='ocrx_word' id='word_1_345' title='bbox 1942 3608 2049 3679; x_wconf 75' lang='lat'>8).-</span> 
     </span>
    </p>
   </div>
   <div class='ocr_carea' id='block_1_40' title="bbox 1057 3744 1466 3804">
    <p class='ocr_par' dir='ltr' id='par_1_40' title="bbox 1057 3744 1466 3804">
     <span class='ocr_line' id='line_1_40' title="bbox 1057 3744 1466 3804; baseline -0.007 0"><span class='ocrx_word' id='word_1_346' title='bbox 1057 3744 1286 3804; x_wconf 85' lang='lat' dir='ltr'>CAPUT</span> <span class='ocrx_word' id='word_1_347' title='bbox 1317 3745 1466 3804; x_wconf 80' lang='lat' dir='ltr'>VIII.</span> 
     </span>
    </p>
   </div>
   <div class='ocr_carea' id='block_1_41' title="bbox 1009 3847 1513 3905">
    <p class='ocr_par' dir='ltr' id='par_1_41' title="bbox 1009 3847 1513 3905">
     <span class='ocr_line' id='line_1_41' title="bbox 1009 3847 1513 3905; baseline -0.004 -1"><span class='ocrx_word' id='word_1_348' title='bbox 1009 3848 1280 3904; x_wconf 78' lang='lat' dir='ltr'>Detractio</span> <span class='ocrx_word' id='word_1_349' title='bbox 1337 3847 1467 3905; x_wconf 76' lang='lat' dir='ltr'>dicit</span> <span class='ocrx_word' id='word_1_350' title='bbox 1496 3864 1513 3902; x_wconf 91' lang='lat'>:</span> 
     </span>
    </p>
   </div>
   <div class='ocr_carea' id='block_1_42' title="bbox 537 3956 2066 4032">
    <p class='ocr_par' dir='ltr' id='par_1_42' title="bbox 537 3956 2066 4032">
     <span class='ocr_line' id='line_1_42' title="bbox 537 3956 2066 4032; baseline -0.001 -18"><span class='ocrx_word' id='word_1_351' title='bbox 537 3956 674 4026; x_wconf 90' lang='lat' dir='ltr'>Quis</span> <span class='ocrx_word' id='word_1_352' title='bbox 701 3963 882 4030; x_wconf 88' lang='lat' dir='ltr'>potest</span> <span class='ocrx_word' id='word_1_353' title='bbox 909 3957 1205 4027; x_wconf 87' lang='lat' dir='ltr'>sustinere,</span> <span class='ocrx_word' id='word_1_354' title='bbox 1229 3956 1354 4031; x_wconf 86' lang='lat' dir='ltr'>quis</span> <span class='ocrx_word' id='word_1_355' title='bbox 1392 3956 1616 4014; x_wconf 87' lang='lat' dir='ltr'>silentio</span> <span class='ocrx_word' id='word_1_356' title='bbox 1645 3964 1847 4030; x_wconf 84' lang='lat' dir='ltr'>tegere,</span> <span class='ocrx_word' id='word_1_357' title='bbox 1879 3973 2066 4032; x_wconf 88' lang='lat' dir='ltr'>quan-</span> 
     </span>
    </p>
   </div>
   <div class='ocr_carea' id='block_1_43' title="bbox 464 4046 2063 4120">
    <p class='ocr_par' dir='ltr' id='par_1_43' title="bbox 464 4046 2063 4120">
     <span class='ocr_line' id='line_1_43' title="bbox 464 4046 2063 4120; baseline -0.001 -18"><span class='ocrx_word' id='word_1_358' title='bbox 464 4054 521 4102; x_wconf 88' lang='lat' dir='ltr'>ta</span> <span class='ocrx_word' id='word_1_359' title='bbox 550 4046 653 4101; x_wconf 88' lang='lat' dir='ltr'>iste</span> <span class='ocrx_word' id='word_1_360' title='bbox 678 4047 765 4101; x_wconf 85' lang='lat' dir='ltr'>vel</span> <span class='ocrx_word' id='word_1_361' title='bbox 795 4046 891 4103; x_wconf 92' lang='lat' dir='ltr'>ille</span> <span class='ocrx_word' id='word_1_362' title='bbox 921 4063 1089 4119; x_wconf 85' lang='lat' dir='ltr'>prava</span> <span class='ocrx_word' id='word_1_363' title='bbox 1140 4046 1460 4116; x_wconf 85' lang='lat' dir='ltr'>committit,</span> <span class='ocrx_word' id='word_1_364' title='bbox 1491 4047 1601 4104; x_wconf 92' lang='lat' dir='ltr'>nisi</span> <span class='ocrx_word' id='word_1_365' title='bbox 1630 4047 1771 4104; x_wconf 89' lang='lat' dir='ltr'>forte</span> <span class='ocrx_word' id='word_1_366' title='bbox 1805 4047 1902 4120; x_wconf 91' lang='lat' dir='ltr'>qui</span> <span class='ocrx_word' id='word_1_367' title='bbox 1935 4064 2063 4103; x_wconf 89' lang='lat' dir='ltr'>con.</span> 
     </span>
    </p>
   </div>
   <div class='ocr_carea' id='block_1_44' title="bbox 467 4132 684 4189">
    <p class='ocr_par' dir='ltr' id='par_1_44' title="bbox 467 4132 684 4189">
     <span class='ocr_line' id='line_1_44' title="bbox 467 4132 684 4189; baseline 0 -1"><span class='ocrx_word' id='word_1_368' title='bbox 467 4133 636 4189; x_wconf 88' lang='lat' dir='ltr'>sentit</span> <span class='ocrx_word' id='word_1_369' title='bbox 655 4132 684 4188; x_wconf 76' lang='lat'><strong>?</strong></span> 
     </span>
    </p>
   </div>
   <div class='ocr_carea' id='block_1_45' title="bbox 821 4230 1710 4304">
    <p class='ocr_par' dir='ltr' id='par_1_45' title="bbox 821 4230 1710 4304">
     <span class='ocr_line' id='line_1_45' title="bbox 821 4230 1710 4304; baseline 0.006 -21"><span class='ocrx_word' id='word_1_370' title='bbox 821 4230 895 4284; x_wconf 84' lang='lat' dir='ltr'>At</span> <span class='ocrx_word' id='word_1_371' title='bbox 913 4230 1067 4299; x_wconf 73' lang='lat' dir='ltr'>justo</span> <span class='ocrx_word' id='word_1_372' title='bbox 1090 4234 1351 4303; x_wconf 78' lang='lat' dir='ltr'>correptio</span> <span class='ocrx_word' id='word_1_373' title='bbox 1380 4233 1661 4304; x_wconf 80' lang='lat' dir='ltr'>respondet</span> <span class='ocrx_word' id='word_1_374' title='bbox 1691 4249 1710 4287; x_wconf 90' lang='lat'>:</span> 
     </span>
    </p>
   </div>
   <div class='ocr_carea' id='block_1_46' title="bbox 536 4329 2060 4407">
    <p class='ocr_par' dir='ltr' id='par_1_46' title="bbox 536 4329 2060 4407">
     <span class='ocr_line' id='line_1_46' title="bbox 536 4329 2060 4407; baseline 0.006 -20"><span class='ocrx_word' id='word_1_375' title='bbox 536 4329 648 4387; x_wconf 89' lang='lat' dir='ltr'>Nec</span> <span class='ocrx_word' id='word_1_376' title='bbox 669 4329 896 4387; x_wconf 88' lang='lat' dir='ltr'>tacenda</span> <span class='ocrx_word' id='word_1_377' title='bbox 915 4342 1044 4388; x_wconf 90' lang='lat' dir='ltr'>sunt</span> <span class='ocrx_word' id='word_1_378' title='bbox 1064 4335 1206 4389; x_wconf 90' lang='lat' dir='ltr'>mala</span> <span class='ocrx_word' id='word_1_379' title='bbox 1226 4336 1489 4407; x_wconf 83' lang='lat' dir='ltr'>proximi,</span> <span class='ocrx_word' id='word_1_380' title='bbox 1527 4353 1627 4394; x_wconf 92' lang='lat' dir='ltr'>nec</span> <span class='ocrx_word' id='word_1_381' title='bbox 1650 4338 2060 4396; x_wconf 88' lang='lat' dir='ltr'>consentienda:</span> 
     </span>
    </p>
   </div>
   <div class='ocr_carea' id='block_1_47' title="bbox 472 4418 2063 4505">
    <p class='ocr_par' dir='ltr' id='par_1_47' title="bbox 472 4418 2063 4505">
     <span class='ocr_line' id='line_1_47' title="bbox 472 4418 2063 4505; baseline 0.004 -29"><span class='ocrx_word' id='word_1_382' title='bbox 472 4419 569 4476; x_wconf 80' lang='lat' dir='ltr'>sed</span> <span class='ocrx_word' id='word_1_383' title='bbox 621 4418 887 4476; x_wconf 86' lang='lat' dir='ltr'>charitate</span> <span class='ocrx_word' id='word_1_384' title='bbox 932 4420 1170 4477; x_wconf 87' lang='lat' dir='ltr'>fraterna</span> <span class='ocrx_word' id='word_1_385' title='bbox 1226 4423 1515 4505; x_wconf 35' lang='lat' dir='ltr'>pro/ximus</span> <span class='ocrx_word' id='word_1_386' title='bbox 1564 4425 1620 4479; x_wconf 91' lang='lat' dir='ltr'>in</span> <span class='ocrx_word' id='word_1_387' title='bbox 1657 4424 1853 4481; x_wconf 89' lang='lat' dir='ltr'>faciem</span> <span class='ocrx_word' id='word_1_388' title='bbox 1884 4426 2063 4482; x_wconf 86' lang='lat' dir='ltr'>redar-</span> 
     </span>
    </p>
   </div>
   <div class='ocr_carea' id='block_1_48' title="bbox 472 4508 2059 4583">
    <p class='ocr_par' dir='ltr' id='par_1_48' title="bbox 472 4508 2059 4583">
     <span class='ocr_line' id='line_1_48' title="bbox 472 4508 2059 4583; baseline 0.003 -16"><span class='ocrx_word' id='word_1_389' title='bbox 472 4508 719 4583; x_wconf 83' lang='lat' dir='ltr'>guendus</span> <span class='ocrx_word' id='word_1_390' title='bbox 769 4519 872 4580; x_wconf 91' lang='lat' dir='ltr'>est,</span> <span class='ocrx_word' id='word_1_391' title='bbox 932 4525 1043 4565; x_wconf 92' lang='lat' dir='ltr'>non</span> <span class='ocrx_word' id='word_1_392' title='bbox 1080 4518 1263 4567; x_wconf 91' lang='lat' dir='ltr'>autem</span> <span class='ocrx_word' id='word_1_393' title='bbox 1314 4511 1628 4568; x_wconf 89' lang='lat' dir='ltr'>clanculum</span> <span class='ocrx_word' id='word_1_394' title='bbox 1671 4513 2059 4572; x_wconf 88' lang='lat' dir='ltr'>detrahendus.</span> 
     </span>
    </p>
   </div>
   <div class='ocr_carea' id='block_1_49' title="bbox 466 4597 2061 4673">
    <p class='ocr_par' dir='ltr' id='par_1_49' title="bbox 466 4597 2061 4673">
     <span class='ocr_line' id='line_1_49' title="bbox 466 4597 2061 4673; baseline 0.002 -17"><span class='ocrx_word' id='word_1_395' title='bbox 466 4598 622 4668; x_wconf 87' lang='lat' dir='ltr'>Quod</span> <span class='ocrx_word' id='word_1_396' title='bbox 655 4600 700 4655; x_wconf 91' lang='lat' dir='ltr'>si</span> <span class='ocrx_word' id='word_1_397' title='bbox 730 4617 761 4656; x_wconf 93' lang='lat' dir='ltr'>a</span> <span class='ocrx_word' id='word_1_398' title='bbox 791 4599 1047 4673; x_wconf 89' lang='lat' dir='ltr'>quopiam</span> <span class='ocrx_word' id='word_1_399' title='bbox 1070 4597 1351 4671; x_wconf 90' lang='lat' dir='ltr'>objicitur,</span> <span class='ocrx_word' id='word_1_400' title='bbox 1402 4598 1609 4657; x_wconf 91' lang='lat' dir='ltr'>idcirco</span> <span class='ocrx_word' id='word_1_401' title='bbox 1635 4616 1693 4656; x_wconf 93' lang='lat' dir='ltr'>se</span> <span class='ocrx_word' id='word_1_402' title='bbox 1722 4601 1944 4658; x_wconf 84' lang='lat' dir='ltr'>fratrem</span> <span class='ocrx_word' id='word_1_403' title='bbox 1974 4620 2061 4659; x_wconf 94' lang='lat' dir='ltr'>co-</span> 
     </span>
    </p>
   </div>
   <div class='ocr_carea' id='block_1_50' title="bbox 463 4690 2063 4764">
    <p class='ocr_par' dir='ltr' id='par_1_50' title="bbox 463 4690 2063 4764">
     <span class='ocr_line' id='line_1_50' title="bbox 463 4690 2063 4764; baseline 0.001 -16"><span class='ocrx_word' id='word_1_404' title='bbox 463 4707 578 4748; x_wconf 87' lang='lat' dir='ltr'>ram</span> <span class='ocrx_word' id='word_1_405' title='bbox 610 4691 787 4747; x_wconf 90' lang='lat' dir='ltr'>oculis</span> <span class='ocrx_word' id='word_1_406' title='bbox 817 4690 1097 4764; x_wconf 88' lang='lat' dir='ltr'>increpare</span> <span class='ocrx_word' id='word_1_407' title='bbox 1126 4691 1295 4760; x_wconf 91' lang='lat' dir='ltr'>nolle,</span> <span class='ocrx_word' id='word_1_408' title='bbox 1324 4707 1392 4747; x_wconf 92' lang='lat' dir='ltr'>ne</span> <span class='ocrx_word' id='word_1_409' title='bbox 1422 4699 1769 4764; x_wconf 81' lang='lat' dir='ltr'>exasperatus</span> <span class='ocrx_word' id='word_1_410' title='bbox 1814 4707 1923 4747; x_wconf 92' lang='lat' dir='ltr'>non</span> <span class='ocrx_word' id='word_1_411' title='bbox 1964 4710 2063 4750; x_wconf 92' lang='lat' dir='ltr'>so-</span> 
     </span>
    </p>
   </div>
   <div class='ocr_carea' id='block_1_51' title="bbox 463 4780 2062 4857">
    <p class='ocr_par' dir='ltr' id='par_1_51' title="bbox 463 4780 2062 4857">
     <span class='ocr_line' id='line_1_51' title="bbox 463 4780 2062 4857; baseline 0.004 -21"><span class='ocrx_word' id='word_1_412' title='bbox 463 4780 579 4837; x_wconf 91' lang='lat' dir='ltr'>lum</span> <span class='ocrx_word' id='word_1_413' title='bbox 627 4798 739 4838; x_wconf 92' lang='lat' dir='ltr'>non</span> <span class='ocrx_word' id='word_1_414' title='bbox 778 4782 1050 4855; x_wconf 83' lang='lat' dir='ltr'>proﬁciat,</span> <span class='ocrx_word' id='word_1_415' title='bbox 1082 4782 1177 4839; x_wconf 86' lang='lat' dir='ltr'>sed</span> <span class='ocrx_word' id='word_1_416' title='bbox 1210 4784 1381 4856; x_wconf 88' lang='lat' dir='ltr'>magis</span> <span class='ocrx_word' id='word_1_417' title='bbox 1427 4800 1496 4840; x_wconf 85' lang='lat' dir='ltr'>ex</span> <span class='ocrx_word' id='word_1_418' title='bbox 1538 4784 1881 4857; x_wconf 84' lang='lat' dir='ltr'>correptione</span> <span class='ocrx_word' id='word_1_419' title='bbox 1911 4802 2062 4842; x_wconf 89' lang='lat' dir='ltr'>scan-</span> 
     </span>
    </p>
   </div>
   <div class='ocr_carea' id='block_1_52' title="bbox 469 4871 2062 4949">
    <p class='ocr_par' dir='ltr' id='par_1_52' title="bbox 469 4871 2062 4949">
     <span class='ocr_line' id='line_1_52' title="bbox 469 4871 2062 4949; baseline 0.004 -20"><span class='ocrx_word' id='word_1_420' title='bbox 469 4871 654 4930; x_wconf 89' lang='lat' dir='ltr'>dalum</span> <span class='ocrx_word' id='word_1_421' title='bbox 687 4883 889 4944; x_wconf 90' lang='lat' dir='ltr'>sumat,</span> <span class='ocrx_word' id='word_1_422' title='bbox 924 4877 1167 4931; x_wconf 89' lang='lat' dir='ltr'>occurrit</span> <span class='ocrx_word' id='word_1_423' title='bbox 1224 4876 1506 4949; x_wconf 89' lang='lat' dir='ltr'>Scriptura</span> <span class='ocrx_word' id='word_1_424' title='bbox 1552 4875 1764 4946; x_wconf 88' lang='lat' dir='ltr'>divina,</span> <span class='ocrx_word' id='word_1_425' title='bbox 1811 4885 1866 4933; x_wconf 90' lang='lat' dir='ltr'>et</span> <span class='ocrx_word' id='word_1_426' title='bbox 1906 4894 2062 4935; x_wconf 85' lang='lat' dir='ltr'>versa</span> 
     </span>
    </p>
   </div>
   <div class='ocr_carea' id='block_1_53' title="bbox 466 4961 2058 5038">
    <p class='ocr_par' dir='ltr' id='par_1_53' title="bbox 466 4961 2058 5038">
     <span class='ocr_line' id='line_1_53' title="bbox 466 4961 2058 5038; baseline 0.005 -22"><span class='ocrx_word' id='word_1_427' title='bbox 466 4961 591 5018; x_wconf 74' lang='lat' dir='ltr'>vice</span> <span class='ocrx_word' id='word_1_428' title='bbox 628 4964 803 5036; x_wconf 86' lang='lat' dir='ltr'>magis</span> <span class='ocrx_word' id='word_1_429' title='bbox 832 4964 1229 5021; x_wconf 89' lang='lat' dir='ltr'>detractionem</span> <span class='ocrx_word' id='word_1_430' title='bbox 1269 4966 1587 5023; x_wconf 87' lang='lat' dir='ltr'>scandalum</span> <span class='ocrx_word' id='word_1_431' title='bbox 1615 4984 1728 5024; x_wconf 91' lang='lat' dir='ltr'>esse</span> <span class='ocrx_word' id='word_1_432' title='bbox 1748 4967 2058 5038; x_wconf 88' lang='lat' dir='ltr'>denuntiat,</span> 
     </span>
    </p>
   </div>
   <div class='ocr_carea' id='block_1_54' title="bbox 461 5052 2059 5115">
    <p class='ocr_par' dir='ltr' id='par_1_54' title="bbox 461 5052 2059 5115">
     <span class='ocr_line' id='line_1_54' title="bbox 461 5052 2059 5115; baseline 0.003 -5"><span class='ocrx_word' id='word_1_433' title='bbox 461 5052 654 5111; x_wconf 90' lang='lat' dir='ltr'>dicens</span> <span class='ocrx_word' id='word_1_434' title='bbox 686 5072 698 5109; x_wconf 89' lang='lat'>:</span> <span class='ocrx_word' id='word_1_435' title='bbox 764 5079 783 5102; x_wconf 73' lang='grc' dir='ltr'>ι</span> <span class='ocrx_word' id='word_1_436' title='bbox 836 5055 1041 5113; x_wconf 88' lang='lat' dir='ltr'>Sedens</span> <span class='ocrx_word' id='word_1_437' title='bbox 1078 5057 1342 5115; x_wconf 89' lang='lat' dir='ltr'>adversus</span> <span class='ocrx_word' id='word_1_438' title='bbox 1371 5058 1595 5115; x_wconf 88' lang='lat' dir='ltr'>fratrem</span> <span class='ocrx_word' id='word_1_439' title='bbox 1628 5068 1785 5115; x_wconf 89' lang='lat' dir='ltr'>tuum</span> <span class='ocrx_word' id='word_1_440' title='bbox 1811 5058 2059 5115; x_wconf 89' lang='lat' dir='ltr'>detrahe-</span> 
     </span>
    </p>
   </div>
   <div class='ocr_carea' id='block_1_55' title="bbox 460 5142 2057 5221">
    <p class='ocr_par' dir='ltr' id='par_1_55' title="bbox 460 5142 2057 5221">
     <span class='ocr_line' id='line_1_55' title="bbox 460 5142 2057 5221; baseline 0.004 -23"><span class='ocrx_word' id='word_1_441' title='bbox 460 5142 580 5212; x_wconf 89' lang='lat' dir='ltr'>bas,</span> <span class='ocrx_word' id='word_1_442' title='bbox 622 5150 677 5200; x_wconf 88' lang='lat' dir='ltr'>et</span> <span class='ocrx_word' id='word_1_443' title='bbox 706 5144 969 5203; x_wconf 87' lang='lat' dir='ltr'>adversus</span> <span class='ocrx_word' id='word_1_444' title='bbox 1019 5147 1195 5204; x_wconf 90' lang='lat' dir='ltr'>ﬁlium</span> <span class='ocrx_word' id='word_1_445' title='bbox 1248 5150 1439 5204; x_wconf 89' lang='lat' dir='ltr'>matris</span> <span class='ocrx_word' id='word_1_446' title='bbox 1477 5156 1583 5205; x_wconf 71' lang='lat' dir='ltr'>tuae</span> <span class='ocrx_word' id='word_1_447' title='bbox 1631 5147 1873 5221; x_wconf 88' lang='lat' dir='ltr'>ponebas</span> <span class='ocrx_word' id='word_1_448' title='bbox 1908 5165 2057 5205; x_wconf 86' lang='lat' dir='ltr'>scan-</span> 
     </span>
    </p>
   </div>
   <div class='ocr_carea' id='block_1_56' title="bbox 466 5228 2057 5314">
    <p class='ocr_par' dir='ltr' id='par_1_56' title="bbox 466 5228 2057 5314">
     <span class='ocr_line' id='line_1_56' title="bbox 466 5228 2057 5314; baseline 0.006 -23"><span class='ocrx_word' id='word_1_449' title='bbox 466 5228 654 5291; x_wconf 88' lang='lat' dir='ltr'>dalum</span> <span class='ocrx_word' id='word_1_450' title='bbox 690 5237 1054 5308; x_wconf 81' lang='lat' dir='ltr'>(Psat.x1.1x,</span> <span class='ocrx_word' id='word_1_451' title='bbox 1085 5238 1201 5312; x_wconf 91' lang='grc'><strong>20).</strong></span> <span class='ocrx_word' id='word_1_452' title='bbox 1252 5266 1270 5288; x_wconf 83' lang='grc'>›</span> <span class='ocrx_word' id='word_1_453' title='bbox 1314 5240 1486 5314; x_wconf 88' lang='lat' dir='ltr'>Magis</span> <span class='ocrx_word' id='word_1_454' title='bbox 1537 5242 1684 5298; x_wconf 92' lang='lat' dir='ltr'>enim</span> <span class='ocrx_word' id='word_1_455' title='bbox 1737 5243 2057 5300; x_wconf 86' lang='lat' dir='ltr'>scandalum</span> 
     </span>
    </p>
   </div>
   <div class='ocr_carea' id='block_1_57' title="bbox 462 5322 2058 5405">
    <p class='ocr_par' dir='ltr' id='par_1_57' title="bbox 462 5322 2058 5405">
     <span class='ocr_line' id='line_1_57' title="bbox 462 5322 2058 5405; baseline 0.006 -26"><span class='ocrx_word' id='word_1_456' title='bbox 462 5323 636 5380; x_wconf 86' lang='lat' dir='ltr'>sumit</span> <span class='ocrx_word' id='word_1_457' title='bbox 685 5322 780 5397; x_wconf 89' lang='lat' dir='ltr'>qui</span> <span class='ocrx_word' id='word_1_458' title='bbox 811 5327 920 5383; x_wconf 90' lang='lat' dir='ltr'>sibi</span> <span class='ocrx_word' id='word_1_459' title='bbox 953 5326 1332 5385; x_wconf 89' lang='lat' dir='ltr'>detrahentem</span> <span class='ocrx_word' id='word_1_460' title='bbox 1374 5331 1656 5403; x_wconf 84' lang='lat' dir='ltr'>intelligit,</span> <span class='ocrx_word' id='word_1_461' title='bbox 1685 5348 1847 5404; x_wconf 90' lang='lat' dir='ltr'>quam</span> <span class='ocrx_word' id='word_1_462' title='bbox 1875 5334 1970 5405; x_wconf 91' lang='lat' dir='ltr'>qui</span> <span class='ocrx_word' id='word_1_463' title='bbox 2001 5349 2058 5389; x_wconf 93' lang='lat' dir='ltr'>se</span> 
     </span>
    </p>
   </div>
   <div class='ocr_carea' id='block_1_58' title="bbox 466 5417 2057 5501">
    <p class='ocr_par' dir='ltr' id='par_1_58' title="bbox 466 5417 2057 5501">
     <span class='ocr_line' id='line_1_58' title="bbox 466 5417 2057 5501; baseline 0.008 -27"><span class='ocrx_word' id='word_1_464' title='bbox 466 5417 856 5489; x_wconf 86' lang='lat' dir='ltr'>corripientem</span> <span class='ocrx_word' id='word_1_465' title='bbox 906 5423 1101 5481; x_wconf 86' lang='lat' dir='ltr'>cernit.</span> <span class='ocrx_word' id='word_1_466' title='bbox 1148 5426 1221 5481; x_wconf 89' lang='lat' dir='ltr'>Et</span> <span class='ocrx_word' id='word_1_467' title='bbox 1267 5427 1396 5499; x_wconf 87' lang='lat' dir='ltr'>quia</span> <span class='ocrx_word' id='word_1_468' title='bbox 1445 5443 1841 5501; x_wconf 88' lang='lat' dir='ltr'>nonnunquam</span> <span class='ocrx_word' id='word_1_469' title='bbox 1885 5429 2057 5486; x_wconf 90' lang='lat' dir='ltr'>delin-</span> 
     </span>
    </p>
   </div>
   <div class='ocr_carea' id='block_1_59' title="bbox 463 5508 2055 5591">
    <p class='ocr_par' dir='ltr' id='par_1_59' title="bbox 463 5508 2055 5591">
     <span class='ocr_line' id='line_1_59' title="bbox 463 5508 2055 5591; baseline 0.009 -29"><span class='ocrx_word' id='word_1_470' title='bbox 463 5508 755 5580; x_wconf 86' lang='lat' dir='ltr'>quentium</span> <span class='ocrx_word' id='word_1_471' title='bbox 799 5520 996 5579; x_wconf 85' lang='lat' dir='ltr'>errata,</span> <span class='ocrx_word' id='word_1_472' title='bbox 1046 5521 1108 5567; x_wconf 90' lang='lat' dir='ltr'>ut</span> <span class='ocrx_word' id='word_1_473' title='bbox 1143 5511 1341 5585; x_wconf 88' lang='lat' dir='ltr'>aptiori</span> <span class='ocrx_word' id='word_1_474' title='bbox 1395 5524 1639 5587; x_wconf 89' lang='lat' dir='ltr'>tempore</span> <span class='ocrx_word' id='word_1_475' title='bbox 1689 5518 2055 5591; x_wconf 82' lang='lat' dir='ltr'>corrigantur,</span> 
     </span>
    </p>
   </div>
   <div class='ocr_carea' id='block_1_60' title="bbox 467 5593 2056 5676">
    <p class='ocr_par' dir='ltr' id='par_1_60' title="bbox 467 5593 2056 5676">
     <span class='ocr_line' id='line_1_60' title="bbox 467 5593 2056 5676; baseline 0.008 -26"><span class='ocrx_word' id='word_1_476' title='bbox 467 5593 696 5650; x_wconf 89' lang='lat' dir='ltr'>silentio</span> <span class='ocrx_word' id='word_1_477' title='bbox 724 5601 955 5669; x_wconf 90' lang='lat' dir='ltr'>tegenda</span> <span class='ocrx_word' id='word_1_478' title='bbox 982 5608 1131 5666; x_wconf 89' lang='lat' dir='ltr'>sunt,</span> <span class='ocrx_word' id='word_1_479' title='bbox 1163 5611 1450 5673; x_wconf 87' lang='lat' dir='ltr'>propterea</span> <span class='ocrx_word' id='word_1_480' title='bbox 1480 5601 1851 5676; x_wconf 88' lang='lat' dir='ltr'>subjungitur:</span> <span class='ocrx_word' id='word_1_481' title='bbox 1896 5608 2056 5664; x_wconf 68' lang='lat' dir='ltr'>«Haec</span> 
     </span>
    </p>
   </div>
   <div class='ocr_carea' id='block_1_61' title="bbox 460 5681 2052 5761">
    <p class='ocr_par' dir='ltr' id='par_1_61' title="bbox 460 5681 2052 5761">
     <span class='ocr_line' id='line_1_61' title="bbox 460 5681 2052 5761; baseline 0.009 -25"><span class='ocrx_word' id='word_1_482' title='bbox 460 5681 667 5750; x_wconf 90' lang='lat' dir='ltr'>fecisti,</span> <span class='ocrx_word' id='word_1_483' title='bbox 695 5690 749 5740; x_wconf 90' lang='lat' dir='ltr'>et</span> <span class='ocrx_word' id='word_1_484' title='bbox 780 5687 923 5742; x_wconf 86' lang='lat' dir='ltr'>tacui</span> <span class='ocrx_word' id='word_1_485' title='bbox 957 5686 1120 5756; x_wconf 81' lang='lat' dir='ltr'>(Ibid.</span> <span class='ocrx_word' id='word_1_486' title='bbox 1144 5688 1258 5758; x_wconf 77' lang='grc'><strong>21).</strong></span> <span class='ocrx_word' id='word_1_487' title='bbox 1284 5714 1301 5737; x_wconf 77' lang='grc' dir='ltr'>ι</span> <span class='ocrx_word' id='word_1_488' title='bbox 1347 5688 1597 5761; x_wconf 89' lang='lat' dir='ltr'>Denique</span> <span class='ocrx_word' id='word_1_489' title='bbox 1625 5708 1694 5748; x_wconf 90' lang='lat' dir='ltr'>ne</span> <span class='ocrx_word' id='word_1_490' title='bbox 1715 5708 1785 5748; x_wconf 82' lang='lat' dir='ltr'>ex</span> <span class='ocrx_word' id='word_1_491' title='bbox 1811 5693 1916 5751; x_wconf 86' lang='lat' dir='ltr'>hoc</span> <span class='ocrx_word' id='word_1_492' title='bbox 1944 5693 2052 5750; x_wconf 86' lang='lat' dir='ltr'>dis-</span> 
     </span>
    </p>
   </div>
   <div class='ocr_carea' id='block_1_62' title="bbox 2091 4567 2139 4625">
    <p class='ocr_par' dir='ltr' id='par_1_62' title="bbox 2091 4567 2139 4625">
     <span class='ocr_line' id='line_1_62' title="bbox 2091 4567 2139 4625; baseline 0 0"><span class='ocrx_word' id='word_1_493' title='bbox 2091 4567 2139 4625; x_wconf 91' lang='lat' dir='ltr'>D</span> 
     </span>
    </p>
   </div>
   <div class='ocr_carea' id='block_1_63' title="bbox 2154 554 3770 630">
    <p class='ocr_par' dir='ltr' id='par_1_63' title="bbox 2154 554 3770 630">
     <span class='ocr_line' id='line_1_63' title="bbox 2154 554 3770 630; baseline -0.002 -17"><span class='ocrx_word' id='word_1_494' title='bbox 2154 556 2285 613; x_wconf 91' lang='lat' dir='ltr'>dum</span> <span class='ocrx_word' id='word_1_495' title='bbox 2316 572 2530 630; x_wconf 84' lang='lat' dir='ltr'>semper</span> <span class='ocrx_word' id='word_1_496' title='bbox 2559 556 2773 615; x_wconf 89' lang='lat' dir='ltr'>occulte</span> <span class='ocrx_word' id='word_1_497' title='bbox 2826 555 3088 628; x_wconf 86' lang='lat' dir='ltr'>derogare</span> <span class='ocrx_word' id='word_1_498' title='bbox 3147 554 3399 623; x_wconf 87' lang='lat' dir='ltr'>malunt,</span> <span class='ocrx_word' id='word_1_499' title='bbox 3471 570 3770 628; x_wconf 78' lang='lat' dir='ltr'>numquam</span> 
     </span>
    </p>
   </div>
   <div class='ocr_carea' id='block_1_64' title="bbox 2155 643 3773 720">
    <p class='ocr_par' dir='ltr' id='par_1_64' title="bbox 2155 643 3773 720">
     <span class='ocr_line' id='line_1_64' title="bbox 2155 643 3773 720; baseline 0 -18"><span class='ocrx_word' id='word_1_500' title='bbox 2155 648 2212 702; x_wconf 90' lang='lat' dir='ltr'>in</span> <span class='ocrx_word' id='word_1_501' title='bbox 2240 655 2486 719; x_wconf 90' lang='lat' dir='ltr'>apertam</span> <span class='ocrx_word' id='word_1_502' title='bbox 2536 649 2935 705; x_wconf 88' lang='lat' dir='ltr'>correctionem</span> <span class='ocrx_word' id='word_1_503' title='bbox 2988 645 3319 720; x_wconf 87' lang='lat' dir='ltr'>prosiliunt,</span> <span class='ocrx_word' id='word_1_504' title='bbox 3351 643 3551 702; x_wconf 88' lang='lat' dir='ltr'>adhuc</span> <span class='ocrx_word' id='word_1_505' title='bbox 3594 644 3773 702; x_wconf 88' lang='lat' dir='ltr'>subin-</span> 
     </span>
    </p>
   </div>
   <div class='ocr_carea' id='block_1_65' title="bbox 2155 734 3772 808">
    <p class='ocr_par' dir='ltr' id='par_1_65' title="bbox 2155 734 3772 808">
     <span class='ocr_line' id='line_1_65' title="bbox 2155 734 3772 808; baseline -0.001 -17"><span class='ocrx_word' id='word_1_506' title='bbox 2155 736 2368 792; x_wconf 88' lang='lat' dir='ltr'>fertur:</span> <span class='ocrx_word' id='word_1_507' title='bbox 2417 762 2434 783; x_wconf 80' lang='grc' dir='ltr'>ι</span> <span class='ocrx_word' id='word_1_508' title='bbox 2474 736 2821 793; x_wconf 85' lang='lat' dir='ltr'>Existimasti</span> <span class='ocrx_word' id='word_1_509' title='bbox 2872 735 3223 808; x_wconf 88' lang='lat' dir='ltr'>iniquitatem</span> <span class='ocrx_word' id='word_1_510' title='bbox 3274 734 3434 808; x_wconf 90' lang='lat' dir='ltr'>quod</span> <span class='ocrx_word' id='word_1_511' title='bbox 3493 751 3595 791; x_wconf 87' lang='lat' dir='ltr'>ero</span> <span class='ocrx_word' id='word_1_512' title='bbox 3624 734 3772 791; x_wconf 85' lang='lat' dir='ltr'>tuisi</span> 
     </span>
    </p>
   </div>
   <div class='ocr_carea' id='block_1_66' title="bbox 2155 824 3771 898">
    <p class='ocr_par' dir='ltr' id='par_1_66' title="bbox 2155 824 3771 898">
     <span class='ocr_line' id='line_1_66' title="bbox 2155 824 3771 898; baseline 0.001 -19"><span class='ocrx_word' id='word_1_513' title='bbox 2155 824 2306 880; x_wconf 90' lang='lat' dir='ltr'>milis</span> <span class='ocrx_word' id='word_1_514' title='bbox 2343 825 2558 897; x_wconf 71' lang='lat' dir='ltr'>(Ibid).</span> <span class='ocrx_word' id='word_1_515' title='bbox 2593 850 2611 872; x_wconf 73' lang='grc' dir='ltr'>ι</span> <span class='ocrx_word' id='word_1_516' title='bbox 2643 825 2724 883; x_wconf 88' lang='lat' dir='ltr'>Ac</span> <span class='ocrx_word' id='word_1_517' title='bbox 2752 826 2795 881; x_wconf 88' lang='lat' dir='ltr'>si</span> <span class='ocrx_word' id='word_1_518' title='bbox 2815 824 3022 882; x_wconf 88' lang='lat' dir='ltr'>diceret</span> <span class='ocrx_word' id='word_1_519' title='bbox 3052 843 3063 880; x_wconf 92' lang='lat'>:</span> <span class='ocrx_word' id='word_1_520' title='bbox 3098 824 3381 898; x_wconf 87' lang='lat' dir='ltr'>Iniquitas</span> <span class='ocrx_word' id='word_1_521' title='bbox 3400 832 3491 880; x_wconf 89' lang='lat' dir='ltr'>est</span> <span class='ocrx_word' id='word_1_522' title='bbox 3512 825 3771 895; x_wconf 81' lang='lat' dir='ltr'>cogitare,</span> 
     </span>
    </p>
   </div>
   <div class='ocr_carea' id='block_1_67' title="bbox 2156 912 3776 987">
    <p class='ocr_par' dir='ltr' id='par_1_67' title="bbox 2156 912 3776 987">
     <span class='ocr_line' id='line_1_67' title="bbox 2156 912 3776 987; baseline 0 -18"><span class='ocrx_word' id='word_1_523' title='bbox 2156 921 2218 969; x_wconf 87' lang='lat' dir='ltr'>ut</span> <span class='ocrx_word' id='word_1_524' title='bbox 2257 914 2553 971; x_wconf 89' lang='lat' dir='ltr'>detractori</span> <span class='ocrx_word' id='word_1_525' title='bbox 2583 914 2784 971; x_wconf 90' lang='lat' dir='ltr'>similis</span> <span class='ocrx_word' id='word_1_526' title='bbox 2812 930 3125 986; x_wconf 85' lang='lat' dir='ltr'>appaream,</span> <span class='ocrx_word' id='word_1_527' title='bbox 3154 912 3253 970; x_wconf 85' lang='lat' dir='ltr'>sed</span> <span class='ocrx_word' id='word_1_528' title='bbox 3277 912 3351 969; x_wconf 89' lang='lat' dir='ltr'>ad</span> <span class='ocrx_word' id='word_1_529' title='bbox 3389 922 3628 987; x_wconf 85' lang='lat' dir='ltr'>tempus</span> <span class='ocrx_word' id='word_1_530' title='bbox 3655 916 3776 969; x_wconf 87' lang='lat' dir='ltr'>reti-</span> 
     </span>
    </p>
   </div>
   <div class='ocr_carea' id='block_1_68' title="bbox 2158 1003 3777 1076">
    <p class='ocr_par' dir='ltr' id='par_1_68' title="bbox 2158 1003 3777 1076">
     <span class='ocr_line' id='line_1_68' title="bbox 2158 1003 3777 1076; baseline -0.002 -17"><span class='ocrx_word' id='word_1_531' title='bbox 2158 1019 2308 1072; x_wconf 91' lang='lat' dir='ltr'>cens,</span> <span class='ocrx_word' id='word_1_532' title='bbox 2359 1004 2544 1060; x_wconf 91' lang='lat' dir='ltr'>locum</span> <span class='ocrx_word' id='word_1_533' title='bbox 2601 1003 2936 1076; x_wconf 90' lang='lat' dir='ltr'>correptioni</span> <span class='ocrx_word' id='word_1_534' title='bbox 2982 1012 3172 1076; x_wconf 88' lang='lat' dir='ltr'>aptum</span> <span class='ocrx_word' id='word_1_535' title='bbox 3230 1012 3495 1076; x_wconf 85' lang='lat' dir='ltr'>expecto.</span> <span class='ocrx_word' id='word_1_536' title='bbox 3534 1003 3699 1061; x_wconf 88' lang='lat' dir='ltr'>Unde</span> <span class='ocrx_word' id='word_1_537' title='bbox 3729 1010 3777 1059; x_wconf 84' lang='lat' dir='ltr'>et</span> 
     </span>
    </p>
   </div>
   <div class='ocr_carea' id='block_1_69' title="bbox 2158 1092 3778 1166">
    <p class='ocr_par' dir='ltr' id='par_1_69' title="bbox 2158 1092 3778 1166">
     <span class='ocr_line' id='line_1_69' title="bbox 2158 1092 3778 1166; baseline 0.001 -18"><span class='ocrx_word' id='word_1_538' title='bbox 2158 1093 2409 1164; x_wconf 89' lang='lat' dir='ltr'>protinus</span> <span class='ocrx_word' id='word_1_539' title='bbox 2453 1092 2641 1150; x_wconf 90' lang='lat' dir='ltr'>subdit</span> <span class='ocrx_word' id='word_1_540' title='bbox 2674 1113 2687 1150; x_wconf 92' lang='lat'>:</span> <span class='ocrx_word' id='word_1_541' title='bbox 2752 1119 2770 1141; x_wconf 75' lang='grc' dir='ltr'><em>α</em></span> <span class='ocrx_word' id='word_1_542' title='bbox 2798 1095 3039 1166; x_wconf 85' lang='lat' dir='ltr'>Arguam</span> <span class='ocrx_word' id='word_1_543' title='bbox 3067 1102 3144 1162; x_wconf 89' lang='lat' dir='ltr'>te,</span> <span class='ocrx_word' id='word_1_544' title='bbox 3201 1103 3258 1152; x_wconf 87' lang='lat' dir='ltr'>et</span> <span class='ocrx_word' id='word_1_545' title='bbox 3286 1103 3537 1152; x_wconf 80' lang='lat' dir='ltr'>statuam</span> <span class='ocrx_word' id='word_1_546' title='bbox 3588 1104 3778 1152; x_wconf 63' lang='lat' dir='ltr'>contra</span> 
     </span>
    </p>
   </div>
   <div class='ocr_carea' id='block_1_70' title="bbox 2160 1182 3773 1257">
    <p class='ocr_par' dir='ltr' id='par_1_70' title="bbox 2160 1182 3773 1257">
     <span class='ocr_line' id='line_1_70' title="bbox 2160 1182 3773 1257; baseline 0.002 -19"><span class='ocrx_word' id='word_1_547' title='bbox 2160 1182 2353 1240; x_wconf 88' lang='lat' dir='ltr'>faciem</span> <span class='ocrx_word' id='word_1_548' title='bbox 2386 1191 2535 1239; x_wconf 89' lang='lat' dir='ltr'>tuam</span> <span class='ocrx_word' id='word_1_549' title='bbox 2581 1192 2804 1257; x_wconf 89' lang='lat' dir='ltr'>peccata</span> <span class='ocrx_word' id='word_1_550' title='bbox 2848 1194 2944 1240; x_wconf 89' lang='lat' dir='ltr'>tua</span> <span class='ocrx_word' id='word_1_551' title='bbox 2985 1184 3204 1256; x_wconf 67' lang='lat' dir='ltr'>(Ibid),</span> <span class='ocrx_word' id='word_1_552' title='bbox 3235 1209 3255 1232; x_wconf 83' lang='lat'><strong>-</strong></span> <span class='ocrx_word' id='word_1_553' title='bbox 3298 1186 3481 1243; x_wconf 86' lang='lat' dir='ltr'>veluti</span> <span class='ocrx_word' id='word_1_554' title='bbox 3515 1184 3773 1242; x_wconf 85' lang='lat' dir='ltr'>diceret:</span> 
     </span>
    </p>
   </div>
   <div class='ocr_carea' id='block_1_71' title="bbox 2159 1275 3776 1349">
    <p class='ocr_par' dir='ltr' id='par_1_71' title="bbox 2159 1275 3776 1349">
     <span class='ocr_line' id='line_1_71' title="bbox 2159 1275 3776 1349; baseline 0.001 -18"><span class='ocrx_word' id='word_1_555' title='bbox 2159 1275 2280 1331; x_wconf 88' lang='lat' dir='ltr'>Non</span> <span class='ocrx_word' id='word_1_556' title='bbox 2312 1276 2372 1331; x_wconf 91' lang='lat' dir='ltr'>in</span> <span class='ocrx_word' id='word_1_557' title='bbox 2401 1277 2641 1345; x_wconf 85' lang='lat' dir='ltr'>occulto,</span> <span class='ocrx_word' id='word_1_558' title='bbox 2673 1283 2736 1333; x_wconf 89' lang='lat' dir='ltr'>ut</span> <span class='ocrx_word' id='word_1_559' title='bbox 2763 1284 2849 1333; x_wconf 88' lang='lat' dir='ltr'>est</span> <span class='ocrx_word' id='word_1_560' title='bbox 2875 1283 2972 1333; x_wconf 88' lang='lat' dir='ltr'>tua</span> <span class='ocrx_word' id='word_1_561' title='bbox 2999 1277 3367 1346; x_wconf 90' lang='lat' dir='ltr'>consuetudo,</span> <span class='ocrx_word' id='word_1_562' title='bbox 3398 1278 3502 1334; x_wconf 89' lang='lat' dir='ltr'>sed</span> <span class='ocrx_word' id='word_1_563' title='bbox 3533 1279 3597 1333; x_wconf 91' lang='lat' dir='ltr'>in</span> <span class='ocrx_word' id='word_1_564' title='bbox 3629 1294 3776 1349; x_wconf 81' lang='lat' dir='ltr'>aper-</span> 
     </span>
    </p>
   </div>
   <div class='ocr_carea' id='block_1_72' title="bbox 2162 1367 3777 1441">
    <p class='ocr_par' dir='ltr' id='par_1_72' title="bbox 2162 1367 3777 1441">
     <span class='ocr_line' id='line_1_72' title="bbox 2162 1367 3777 1441; baseline 0.001 -18"><span class='ocrx_word' id='word_1_565' title='bbox 2162 1376 2239 1435; x_wconf 92' lang='lat' dir='ltr'>to,</span> <span class='ocrx_word' id='word_1_566' title='bbox 2269 1374 2332 1423; x_wconf 91' lang='lat' dir='ltr'>ut</span> <span class='ocrx_word' id='word_1_567' title='bbox 2370 1376 2453 1424; x_wconf 89' lang='lat' dir='ltr'>est</span> <span class='ocrx_word' id='word_1_568' title='bbox 2482 1383 2602 1424; x_wconf 90' lang='lat' dir='ltr'>mea</span> <span class='ocrx_word' id='word_1_569' title='bbox 2635 1367 2975 1437; x_wconf 90' lang='lat' dir='ltr'>sollicitudo,</span> <span class='ocrx_word' id='word_1_570' title='bbox 3006 1376 3197 1440; x_wconf 89' lang='lat' dir='ltr'>aptum</span> <span class='ocrx_word' id='word_1_571' title='bbox 3238 1368 3592 1441; x_wconf 85' lang='lat' dir='ltr'>corripiendi</span> <span class='ocrx_word' id='word_1_572' title='bbox 3648 1377 3777 1425; x_wconf 83' lang='lat' dir='ltr'>tem-</span> 
     </span>
    </p>
   </div>
   <div class='ocr_carea' id='block_1_73' title="bbox 2162 1459 3779 1532">
    <p class='ocr_par' dir='ltr' id='par_1_73' title="bbox 2162 1459 3779 1532">
     <span class='ocr_line' id='line_1_73' title="bbox 2162 1459 3779 1532; baseline 0.002 -20"><span class='ocrx_word' id='word_1_573' title='bbox 2162 1474 2265 1531; x_wconf 88' lang='lat' dir='ltr'>pus</span> <span class='ocrx_word' id='word_1_574' title='bbox 2295 1466 2637 1531; x_wconf 83' lang='lat' dir='ltr'>exspectans,</span> <span class='ocrx_word' id='word_1_575' title='bbox 2671 1467 3012 1531; x_wconf 85' lang='lat' dir='ltr'>peccatorem</span> <span class='ocrx_word' id='word_1_576' title='bbox 3040 1476 3288 1532; x_wconf 86' lang='lat' dir='ltr'>arguam,</span> <span class='ocrx_word' id='word_1_577' title='bbox 3352 1469 3407 1515; x_wconf 90' lang='lat' dir='ltr'>et</span> <span class='ocrx_word' id='word_1_578' title='bbox 3457 1459 3586 1532; x_wconf 88' lang='lat' dir='ltr'>ejus</span> <span class='ocrx_word' id='word_1_579' title='bbox 3648 1459 3779 1516; x_wconf 87' lang='lat' dir='ltr'>deli-</span> 
     </span>
    </p>
   </div>
   <div class='ocr_carea' id='block_1_74' title="bbox 2162 1548 3775 1621">
    <p class='ocr_par' dir='ltr' id='par_1_74' title="bbox 2162 1548 3775 1621">
     <span class='ocr_line' id='line_1_74' title="bbox 2162 1548 3775 1621; baseline 0.001 -18"><span class='ocrx_word' id='word_1_580' title='bbox 2162 1554 2251 1603; x_wconf 88' lang='lat' dir='ltr'>cta</span> <span class='ocrx_word' id='word_1_581' title='bbox 2279 1555 2472 1604; x_wconf 87' lang='lat' dir='ltr'>contra</span> <span class='ocrx_word' id='word_1_582' title='bbox 2506 1548 2701 1605; x_wconf 88' lang='lat' dir='ltr'>faciem</span> <span class='ocrx_word' id='word_1_583' title='bbox 2732 1549 2886 1605; x_wconf 86' lang='lat' dir='ltr'>illius</span> <span class='ocrx_word' id='word_1_584' title='bbox 2941 1557 3200 1606; x_wconf 88' lang='lat' dir='ltr'>statuam.</span> <span class='ocrx_word' id='word_1_585' title='bbox 3244 1553 3319 1604; x_wconf 77' lang='lat' dir='ltr'>At</span> <span class='ocrx_word' id='word_1_586' title='bbox 3361 1548 3602 1621; x_wconf 89' lang='lat' dir='ltr'>inquis:</span> <span class='ocrx_word' id='word_1_587' title='bbox 3663 1549 3775 1604; x_wconf 74' lang='lat' dir='ltr'>Non</span> 
     </span>
    </p>
   </div>
   <div class='ocr_carea' id='block_1_75' title="bbox 2162 1636 3777 1711">
    <p class='ocr_par' dir='ltr' id='par_1_75' title="bbox 2162 1636 3777 1711">
     <span class='ocr_line' id='line_1_75' title="bbox 2162 1636 3777 1711; baseline 0.001 -19"><span class='ocrx_word' id='word_1_588' title='bbox 2162 1637 2278 1705; x_wconf 92' lang='lat' dir='ltr'>odi,</span> <span class='ocrx_word' id='word_1_589' title='bbox 2319 1636 2415 1693; x_wconf 92' lang='lat' dir='ltr'>sed</span> <span class='ocrx_word' id='word_1_590' title='bbox 2470 1654 2595 1693; x_wconf 87' lang='lat' dir='ltr'>amo</span> <span class='ocrx_word' id='word_1_591' title='bbox 2633 1654 2795 1711; x_wconf 91' lang='lat' dir='ltr'>quem</span> <span class='ocrx_word' id='word_1_592' title='bbox 2836 1638 2913 1695; x_wconf 87' lang='lat' dir='ltr'>ita</span> <span class='ocrx_word' id='word_1_593' title='bbox 2968 1639 3026 1695; x_wconf 92' lang='lat' dir='ltr'>in</span> <span class='ocrx_word' id='word_1_594' title='bbox 3083 1638 3412 1696; x_wconf 88' lang='lat' dir='ltr'>abscondito</span> <span class='ocrx_word' id='word_1_595' title='bbox 3458 1637 3777 1709; x_wconf 80' lang='lat' dir='ltr'>dijudicaus</span> 
     </span>
    </p>
   </div>
   <div class='ocr_carea' id='block_1_76' title="bbox 2163 1726 3776 1801">
    <p class='ocr_par' dir='ltr' id='par_1_76' title="bbox 2163 1726 3776 1801">
     <span class='ocr_line' id='line_1_76' title="bbox 2163 1726 3776 1801; baseline 0.001 -21"><span class='ocrx_word' id='word_1_596' title='bbox 2163 1726 2527 1799; x_wconf 90' lang='lat' dir='ltr'>reprehendo.</span> <span class='ocrx_word' id='word_1_597' title='bbox 2587 1727 2693 1784; x_wconf 90' lang='lat' dir='ltr'>Sed</span> <span class='ocrx_word' id='word_1_598' title='bbox 2758 1726 3106 1801; x_wconf 90' lang='lat' dir='ltr'>respondet:</span> <span class='ocrx_word' id='word_1_599' title='bbox 3192 1729 3312 1784; x_wconf 89' lang='lat' dir='ltr'>lmo</span> <span class='ocrx_word' id='word_1_600' title='bbox 3380 1728 3567 1799; x_wconf 83' lang='lat' dir='ltr'>magis</span> <span class='ocrx_word' id='word_1_601' title='bbox 3635 1727 3776 1783; x_wconf 79' lang='lat' dir='ltr'>hunc</span> 
     </span>
    </p>
   </div>
   <div class='ocr_carea' id='block_1_77' title="bbox 2164 1816 3780 1890">
    <p class='ocr_par' dir='ltr' id='par_1_77' title="bbox 2164 1816 3780 1890">
     <span class='ocr_line' id='line_1_77' title="bbox 2164 1816 3780 1890; baseline 0.001 -19"><span class='ocrx_word' id='word_1_602' title='bbox 2164 1816 2305 1885; x_wconf 89' lang='lat' dir='ltr'>edis,</span> <span class='ocrx_word' id='word_1_603' title='bbox 2337 1824 2391 1872; x_wconf 93' lang='lat' dir='ltr'>et</span> <span class='ocrx_word' id='word_1_604' title='bbox 2418 1833 2529 1872; x_wconf 91' lang='lat' dir='ltr'>non</span> <span class='ocrx_word' id='word_1_605' title='bbox 2574 1816 2810 1890; x_wconf 90' lang='lat' dir='ltr'>diligis:</span> <span class='ocrx_word' id='word_1_606' title='bbox 2872 1817 3019 1874; x_wconf 89' lang='lat' dir='ltr'>unde</span> <span class='ocrx_word' id='word_1_607' title='bbox 3071 1816 3340 1886; x_wconf 89' lang='lat' dir='ltr'>detrahis,</span> <span class='ocrx_word' id='word_1_608' title='bbox 3401 1826 3458 1873; x_wconf 91' lang='lat' dir='ltr'>et</span> <span class='ocrx_word' id='word_1_609' title='bbox 3502 1833 3621 1873; x_wconf 92' lang='lat' dir='ltr'>non</span> <span class='ocrx_word' id='word_1_610' title='bbox 3652 1834 3780 1875; x_wconf 87' lang='lat' dir='ltr'>cor-</span> 
     </span>
    </p>
   </div>
   <div class='ocr_carea' id='block_1_78' title="bbox 2165 1905 3775 1980">
    <p class='ocr_par' dir='ltr' id='par_1_78' title="bbox 2165 1905 3775 1980">
     <span class='ocr_line' id='line_1_78' title="bbox 2165 1905 3775 1980; baseline 0.001 -19"><span class='ocrx_word' id='word_1_611' title='bbox 2165 1905 2320 1977; x_wconf 92' lang='lat' dir='ltr'>ripis.</span> <span class='ocrx_word' id='word_1_612' title='bbox 2365 1906 2539 1974; x_wconf 87' lang='lat' dir='ltr'>Quam</span> <span class='ocrx_word' id='word_1_613' title='bbox 2596 1906 2669 1963; x_wconf 87' lang='lat' dir='ltr'>sit</span> <span class='ocrx_word' id='word_1_614' title='bbox 2724 1914 2908 1963; x_wconf 89' lang='lat' dir='ltr'>autem</span> <span class='ocrx_word' id='word_1_615' title='bbox 2966 1906 3289 1963; x_wconf 86' lang='lat' dir='ltr'>detestanda</span> <span class='ocrx_word' id='word_1_616' title='bbox 3339 1906 3621 1964; x_wconf 83' lang='lat' dir='ltr'>detractio</span> <span class='ocrx_word' id='word_1_617' title='bbox 3662 1924 3775 1980; x_wconf 78' lang='lat' dir='ltr'>pro-</span> 
     </span>
    </p>
   </div>
   <div class='ocr_carea' id='block_1_79' title="bbox 2162 1996 3767 2070">
    <p class='ocr_par' dir='ltr' id='par_1_79' title="bbox 2162 1996 3767 2070">
     <span class='ocr_line' id='line_1_79' title="bbox 2162 1996 3767 2070; baseline 0.002 -19"><span class='ocrx_word' id='word_1_618' title='bbox 2162 1996 2324 2065; x_wconf 83' lang='lat' dir='ltr'>ximi,</span> <span class='ocrx_word' id='word_1_619' title='bbox 2375 1996 2651 2069; x_wconf 90' lang='lat' dir='ltr'>plerisque</span> <span class='ocrx_word' id='word_1_620' title='bbox 2698 1996 2758 2052; x_wconf 92' lang='lat' dir='ltr'>in</span> <span class='ocrx_word' id='word_1_621' title='bbox 2816 1996 2952 2054; x_wconf 91' lang='lat' dir='ltr'>locis</span> <span class='ocrx_word' id='word_1_622' title='bbox 2980 1996 3199 2070; x_wconf 90' lang='lat' dir='ltr'>eloquia</span> <span class='ocrx_word' id='word_1_623' title='bbox 3225 1997 3426 2059; x_wconf 82' lang='lat' dir='ltr'>divina</span> <span class='ocrx_word' id='word_1_624' title='bbox 3469 2005 3767 2054; x_wconf 81' lang='lat' dir='ltr'>testantur.</span> 
     </span>
    </p>
   </div>
   <div class='ocr_carea' id='block_1_80' title="bbox 2165 2084 3773 2160">
    <p class='ocr_par' dir='ltr' id='par_1_80' title="bbox 2165 2084 3773 2160">
     <span class='ocr_line' id='line_1_80' title="bbox 2165 2084 3773 2160; baseline 0.001 -19"><span class='ocrx_word' id='word_1_625' title='bbox 2165 2085 2319 2142; x_wconf 91' lang='lat' dir='ltr'>Unde</span> <span class='ocrx_word' id='word_1_626' title='bbox 2347 2091 2430 2141; x_wconf 89' lang='lat' dir='ltr'>est</span> <span class='ocrx_word' id='word_1_627' title='bbox 2458 2084 2601 2141; x_wconf 91' lang='lat' dir='ltr'>illud</span> <span class='ocrx_word' id='word_1_628' title='bbox 2635 2103 2647 2141; x_wconf 91' lang='lat'>:</span> <span class='ocrx_word' id='word_1_629' title='bbox 2691 2109 2711 2134; x_wconf 83' lang='grc'><strong>‹</strong></span> <span class='ocrx_word' id='word_1_630' title='bbox 2742 2086 3130 2143; x_wconf 89' lang='lat' dir='ltr'>Detrahentem</span> <span class='ocrx_word' id='word_1_631' title='bbox 3157 2085 3425 2143; x_wconf 83' lang='lat' dir='ltr'>adversus</span> <span class='ocrx_word' id='word_1_632' title='bbox 3453 2086 3773 2160; x_wconf 82' lang='lat' dir='ltr'>proximum</span> 
     </span>
    </p>
   </div>
   <div class='ocr_carea' id='block_1_81' title="bbox 2164 2174 3763 2248">
    <p class='ocr_par' dir='ltr' id='par_1_81' title="bbox 2164 2174 3763 2248">
     <span class='ocr_line' id='line_1_81' title="bbox 2164 2174 3763 2248; baseline 0.001 -18"><span class='ocrx_word' id='word_1_633' title='bbox 2164 2189 2327 2230; x_wconf 88' lang='lat' dir='ltr'>suum</span> <span class='ocrx_word' id='word_1_634' title='bbox 2375 2174 2611 2243; x_wconf 90' lang='lat' dir='ltr'>occulte,</span> <span class='ocrx_word' id='word_1_635' title='bbox 2667 2174 2818 2231; x_wconf 91' lang='lat' dir='ltr'>hunc</span> <span class='ocrx_word' id='word_1_636' title='bbox 2879 2174 3244 2248; x_wconf 84' lang='lat' dir='ltr'>persequebar</span> <span class='ocrx_word' id='word_1_637' title='bbox 3297 2176 3474 2248; x_wconf 70' lang='lat' dir='ltr'>(Psat.</span> <span class='ocrx_word' id='word_1_638' title='bbox 3536 2194 3589 2244; x_wconf 89' lang='lat' dir='ltr'>c,</span> <span class='ocrx_word' id='word_1_639' title='bbox 3620 2178 3719 2246; x_wconf 83' lang='lat'>5);</span> <span class='ocrx_word' id='word_1_640' title='bbox 3747 2202 3763 2223; x_wconf 75' lang='grc' dir='ltr'><strong>ο</strong></span> 
     </span>
    </p>
   </div>
   <div class='ocr_carea' id='block_1_82' title="bbox 2166 2262 3770 2339">
    <p class='ocr_par' dir='ltr' id='par_1_82' title="bbox 2166 2262 3770 2339">
     <span class='ocr_line' id='line_1_82' title="bbox 2166 2262 3770 2339; baseline 0.001 -20"><span class='ocrx_word' id='word_1_641' title='bbox 2166 2272 2220 2319; x_wconf 91' lang='lat' dir='ltr'>et</span> <span class='ocrx_word' id='word_1_642' title='bbox 2249 2263 2391 2319; x_wconf 90' lang='lat' dir='ltr'>illud</span> <span class='ocrx_word' id='word_1_643' title='bbox 2427 2279 2438 2317; x_wconf 90' lang='lat'>:</span> <span class='ocrx_word' id='word_1_644' title='bbox 2484 2287 2503 2310; x_wconf 73' lang='grc' dir='ltr'>ι</span> <span class='ocrx_word' id='word_1_645' title='bbox 2535 2262 2642 2331; x_wconf 91' lang='lat' dir='ltr'>Qui</span> <span class='ocrx_word' id='word_1_646' title='bbox 2668 2264 2909 2321; x_wconf 89' lang='lat' dir='ltr'>detrahit</span> <span class='ocrx_word' id='word_1_647' title='bbox 2936 2265 3116 2333; x_wconf 89' lang='lat' dir='ltr'>fratri,</span> <span class='ocrx_word' id='word_1_648' title='bbox 3140 2265 3389 2322; x_wconf 83' lang='lat' dir='ltr'>detrahit</span> <span class='ocrx_word' id='word_1_649' title='bbox 3406 2275 3461 2322; x_wconf 87' lang='lat' dir='ltr'>et</span> <span class='ocrx_word' id='word_1_650' title='bbox 3484 2266 3597 2339; x_wconf 82' lang='lat' dir='ltr'>legi</span> <span class='ocrx_word' id='word_1_651' title='bbox 3634 2268 3770 2337; x_wconf 77' lang='lat' dir='ltr'>(Jac.</span> 
     </span>
    </p>
   </div>
   <div class='ocr_carea' id='block_1_83' title="bbox 2167 2352 3771 2428">
    <p class='ocr_par' dir='ltr' id='par_1_83' title="bbox 2167 2352 3771 2428">
     <span class='ocr_line' id='line_1_83' title="bbox 2167 2352 3771 2428; baseline 0.002 -21"><span class='ocrx_word' id='word_1_652' title='bbox 2167 2368 2245 2421; x_wconf 86' lang='lat' dir='ltr'>1v,</span> <span class='ocrx_word' id='word_1_653' title='bbox 2278 2352 2343 2424; x_wconf 89' lang='grc' dir='ltr'>ιι)</span> <span class='ocrx_word' id='word_1_654' title='bbox 2373 2371 2387 2419; x_wconf 91' lang='grc'>;</span> <span class='ocrx_word' id='word_1_655' title='bbox 2420 2377 2439 2400; x_wconf 75' lang='grc' dir='ltr'>ι</span> <span class='ocrx_word' id='word_1_656' title='bbox 2481 2369 2697 2409; x_wconf 89' lang='lat' dir='ltr'>necnon</span> <span class='ocrx_word' id='word_1_657' title='bbox 2746 2362 2799 2410; x_wconf 94' lang='lat' dir='ltr'>et</span> <span class='ocrx_word' id='word_1_658' title='bbox 2827 2355 2970 2411; x_wconf 90' lang='lat' dir='ltr'>illud</span> <span class='ocrx_word' id='word_1_659' title='bbox 3014 2357 3249 2428; x_wconf 88' lang='lat' dir='ltr'>apostoli</span> <span class='ocrx_word' id='word_1_660' title='bbox 3289 2356 3496 2412; x_wconf 89' lang='lat' dir='ltr'>Pauli:</span> <span class='ocrx_word' id='word_1_661' title='bbox 3555 2381 3576 2403; x_wconf 84' lang='grc' dir='ltr'>ι</span> <span class='ocrx_word' id='word_1_662' title='bbox 3623 2355 3771 2423; x_wconf 86' lang='lat' dir='ltr'>Quod</span> 
     </span>
    </p>
   </div>
   <div class='ocr_carea' id='block_1_84' title="bbox 2167 2441 3772 2517">
    <p class='ocr_par' dir='ltr' id='par_1_84' title="bbox 2167 2441 3772 2517">
     <span class='ocr_line' id='line_1_84' title="bbox 2167 2441 3772 2517; baseline 0.002 -20"><span class='ocrx_word' id='word_1_663' title='bbox 2167 2442 2215 2498; x_wconf 88' lang='lat' dir='ltr'>si</span> <span class='ocrx_word' id='word_1_664' title='bbox 2270 2441 2511 2499; x_wconf 88' lang='lat' dir='ltr'>invicem</span> <span class='ocrx_word' id='word_1_665' title='bbox 2551 2443 2816 2500; x_wconf 89' lang='lat' dir='ltr'>mordetis</span> <span class='ocrx_word' id='word_1_666' title='bbox 2870 2454 2925 2502; x_wconf 88' lang='lat' dir='ltr'>et</span> <span class='ocrx_word' id='word_1_667' title='bbox 2980 2446 3292 2517; x_wconf 84' lang='lat' dir='ltr'>comeditis,</span> <span class='ocrx_word' id='word_1_668' title='bbox 3352 2446 3547 2505; x_wconf 82' lang='lat' dir='ltr'>videte</span> <span class='ocrx_word' id='word_1_669' title='bbox 3600 2463 3671 2503; x_wconf 89' lang='lat' dir='ltr'>ne</span> <span class='ocrx_word' id='word_1_670' title='bbox 3711 2447 3772 2501; x_wconf 85' lang='lat' dir='ltr'>ab</span> 
     </span>
    </p>
   </div>
   <div class='ocr_carea' id='block_1_85' title="bbox 2172 2530 3377 2608">
    <p class='ocr_par' dir='ltr' id='par_1_85' title="bbox 2172 2530 3377 2608">
     <span class='ocr_line' id='line_1_85' title="bbox 2172 2530 3377 2608; baseline 0.005 -21"><span class='ocrx_word' id='word_1_671' title='bbox 2172 2530 2413 2588; x_wconf 87' lang='lat' dir='ltr'>invicem</span> <span class='ocrx_word' id='word_1_672' title='bbox 2441 2533 2847 2591; x_wconf 88' lang='lat' dir='ltr'>consumamini</span> <span class='ocrx_word' id='word_1_673' title='bbox 2878 2536 3087 2607; x_wconf 87' lang='lat' dir='ltr'>(Galat.</span> <span class='ocrx_word' id='word_1_674' title='bbox 3117 2554 3175 2607; x_wconf 82' lang='lat' dir='ltr'>v,</span> <span class='ocrx_word' id='word_1_675' title='bbox 3207 2537 3324 2608; x_wconf 79' lang='grc'><strong>15).</strong></span> <span class='ocrx_word' id='word_1_676' title='bbox 3358 2562 3377 2586; x_wconf 71' lang='grc' dir='ltr'>ι</span> 
     </span>
    </p>
   </div>
   <div class='ocr_carea' id='block_1_86' title="bbox 2780 2675 3145 2735">
    <p class='ocr_par' dir='ltr' id='par_1_86' title="bbox 2780 2675 3145 2735">
     <span class='ocr_line' id='line_1_86' title="bbox 2780 2675 3145 2735; baseline -0.003 0"><span class='ocrx_word' id='word_1_677' title='bbox 2780 2675 3011 2735; x_wconf 80' lang='lat' dir='ltr'>CAPUT</span> <span class='ocrx_word' id='word_1_678' title='bbox 3044 2678 3145 2734; x_wconf 85' lang='lat' dir='ltr'>IX.</span> 
     </span>
    </p>
   </div>
   <div class='ocr_carea' id='block_1_87' title="bbox 2817 2778 3109 2833">
    <p class='ocr_par' dir='ltr' id='par_1_87' title="bbox 2817 2778 3109 2833">
     <span class='ocr_line' id='line_1_87' title="bbox 2817 2778 3109 2833; baseline 0 0"><span class='ocrx_word' id='word_1_679' title='bbox 2817 2778 2915 2833; x_wconf 85' lang='lat' dir='ltr'>Ira</span> <span class='ocrx_word' id='word_1_680' title='bbox 2944 2778 3073 2832; x_wconf 76' lang='lat' dir='ltr'>dicit</span> <span class='ocrx_word' id='word_1_681' title='bbox 3097 2796 3109 2833; x_wconf 91' lang='lat'>:</span> 
     </span>
    </p>
   </div>
   <div class='ocr_carea' id='block_1_88' title="bbox 2244 2889 3769 2968">
    <p class='ocr_par' dir='ltr' id='par_1_88' title="bbox 2244 2889 3769 2968">
     <span class='ocr_line' id='line_1_88' title="bbox 2244 2889 3769 2968; baseline 0.006 -24"><span class='ocrx_word' id='word_1_682' title='bbox 2244 2889 2377 2957; x_wconf 79' lang='lat' dir='ltr'>Quae</span> <span class='ocrx_word' id='word_1_683' title='bbox 2405 2898 2597 2946; x_wconf 89' lang='lat' dir='ltr'>contra</span> <span class='ocrx_word' id='word_1_684' title='bbox 2625 2900 2678 2947; x_wconf 92' lang='lat' dir='ltr'>te</span> <span class='ocrx_word' id='word_1_685' title='bbox 2705 2900 2960 2965; x_wconf 90' lang='lat' dir='ltr'>aguntur,</span> <span class='ocrx_word' id='word_1_686' title='bbox 2998 2892 3134 2948; x_wconf 86' lang='lat' dir='ltr'>talia</span> <span class='ocrx_word' id='word_1_687' title='bbox 3160 2903 3317 2964; x_wconf 88' lang='lat' dir='ltr'>sunt,</span> <span class='ocrx_word' id='word_1_688' title='bbox 3341 2902 3407 2951; x_wconf 89' lang='lat' dir='ltr'>ut</span> <span class='ocrx_word' id='word_1_689' title='bbox 3458 2897 3769 2968; x_wconf 76' lang='lat' dir='ltr'>aequanimi-</span> 
     </span>
    </p>
   </div>
   <div class='ocr_carea' id='block_1_89' title="bbox 2173 2980 3771 3056">
    <p class='ocr_par' dir='ltr' id='par_1_89' title="bbox 2173 2980 3771 3056">
     <span class='ocr_line' id='line_1_89' title="bbox 2173 2980 3771 3056; baseline 0.005 -21"><span class='ocrx_word' id='word_1_690' title='bbox 2173 2986 2259 3035; x_wconf 88' lang='lat' dir='ltr'>ter</span> <span class='ocrx_word' id='word_1_691' title='bbox 2286 2980 2532 3051; x_wconf 88' lang='lat' dir='ltr'>profecto</span> <span class='ocrx_word' id='word_1_692' title='bbox 2562 2980 2692 3036; x_wconf 88' lang='lat' dir='ltr'>ferri</span> <span class='ocrx_word' id='word_1_693' title='bbox 2748 2997 2861 3036; x_wconf 90' lang='lat' dir='ltr'>non</span> <span class='ocrx_word' id='word_1_694' title='bbox 2916 2981 3146 3054; x_wconf 89' lang='lat' dir='ltr'>possint,</span> <span class='ocrx_word' id='word_1_695' title='bbox 3209 2982 3327 3039; x_wconf 91' lang='lat' dir='ltr'>imo</span> <span class='ocrx_word' id='word_1_696' title='bbox 3356 2986 3637 3056; x_wconf 75' lang='lat' dir='ltr'>patienter</span> <span class='ocrx_word' id='word_1_697' title='bbox 3668 2985 3771 3043; x_wconf 64' lang='lat' dir='ltr'>haec</span> 
     </span>
    </p>
   </div>
   <div class='ocr_carea' id='block_1_90' title="bbox 2176 3068 3771 3147">
    <p class='ocr_par' dir='ltr' id='par_1_90' title="bbox 2176 3068 3771 3147">
     <span class='ocr_line' id='line_1_90' title="bbox 2176 3068 3771 3147; baseline 0.006 -24"><span class='ocrx_word' id='word_1_698' title='bbox 2176 3068 2410 3125; x_wconf 91' lang='lat' dir='ltr'>tolerare</span> <span class='ocrx_word' id='word_1_699' title='bbox 2432 3080 2712 3141; x_wconf 88' lang='lat' dir='ltr'>peccatum</span> <span class='ocrx_word' id='word_1_700' title='bbox 2742 3079 2859 3138; x_wconf 88' lang='lat' dir='ltr'>est;</span> <span class='ocrx_word' id='word_1_701' title='bbox 2922 3078 2976 3126; x_wconf 93' lang='lat' dir='ltr'>et</span> <span class='ocrx_word' id='word_1_702' title='bbox 3022 3072 3069 3127; x_wconf 88' lang='lat' dir='ltr'>si</span> <span class='ocrx_word' id='word_1_703' title='bbox 3100 3088 3213 3127; x_wconf 92' lang='lat' dir='ltr'>non</span> <span class='ocrx_word' id='word_1_704' title='bbox 3274 3074 3355 3129; x_wconf 92' lang='lat' dir='ltr'>eis</span> <span class='ocrx_word' id='word_1_705' title='bbox 3413 3092 3537 3132; x_wconf 90' lang='lat' dir='ltr'>cum</span> <span class='ocrx_word' id='word_1_706' title='bbox 3590 3092 3771 3147; x_wconf 70' lang='lat' dir='ltr'>magna</span> 
     </span>
    </p>
   </div>
   <div class='ocr_carea' id='block_1_91' title="bbox 2176 3160 3771 3237">
    <p class='ocr_par' dir='ltr' id='par_1_91' title="bbox 2176 3160 3771 3237">
     <span class='ocr_line' id='line_1_91' title="bbox 2176 3160 3771 3237; baseline 0.004 -25"><span class='ocrx_word' id='word_1_707' title='bbox 2176 3160 2593 3230; x_wconf 83' lang='lat' dir='ltr'>exasperatione</span> <span class='ocrx_word' id='word_1_708' title='bbox 2644 3160 2940 3229; x_wconf 87' lang='lat' dir='ltr'>resistitur,</span> <span class='ocrx_word' id='word_1_709' title='bbox 2999 3170 3197 3218; x_wconf 90' lang='lat' dir='ltr'>contra</span> <span class='ocrx_word' id='word_1_710' title='bbox 3241 3170 3298 3218; x_wconf 86' lang='lat' dir='ltr'>te</span> <span class='ocrx_word' id='word_1_711' title='bbox 3344 3162 3613 3237; x_wconf 85' lang='lat' dir='ltr'>deinceps</span> <span class='ocrx_word' id='word_1_712' title='bbox 3666 3165 3771 3220; x_wconf 86' lang='lat' dir='ltr'>sine</span> 
     </span>
    </p>
   </div>
   <div class='ocr_carea' id='block_1_92' title="bbox 2173 3250 2916 3306">
    <p class='ocr_par' dir='ltr' id='par_1_92' title="bbox 2173 3250 2916 3306">
     <span class='ocr_line' id='line_1_92' title="bbox 2173 3250 2916 3306; baseline 0.004 -3"><span class='ocrx_word' id='word_1_713' title='bbox 2173 3264 2433 3304; x_wconf 88' lang='lat' dir='ltr'>mensura</span> <span class='ocrx_word' id='word_1_714' title='bbox 2459 3250 2916 3306; x_wconf 81' lang='lat' dir='ltr'>cumulabantur.</span> 
     </span>
    </p>
   </div>
   <div class='ocr_carea' id='block_1_93' title="bbox 2658 3348 3285 3420">
    <p class='ocr_par' dir='ltr' id='par_1_93' title="bbox 2658 3348 3285 3420">
     <span class='ocr_line' id='line_1_93' title="bbox 2658 3348 3285 3420; baseline 0.003 -18"><span class='ocrx_word' id='word_1_715' title='bbox 2658 3348 2929 3403; x_wconf 74' lang='lat' dir='ltr'>Patientia</span> <span class='ocrx_word' id='word_1_716' title='bbox 2961 3349 3242 3420; x_wconf 84' lang='lat' dir='ltr'>respondet</span> <span class='ocrx_word' id='word_1_717' title='bbox 3267 3367 3285 3405; x_wconf 87' lang='lat'>:</span> 
     </span>
    </p>
   </div>
   <div class='ocr_carea' id='block_1_94' title="bbox 2244 3441 3764 3517">
    <p class='ocr_par' dir='ltr' id='par_1_94' title="bbox 2244 3441 3764 3517">
     <span class='ocr_line' id='line_1_94' title="bbox 2244 3441 3764 3517; baseline 0.002 -18"><span class='ocrx_word' id='word_1_718' title='bbox 2244 3441 2299 3499; x_wconf 91' lang='lat' dir='ltr'>Si</span> <span class='ocrx_word' id='word_1_719' title='bbox 2328 3444 2508 3515; x_wconf 90' lang='lat' dir='ltr'>passio</span> <span class='ocrx_word' id='word_1_720' title='bbox 2535 3442 2917 3517; x_wconf 84' lang='lat' dir='ltr'>Redemptoris</span> <span class='ocrx_word' id='word_1_721' title='bbox 2964 3445 3033 3501; x_wconf 91' lang='lat' dir='ltr'>ad</span> <span class='ocrx_word' id='word_1_722' title='bbox 3082 3446 3409 3502; x_wconf 87' lang='lat' dir='ltr'>memoriam</span> <span class='ocrx_word' id='word_1_723' title='bbox 3460 3446 3764 3515; x_wconf 82' lang='lat' dir='ltr'>reducatur,</span> 
     </span>
    </p>
   </div>
   <div class='ocr_carea' id='block_1_95' title="bbox 2173 3530 3759 3607">
    <p class='ocr_par' dir='ltr' id='par_1_95' title="bbox 2173 3530 3759 3607">
     <span class='ocr_line' id='line_1_95' title="bbox 2173 3530 3759 3607; baseline 0.003 -21"><span class='ocrx_word' id='word_1_724' title='bbox 2173 3530 2317 3586; x_wconf 89' lang='lat' dir='ltr'>nihil</span> <span class='ocrx_word' id='word_1_725' title='bbox 2345 3541 2455 3588; x_wconf 90' lang='lat' dir='ltr'>tam</span> <span class='ocrx_word' id='word_1_726' title='bbox 2489 3532 2710 3601; x_wconf 91' lang='lat' dir='ltr'>durum,</span> <span class='ocrx_word' id='word_1_727' title='bbox 2745 3534 2892 3606; x_wconf 90' lang='lat' dir='ltr'>quod</span> <span class='ocrx_word' id='word_1_728' title='bbox 2923 3550 3033 3590; x_wconf 93' lang='lat' dir='ltr'>non</span> <span class='ocrx_word' id='word_1_729' title='bbox 3065 3551 3224 3607; x_wconf 64' lang='lat' dir='ltr'>aequo</span> <span class='ocrx_word' id='word_1_730' title='bbox 3252 3537 3447 3592; x_wconf 87' lang='lat' dir='ltr'>animo</span> <span class='ocrx_word' id='word_1_731' title='bbox 3492 3538 3759 3593; x_wconf 80' lang='lat' dir='ltr'>toleretnr.</span> 
     </span>
    </p>
   </div>
   <div class='ocr_carea' id='block_1_96' title="bbox 2173 3620 3761 3696">
    <p class='ocr_par' dir='ltr' id='par_1_96' title="bbox 2173 3620 3761 3696">
     <span class='ocr_line' id='line_1_96' title="bbox 2173 3620 3761 3696; baseline 0 -17"><span class='ocrx_word' id='word_1_732' title='bbox 2173 3620 2429 3679; x_wconf 89' lang='lat' dir='ltr'>Christus</span> <span class='ocrx_word' id='word_1_733' title='bbox 2460 3637 2695 3694; x_wconf 88' lang='lat' dir='ltr'>namque</span> <span class='ocrx_word' id='word_1_734' title='bbox 2727 3624 2814 3694; x_wconf 90' lang='lat' dir='ltr'>(ut</span> <span class='ocrx_word' id='word_1_735' title='bbox 2854 3622 2931 3678; x_wconf 91' lang='lat' dir='ltr'>ait</span> <span class='ocrx_word' id='word_1_736' title='bbox 2978 3623 3196 3694; x_wconf 89' lang='lat' dir='ltr'>Petrus)</span> <span class='ocrx_word' id='word_1_737' title='bbox 3261 3649 3281 3673; x_wconf 72' lang='grc' dir='ltr'>ι</span> <span class='ocrx_word' id='word_1_738' title='bbox 3321 3640 3516 3696; x_wconf 85' lang='lat' dir='ltr'>passus</span> <span class='ocrx_word' id='word_1_739' title='bbox 3558 3636 3641 3682; x_wconf 84' lang='lat' dir='ltr'>est</span> <span class='ocrx_word' id='word_1_740' title='bbox 3676 3641 3761 3696; x_wconf 90' lang='lat' dir='ltr'>pro</span> 
     </span>
    </p>
   </div>
   <div class='ocr_carea' id='block_1_97' title="bbox 2172 3710 3761 3789">
    <p class='ocr_par' dir='ltr' id='par_1_97' title="bbox 2172 3710 3761 3789">
     <span class='ocr_line' id='line_1_97' title="bbox 2172 3710 3761 3789; baseline 0.003 -23"><span class='ocrx_word' id='word_1_741' title='bbox 2172 3710 2353 3780; x_wconf 91' lang='lat' dir='ltr'>nobis,</span> <span class='ocrx_word' id='word_1_742' title='bbox 2404 3712 2723 3784; x_wconf 90' lang='lat' dir='ltr'>relinquens</span> <span class='ocrx_word' id='word_1_743' title='bbox 2773 3713 2934 3770; x_wconf 90' lang='lat' dir='ltr'>nobis</span> <span class='ocrx_word' id='word_1_744' title='bbox 2971 3715 3314 3787; x_wconf 77' lang='lat' dir='ltr'>exemplum,</span> <span class='ocrx_word' id='word_1_745' title='bbox 3360 3724 3428 3772; x_wconf 87' lang='lat' dir='ltr'>ut</span> <span class='ocrx_word' id='word_1_746' title='bbox 3481 3730 3761 3789; x_wconf 83' lang='lat' dir='ltr'>sequamur</span> 
     </span>
    </p>
   </div>
   <div class='ocr_carea' id='block_1_98' title="bbox 2173 3801 3756 3878">
    <p class='ocr_par' dir='ltr' id='par_1_98' title="bbox 2173 3801 3756 3878">
     <span class='ocr_line' id='line_1_98' title="bbox 2173 3801 3756 3878; baseline 0.002 -21"><span class='ocrx_word' id='word_1_747' title='bbox 2173 3801 2406 3874; x_wconf 86' lang='lat' dir='ltr'>vestigia</span> <span class='ocrx_word' id='word_1_748' title='bbox 2436 3801 2554 3874; x_wconf 88' lang='lat' dir='ltr'>ejus</span> <span class='ocrx_word' id='word_1_749' title='bbox 2585 3806 2643 3875; x_wconf 91' lang='grc' dir='ltr'>(Ι</span> <span class='ocrx_word' id='word_1_750' title='bbox 2668 3805 2781 3860; x_wconf 86' lang='lat' dir='ltr'>Pet.</span> <span class='ocrx_word' id='word_1_751' title='bbox 2814 3822 2876 3874; x_wconf 90' lang='grc' dir='ltr'>ιι,</span> <span class='ocrx_word' id='word_1_752' title='bbox 2908 3805 3024 3878; x_wconf 86' lang='grc'><strong>21).</strong></span> <span class='ocrx_word' id='word_1_753' title='bbox 3056 3831 3075 3854; x_wconf 75' lang='grc' dir='ltr'>ι</span> <span class='ocrx_word' id='word_1_754' title='bbox 3137 3807 3259 3877; x_wconf 89' lang='lat' dir='ltr'>Ipse</span> <span class='ocrx_word' id='word_1_755' title='bbox 3291 3807 3460 3865; x_wconf 86' lang='lat' dir='ltr'>etiam</span> <span class='ocrx_word' id='word_1_756' title='bbox 3505 3807 3756 3865; x_wconf 81' lang='lat' dir='ltr'>Dominus</span> 
     </span>
    </p>
   </div>
   <div class='ocr_carea' id='block_1_99' title="bbox 2173 3891 3754 3967">
    <p class='ocr_par' dir='ltr' id='par_1_99' title="bbox 2173 3891 3754 3967">
     <span class='ocr_line' id='line_1_99' title="bbox 2173 3891 3754 3967; baseline 0.003 -21"><span class='ocrx_word' id='word_1_757' title='bbox 2173 3891 2334 3948; x_wconf 89' lang='lat' dir='ltr'>nobis</span> <span class='ocrx_word' id='word_1_758' title='bbox 2361 3891 2507 3949; x_wconf 81' lang='lat' dir='ltr'>dixit</span> <span class='ocrx_word' id='word_1_759' title='bbox 2541 3909 2553 3947; x_wconf 90' lang='lat'>:</span> <span class='ocrx_word' id='word_1_760' title='bbox 2627 3919 2647 3942; x_wconf 76' lang='grc' dir='ltr'>ι</span> <span class='ocrx_word' id='word_1_761' title='bbox 2691 3894 2748 3950; x_wconf 93' lang='lat' dir='ltr'>Si</span> <span class='ocrx_word' id='word_1_762' title='bbox 2805 3903 3012 3967; x_wconf 87' lang='lat' dir='ltr'>patrem</span> <span class='ocrx_word' id='word_1_763' title='bbox 3068 3895 3311 3953; x_wconf 89' lang='lat' dir='ltr'>familias</span> <span class='ocrx_word' id='word_1_764' title='bbox 3343 3897 3651 3954; x_wconf 81' lang='lat' dir='ltr'>Beelzebub</span> <span class='ocrx_word' id='word_1_765' title='bbox 3675 3913 3754 3951; x_wconf 75' lang='lat' dir='ltr'>vo-</span> 
     </span>
    </p>
   </div>
   <div class='ocr_carea' id='block_1_100' title="bbox 2173 3986 3753 4061">
    <p class='ocr_par' dir='ltr' id='par_1_100' title="bbox 2173 3986 3753 4061">
     <span class='ocr_line' id='line_1_100' title="bbox 2173 3986 3753 4061; baseline 0.002 -22"><span class='ocrx_word' id='word_1_766' title='bbox 2173 3991 2457 4052; x_wconf 87' lang='lat' dir='ltr'>caverunt,</span> <span class='ocrx_word' id='word_1_767' title='bbox 2505 3992 2713 4057; x_wconf 87' lang='lat' dir='ltr'>quanto</span> <span class='ocrx_word' id='word_1_768' title='bbox 2762 3986 2936 4058; x_wconf 85' lang='lat' dir='ltr'>magis</span> <span class='ocrx_word' id='word_1_769' title='bbox 2984 3986 3318 4045; x_wconf 83' lang='lat' dir='ltr'>domesticos</span> <span class='ocrx_word' id='word_1_770' title='bbox 3376 3987 3498 4059; x_wconf 87' lang='lat' dir='ltr'>ejus</span> <span class='ocrx_word' id='word_1_771' title='bbox 3557 3990 3753 4061; x_wconf 69' lang='lat' dir='ltr'>(Matth.</span> 
     </span>
    </p>
   </div>
   <div class='ocr_carea' id='block_1_101' title="bbox 2173 4072 3751 4151">
    <p class='ocr_par' dir='ltr' id='par_1_101' title="bbox 2173 4072 3751 4151">
     <span class='ocr_line' id='line_1_101' title="bbox 2173 4072 3751 4151; baseline 0.004 -24"><span class='ocrx_word' id='word_1_772' title='bbox 2173 4088 2230 4141; x_wconf 83' lang='grc' dir='ltr'>ιι,</span> <span class='ocrx_word' id='word_1_773' title='bbox 2265 4072 2358 4144; x_wconf 81' lang='grc'><strong>25)</strong></span> <span class='ocrx_word' id='word_1_774' title='bbox 2392 4073 2420 4129; x_wconf 80' lang='lat'><strong><em>?</em></strong></span> <span class='ocrx_word' id='word_1_775' title='bbox 2452 4099 2471 4124; x_wconf 74' lang='grc' dir='ltr'>ι</span> <span class='ocrx_word' id='word_1_776' title='bbox 2513 4075 2586 4130; x_wconf 88' lang='lat' dir='ltr'>Et</span> <span class='ocrx_word' id='word_1_777' title='bbox 2622 4075 2733 4131; x_wconf 90' lang='lat' dir='ltr'>alio</span> <span class='ocrx_word' id='word_1_778' title='bbox 2763 4076 2822 4132; x_wconf 91' lang='lat' dir='ltr'>in</span> <span class='ocrx_word' id='word_1_779' title='bbox 2851 4076 2972 4133; x_wconf 94' lang='lat' dir='ltr'>loco</span> <span class='ocrx_word' id='word_1_780' title='bbox 3006 4095 3018 4132; x_wconf 92' lang='lat'>:</span> <span class='ocrx_word' id='word_1_781' title='bbox 3062 4102 3081 4125; x_wconf 76' lang='grc' dir='ltr'>ι</span> <span class='ocrx_word' id='word_1_782' title='bbox 3109 4076 3166 4133; x_wconf 90' lang='lat' dir='ltr'>Si</span> <span class='ocrx_word' id='word_1_783' title='bbox 3198 4094 3286 4135; x_wconf 93' lang='lat' dir='ltr'>me</span> <span class='ocrx_word' id='word_1_784' title='bbox 3316 4081 3591 4151; x_wconf 88' lang='lat' dir='ltr'>persecuti</span> <span class='ocrx_word' id='word_1_785' title='bbox 3618 4087 3751 4145; x_wconf 90' lang='lat' dir='ltr'>sunt,</span> 
     </span>
    </p>
   </div>
   <div class='ocr_carea' id='block_1_102' title="bbox 2173 4166 3755 4243">
    <p class='ocr_par' dir='ltr' id='par_1_102' title="bbox 2173 4166 3755 4243">
     <span class='ocr_line' id='line_1_102' title="bbox 2173 4166 3755 4243; baseline 0.007 -26"><span class='ocrx_word' id='word_1_786' title='bbox 2173 4170 2227 4218; x_wconf 92' lang='lat' dir='ltr'>et</span> <span class='ocrx_word' id='word_1_787' title='bbox 2250 4179 2351 4218; x_wconf 86' lang='lat' dir='ltr'>vos</span> <span class='ocrx_word' id='word_1_788' title='bbox 2377 4172 2773 4237; x_wconf 87' lang='lat' dir='ltr'>persequentur</span> <span class='ocrx_word' id='word_1_789' title='bbox 2803 4166 2986 4239; x_wconf 82' lang='lat' dir='ltr'>(Joan.</span> <span class='ocrx_word' id='word_1_790' title='bbox 3037 4184 3136 4236; x_wconf 84' lang='lat' dir='ltr'>xv,</span> <span class='ocrx_word' id='word_1_791' title='bbox 3184 4169 3304 4240; x_wconf 80' lang='grc'><strong>20).</strong></span> <span class='ocrx_word' id='word_1_792' title='bbox 3354 4194 3374 4216; x_wconf 75' lang='grc' dir='ltr'><strong>ο</strong></span> <span class='ocrx_word' id='word_1_793' title='bbox 3436 4169 3755 4243; x_wconf 71' lang='lat' dir='ltr'>Sedquanta</span> 
     </span>
    </p>
   </div>
   <div class='ocr_carea' id='block_1_103' title="bbox 2173 4253 3756 4332">
    <p class='ocr_par' dir='ltr' id='par_1_103' title="bbox 2173 4253 3756 4332">
     <span class='ocr_line' id='line_1_103' title="bbox 2173 4253 3756 4332; baseline 0.003 -25"><span class='ocrx_word' id='word_1_794' title='bbox 2173 4259 2301 4307; x_wconf 90' lang='lat' dir='ltr'>sunt</span> <span class='ocrx_word' id='word_1_795' title='bbox 2321 4253 2377 4308; x_wconf 93' lang='lat' dir='ltr'>in</span> <span class='ocrx_word' id='word_1_796' title='bbox 2399 4254 2806 4327; x_wconf 88' lang='lat' dir='ltr'>comparatione</span> <span class='ocrx_word' id='word_1_797' title='bbox 2822 4256 3138 4328; x_wconf 88' lang='lat' dir='ltr'>passionum</span> <span class='ocrx_word' id='word_1_798' title='bbox 3160 4257 3338 4324; x_wconf 86' lang='lat' dir='ltr'>illius,</span> <span class='ocrx_word' id='word_1_799' title='bbox 3355 4274 3479 4332; x_wconf 75' lang='lat' dir='ltr'>quae</span> <span class='ocrx_word' id='word_1_800' title='bbox 3499 4255 3756 4329; x_wconf 77' lang='lat' dir='ltr'>patimur?</span> 
     </span>
    </p>
   </div>
   <div class='ocr_carea' id='block_1_104' title="bbox 2173 4343 3754 4418">
    <p class='ocr_par' dir='ltr' id='par_1_104' title="bbox 2173 4343 3754 4418">
     <span class='ocr_line' id='line_1_104' title="bbox 2173 4343 3754 4418; baseline 0.003 -20"><span class='ocrx_word' id='word_1_801' title='bbox 2173 4343 2271 4399; x_wconf 94' lang='lat' dir='ltr'>Ille</span> <span class='ocrx_word' id='word_1_802' title='bbox 2302 4344 2449 4399; x_wconf 91' lang='lat' dir='ltr'>enim</span> <span class='ocrx_word' id='word_1_803' title='bbox 2474 4345 2788 4416; x_wconf 88' lang='lat' dir='ltr'>opprobria,</span> <span class='ocrx_word' id='word_1_804' title='bbox 2812 4346 3116 4415; x_wconf 86' lang='lat' dir='ltr'>irrisiones,</span> <span class='ocrx_word' id='word_1_805' title='bbox 3144 4348 3536 4415; x_wconf 87' lang='lat' dir='ltr'>contumelias,</span> <span class='ocrx_word' id='word_1_806' title='bbox 3566 4348 3754 4418; x_wconf 81' lang='lat' dir='ltr'>alapas,</span> 
     </span>
    </p>
   </div>
   <div class='ocr_carea' id='block_1_105' title="bbox 2171 4433 3757 4511">
    <p class='ocr_par' dir='ltr' id='par_1_105' title="bbox 2171 4433 3757 4511">
     <span class='ocr_line' id='line_1_105' title="bbox 2171 4433 3757 4511; baseline 0.001 -23"><span class='ocrx_word' id='word_1_807' title='bbox 2171 4442 2350 4505; x_wconf 87' lang='lat' dir='ltr'>sputa,</span> <span class='ocrx_word' id='word_1_808' title='bbox 2390 4433 2623 4506; x_wconf 89' lang='lat' dir='ltr'>ﬂagella,</span> <span class='ocrx_word' id='word_1_809' title='bbox 2656 4436 2899 4507; x_wconf 88' lang='lat' dir='ltr'>spineam</span> <span class='ocrx_word' id='word_1_810' title='bbox 2949 4453 3234 4506; x_wconf 89' lang='lat' dir='ltr'>coronam,</span> <span class='ocrx_word' id='word_1_811' title='bbox 3265 4454 3601 4511; x_wconf 88' lang='lat' dir='ltr'>crucemque</span> <span class='ocrx_word' id='word_1_812' title='bbox 3639 4452 3757 4491; x_wconf 79' lang='lat' dir='ltr'>sus-</span> 
     </span>
    </p>
   </div>
   <div class='ocr_carea' id='block_1_106' title="bbox 2170 4523 3755 4600">
    <p class='ocr_par' dir='ltr' id='par_1_106' title="bbox 2170 4523 3755 4600">
     <span class='ocr_line' id='line_1_106' title="bbox 2170 4523 3755 4600; baseline 0.001 -21"><span class='ocrx_word' id='word_1_813' title='bbox 2170 4523 2341 4580; x_wconf 89' lang='lat' dir='ltr'>tinuit</span> <span class='ocrx_word' id='word_1_814' title='bbox 2369 4525 2549 4595; x_wconf 82' lang='lat' dir='ltr'>(Joan.</span> <span class='ocrx_word' id='word_1_815' title='bbox 2582 4542 2746 4595; x_wconf 84' lang='lat' dir='ltr'>xvm,</span> <span class='ocrx_word' id='word_1_816' title='bbox 2769 4528 2892 4599; x_wconf 73' lang='grc' dir='ltr'>χιχ)</span> <span class='ocrx_word' id='word_1_817' title='bbox 2916 4546 2931 4596; x_wconf 85' lang='grc'><strong>;</strong></span> <span class='ocrx_word' id='word_1_818' title='bbox 2954 4535 3009 4585; x_wconf 88' lang='lat' dir='ltr'>et</span> <span class='ocrx_word' id='word_1_819' title='bbox 3038 4544 3140 4584; x_wconf 89' lang='lat' dir='ltr'>nos</span> <span class='ocrx_word' id='word_1_820' title='bbox 3168 4528 3360 4584; x_wconf 88' lang='lat' dir='ltr'>miseri</span> <span class='ocrx_word' id='word_1_821' title='bbox 3403 4528 3498 4600; x_wconf 89' lang='lat' dir='ltr'>(ad</span> <span class='ocrx_word' id='word_1_822' title='bbox 3526 4537 3755 4584; x_wconf 85' lang='lat' dir='ltr'>nostram</span> 
     </span>
    </p>
   </div>
   <div class='ocr_carea' id='block_1_107' title="bbox 2170 4614 3756 4691">
    <p class='ocr_par' dir='ltr' id='par_1_107' title="bbox 2170 4614 3756 4691">
     <span class='ocr_line' id='line_1_107' title="bbox 2170 4614 3756 4691; baseline 0.002 -21"><span class='ocrx_word' id='word_1_823' title='bbox 2170 4614 2293 4671; x_wconf 90' lang='lat' dir='ltr'>dico</span> <span class='ocrx_word' id='word_1_824' title='bbox 2306 4616 2710 4689; x_wconf 88' lang='lat' dir='ltr'>confusionem)</span> <span class='ocrx_word' id='word_1_825' title='bbox 2735 4634 2847 4674; x_wconf 92' lang='lat' dir='ltr'>uno</span> <span class='ocrx_word' id='word_1_826' title='bbox 2861 4635 3111 4675; x_wconf 91' lang='lat' dir='ltr'>sermone</span> <span class='ocrx_word' id='word_1_827' title='bbox 3131 4618 3451 4691; x_wconf 86' lang='lat' dir='ltr'>fatigamur,</span> <span class='ocrx_word' id='word_1_828' title='bbox 3471 4636 3585 4675; x_wconf 90' lang='lat' dir='ltr'>uno</span> <span class='ocrx_word' id='word_1_829' title='bbox 3604 4617 3756 4674; x_wconf 87' lang='lat' dir='ltr'>verbo</span> 
     </span>
    </p>
   </div>
   <div class='ocr_carea' id='block_1_108' title="bbox 2175 4703 3757 4781">
    <p class='ocr_par' dir='ltr' id='par_1_108' title="bbox 2175 4703 3757 4781">
     <span class='ocr_line' id='line_1_108' title="bbox 2175 4703 3757 4781; baseline 0.001 -20"><span class='ocrx_word' id='word_1_830' title='bbox 2175 4703 2489 4776; x_wconf 83' lang='lat' dir='ltr'>dejicimur,</span> <span class='ocrx_word' id='word_1_831' title='bbox 2536 4721 2637 4763; x_wconf 91' lang='lat' dir='ltr'>nec</span> <span class='ocrx_word' id='word_1_832' title='bbox 2680 4707 3071 4780; x_wconf 88' lang='lat' dir='ltr'>perpendimus</span> <span class='ocrx_word' id='word_1_833' title='bbox 3103 4708 3159 4764; x_wconf 92' lang='lat' dir='ltr'>id</span> <span class='ocrx_word' id='word_1_834' title='bbox 3187 4709 3337 4781; x_wconf 90' lang='lat' dir='ltr'>quod</span> <span class='ocrx_word' id='word_1_835' title='bbox 3367 4708 3579 4766; x_wconf 90' lang='lat' dir='ltr'>dicitur</span> <span class='ocrx_word' id='word_1_836' title='bbox 3612 4726 3624 4762; x_wconf 93' lang='lat'>:</span> <span class='ocrx_word' id='word_1_837' title='bbox 3670 4734 3686 4757; x_wconf 78' lang='grc' dir='ltr'>ι</span> <span class='ocrx_word' id='word_1_838' title='bbox 3707 4706 3757 4763; x_wconf 89' lang='lat' dir='ltr'>Si</span> 
     </span>
    </p>
   </div>
   <div class='ocr_carea' id='block_1_109' title="bbox 2170 4797 3754 4867">
    <p class='ocr_par' dir='ltr' id='par_1_109' title="bbox 2170 4797 3754 4867">
     <span class='ocr_line' id='line_1_109' title="bbox 2170 4797 3754 4867; baseline 0.001 -15"><span class='ocrx_word' id='word_1_839' title='bbox 2170 4799 2499 4854; x_wconf 89' lang='lat' dir='ltr'>commortui</span> <span class='ocrx_word' id='word_1_840' title='bbox 2528 4815 2739 4867; x_wconf 84' lang='lat' dir='ltr'>sumus,</span> <span class='ocrx_word' id='word_1_841' title='bbox 2792 4807 2845 4855; x_wconf 89' lang='lat' dir='ltr'>et</span> <span class='ocrx_word' id='word_1_842' title='bbox 2872 4797 3237 4856; x_wconf 88' lang='lat' dir='ltr'>convivemus</span> <span class='ocrx_word' id='word_1_843' title='bbox 3275 4816 3289 4854; x_wconf 89' lang='lat'>:</span> <span class='ocrx_word' id='word_1_844' title='bbox 3332 4799 3379 4855; x_wconf 91' lang='lat' dir='ltr'>si</span> <span class='ocrx_word' id='word_1_845' title='bbox 3411 4799 3754 4864; x_wconf 86' lang='lat' dir='ltr'>sustinemus,</span> 
     </span>
    </p>
   </div>
   <div class='ocr_carea' id='block_1_110' title="bbox 2169 4889 3757 4963">
    <p class='ocr_par' dir='ltr' id='par_1_110' title="bbox 2169 4889 3757 4963">
     <span class='ocr_line' id='line_1_110' title="bbox 2169 4889 3757 4963; baseline 0 -20"><span class='ocrx_word' id='word_1_846' title='bbox 2169 4895 2223 4943; x_wconf 90' lang='lat' dir='ltr'>et</span> <span class='ocrx_word' id='word_1_847' title='bbox 2250 4889 2709 4961; x_wconf 82' lang='lat' dir='ltr'>conregnabimus</span> <span class='ocrx_word' id='word_1_848' title='bbox 2740 4890 2829 4961; x_wconf 94' lang='lat' dir='ltr'>(II</span> <span class='ocrx_word' id='word_1_849' title='bbox 2855 4891 2988 4946; x_wconf 76' lang='lat' dir='ltr'>Tim.</span> <span class='ocrx_word' id='word_1_850' title='bbox 3021 4908 3080 4959; x_wconf 90' lang='grc' dir='ltr'>ιι,</span> <span class='ocrx_word' id='word_1_851' title='bbox 3117 4889 3204 4958; x_wconf 88' lang='grc'>11,</span> <span class='ocrx_word' id='word_1_852' title='bbox 3229 4890 3344 4963; x_wconf 87' lang='grc'><strong>12).</strong></span> <span class='ocrx_word' id='word_1_853' title='bbox 3364 4915 3382 4936; x_wconf 77' lang='grc' dir='ltr'>ι</span> <span class='ocrx_word' id='word_1_854' title='bbox 3428 4891 3757 4963; x_wconf 85' lang='lat' dir='ltr'>Quapropter</span> 
     </span>
    </p>
   </div>
   <div class='ocr_carea' id='block_1_111' title="bbox 2167 4978 3757 5052">
    <p class='ocr_par' dir='ltr' id='par_1_111' title="bbox 2167 4978 3757 5052">
     <span class='ocr_line' id='line_1_111' title="bbox 2167 4978 3757 5052; baseline 0 -20"><span class='ocrx_word' id='word_1_855' title='bbox 2167 4978 2499 5034; x_wconf 91' lang='lat' dir='ltr'>retundendi</span> <span class='ocrx_word' id='word_1_856' title='bbox 2556 4989 2686 5036; x_wconf 90' lang='lat' dir='ltr'>sunt</span> <span class='ocrx_word' id='word_1_857' title='bbox 2740 4980 2835 5037; x_wconf 67' lang='lat' dir='ltr'>ira:</span> <span class='ocrx_word' id='word_1_858' title='bbox 2889 4979 3125 5047; x_wconf 91' lang='lat' dir='ltr'>stimuli,</span> <span class='ocrx_word' id='word_1_859' title='bbox 3174 4986 3231 5035; x_wconf 86' lang='lat' dir='ltr'>et</span> <span class='ocrx_word' id='word_1_860' title='bbox 3295 4979 3420 5052; x_wconf 82' lang='lat' dir='ltr'>ejus</span> <span class='ocrx_word' id='word_1_861' title='bbox 3477 4978 3757 5038; x_wconf 81' lang='lat' dir='ltr'>metuenda</span> 
     </span>
    </p>
   </div>
   <div class='ocr_carea' id='block_1_112' title="bbox 2168 5069 3755 5144">
    <p class='ocr_par' dir='ltr' id='par_1_112' title="bbox 2168 5069 3755 5144">
     <span class='ocr_line' id='line_1_112' title="bbox 2168 5069 3755 5144; baseline -0.001 -19"><span class='ocrx_word' id='word_1_862' title='bbox 2168 5069 2449 5126; x_wconf 91' lang='lat' dir='ltr'>damnatio</span> <span class='ocrx_word' id='word_1_863' title='bbox 2473 5080 2576 5127; x_wconf 88' lang='lat' dir='ltr'>est.</span> <span class='ocrx_word' id='word_1_864' title='bbox 2612 5071 2767 5127; x_wconf 90' lang='lat' dir='ltr'>Unde</span> <span class='ocrx_word' id='word_1_865' title='bbox 2790 5071 3057 5144; x_wconf 88' lang='lat' dir='ltr'>scriptum</span> <span class='ocrx_word' id='word_1_866' title='bbox 3086 5072 3325 5143; x_wconf 88' lang='lat' dir='ltr'>legimus</span> <span class='ocrx_word' id='word_1_867' title='bbox 3355 5089 3367 5126; x_wconf 94' lang='lat'>:</span> <span class='ocrx_word' id='word_1_868' title='bbox 3416 5096 3436 5119; x_wconf 72' lang='grc' dir='ltr'>ς</span> <span class='ocrx_word' id='word_1_869' title='bbox 3472 5071 3616 5139; x_wconf 88' lang='lat' dir='ltr'>Quia</span> <span class='ocrx_word' id='word_1_870' title='bbox 3643 5085 3755 5124; x_wconf 88' lang='lat' dir='ltr'>om-</span> 
     </span>
    </p>
   </div>
   <div class='ocr_carea' id='block_1_113' title="bbox 2166 5157 3755 5232">
    <p class='ocr_par' dir='ltr' id='par_1_113' title="bbox 2166 5157 3755 5232">
     <span class='ocr_line' id='line_1_113' title="bbox 2166 5157 3755 5232; baseline 0.001 -18"><span class='ocrx_word' id='word_1_871' title='bbox 2166 5158 2257 5214; x_wconf 90' lang='lat' dir='ltr'>nis</span> <span class='ocrx_word' id='word_1_872' title='bbox 2286 5160 2382 5232; x_wconf 93' lang='lat' dir='ltr'>qui</span> <span class='ocrx_word' id='word_1_873' title='bbox 2412 5160 2669 5217; x_wconf 91' lang='lat' dir='ltr'>irascitur</span> <span class='ocrx_word' id='word_1_874' title='bbox 2707 5160 2863 5216; x_wconf 89' lang='lat' dir='ltr'>fratri</span> <span class='ocrx_word' id='word_1_875' title='bbox 2900 5176 3022 5228; x_wconf 70' lang='lat' dir='ltr'>suo,</span> <span class='ocrx_word' id='word_1_876' title='bbox 3054 5175 3181 5216; x_wconf 88' lang='lat' dir='ltr'>reus</span> <span class='ocrx_word' id='word_1_877' title='bbox 3210 5160 3318 5215; x_wconf 90' lang='lat' dir='ltr'>erit</span> <span class='ocrx_word' id='word_1_878' title='bbox 3357 5159 3582 5232; x_wconf 90' lang='lat' dir='ltr'>judicio</span> <span class='ocrx_word' id='word_1_879' title='bbox 3614 5180 3626 5215; x_wconf 93' lang='lat'>:</span> <span class='ocrx_word' id='word_1_880' title='bbox 3673 5157 3755 5231; x_wconf 85' lang='lat' dir='ltr'>qui</span> 
     </span>
    </p>
   </div>
   <div class='ocr_carea' id='block_1_114' title="bbox 2167 5249 3749 5318">
    <p class='ocr_par' dir='ltr' id='par_1_114' title="bbox 2167 5249 3749 5318">
     <span class='ocr_line' id='line_1_114' title="bbox 2167 5249 3749 5318; baseline -0.001 -13"><span class='ocrx_word' id='word_1_881' title='bbox 2167 5257 2349 5305; x_wconf 89' lang='lat' dir='ltr'>autem</span> <span class='ocrx_word' id='word_1_882' title='bbox 2380 5249 2587 5305; x_wconf 87' lang='lat' dir='ltr'>dixerit</span> <span class='ocrx_word' id='word_1_883' title='bbox 2641 5249 2800 5305; x_wconf 89' lang='lat' dir='ltr'>fratri</span> <span class='ocrx_word' id='word_1_884' title='bbox 2836 5267 2934 5306; x_wconf 91' lang='lat' dir='ltr'>suo</span> <span class='ocrx_word' id='word_1_885' title='bbox 2977 5267 3127 5318; x_wconf 86' lang='lat' dir='ltr'>raca,</span> <span class='ocrx_word' id='word_1_886' title='bbox 3173 5266 3303 5306; x_wconf 90' lang='lat' dir='ltr'>reus</span> <span class='ocrx_word' id='word_1_887' title='bbox 3331 5259 3444 5306; x_wconf 80' lang='lat' dir='ltr'>erit</span> <span class='ocrx_word' id='word_1_888' title='bbox 3481 5249 3749 5306; x_wconf 85' lang='lat' dir='ltr'>concilio:</span> 
     </span>
    </p>
   </div>
   <div class='ocr_carea' id='block_1_115' title="bbox 2165 5338 3751 5412">
    <p class='ocr_par' dir='ltr' id='par_1_115' title="bbox 2165 5338 3751 5412">
     <span class='ocr_line' id='line_1_115' title="bbox 2165 5338 3751 5412; baseline -0.002 -18"><span class='ocrx_word' id='word_1_889' title='bbox 2165 5339 2260 5412; x_wconf 92' lang='lat' dir='ltr'>qui</span> <span class='ocrx_word' id='word_1_890' title='bbox 2294 5346 2474 5396; x_wconf 84' lang='lat' dir='ltr'>autem</span> <span class='ocrx_word' id='word_1_891' title='bbox 2506 5339 2714 5396; x_wconf 86' lang='lat' dir='ltr'>dixerit</span> <span class='ocrx_word' id='word_1_892' title='bbox 2768 5339 2935 5410; x_wconf 80' lang='lat' dir='ltr'>fatue,</span> <span class='ocrx_word' id='word_1_893' title='bbox 2993 5357 3119 5397; x_wconf 89' lang='lat' dir='ltr'>reus</span> <span class='ocrx_word' id='word_1_894' title='bbox 3167 5341 3275 5396; x_wconf 91' lang='lat' dir='ltr'>erit</span> <span class='ocrx_word' id='word_1_895' title='bbox 3328 5341 3601 5412; x_wconf 73' lang='lat' dir='ltr'>gehennae</span> <span class='ocrx_word' id='word_1_896' title='bbox 3630 5338 3751 5411; x_wconf 81' lang='lat' dir='ltr'>ignis</span> 
     </span>
    </p>
   </div>
   <div class='ocr_carea' id='block_1_116' title="bbox 2169 5428 3749 5501">
    <p class='ocr_par' dir='ltr' id='par_1_116' title="bbox 2169 5428 3749 5501">
     <span class='ocr_line' id='line_1_116' title="bbox 2169 5428 3749 5501; baseline -0.003 -14"><span class='ocrx_word' id='word_1_897' title='bbox 2169 5428 2382 5499; x_wconf 82' lang='lat' dir='ltr'>(Matth.</span> <span class='ocrx_word' id='word_1_898' title='bbox 2413 5428 2604 5501; x_wconf 77' lang='lat' dir='ltr'>v,22).</span> <span class='ocrx_word' id='word_1_899' title='bbox 2636 5455 2655 5479; x_wconf 76' lang='grc' dir='ltr'>ι</span> <span class='ocrx_word' id='word_1_900' title='bbox 2701 5430 2781 5487; x_wconf 89' lang='lat' dir='ltr'>Ibi</span> <span class='ocrx_word' id='word_1_901' title='bbox 2799 5438 2981 5486; x_wconf 87' lang='lat' dir='ltr'>tamen</span> <span class='ocrx_word' id='word_1_902' title='bbox 3003 5430 3259 5486; x_wconf 89' lang='lat' dir='ltr'>innuitur</span> <span class='ocrx_word' id='word_1_903' title='bbox 3288 5431 3628 5497; x_wconf 89' lang='lat' dir='ltr'>remedium,</span> <span class='ocrx_word' id='word_1_904' title='bbox 3643 5444 3749 5487; x_wconf 86' lang='lat' dir='ltr'>cum</span> 
     </span>
    </p>
   </div>
   <div class='ocr_carea' id='block_1_117' title="bbox 2165 5519 3749 5587">
    <p class='ocr_par' dir='ltr' id='par_1_117' title="bbox 2165 5519 3749 5587">
     <span class='ocr_line' id='line_1_117' title="bbox 2165 5519 3749 5587; baseline -0.001 -13"><span class='ocrx_word' id='word_1_905' title='bbox 2165 5519 2545 5578; x_wconf 87' lang='lat' dir='ltr'>subinfertur:</span> <span class='ocrx_word' id='word_1_906' title='bbox 2595 5546 2612 5568; x_wconf 80' lang='grc' dir='ltr'>ι</span> <span class='ocrx_word' id='word_1_907' title='bbox 2643 5521 2699 5577; x_wconf 95' lang='lat' dir='ltr'>Si</span> <span class='ocrx_word' id='word_1_908' title='bbox 2729 5522 2888 5578; x_wconf 75' lang='lat' dir='ltr'>offers</span> <span class='ocrx_word' id='word_1_909' title='bbox 2931 5537 3132 5577; x_wconf 86' lang='lat' dir='ltr'>munus</span> <span class='ocrx_word' id='word_1_910' title='bbox 3162 5527 3323 5577; x_wconf 90' lang='lat' dir='ltr'>tuum</span> <span class='ocrx_word' id='word_1_911' title='bbox 3355 5521 3429 5576; x_wconf 90' lang='lat' dir='ltr'>ad</span> <span class='ocrx_word' id='word_1_912' title='bbox 3473 5522 3660 5587; x_wconf 86' lang='lat' dir='ltr'>altare,</span> <span class='ocrx_word' id='word_1_913' title='bbox 3704 5528 3749 5574; x_wconf 84' lang='lat' dir='ltr'>et</span> 
     </span>
    </p>
   </div>
   <div class='ocr_carea' id='block_1_118' title="bbox 2164 5606 3748 5684">
    <p class='ocr_par' dir='ltr' id='par_1_118' title="bbox 2164 5606 3748 5684">
     <span class='ocr_line' id='line_1_118' title="bbox 2164 5606 3748 5684; baseline -0.001 -22"><span class='ocrx_word' id='word_1_914' title='bbox 2164 5606 2241 5662; x_wconf 91' lang='lat' dir='ltr'>ibi</span> <span class='ocrx_word' id='word_1_915' title='bbox 2268 5609 2584 5667; x_wconf 91' lang='lat' dir='ltr'>recordatus</span> <span class='ocrx_word' id='word_1_916' title='bbox 2622 5611 2792 5666; x_wconf 90' lang='lat' dir='ltr'>fueris</span> <span class='ocrx_word' id='word_1_917' title='bbox 2846 5610 2993 5684; x_wconf 88' lang='lat' dir='ltr'>quod</span> <span class='ocrx_word' id='word_1_918' title='bbox 3039 5610 3209 5667; x_wconf 84' lang='lat' dir='ltr'>frater</span> <span class='ocrx_word' id='word_1_919' title='bbox 3263 5617 3400 5666; x_wconf 88' lang='lat' dir='ltr'>tuus</span> <span class='ocrx_word' id='word_1_920' title='bbox 3450 5611 3618 5667; x_wconf 89' lang='lat' dir='ltr'>habet</span> <span class='ocrx_word' id='word_1_921' title='bbox 3654 5607 3748 5663; x_wconf 86' lang='lat' dir='ltr'>ali-</span> 
     </span>
    </p>
   </div>
   <div class='ocr_carea' id='block_1_119' title="bbox 2162 5697 3743 5773">
    <p class='ocr_par' dir='ltr' id='par_1_119' title="bbox 2162 5697 3743 5773">
     <span class='ocr_line' id='line_1_119' title="bbox 2162 5697 3743 5773; baseline 0.003 -20"><span class='ocrx_word' id='word_1_922' title='bbox 2162 5697 2297 5769; x_wconf 89' lang='lat' dir='ltr'>quid</span> <span class='ocrx_word' id='word_1_923' title='bbox 2325 5697 2617 5758; x_wconf 89' lang='lat' dir='ltr'>adversum</span> <span class='ocrx_word' id='word_1_924' title='bbox 2662 5707 2736 5769; x_wconf 88' lang='lat' dir='ltr'>te,</span> <span class='ocrx_word' id='word_1_925' title='bbox 2767 5700 3016 5773; x_wconf 86' lang='lat' dir='ltr'>relinque</span> <span class='ocrx_word' id='word_1_926' title='bbox 3061 5698 3140 5756; x_wconf 90' lang='lat' dir='ltr'>ibi</span> <span class='ocrx_word' id='word_1_927' title='bbox 3176 5715 3387 5759; x_wconf 86' lang='lat' dir='ltr'>munus</span> <span class='ocrx_word' id='word_1_928' title='bbox 3431 5708 3596 5760; x_wconf 86' lang='lat' dir='ltr'>tuum</span> <span class='ocrx_word' id='word_1_929' title='bbox 3641 5704 3743 5757; x_wconf 75' lang='lat' dir='ltr'>ante</span> 
     </span>
    </p>
   </div>
  </div>
