3880 6204
189 343 326 408 1157

1119 351 1211 407 DE
1254 350 1598 409 VITIORUM
1637 349 2147 420 VIRTUTUMQUE
2187 350 2598 409 CQNFLICTU.

3346 337 3486 413 1138

181 473 378 540 altare,
408 482 462 529 et
490 472 628 527 vade
657 473 810 546 prius
848 474 1192 530 reconciliari
1222 475 1377 530 fratri
1417 483 1533 543 tuo,
1567 483 1620 532 et
1647 483 1779 530 tunc
1808 478 1855 536 A
1891 475 2129 544 hortare,
2164 477 2384 547 increpa
2414 475 2470 531 in
2502 475 2654 531 omni
2701 476 3116 548 longanimitate
3155 483 3208 531 et
3235 475 3488 532 doctrina

181 561 416 618 veniens
447 561 642 618 offeres
664 579 868 620 munus
897 573 1055 620 tuum
1090 564 1251 635 (Ibid.
1283 563 1371 630 23,
1405 563 1518 636 24).
1550 590 1568 613 ι
1628 565 1708 620 Ac
1734 564 1780 620 si

178 660 368 724 aperte
423 652 744 709 diceretur:
796 654 904 709 Nec
957 653 1014 708 in
1071 653 1236 709 corde
1286 653 1507 709 tacitam
1565 671 1780 726 precem

177 741 454 810 effundas,
506 741 613 796 nisi
669 743 822 813 prius
871 741 1137 796 offensum
1199 742 1512 812 proximum
1570 742 1778 797 satisfa-

175 830 378 898 ciendo
401 830 468 885 ad
501 830 746 886 lenitatis
777 831 1255 886 mansuetudinem
1283 831 1780 902 perducas.Munus

175 921 329 974 enim
363 928 634 986 nostrum,
669 928 749 975 est
781 920 960 974 oratio
993 929 1180 976 nostra
1212 939 1224 986 ;
1279 921 1448 975 altare
1495 936 1625 976 vero
1669 937 1780 976 no-

171 1016 375 1075 strum,
423 1015 504 1063 est
555 1025 669 1065 cor.
717 1010 814 1064 Ille
860 1018 1039 1065 autem
1098 1009 1193 1082 qui
1243 1009 1350 1066 hoc
1396 1009 1572 1066 facere
1612 1010 1778 1082 (quo-

169 1096 284 1152 ties
349 1098 494 1153 inter
549 1097 688 1153 duos
753 1097 835 1154 ira
894 1099 1012 1153 sine
1065 1115 1229 1154 causa
1280 1099 1448 1154 fuerit
1495 1099 1774 1171 excitata)

169 1186 472 1254 studuerit,
505 1186 841 1259 praamissam
874 1187 1287 1244 damnationem
1325 1205 1667 1262 nequaquam
1695 1188 1777 1244 in-

170 1284 380 1332 curret.
435 1275 539 1331 Sed
586 1286 716 1332 sunt
771 1277 958 1343 multi,
1009 1277 1101 1350 qui
1158 1280 1365 1351 petenti
1421 1279 1525 1335 sibi
1556 1280 1775 1336 veniam

168 1362 379 1420 delicta
445 1381 555 1420 non
606 1365 919 1422 remittunt.
963 1365 1173 1424 Contra
1227 1385 1367 1441 quos
1419 1367 1515 1423 illa
1550 1368 1775 1424 Domini

167 1455 447 1509 sententia
503 1455 678 1524 venit,
741 1472 848 1528 qua
901 1457 1108 1514 dicitur
1164 1475 1175 1512 :
1259 1482 1278 1505 ι
1335 1459 1391 1514 Si
1452 1475 1563 1514 non
1614 1459 1774 1515 remi-

165 1542 361 1598 seritis
390 1545 769 1616 unusquisque
817 1545 974 1600 fratri
1012 1563 1112 1602 suo
1163 1546 1229 1602 de
1266 1547 1523 1604 cordibus
1555 1549 1770 1616 vestris,

165 1647 276 1688 nec
329 1633 485 1689 Pater
541 1643 726 1691 vester
771 1635 1009 1692 caelestis
1060 1638 1302 1694 remittet
1339 1639 1497 1695 vobis
1553 1648 1774 1712 peccata

163 1731 356 1778 vestra
386 1724 600 1792 (Matth.
637 1742 799 1793 xvm,
834 1724 950 1794 35).
980 1750 998 1772 ›
1044 1726 1209 1781 Plura
1229 1736 1378 1796 sunt,
1413 1728 1616 1800 inquis,
1650 1744 1770 1800 quae

160 1810 231 1866 in
273 1827 359 1866 me
389 1814 690 1880 commisit,
725 1831 810 1869 me
839 1815 1040 1885 saepius
1083 1817 1312 1872 ofi’eudit
1347 1836 1357 1872 :
1395 1827 1449 1872 et
1496 1817 1626 1890 quia
1653 1816 1770 1872 sine
1797 1827 1844 1888 Β

161 1916 336 1955 causa
366 1901 622 1973 plurimis
659 1902 922 1974 juvenior
971 1904 1183 1959 lacessit
1214 1904 1458 1976 injuriis,
1490 1913 1571 1961 tot
1605 1906 1656 1961 ei
1691 1922 1769 1961 re-

159 1990 392 2046 mittere
422 1993 610 2063 culpas
642 1992 782 2048 milii
814 2009 924 2048 non
952 1995 1232 2050 convenit.
1274 1995 1361 2050 Ad
1385 1995 1501 2052 haec
1532 2012 1643 2051 non
1673 2013 1771 2068 ego

158 2080 264 2136 sed
296 2082 567 2138 Dominus
612 2083 923 2154 respondet.
967 2085 1101 2138 Nam
1146 2101 1270 2138 cum
1316 2085 1508 2140 Petrus
1537 2084 1602 2140 ad
1643 2101 1769 2141 eum

156 2169 375 2226 diceret
411 2189 421 2226 :
471 2197 487 2217 ε
519 2170 745 2238 Quoties
775 2171 1022 2243 peccabit
1065 2171 1123 2226 in
1173 2189 1258 2226 me
1306 2173 1472 2227 frater
1512 2189 1687 2239 meus,
1717 2182 1771 2230 et

157 2261 450 2318 dimittam
484 2263 567 2318 illi
599 2265 627 2319 ?
656 2280 828 2337 usque
858 2265 1061 2336 septies
1081 2265 1109 2320 ?
1139 2275 1193 2321 et
1221 2265 1492 2322 Dominus
1513 2266 1581 2321 ad
1601 2283 1726 2322 eum
1753 2287 1764 2324 :

156 2352 292 2409 Non
322 2351 448 2408 dico
492 2352 594 2407 tibi
624 2369 795 2425 usque
835 2353 1056 2424 septies,
1111 2352 1206 2409 sed
1245 2370 1417 2426 usque
1465 2354 1768 2426 septuagies

157 2440 372 2513 septies
404 2441 568 2512 (Ibid.
609 2441 698 2509 21,
739 2441 852 2513 22).
891 2469 908 2491 ›
976 2441 1152 2509 Quam
1209 2442 1372 2498 multi
1429 2450 1609 2498 autem
1641 2451 1770 2498 sunt

157 2532 262 2604 qui
296 2547 422 2586 suas
455 2529 708 2602 injurias,
740 2530 896 2587 tarde
917 2533 1189 2599 relaxant,
1214 2533 1312 2587 Dei
1335 2548 1466 2586 vero
1495 2532 1660 2589 citius
1686 2531 1766 2586 in-

156 2619 444 2691 dulgent?
473 2619 642 2692 ﬁtque
671 2635 1096 2692 nonnunquam,
1130 2629 1191 2676 ut
1220 2621 1505 2676 occasione
1544 2620 1766 2676 Domini

165 2707 409 2780 injurias
451 2708 802 2776 vindicandi,
853 2725 980 2764 suas
1040 2709 1384 2766 ulciscantur
1436 2709 1582 2765 irati.
1625 2708 1768 2775 Quid

157 2799 412 2871 denique
445 2798 511 2854 de
544 2799 656 2853 illis
684 2798 982 2854 dicendum
1031 2805 1134 2866 est,
1167 2798 1264 2870 qui
1295 2799 1430 2854 adeo
1469 2798 1766 2854 iracundiae

157 2890 518 2947 obcaecantur
545 2888 782 2956 fervore,
813 2895 874 2943 ut
897 2904 1070 2960 usque
1099 2888 1167 2943 ad
1202 2888 1370 2944 verba
1406 2897 1767 2960 prorumpant

158 2977 598 3045 maledictionis,
650 2976 756 3032 nisi
811 2977 956 3049 quod
1002 2978 1301 3048 Apostolus
1346 2978 1470 3033 ait:
1535 3002 1550 3023 ι
1582 2978 1766 3049 Neque

156 3066 426 3122 maledici
484 3080 661 3137 neque
715 3081 936 3136 rapaces
990 3081 1217 3136 regnum
1269 3066 1367 3120 Dei
1408 3065 1766 3137 possidebunt

1893 564 1983 626 (II
2011 564 2145 620 Tim.
2179 580 2256 632 ιν,
2284 563 2362 635 2).
2398 587 2415 610 ν
2459 562 2618 630 Quod
2648 563 2909 620 videlicet
2939 564 3248 637 asperitatis
3280 565 3484 620 malum

1890 653 2256 724 perniciosum
2289 660 2392 719 est,
2423 651 2868 720 subditis-nocet,
2901 654 3194 728 minusque
3224 653 3441 727 prolicit
3471 671 3482 710 :

1891 741 2002 795 imo
2058 740 2256 812 saepius
2302 740 2592 812 contingit,
2639 749 2700 796 ut
2756 743 2918 797 etiam
2967 741 3254 798 charitatis
3295 758 3488 798 corre-

1889 831 2133 901 ptionem
2191 829 2499 886 exacerbati
2555 839 2834 902 spernant,
2877 840 2930 887 et
2985 841 3176 888 contra
3227 833 3486 888 salutaria

1887 920 2054 975 verba
2100 919 2467 991 despectionis
2514 920 2768 976 emittant
2806 921 3008 993 jacula.
3053 921 3210 988 Quod
3260 938 3356 992 per
3394 921 3485 976 Sa.

1888 1005 2126 1077 pientem
2157 1013 2383 1062 cavetur
2431 1005 2562 1062 dum
2611 1006 2792 1062 dicit:
2843 1031 2860 1053 -
2891 1006 2998 1074 Qui
3041 1006 3220 1078 arguit
3266 1006 3486 1062 deriso-

1887 1110 2022 1162 rem,
2044 1094 2158 1166 ipse
2177 1094 2282 1150 sibi
2307 1095 2435 1150 facit
2457 1094 2714 1166 injuriam
2741 1097 2927 1165 (Prov.
2954 1112 3033 1159 nr,
3056 1095 3168 1166 11).
3195 1119 3214 1142 ι
3247 1095 3486 1151 Econtra

1887 1201 2018 1240 vero
2046 1183 2113 1240 de
2141 1185 2238 1240 illo
2283 1185 2377 1256 qui
2414 1200 2509 1257 per
2557 1184 2985 1256 increpationem
3028 1183 3265 1255 proiicit,
3297 1184 3433 1242 dicit
3467 1203 3478 1241 :

1900 1296 1918 1320 ι
1965 1274 2147 1344 Argue
2175 1273 2496 1346 sapientem,
2533 1281 2587 1329 et
2626 1273 2818 1344 diliget
2863 1280 2916 1328 te
2961 1273 3175 1344 (Ibid).
3209 1296 3228 1321 ι
3270 1271 3482 1330 Idcirco

1884 1363 2148 1434 scriptum
2181 1371 2264 1419 est
2296 1381 2307 1418 :
2353 1387 2371 1410 ι
2401 1362 2529 1430 Fili,
2579 1362 2638 1416 in
2668 1361 3091 1417 mansuetudine
3136 1369 3232 1417 tua
3275 1360 3484 1418 honora

1883 1452 2122 1507 animam
2152 1461 2302 1508 tuam
2332 1452 2522 1523 (Eccli.
2556 1469 2614 1519 x,
2647 1451 2740 1522 31)
2775 1469 2788 1517 ;
2815 1475 2832 1499 ι
2874 1458 2928 1506 et
2947 1452 3242 1523 Apostolus
3265 1450 3480 1523 inquit:

1897 1563 1916 1587 ι
1945 1540 2001 1595 Si
2050 1547 2459 1612 praeoccupatus
2505 1540 2672 1595 fuerit
2720 1539 2887 1596 homo
2925 1539 2983 1594 in
3023 1540 3210 1612 aliquo
3255 1538 3478 1608 delicto,

1881 1643 1980 1682 vos
2022 1629 2116 1701 qui
2169 1629 2484 1701 spirituales
2535 1628 2684 1696 estis,
2741 1627 2999 1684 instruite
3049 1627 3367 1699 bujusmodi
3421 1628 3479 1684 in

1880 1716 2078 1787 spiritu
2111 1718 2352 1773 lenitatis
2401 1718 2608 1788 (Galat.
2641 1733 2721 1781 vr,
2773 1717 2853 1786 1),
2883 1739 2901 1763 ι
2945 1724 3000 1771 et
3028 1716 3172 1771 idem
3201 1718 3482 1787 apostolus

1880 1803 2163 1876 episcopos
2193 1805 2394 1860 docens
2421 1804 2498 1860 ait
2532 1821 2543 1859 :
2592 1828 2610 1852 ε
2661 1804 2732 1859 Ut
2763 1803 3058 1860 ostendant
3083 1821 3140 1860 se
3169 1812 3480 1860 mansuetos

1880 1893 1948 1949 ad
1977 1911 2167 1950 omnes
2199 1895 2287 1966 (II
2321 1894 2455 1950 Tim.
2488 1911 2548 1962 ιι,
2580 1892 2696 1964 24).
2733 1916 2752 1940 ι

2513 2024 2740 2082 CAPUT
2764 2023 2863 2080 XI.

2485 2135 2682 2192 Tumor
2702 2134 2830 2190 dicit
2871 2150 2888 2188 :

1949 2251 2162 2307 Testem
2207 2249 2373 2306 habes
2401 2251 2576 2306 Deum
2610 2250 2667 2304 in
2697 2249 2871 2319 caelis,
2922 2267 3034 2307 non
3081 2251 3183 2308 tibi
3229 2251 3304 2308 sit
3335 2267 3480 2309 curae

1879 2338 2010 2411 quid
2041 2338 2109 2394 de
2135 2345 2190 2393 te
2223 2338 2570 2408 suspicentur
2600 2337 2854 2394 homines
2889 2338 2949 2394 in
2978 2340 3159 2396 terris.

2205 2443 2305 2499 Sed
2337 2442 2552 2498 humilis
2579 2441 2791 2511 dejectio
2835 2446 3112 2516 respondet
3142 2463 3161 2500 .°

1948 2551 2068 2608 Non
2111 2558 2192 2607 est
2237 2550 2418 2607 danda
2462 2551 2676 2607 occasio
2722 2535 3071 2621 detrahendi,
3124 2569 3236 2608 non
3293 2571 3476 2610 susur-

1877 2640 2034 2697 randi
2085 2639 2368 2712 suspicio:
2404 2639 2496 2695 sed
2550 2640 2596 2694 si
2642 2638 2864 2708 adsunt,
2922 2640 3326 2698 detractoribus
3381 2651 3476 2697 tua

1879 2731 2020 2786 facta
2067 2737 2130 2785 ut
2177 2729 2522 2801 corrigantur
2570 2727 2971 2784 manifestanda
3012 2747 3024 2784 :
3077 2737 3172 2785 aut
3215 2739 3362 2786 certe
3423 2733 3467 2786 si

1875 2821 2094 2887 desunt,
2154 2818 2357 2874 humili
2413 2817 2802 2890 protestatione
2869 2817 3271 2874 dissimulanda
3319 2828 3469 2876 sunt.

1876 2908 2147 2977 Quoniam
2194 2908 2490 2979 Apostolus
2534 2907 2812 2974 admonet,
2872 2908 3083 2962 nullam
3131 2908 3473 2964 occasionem

1875 3001 2006 3056 dare
2051 3000 2365 3056 adversario
2414 2998 2692 3055 maledicti
2739 2999 2911 3072 gratia
2943 3001 2999 3070 (Ι
3045 2999 3179 3055 Tim.
3240 3015 3294 3065 ν,
3357 2997 3471 3068 14).

1876 3091 2035 3158 Quod
2061 3091 2227 3146 etiam
2275 3092 2333 3144 in
2381 3081 2494 3144 illis
2540 3089 2840 3145 detestatus
2883 3097 2983 3158 est,
3034 3089 3130 3163 qui
3159 3087 3474 3146 Christiano

159 3157 222 3249 _(I
254 3155 380 3211 δον·
413 3171 491 3222 Ἦ»
533 3153 682 3249 ωλῗ
711 3179 730 3202 ¹’
755 3153 937 3249 _Qu°d
993 3154 1228 3249 130013113
1281 3169 1515 3249 quoque_
1542 3161 1764 3249 _ap°st°'
1794 3187 1835 3247 Ο
1874 3153 2098 3236 nomine
2122 3178 2338 3244 censiti,
2363 3178 2418 3231 in
2442 3177 2614 3232 idolio
2634 3153 3124 3242 recumbebat—iuet
3162 3191 3472 3249 quanquam

155 3243 252 3298 lus
302 3241 682 3314 exaggerando
740 3241 1063 3308 detestatur,
1134 3243 1371 3298 dicens:
1439 3266 1456 3287 ε
1493 3242 1758 3313 Linguam

160 3331 358 3388 nullus
389 3331 677 3386 hominum
737 3330 961 3387 domare
1018 3337 1238 3402 potest:
1293 3330 1600 3402 inquietum
1652 3348 1759 3387 nia-

162 3422 306 3488 lum,
342 3420 502 3492 plena
531 3435 745 3476 veneno
772 3420 1080 3477 mortifero.
1131 3421 1192 3474 In
1227 3419 1342 3491 ipsa
1384 3419 1763 3478 benedicimus

157 3511 343 3566 Deum
372 3516 426 3563 et
464 3509 681 3564 Patrem
727 3527 738 3564 :
772 3516 825 3564 et
847 3509 903 3563 in
930 3510 1045 3580 ipsa
1077 3508 1457 3564 maledicimus
1488 3509 1757 3579 homines,

157 3601 260 3675 qui
293 3600 362 3656 ad
388 3601 685 3672 imaginem
713 3608 767 3656 et
781 3601 1211 3658 similitudinem
1233 3601 1330 3656 Dei
1354 3601 1646 3656 factisunt.
1675 3603 1761 3657 Ex

155 3689 358 3748 eodem
391 3708 485 3748 ore
538 3691 788 3763 procedit
833 3691 1146 3748 benedictio
1175 3700 1228 3748 et
1275 3692 1607 3749 maledictio.
1640 3692 1760 3748 Non

155 3787 401 3852 oportet,
435 3779 632 3836 fratres
669 3780 799 3850 mei,
844 3780 961 3836 hazc
1009 3781 1086 3837 ita
1133 3781 1274 3837 fieri.
1331 3781 1593 3854 Nunquid
1640 3781 1761 3836 fons

153 3871 230 3928 de
259 3869 451 3925 eodem
496 3871 766 3927 foramine
795 3879 1012 3928 emanat
1050 3871 1212 3928 dulce
1244 3880 1298 3928 et
1341 3889 1588 3930 amarum
1618 3873 1756 3943 (Jac.

151 3977 289 4027 xui,
307 3958 458 4028 8-10)
483 3959 510 4014 2
531 3985 547 4007 ι
579 3960 691 4018 Hac
713 3959 780 4016 de
795 3978 958 4018 causa
974 3961 1108 4017 alibi
1129 3962 1295 4019 etiam
1312 3960 1545 4017 dicitur:
1584 3985 1602 4007 ι
1616 3960 1761 4016 Mors

154 4055 216 4106 et
245 4048 363 4104 vita
393 4048 452 4103 in
481 4064 650 4108 manu
679 4050 880 4124 linguai
916 4052 1103 4124 (Prov.
1136 4069 1300 4120 xvm,
1331 4051 1447 4124 21).
1480 4076 1498 4100 ι

786 4201 1015 4257 CAPUT
1055 4202 1124 4258 X.

700 4308 976 4381 Asperitas
1030 4311 1155 4366 dicit
1188 4326 1204 4365 :

232 4433 645 4509 Numquidnam
673 4435 859 4491 stultis
884 4435 1208 4491 hominibus
1229 4435 1370 4504 istis,
1411 4431 1758 4493 etinsensatis

1874 3270 1980 3343 ipsi
2027 3269 2236 3324 idolum
2285 3285 2384 3340 pro
2428 3268 2607 3324 nihilo
2653 3269 2934 3337 ducentes,
2983 3269 3268 3324 immolata
3316 3268 3472 3340 quasi

1874 3358 2134 3415 innoxios
2178 3357 2328 3413 cibos
2370 3365 2668 3424 sumerent,
2718 3357 2965 3412 infirmas
3015 3365 3197 3412 tamen
3241 3357 3472 3413 fratrum

1873 3447 2238 3503 conscientias
2265 3460 2358 3517 per
2403 3445 2508 3502 hoc
2552 3445 2757 3502 factum
2788 3445 2856 3500 ad
2902 3445 3165 3501 nefandos
3195 3443 3470 3501 idolorum

1874 3537 2016 3592 ritus
2056 3535 2348 3592 trahebant
2378 3536 2428 3607 (l
2471 3535 2590 3591 Cor.
2643 3551 2766 3602 vni,
2820 3535 2932 3606 10).
2983 3533 3194 3590 Idcirco
3241 3533 3466 3606 inquit:

1889 3653 1907 3677 ι
1959 3627 2088 3684 Sine
2139 3626 2439 3682 offensione
2495 3632 2667 3681 estote
2722 3623 2924 3682 Iudaeis
2977 3633 3030 3682 et
3087 3623 3362 3697 gentibus,
3416 3628 3470 3678 et

1872 3717 2133 3776 Ecclesia:
2161 3717 2261 3775 Dei
2293 3717 2351 3789 (Ι
2373 3715 2498 3772 Cor.
2531 3731 2589 3783 x,
2621 3714 2742 3788 32).
2783 3738 2802 3763 ι

2474 3848 2703 3906 CAPUT
2732 3848 2854 3904 XII.

2443 3944 2684 4000 Tristitia
2713 3944 2841 3998 dicit
2865 3960 2877 3998 :

1943 4059 2088 4129 Quid
2118 4059 2285 4116 habes
2309 4060 2456 4116 unde
2485 4058 2740 4131 gaudeas,
2770 4074 2896 4114 cum
2929 4065 3080 4114 tanta
3114 4057 3252 4112 mala
3290 4073 3321 4113 a
3345 4071 3466 4129 pro-

1873 4149 2027 4203 ximo
2056 4147 2326 4204 sustineas
2351 4149 2379 4204 τ
2410 4146 2687 4218 Perpende
2715 4162 2824 4219 quo
2853 4145 3026 4202 animi
3074 4163 3306 4204 maerore
3335 4163 3467 4202 om—

1874 4253 1969 4293 nes
1997 4237 2251 4294 intuendi
2285 4235 2416 4306 sint,
2449 4236 2544 4309 qui
2572 4234 2630 4290 in
2659 4242 2814 4292 tanto
2856 4242 3049 4294 contra
3094 4243 3148 4292 te
3193 4235 3467 4292 amaritu—

1872 4324 2020 4381 dinis
2049 4325 2177 4382 felle
2207 4333 2513 4381 versantur.

2149 4434 2249 4490 Sed
2285 4433 2564 4506 spirituale
2585 4434 2839 4508 gaudium
2866 4436 3143 4507 respondet
3174 4451 3193 4492 .'

153 4526 392 4619 Perinde
420 4543 483 4582 ac
511 4524 691 4619 διίιηίδ
728 4524 1062 4619 θυίωίξῖίξξιιδ
1118 4525 1263 4580 lenia
1303 4525 1492 4619 Ῡξθῖιξίὶ»
1528 4533 1598 4619 ἐἴ
1647 4541 1755 4580 non
1793 4561 1842 4619 D
1947 4541 2232 4598 Geminam
2263 4559 2375 4598 esse
2407 4543 2685 4599 tristitiam
2739 4542 2892 4610 novi,
2938 4541 3050 4596 imo
3097 4541 3233 4596 duas
3279 4538 3462 4596 cordis
3519 4581 3534 4590 .-

153 4615 350 4690 potius
379 4613 698 4687 asperrima,
723 4615 854 4669 dum
887 4613 1240 4686 delinquunt,
1271 4613 1581 4686 objicienda
1611 4623 1758 4686 sunt,

152 4713 222 4762 ut
261 4704 587 4777 dignitatem
612 4711 760 4758 tuam
790 4703 1031 4758 revereri
1063 4702 1279 4758 discant
1308 4705 1336 4759 ‘I

552 4801 652 4858 Sed
676 4801 1022 4855 mansuetudo
1054 4803 1328 4872 respondet
1352 4819 1368 4856 :

229 4899 348 4953 Non
405 4907 500 4953 tua
555 4899 612 4953 in
679 4898 1000 4971 bujusmodi
1045 4899 1347 4972 persuasio,
1401 4897 1495 4954 sed
1525 4898 1760 4970 apostoli

155 4987 316 5044 Pauli
348 4986 625 5059 sequenda
654 4997 736 5044 est
762 4989 1076 5060 praeceptio,
1110 4990 1205 5062 qui
1251 4988 1317 5044 de
1357 4988 1461 5043 hoc
1494 4987 1758 5044 dilectum

154 5076 492 5148 discipulum
522 5077 830 5146 admonuit,
853 5077 1043 5134 dicens
1078 5096 1090 5134 :
1136 5105 1154 5126 ι
1185 5078 1467 5134 Seniorem
1490 5095 1557 5133 ne
1586 5079 1759 5135 incre-

155 5167 398 5240 paveris,
427 5166 521 5222 sed
565 5167 859 5223 exhortare
897 5175 957 5223 ut
998 5176 1230 5239 patrem,
1258 5167 1510 5239 juniores
1550 5176 1608 5222 ut
1640 5169 1759 5224 fra-

157 5263 292 5324 tres,
326 5272 464 5312 anus
501 5263 564 5311 ut
600 5263 821 5324 matres,
871 5256 1309 5313 adolescentulas
1350 5264 1412 5311 ut
1454 5273 1668 5312 sorores
1699 5257 1756 5312 in

63 5383 72 5392 ι
153 5345 309 5402 omni
338 5343 588 5400 castitate
623 5345 680 5416 (Ι
711 5346 846 5400 Tim.
872 5361 927 5414 v,
952 5346 1001 5414 1,
1031 5345 1111 5417 2).
1143 5371 1161 5393 ι
1196 5346 1267 5400 Et
1290 5361 1508 5400 rursum
1537 5365 1548 5402 :
1598 5372 1615 5392 ε
1639 5346 1754 5401 Ser-

152 5451 312 5502 vum,
360 5433 565 5505 inquit,
633 5433 857 5489 Domini
912 5451 1026 5490 non
1079 5441 1298 5506 oportet
1364 5435 1601 5506 litigare,
1662 5434 1756 5490 sed

150 5530 504 5580 mansuetum
535 5539 649 5579 esse
698 5523 766 5579 ad
814 5541 1026 5594 omnes,
1075 5534 1262 5598 aptum
1315 5525 1384 5582 ad
1421 5525 1752 5595 docendum,

151 5613 479 5688 patientem,
531 5611 776 5670 modeste
841 5616 1207 5688 corrigentem
1260 5633 1352 5673 eos
1394 5617 1487 5690 qui
1537 5615 1756 5673 diversa

149 5703 394 5759 sentiam
430 5702 517 5770 (II
541 5701 675 5758 Tim.
706 5719 768 5772 II,
791 5702 881 5772 24,
909 5704 1023 5777 25).
1049 5733 1066 5755 ι
1101 5705 1481 5780 Rursumque:
1523 5705 1752 5778 «Argue,

1870 4630 2123 4686 tristitias
2169 4640 2426 4704 expertus
2468 4649 2588 4686 sum
2625 4649 2635 4686 :
2687 4646 2852 4685 unam
2901 4630 3111 4686 scilicet
3160 4644 3279 4700 quae
3321 4629 3462 4683 salu-

1869 4727 1979 4775 tem
2010 4729 2267 4792 operatur
2299 4722 2386 4791 (II
2413 4722 2538 4776 Cor.
2592 4736 2690 4787 v11,
2743 4718 2856 4789 10),
2909 4717 3135 4772 alteram
3182 4732 3312 4771 vero
3342 4733 3462 4790 qua)

1869 4809 2217 4866 machinatur
2249 4809 2542 4882 perniciem
2581 4827 2592 4864 :
2626 4823 2790 4862 unam
2837 4823 2957 4879 qua:
2985 4806 3051 4861 ad
3083 4805 3462 4878 paenitentiam

1869 4897 2059 4966 trahit,
2092 4900 2318 4954 alteram
2350 4915 2469 4970 quae
2498 4897 2565 4952 ad
2608 4896 3041 4967 desperationem
3078 4894 3348 4966 perducit.
3383 4895 3466 4950 Tu

1868 4987 2089 5059 quidem
2121 5003 2285 5042 unam
2323 5003 2391 5041 ex
2417 4985 2531 5040 illis
2559 4984 2879 5057 dignoscere
2925 4983 3152 5051 videris,
3185 4984 3280 5039 sed
3310 4983 3464 5038 illam

1867 5094 1986 5149 qua
2019 5086 2253 5134 mortem
2285 5077 2514 5132 omnino
2543 5084 2818 5148 operatur.
2845 5075 2966 5132 Non
2997 5083 3077 5131 est
3106 5075 3275 5148 igitur
3298 5074 3358 5129 in
3377 5073 3465 5129 his

1867 5183 1987 5240 qua;
2015 5167 2220 5224 suades
2246 5167 2709 5234 contristandum,
2740 5165 2833 5221 sed
2872 5172 3095 5222 econtra
3124 5164 3296 5236 magis
3325 5181 3466 5236 gau-

1865 5256 2105 5313 dendum
2138 5259 2195 5313 in
2223 5258 2310 5313 his
2339 5275 2459 5331 quae
2491 5257 2724 5314 necdum
2758 5256 3044 5328 intelligis.
3079 5253 3233 5312 Unde
3264 5262 3318 5310 et
3344 5255 3467 5310 Do-

1864 5347 2050 5402 minus
2081 5349 2337 5419 perennis
2367 5349 2526 5404 dator
2554 5346 2738 5420 gaudii
2769 5345 2913 5402 dixit
2939 5364 2949 5400 :
2989 5370 3007 5394 ‹
3037 5345 3172 5403 Cum
3196 5341 3464 5416 persecuti

1863 5452 1961 5491 vos
1995 5436 2200 5492 fuerint
2231 5436 2502 5503 homines,
2551 5443 2603 5491 et
2646 5435 2892 5490 dixerint
2939 5450 3100 5490 omne
3140 5434 3343 5488 malum
3371 5431 3464 5488 ad-
3511 5481 3526 5494 ,

1863 5543 2083 5581 versum
2125 5543 2242 5594 vos,
2287 5525 2618 5581 mentientes
2667 5532 2916 5597 propter‘
2946 5539 3056 5591 me,
3117 5523 3346 5594 gaudete
3405 5521 3464 5577 in

1861 5614 1959 5671 illa
1986 5614 2077 5670 die
2106 5622 2160 5670 et
2186 5617 2455 5672 exsultate
2488 5633 2499 5671 :
2529 5631 2652 5672 ecce
2673 5613 2820 5669 enim
2847 5629 3052 5669 merces
3081 5620 3263 5669 vestra
3290 5608 3466 5666 multa

1861 5712 1941 5762 est
1970 5704 2027 5762 in
2057 5704 2210 5762 ccelis
2233 5703 2443 5776 (Matth.
2476 5720 2532 5771 v,
2558 5703 2670 5773 12).
2704 5728 2722 5749 ι
2757 5703 3031 5759 Memento
3051 5692 3458 5772 quiaapostoli,
