3880 6204
485 377 622 459 tisi

1478 397 1572 452 AD
1614 394 1850 453 OPERA
1888 394 1943 450 S.
1987 388 2319 451 AMBROSII
2356 383 2736 446 APPENDIX.

3678 362 3787 438 tua

469 534 670 585 nostrai
700 525 983 599 religionis
1014 524 1278 591 culmina,
1326 521 1479 577 ibant
1522 519 1816 591 gaudentes
1838 496 1884 576 ἀ
1930 535 2060 576 con-
2095 513 2517 588 Acommisisti,
2578 528 2742 587 quam
2791 509 2975 584 gravia
3029 508 3297 599 crimina,
3357 521 3578 599 Aquam
3645 504 3785 599 innu-

466 625 657 690 spectu
686 615 931 683 concilii,
972 613 1233 686 quoniam
1265 609 1417 681 digni
1451 607 1627 664 habiti
1674 616 1803 664 sunt
1833 622 1931 680 pro
1960 622 2071 662 no-

467 707 616 764 mine
661 707 788 761 Jesu
840 703 1233 761 contumeliam
1280 698 1391 770 pati
1444 698 1585 770 (Act.
1624 711 1689 763 v,‘
1724 696 1839 769 41).
1874 697 2071 753 Nullus

465 814 592 870 ergo
648 797 706 852 in
762 791 1155 850 aﬂlictionibus
1205 789 1454 846 maeroris
1510 789 1663 846 locus
1714 807 1829 847 esse
1885 789 2066 858 debet,

464 902 591 942 cum
618 885 697 941 eis
725 893 875 940 tanta
904 880 1110 938 laetitiae
1148 879 1513 936 exuberantia
1536 881 1816 938 succedat.

1063 1000 1291 1057 CAPUT
1323 1000 1471 1056 XIII.

889 1092 1096 1162 Torpor
1124 1092 1202 1145 vel
1230 1090 1445 1161 ignavia
1473 1088 1602 1145 dicit
1631 1106 1647 1143 :

533 1188 826 1246 Continuus
857 1187 1083 1244 lectioni
1114 1204 1177 1244 ac
1206 1188 1473 1243 diuturno
1515 1186 1923 1259 Scripturarum
1952 1192 2063 1241 stu-

461 1278 556 1335 dio
599 1295 814 1350 semper
862 1277 1074 1334 insistis
1106 1278 1134 1333 ‘I
1180 1278 1481 1335 Oculorum
1529 1275 1927 1349 ophthalmiam
1976 1276 2063 1331 vel

462 1366 854 1439 lippitudinem
913 1366 1184 1422 incurres.
1250 1367 1307 1422 Si
1366 1366 1741 1423 indesinenter
1793 1366 2064 1438 lacrymas

461 1456 672 1523 fundis,
713 1455 895 1527 ipsum
944 1459 1110 1511 etiam
1152 1458 1440 1513 oculorum
1482 1458 1669 1512 lumen
1712 1454 1949 1512 amittes.
1984 1456 2060 1524 Si,

462 1543 747 1615 protelatis
805 1542 1039 1614 vigiliis,
1086 1544 1421 1615 psalmorum
1481 1560 1709 1616 pensum
1774 1545 2060 1616 persolvis,

460 1632 656 1704 capitis
704 1633 977 1690 insaniam
1031 1634 1261 1692 incides.
1313 1635 1369 1691 Si
1412 1635 1736 1708 quotidiano
1782 1636 1970 1693 labore
2011 1644 2064 1693 te

459 1721 707 1790 conﬁcis,
741 1723 808 1779 ad
840 1739 977 1795 opus
1006 1724 1258 1797 spiritale
1288 1724 1508 1797 quando
1534 1741 1828 1797 consurges
1858 1726 1886 1781 ‘1‘

597 1814 696 1869 Sed
722 1814 992 1870 industria
1022 1813 1385 1885 inde/esseque
1412 1816 1583 1869 virtus
1608 1816 1885 1887 respondet
1913 1833 1931 1872 .'

531 1901 676 1970 Quid
700 1903 826 1973 tibi,
853 1920 887 1959 ο
913 1904 1099 1971 homo,
1131 1902 1199 1958 ad
1229 1903 1371 1958 bona
1401 1903 1734 1975 perﬁcienda
1762 1913 1873 1960 tam
1904 1905 2066 1977 longa

2178 623 2327 663 mera
2355 605 2580 673 delicta,
2612 610 2666 660 et
2698 602 2757 658 in
2788 600 2986 658 melius
3021 614 3123 656 nec
3148 596 3271 670 jam
3306 596 3501 652 vitam
3557 598 3782 664 mutasti,

2177 712 2279 752 nec
2342 693 2818 752 conversationem
2868 690 3081 747 utiliter
3128 687 3413 745 hactenus
3467 687 3776 742 correxisti.

2176 788 2318 843 Ecce
2345 785 2513 853 enim,
2560 792 2622 840 ut
2676 784 2876 853 cernis,
2937 781 3081 836 mala
3110 795 3339 851 semper
3390 775 3783 834 consuetudine

2177 874 2454 948 obligatus
2482 874 2708 931 teneris.
2741 871 2969 931 Conaris
3000 885 3303 941 exsurgere
3340 912 3358 937 ,
3398 866 3503 924 sed
3556 876 3785 939 peccato-

2176 984 2299 1023 rum
2327 965 2565 1039 pondere
2595 973 2962 1038 praegravatus
3004 960 3293 1018 relaberis.
3344 958 3501 1026 Quid
3535 974 3670 1030 ergo
3696 957 3785 1013 tibi

2175 1056 2467 1128 agendum,
2499 1056 2720 1129 quando
2748 1054 2815 1110 de
2842 1052 3138 1126 praeteritis
3167 1060 3322 1108 certa
3351 1047 3657 1105 damnatio
3681 1048 3784 1103 im-

2174 1146 2368 1211 minet,
2401 1145 2468 1202 de
2502 1143 2863 1219 praesentibus
2914 1141 3234 1198 emendatio
3275 1139 3439 1194 nulla
3495 1137 3782 1204 succurrit,

2173 1238 2282 1293 nisi
2310 1244 2372 1293 ut
2401 1253 2511 1293 non
2542 1236 2766 1292 omittas
2794 1233 3187 1305 temporalium
3212 1246 3401 1285 rerum
3445 1230 3785 1301 voluptates,

2173 1327 2305 1383 dum
2332 1326 2507 1384 futuri
2556 1325 2742 1383 saaculi
2792 1323 3159 1398 promissione
3211 1318 3485 1393 consequi
3536 1318 3785 1375 retarda-

2174 1416 2250 1473 ris
2272 1417 2300 1473 ἢ

2570 1504 2670 1561 Sed
2693 1504 2803 1576 spei
2833 1502 3029 1576 ﬁducia
3058 1500 3347 1573 respondet
3374 1517 3387 1554 :

2246 1596 2302 1653 Si
2333 1596 2401 1654 de
2430 1595 2761 1670 capitalibus
2790 1595 3008 1651 delictis
3027 1593 3245 1666 agitur:
3273 1610 3401 1650 ecce
3419 1589 3611 1649 David
3642 1587 3783 1644 adul-

2174 1688 2313 1747 terio
2343 1690 2511 1745 simul
2539 1696 2593 1744 et
2632 1686 2937 1743 homicidio
2966 1702 3111 1754 reus,
3168 1683 3237 1741 de
3289 1681 3503 1738 inferni
3538 1678 3783 1735 faucibus

2172 1779 2397 1837 Domini
2445 1776 2825 1834 misericordia
2854 1775 3189 1833 describitur
3235 1774 3511 1830 liberatus
3545 1771 3641 1838 (II
3664 1771 3779 1839 Reg.

2093 1893 2138 1955 Β
2171 1888 2277 1942 xu,
2311 1871 2425 1943 13).
2454 1869 2599 1926 Ecce
2631 1865 3145 1939 impudentissimus
3190 1866 3496 1955 Manasses,
3529 1868 3784 1934 peccato—

460 1954 574 2048 rei;
575 1954 778 2065 gas:
787 1954 898 2065 ’ῥτὸ
903 1954 1073 2065 ῥξιὲῖέ
1086 1954 1293 2065 ἐριῖιίζ
1304 1954 1464 2065 ’ἆαὲἶ
1470 1954 1734 2065 12:15)—
1744 1954 2048 2067 {sabaia

2172 1981 2293 2019 rum
2322 1962 2574 2018 omnium
2604 1960 3017 2034 impurissimus
3074 1975 3139 2015 ac
3188 1954 3636 2020 sordidissimus,
3696 1967 3783 2023 per

2304 2053 2338 2067 η.
2423 2053 2459 2067 ,η
2611 2051 2627 2067 1
2848 2059 2859 2067 .
2994 2051 3011 2067 1
3092 2050 3209 2067 ’.μνη
3272 2045 3439 2067 ..-ΣῘΣΑ
3478 2045 3569 2067 Ιῒΐ
3602 2043 3765 2067 η-..,1

461 2083 567 2140 scis
596 2085 641 2140 si
673 2084 911 2139 crastina
940 2084 1102 2139 vivas
1138 2083 1227 2139 die
1254 2084 1282 2140 εἰ
1316 2085 1427 2140 imo
1457 2085 1620 2139 etiam
1663 2086 1709 2140 si
1762 2084 1847 2140 vel
1891 2101 2060 2142 unam

461 2174 519 2230 in
550 2174 652 2231 hac
678 2175 792 2230 vita
821 2191 1042 2247 peragas
1074 2174 1262 2230 horam
1297 2175 1324 2231 ἵ
1352 2175 1437 2230 An
1470 2174 1609 2231 forte
1640 2183 1824 2231 mente
1852 2176 2063 2232 excidit

458 2263 608 2337 quod
639 2264 891 2320 Salvator
935 2264 992 2319 in
1022 2264 1324 2335 Evangelio
1370 2264 1507 2320 dicit
1537 2283 1549 2320 :
1597 2289 1616 2311 ι
1645 2264 1904 2337 Vigilate,
1931 2265 2062 2337 quia

459 2354 689 2411 nescitis
719 2354 863 2411 diem
910 2370 1086 2428 neque
1124 2354 1321 2410 horam
1362 2354 1583 2423 (Matth.
1630 2370 1769 2423 xxv,
1820 2354 1910 2426 13)
1958 2354 1987 2410 ?
2025 2379 2046 2404 ι

457 2444 802 2518 Quapropter
855 2445 1070 2502 discute
1124 2445 1365 2518 torporis
1416 2444 1694 2512 inertiam,
1738 2458 2058 2516 semperque

457 2542 734 2592 memento
778 2535 908 2608 quia
954 2551 1183 2608 regnum
1234 2535 1500 2592 caslorum
1542 2550 1653 2589 non
1698 2532 1893 2606 tepidi,
1944 2548 2058 2588 non

456 2622 674 2694 molles,
704 2639 817 2680 non
848 2622 1081 2691 desides,
1111 2622 1204 2679 sed
1234 2622 1488 2691 violenti,
1522 2623 1744 2697 vimque
1775 2621 2055 2688 facientes,

454 2720 518 2769 ut
548 2712 730 2787 inquit
760 2713 1033 2783 Salvator,
1063 2712 1339 2786 diripiunt
1370 2710 1511 2769 illud
1545 2712 1759 2785 (Matth.
1803 2728 1887 2780 xx,
1940 2710 2053 2783 12).

1053 2832 1282 2888 CAPUT
1312 2831 1462 2888 XIV.

879 2921 1142 2992 Evagatio
1186 2921 1421 2991 inquieta
1450 2920 1579 2975 dicit
1612 2936 1629 2975 :

526 3012 583 3072 Si
629 3019 805 3074 Deum
849 3033 965 3073 esse
1004 3018 1210 3091 ubique
1253 3018 1452 3086 credis,
1486 3034 1588 3074 cur
1628 3032 1803 3074 unum
1853 3015 2047 3088 singu-

453 3106 644 3164 lariter
691 3107 897 3175 locum,
950 3123 1059 3180 quo
1114 3115 1269 3162 tanta
1319 3108 1461 3163 mala
1516 3112 1919 3181 perpetrantur,
1961 3121 2051 3161 cu-

454 3199 651 3270 stodis,
678 3208 734 3257 et
762 3216 872 3257 non
904 3200 1089 3272 potius
1116 3200 1184 3257 ad
1213 3199 1321 3255 alia
1344 3200 1546 3255 transis
1574 3200 1603 3256 ‘I

876 3291 1152 3347 Stabilitas
1180 3308 1302 3345 vero
1332 3289 1607 3362 respondet
1632 3306 1649 3344 :

526 3381 586 3439 Si
613 3380 691 3439 ita
714 3391 816 3451 est,
855 3390 918 3437 ut
945 3382 1160 3450 asseris,
1199 3380 1327 3454 quia
1370 3381 1574 3453 ubique
1617 3393 1733 3435 esse
1772 3378 1947 3434 Deum
1975 3376 2051 3433 fa-

452 3471 606 3538 teris,
633 3487 761 3540 ergo
789 3487 889 3526 nec
918 3469 1021 3526 iste
1051 3472 1204 3526 locus
1250 3468 1585 3525 deserendus
1630 3475 1729 3536 est,
1763 3483 1925 3539 quem
1968 3465 2051 3520 fu-

452 3574 575 3628 gere
611 3558 823 3627 appetis
883 3575 894 3611 :
945 3558 1074 3627 quia
1117 3565 1171 3611 et
1216 3556 1274 3610 in
1324 3556 1443 3627 ipso
1480 3558 1626 3611 Deus
1669 3564 1768 3611 est.
1819 3556 2045 3623 Verum,

450 3643 689 3716 inquies,
718 3644 1001 3698 meliorem
1044 3643 1287 3713 inquiro,
1322 3644 1605 3697 meliorem
1648 3643 1893 3699 invenio.
1943 3642 2049 3698 Sed

449 3730 753 3804 respondeo
789 3747 800 3785 :
836 3729 1101 3803 Nunquid
1130 3728 1437 3797 meliorem,
1477 3736 1572 3784 aut
1604 3731 1797 3785 saltem
1830 3732 2044 3802 qualem

447 3819 700 3877 diabolus
728 3828 781 3877 et
809 3820 1034 3892 angelus
1063 3818 1182 3891 ejus
1210 3826 1374 3892 atque
1421 3818 1588 3874 homo
1634 3817 1898 3890 perdidit,
1949 3820 2046 3877 in-

446 3910 636 3965 venies
679 3909 863 3965 locum
919 3910 948 3966 ?
1005 3910 1214 3966 Memor
1267 3916 1384 3965 esto
1431 3908 1613 3981 itaque
1660 3907 1790 3980 quia
1834 3910 2046 3982 primus

445 4001 674 4072 angelus
702 3999 769 4057 de
798 4000 938 4056 ccelo
982 4000 1193 4056 corruit
1243 3998 1345 4071 (sic
1393 4013 1629 4071 namque
1657 3998 1923 4071 scriptum
1953 4001 2045 4056 le-

445 4093 596 4164 gitur
624 4095 775 4165 (Luc.
798 4112 855 4161 x,
884 4094 974 4166 18)
1001 4113 1013 4151 :
1061 4119 1079 4142 ι
1108 4091 1377 4151 Videbam
1399 4092 1655 4150 Satanam
1687 4093 1830 4151 sicut
1859 4094 2045 4167 fulgur

444 4180 512 4237 de
543 4183 683 4238 caelo
712 4184 1020 4253 cadentem,
1054 4210 1072 4233 ι
1115 4192 1170 4241 et
1224 4185 1439 4258 primus
1485 4183 1651 4242 homo
1680 4184 1747 4241 de
1793 4185 2042 4258 paradiso

445 4270 712 4339 expulsus
741 4270 809 4324 ad
839 4287 1139 4328 aerumnam
1170 4274 1339 4343 hujus
1382 4274 1569 4331 saeculi
1612 4274 1836 4331 devenit
1882 4275 2037 4347 (Gen.

445 4373 533 4425 ιιι,
567 4355 684 4427 24).
708 4357 947 4413 Attende
973 4360 1102 4431 quia
1130 4361 1233 4416 Lot
1258 4364 1525 4418 exercitio
1552 4365 1820 4420 malorum
1847 4364 2040 4437 proba-

440 4453 553 4516 tus,
585 4447 730 4503 inter
759 4445 1069 4504 Sodomitas
1111 4457 1331 4505 sanctus
1359 4451 1465 4505 fuit
1491 4454 1707 4523 (Gener.
1736 4470 1861 4523 xxx,
1895 4454 1983 4524 10)
2020 4472 2034 4510 :

439 4536 499 4593 in
545 4544 732 4594 monte
778 4553 911 4593 vero
946 4537 1240 4595 securitate
1276 4545 1519 4610 torpens,
1564 4541 1869 4599 inebriatus
1909 4559 2035 4599 cum

437 4624 660 4684 ﬁliabus
697 4626 944 4701 peccavit
975 4627 1139 4700 (Ibid.
1190 4626 1398 4700 32-35).
1448 4628 1565 4684 Hoc
1596 4630 1899 4701 vagationis
1926 4639 2037 4687 tas-
2067 4616 2117 4675 D

437 4719 594 4777 dium
627 4717 811 4777 adhuc
846 4720 1075 4776 alteram
1118 4720 1355 4793 speciem
1402 4718 1577 4789 addit,
1609 4719 1739 4776 dum
1770 4720 2034 4792 quosdam

436 4809 603 4865 etiam
629 4810 687 4867 in
723 4827 823 4866 suo
852 4810 1116 4866 exercitio
1163 4817 1567 4882 perseverantes
1597 4825 1629 4865 a
1656 4809 2037 4889 spiritualibus

435 4899 687 4969 retrahit,
738 4899 824 4954 vel
864 4897 1100 4955 terrenis
1142 4899 1378 4971 negotiis
1424 4899 1691 4971 implicat,
1740 4899 1828 4955 vel
1872 4898 2034 4957 rebus

435 4988 727 5046 vilissimis
782 4992 977 5063 satagit
1025 5006 1290 5062 occupare
1336 5008 1347 5045 :
1389 4998 1582 5046 contra
1619 4990 1830 5047 dictum
1887 4993 2032 5063 Apo-

435 5080 773 5153 stoli,agens,
802 5080 897 5153 qui
923 5082 1047 5139 ait:
1095 5083 1308 5138 «Nemo
1354 5082 1601 5137 militans
1650 5083 1783 5150 Deo,
1834 5082 2033 5154 impli-

431 5178 520 5227 cat
566 5187 622 5226 se
678 5170 917 5243 negotiis
972 5170 1345 5240 saecularibus,
1392 5179 1455 5227 ut
1501 5171 1551 5226 ei
1591 5171 1823 5242 placeat,
1854 5171 1944 5229 cui
1972 5187 2030 5228 se

431 5261 692 5332 probavit
724 5263 813 5333 (ΙΙ
845 5262 981 5318 Tim.
1016 5279 1077 5330 ιι,
1108 5261 1189 5329 4),
1222 5286 1241 5309 ι
1286 5270 1341 5317 et
1370 5279 1626 5318 rursum:
1667 5262 1835 5319 «Sine
1864 5264 2027 5318 inter-

431 5350 699 5407 missione
723 5360 894 5419 orate,
949 5351 1009 5406 in
1048 5350 1307 5407 omnibus
1356 5352 1557 5424 gratias
1582 5351 1725 5424 agite
1754 5354 1813 5425 (Ι
1844 5353 2023 5410 Thess.

372 5468 381 5475 -
432 5441 804 5513 v,t7,18)..

1032 5558 1260 5616 CAPUT
1293 5558 1419 5618 XV.

958 5649 1263 5721 Desperatio
1310 5649 1438 5703 dicit
1475 5664 1487 5703 :

498 5740 628 5808 Qua:
684 5750 738 5797 et
784 5748 988 5812 quanta
1043 5746 1098 5799 in
1138 5747 1309 5800 Deum
1356 5754 1410 5800 et
1464 5745 1520 5800 in
1576 5744 1814 5802 animam
1869 5754 2018 5804 tuam

2170 2053 2556 2127 paenitentiam
2594 2051 2663 2108 de
2720 2059 2899 2108 morte
2948 2051 3017 2107 ad
3049 2050 3222 2105 vitam
3271 2045 3443 2103 rediit
3477 2045 3569 2117 (II
3590 2043 3780 2099 Parui.

2168 2161 2375 2212 xxxnt,
2404 2142 2519 2215 12).
2549 2143 2692 2200 Ecce
2715 2142 2918 2197 mulier
2947 2141 3006 2197 in
3035 2140 3267 2197 civitate
3295 2135 3603 2211 peccatrix,
3629 2132 3779 2188 inuu-

2170 2233 2337 2289 meris
2374 2239 2723 2306 peccatorum
2770 2229 3033 2289 cordibus
3083 2227 3393 2301 inquinata,
3440 2224 3517 2280 ad
3566 2221 3782 2295 pietatis

2170 2321 2379 2378 fontem
2418 2322 2584 2379 anxia
2612 2339 2859 2390 currens,
2889 2318 3228 2391 Dominique
3255 2314 3493 2388 vestigia
3522 2313 3778 2384 lacrymis

2168 2411 2372 2484 rigans,
2432 2412 2649 2485 capillis
2704 2411 3010 2484 detergens,
3069 2407 3512 2477 deosculansque
3556 2411 3613 2460 et
3670 2419 3777 2458 un-

2168 2510 2370 2573 guento
2404 2517 2732 2575 perungens,
2784 2499 2935 2556 ablui
2964 2507 3081 2556 tota
3117 2496 3323 2553 meruit
3358 2488 3524 2566 (Luc.
3559 2511 3660 2560 vn,
3692 2492 3772 2554 37,

2166 2591 2284 2663 38).
2316 2592 2565 2665 Denique
2609 2590 2826 2648 audivit
2860 2609 2872 2648 :
2949 2615 2967 2638 ι
3020 2588 3406 2647 Remittuntur
3430 2584 3545 2642 tibi
3574 2600 3772 2658 pecca-

2165 2687 2222 2735 ta
2251 2680 2415 2751 (Ibid.
2440 2679 2534 2751 48)
2559 2699 2573 2748 ;
2598 2706 2615 2727 ι
2650 2687 2705 2735 et
2740 2698 2752 2736 :
2804 2706 2823 2727 ι
2847 2679 3010 2736 Fides
3026 2686 3120 2733 tua
3140 2685 3196 2733 te
3226 2678 3435 2733 salvam
3468 2675 3621 2741 fecit,
3646 2672 3771 2727 vade

2165 2769 2224 2825 in
2254 2786 2382 2842 pace
2406 2771 2570 2844 (Ibid.
2597 2770 2713 2843 50).
2757 2795 2777 2820 ι
2833 2771 2974 2827 Ecce
3016 2769 3212 2825 Petrus
3260 2766 3574 2839 negationis
3620 2764 3771 2819 trina

2163 2859 2405 2916 vinculis
2477 2861 2755 2929 astrictus,
2830 2859 3191 2916 amarissimis
3258 2855 3527 2929 lacrymis
3601 2853 3769 2910 nodos

2162 2951 2530 3023 prolapsionis
2558 2968 2669 3008 sua:
2698 2950 2926 3008 resolvit
2957 2950 3110 3022 (Luc.
3157 2964 3302 3016 χχιι,
3333 2946 3454 3017 62).
3516 2945 3661 3000 Ecce
3683 2958 3774 2999 se-

2162 3039 2375 3096 ditione
2413 3040 2580 3097 simul
2608 3049 2663 3096 et
2693 3040 2922 3097 fraterni
2978 3038 3245 3096 effusione
3291 3034 3585 3108 sanguinis
3638 3034 3769 3088 latro

2164 3129 2360 3186 mortis
2388 3129 2761 3186 damnationis
2817 3128 3115 3197 obnoxius,
3171 3144 3286 3183 uno
3340 3125 3610 3197 temporis
3648 3140 3799 3185 mo-.

2084 3258 2128 3319 Ο
2162 3227 2371 3283 mento,
2402 3234 2620 3292 unaque
2649 3218 3014 3276 confessionis
3054 3232 3211 3286 voce,
3254 3215 3320 3272 de
3369 3230 3535 3272 cruce
3581 3212 3654 3267 ad
3688 3228 3767 3284 pa-

2163 3307 2406 3365 radisum
2436 3309 2675 3366 transiit.
2727 3307 2978 3382 Denique
3023 3306 3237 3364 dictum
3284 3312 3368 3361 est
3402 3304 3454 3359 ei
3492 3323 3505 3360 :
3547 3327 3567 3350 ι
3600 3301 3765 3358 Hodie

2160 3415 2377 3455 mecum
2403 3398 2513 3455 eris
2541 3398 2601 3453 in
2621 3397 2874 3470 paradiso
2906 3398 3058 3470 (Luc.
3100 3412 3266 3463 χχιιι,
3293 3393 3413 3467 43).
3442 3417 3462 3439 ι-
3508 3391 3760 3448 Pulcher-

2160 3491 2364 3547 rimum
2396 3492 2643 3564 profecto
2667 3486 3398 3548 mactandas-conversionis
3422 3486 3755 3558 exemplum.

2157 3581 2291 3638 Nam
2320 3589 2433 3638 tam
2485 3583 2597 3640 cito
2644 3584 2784 3640 latro
2836 3583 2894 3639 in
2924 3582 3017 3636 via
3059 3580 3364 3648 relaxatur,
3421 3585 3488 3633 ut
3547 3575 3758 3632 uberior

2157 3681 2410 3745 appareat
2447 3674 2642 3746 gratia,
2672 3691 2838 3748 quam
2864 3674 3126 3748 precatio.
3168 3673 3311 3729 Ecce
3341 3672 3543 3727 Saulus
3566 3670 3756 3725 Eccle-

2156 3762 2293 3818 siam
2321 3764 2422 3820 Dei
2467 3781 2816 3838 persequens,
2876 3765 3082 3820 multos
3128 3779 3230 3836 pro
3278 3761 3511 3819 nomine
3555 3758 3751 3818 Christi

2155 3852 2451 3923 perimens,
2484 3862 2539 3910 et
2585 3852 2839 3911 madidus
2886 3869 3024 3925 pene
3061 3859 3214 3909 totus
3257 3859 3577 3909 sanctorum
3607 3864 3750 3903 mar-

2154 3951 2341 4015 tyrum
2378 3961 2593 4014 cruore,
2610 3945 2839 4002 Domini
2872 3944 3094 4001 tandem
3127 3960 3267 4001 voce
3293 3958 3619 4008 conversus,
3635 3955 3749 4013 ape

2153 4034 2330 4091 stolus
2364 4033 2544 4092 factus
2572 4042 2678 4106 est,
2709 4044 2765 4092 et
2795 4051 2892 4092 vas
2922 4034 3213 4092 electionis
3241 4040 3594 4105 nuncupatus
3616 4031 3744 4099 (Act.

2152 4139 2234 4188 ιχ,
2267 4124 2381 4194 15).
2413 4124 2521 4179 Ubi
2547 4141 2675 4196 ergo
2705 4130 2788 4180 tot
2824 4131 3086 4196 tantaque
3124 4122 3386 4194 exempla
3418 4118 3745 4192 praecedunt,

2150 4228 2262 4268 non
2289 4212 2422 4269 dent
2467 4215 2651 4270 locum
2696 4211 3067 4286 desperationi
3107 4212 3256 4267 mala
3290 4209 3589 4282 colloquia,
3627 4222 3746 4263 cum

2149 4310 2203 4357 et
2216 4301 2330 4374 jam
2361 4303 2631 4375 scriptum
2663 4303 2734 4359 sit
2765 4320 2778 4359 :
2845 4326 2864 4350 ι
2895 4301 3034 4359 Cum
3073 4316 3380 4358 conversus
3423 4297 3591 4354 fuerit
3621 4311 3747 4369 pec—

2147 4397 2301 4447 cator
2347 4391 2415 4447 ab
2470 4392 2766 4466 iniquitate
2820 4409 2941 4461 sua,
2993 4399 3048 4447 et
3104 4389 3299 4446 fecerit
3357 4386 3636 4460 judicium
3698 4392 3749 4440 et

2141 4477 2439 4550 justitiam,
2471 4480 2527 4535 in
2563 4481 2695 4555 ipsis
2726 4481 2841 4553 ipse
2871 4481 3026 4537 vivet
3057 4479 3277 4551 (Ezech.
3312 4493 3528 4543 χχχιιι,
3569 4476 3683 4545 Ii).
3720 4498 3737 4521 ι

2147 4567 2219 4623 Et
2246 4567 2306 4623 in
2338 4568 2448 4625 alio
2478 4568 2599 4626 loco
2632 4586 2645 4623 :
2696 4594 2714 4617 ι
2758 4568 3022 4642 Nunquid
3064 4568 3359 4623 voluntate
3388 4566 3557 4621 velim
3595 4579 3749 4619 mor-

2146 4664 2257 4713 tem
2291 4657 2497 4730 iniqui,
2525 4657 2664 4715 dicit
2708 4658 2947 4725 Adonai,
2976 4665 3248 4730 quantum
3290 4665 3355 4713 ut
3400 4662 3748 4712 convertatur

2144 4749 2240 4806 ille
2263 4766 2295 4805 a
2324 4751 2415 4806 via
2442 4767 2541 4806 sua
2584 4751 2748 4819 mala,
2790 4758 2845 4807 et
2878 4750 3033 4805 vivat
3065 4749 3286 4821 (Ezech.
3326 4765 3495 4817 xvnr,
3537 4746 3631 4818 23)
3661 4746 3691 4801 ‘I
3716 4771 3736 4793 ι

2143 4841 2222 4897 De
2248 4842 2665 4897 conversatione
2707 4857 2839 4896 vero
2872 4840 2932 4895 in
2976 4838 3177 4895 melius
3223 4853 3575 4910 nequaquam
3619 4851 3745 4890 mu-

2143 4934 2256 4984 tata
2285 4929 2418 5002 quid
2438 4929 2592 4985 aliud
2621 4928 3004 5001 respondeam,
3025 4926 3137 4984 nisi
3174 4935 3238 4983 ut
3268 4925 3419 5000 quod
3451 4923 3573 4981 heri
3603 4924 3742 4996 quis.

2143 5034 2248 5092 que
2280 5034 2392 5074 non
2424 5020 2559 5091 egit,
2587 5018 2751 5074 hodie
2771 5026 2895 5092 agat
2913 5018 2942 5074 ?
2972 5017 3087 5073 Nec
3125 5014 3556 5073 conversionem
3594 5013 3741 5070 diﬁc.

2140 5117 2225 5166 rat
2260 5109 2328 5166 de
2359 5109 2447 5166 die
2485 5110 2543 5165 in
2568 5109 2738 5179 diem,
2781 5110 2914 5166 dum
2944 5108 3121 5165 nescit
3149 5107 3201 5163 si
3232 5106 3322 5162 vel
3353 5122 3526 5162 unam
3555 5119 3741 5162 corre-

2142 5199 2344 5257 ctionis
2393 5199 2590 5255 habeat
2644 5199 2827 5257 diem:
2888 5212 3211 5272 semperque
3266 5212 3370 5269 pro
3421 5193 3739 5251 muneribus

2141 5290 2375 5361 desuper
2436 5290 2692 5362 acceptis,
2760 5306 2957 5367 prava
3006 5286 3404 5345 consuetudini
3460 5287 3733 5348 resistens,

2135 5379 2285 5436 dicat
2317 5395 2474 5435 mane
2503 5380 2716 5452 vesperi
2752 5398 2764 5435 :
2810 5406 2830 5428 ‹
2869 5381 3010 5435 Ecce
3040 5394 3189 5433 nunc
3217 5376 3387 5449 ccepi,
3435 5376 3560 5434 hac
3584 5391 3735 5432 com-

2134 5469 2367 5527 mutatio
2391 5470 2635 5529 dexterm
2664 5468 2884 5526 Excelsi
2909 5468 3082 5540 (Psat.
3114 5482 3314 5534 LXXVI,
3342 5467 3463 5535 11).
3512 5492 3533 5514 ι

2742 5568 2970 5628 CAPUT
3003 5564 3135 5623 XVI

2697 5659 2974 5732 Cupiditas
3017 5655 3186 5711 dicit:

2203 5749 2360 5809 Certe
2386 5753 2505 5809 sine
2534 5752 2697 5824 culpa
2724 5768 2780 5809 es
2827 5749 2973 5824 quod
2998 5749 3247 5822 quaedam
3294 5747 3560 5806 habenda
3597 5761 3725 5805 conc
