3880 6204
115 229 266 290 1161

1073 228 1168 289 DE
1209 228 1561 291 VITIORUM
1598 229 2110 302 VIRTUTUMQUE
2150 231 2561 293 CONFLICTU.

3310 241 3456 299 1162

113 355 384 427 cupiscis
424 354 556 427 quia
599 369 713 409 non
752 353 1124 427 multiplicare
1169 357 1399 429 appetis,
1446 357 1540 413 sed
1588 373 1743 430 egere
1775 358 1822 417 A
1862 367 2126 430 tegamur,
2161 358 2248 414 his
2288 361 2532 417 contenti
2565 361 2738 418 simus
2785 364 2842 435 (Ι
2883 362 3016 420 Tim.
3062 383 3139 433 vr,
3171 367 3251 438 8).
3283 392 3302 416 ι
3345 371 3453 428 Sed

116 443 490 518 pertimescis
517 461 528 500 :
559 451 614 500 et
640 443 787 518 quod
818 448 962 503 male
988 448 1130 504 alius
1157 448 1378 516 retinet,
1409 447 1525 521 ipse
1554 447 1754 504 melius

119 532 435 607 expendis.

447 622 548 677 Sed
572 623 756 677 mundi
780 631 1098 698 contemptus
1128 629 1402 697 respondet
1429 645 1447 682 :

199 713 322 768 Ista
359 712 482 768 lata
513 712 682 794 hujus
711 717 898 772 saeculi
930 733 960 770 a
989 717 1207 773 nemine
1236 719 1354 773 sine
1393 711 1638 788 periculo
1663 718 1749 772 vel

121 801 449 858 offensione
499 813 866 875 procurantur
897 823 909 860 :
947 805 1078 878 quia
1118 814 1323 878 quanto
1363 807 1593 878 quisque
1630 805 1751 877 plus

121 889 328 959 habet,
366 899 519 946 tanto
565 893 804 965 amplius
850 893 1049 951 habere
1072 894 1414 968 concupiscit
1447 913 1459 950 :
1492 894 1662 968 ﬁtque
1691 902 1753 950 ut

121 981 377 1036 modum
407 981 647 1038 habendi
696 983 947 1041 invenire
993 994 1244 1058 nequeat,
1278 985 1406 1040 dum
1447 985 1752 1042 innumeris

123 1068 306 1141 hujus
359 1071 546 1126 saeculi
591 1071 740 1127 curis
787 1071 1062 1136 deservire
1102 1075 1344 1130 festinat.
1377 1075 1447 1130 Ut
1496 1075 1642 1130 enim
1674 1075 1751 1130 ait

125 1158 432 1231 Scriptura
463 1179 475 1217 :
511 1160 756 1230 Diligens
803 1170 1087 1232 argentum
1139 1179 1250 1217 non
1289 1163 1609 1235 implebitur
1653 1181 1752 1220 ar—

125 1259 302 1322 gento
333 1249 536 1322 (Eccle.
571 1267 622 1319 v,
655 1253 735 1323 9).
767 1253 893 1309 llzec
916 1252 1184 1308 nimirum
1210 1252 1448 1308 habendi
1478 1255 1752 1327 cupiditas

123 1357 358 1413 semper
389 1341 604 1409 bibens,
653 1349 706 1397 et
747 1358 960 1414 semper
1006 1341 1222 1412 sitiens,
1264 1360 1549 1417 nunquam
1599 1344 1754 1401 desi—

121 1431 357 1488 derium
401 1449 562 1488 suum
612 1432 866 1505 implens,
899 1451 1062 1506 quam
1108 1436 1180 1491 sit
1222 1434 1558 1506 detestanda,
1604 1438 1756 1494 Pau-

127 1523 216 1579 lus
274 1523 567 1595 apostolus
617 1523 844 1593 indicat,
897 1523 1134 1583 dicens:
1177 1549 1195 1573 ι
1225 1527 1297 1583 Et
1341 1527 1592 1596 avaritia,
1634 1543 1754 1599 quae

124 1620 210 1669 est
259 1613 697 1696 simulacrqrum
747 1615 983 1672 servitus
1025 1616 1255 1687 (Coloss.
1312 1635 1396 1684 ιιι,
1446 1618 1529 1690 5).
1561 1642 1579 1664 ι
1624 1617 1754 1684 Quae

1863 447 2005 504 forte
2040 447 2192 505 dices
2222 467 2232 504 :
2268 449 2396 504 Ideo
2443 450 2511 506 iis
2558 451 2652 523 qui
2697 451 2753 507 in
2783 461 2982 510 sortem
3017 455 3239 512 Domini
3274 460 3455 516 vocati

1864 544 2012 604 sunt,
2065 537 2224 608 plura
2275 537 2475 593 habere
2513 540 2805 611 contingit,
2861 549 2923 596 ut
2973 543 3170 600 melius
3217 543 3284 599 ab
3323 545 3456 617 ipsis

1864 641 2025 698 quam
2074 643 2105 680 a
2153 626 2528 698 popularibus,
2559 637 2812 698 erogetur
2854 629 3058 687 Christi
3106 633 3454 705 pauperibus.

1863 716 1935 771 Et
1967 715 2037 772 iis
2065 732 2164 788 ego
2193 715 2498 784 consentio,
2540 718 2632 772 sed
2662 717 2921 789 prmlatis,
2964 738 3074 775 non
3104 731 3286 779 autem
3317 724 3460 780 sub-

1857 804 2038 878 jectis,
2071 823 2210 879 quos
2257 808 2496 863 maxime
2534 809 2674 864 illud
2724 811 2970 866 mulieris
3013 812 3114 868 Lot
3142 815 3455 887 exemplum

1861 896 2072 962 docuit,
2106 913 2226 969 qua:
2272 897 2404 952 dum
2455 905 2575 968 post
2627 905 2842 970 tergum
2893 917 2925 955 a
2978 900 3232 956 Sodomis
3267 903 3458 961 exiens

1863 983 2125 1055 respexit,
2171 985 2230 1039 in
2263 994 2498 1043 statuam
2543 988 2672 1043 salis
2701 1005 2983 1057 conversa,
3014 989 3269 1060 spiritum
3298 992 3460 1047 eﬂla-

1863 1074 1946 1130 vit
1987 1075 2141 1144 (Gen.
2194 1079 2336 1146 xix).
2390 1077 2542 1132 Unde
2572 1087 2625 1133 et
2655 1078 2908 1135 Christus
2944 1081 3048 1135 tale
3077 1080 3210 1153 quid
3246 1097 3458 1152 praeca-

1863 1165 2109 1222 vendum
2127 1166 2439 1236 denuntiat,
2457 1168 2644 1226 dicens
2678 1189 2690 1226 :
2737 1194 2754 1216 ι
2786 1171 2956 1226 Nemo
2988 1172 3210 1228 mittens
3233 1189 3456 1229 manum

1863 1273 2017 1312 suam
2065 1256 2134 1311 ad
2178 1269 2442 1327 aratrum,
2492 1267 2545 1315 et
2591 1260 2888 1332 respiciens
2933 1271 3098 1330 retro,
3159 1270 3319 1334 aptus
3375 1271 3456 1320 est

1866 1365 2032 1419 regno
2059 1349 2157 1404 Dei
2191 1349 2342 1420 (Luc.
2390 1367 2468 1418 Ix,
2508 1350 2622 1423 62).
2662 1378 2680 1399 ι
2726 1353 2865 1410 Hinc
2901 1354 3094 1408 Petrus
3117 1354 3193 1409 ait
3227 1371 3238 1408 :
3290 1378 3308 1401 ε
3337 1354 3459 1409 Me-

1866 1439 1974 1495 lius
1999 1449 2114 1496 erat
2156 1441 2269 1497 illis
2309 1458 2420 1498 non
2471 1459 2792 1515 cognoscere
2831 1445 2974 1500 viam
3001 1443 3250 1515 justitiae,
3293 1461 3456 1518 quam

1869 1536 1988 1600 post
2039 1529 2375 1601 agnitionem
2433 1541 2730 1589 retrorsum
2788 1533 3036 1589 converti
3092 1534 3160 1589 ab
3204 1549 3268 1589 eo
3311 1533 3459 1606 quod

1867 1617 2133 1675 traditum
2165 1629 2245 1676 est
2275 1621 2388 1677 illis
2416 1629 2606 1678 sancto
2636 1623 2892 1679 mandato
2925 1624 3012 1695 (II
3037 1625 3181 1680 Petr.
3212 1639 3276 1692 ιι,
3304 1622 3446 1693 21).»

125 1721 297 1777 quam
356 1704 436 1759 sit
474 1703 671 1760 animae
719 1706 908 1775 noxia,
955 1706 1234 1778 salutique
1281 1706 1576 1776 contraria,
1611 1706 1755 1764 idem
1790 1722 1837 1781 Β
1885 1708 2377 1780 «Contingitenim
2399 1710 2478 1767 eis
2502 1710 2764 1768 illudveri
2783 1711 3078 1784 proverbii:
3104 1712 3457 1769 Canisrever-

124 1795 448 1866 Apostolus
481 1811 763 1867 exponens
791 1795 868 1850 ait
902 1813 913 1850 :
956 1819 973 1841 ε
1005 1795 1112 1863 Qui
1143 1797 1340 1859 volunt
1375 1796 1582 1852 divites
1611 1794 1750 1862 ﬁeri,

126 1882 408 1939 incidunt
455 1883 512 1938 in
561 1885 922 1940 tentationem
971 1892 1025 1940 et
1071 1884 1351 1957 laqueum,
1396 1892 1450 1939 et
1487 1883 1755 1940 desideria

129 1973 314 2028 multa
366 1972 592 2029 inutilia
639 1980 694 2028 et
735 1990 930 2042 nocua,
965 1989 1085 2046 quae
1131 1972 1457 2046 demergunt
1502 1973 1755 2028 homines

133 2060 192 2117 in
223 2061 472 2118 exitium
504 2070 558 2117 et
605 2062 890 2119 interitum
925 2063 984 2134 (Ι
1028 2063 1161 2118 Tim.
1193 2081 1269 2130 vr,
1302 2062 1382 2134 9).
1416 2087 1434 2109 ι
1479 2062 1652 2130 Quam
1685 2062 1757 2117 sit

133 2169 271 2209 vero
305 2152 669 2210 detestandus
689 2169 911 2224 avarus,
933 2153 1047 2225 ipse
1067 2153 1294 2225 Sapiens
1316 2156 1608 2210 denuntiat
1629 2171 1753 2209 cum

133 2241 277 2298 dicit
314 2260 326 2297 :
385 2267 403 2289 ι
433 2243 616 2297 Avaro
637 2241 860 2314 quidem
881 2241 1025 2297 nihil
1058 2243 1306 2316 iniquius
1337 2244 1527 2316 (Eccli.
1562 2246 1740 2316 x,9).-

135 2335 318 2403 Quam
362 2335 439 2390 sit
473 2333 603 2390 item
638 2333 805 2388 noxia
835 2332 1154 2388 divitiarum
1192 2332 1577 2401 accuinulatio,
1611 2349 1756 2388 acer-

140 2425 437 2497 vatioque,
464 2431 686 2492 sanctus
734 2422 967 2478 Iacobus
1014 2423 1210 2496 aperit,
1256 2422 1445 2478 dicens
1482 2441 1494 2478 :
1537 2445 1555 2468 ι
1595 2423 1756 2494 Agite

148 2531 323 2581 nunc,
357 2513 583 2579 divites,
621 2512 850 2584 plorate,
882 2512 1156 2568 ululantes
1191 2511 1247 2567 in
1296 2509 1531 2568 miseriis
1561 2510 1758 2567 vestris

148 2623 270 2679 quae
289 2603 594 2660 advenient
615 2604 794 2660 vobis.
817 2603 1038 2659 Divitiae
1059 2613 1252 2658 vestrm
1267 2603 1583 2676 putrefactaa
1605 2610 1756 2672 sunt,

148 2704 202 2752 et
237 2693 584 2754 vestimenta.
613 2703 794 2750 vestra
830 2713 861 2750 a
900 2695 1064 2750 tineis
1091 2702 1330 2752 comesta
1362 2703 1508 2751 sunt.
1544 2695 1755 2751 Aurum

147 2794 200 2842 et
249 2794 547 2858 argentum
593 2794 837 2841 vestrum
887 2783 1184 2858 atruginem
1225 2786 1417 2855 traxit,
1467 2793 1521 2840 et
1575 2802 1756 2855 aerugo

145 2895 338 2934 eorum
393 2879 454 2934 in
500 2879 879 2935 testimonium
927 2879 1086 2935 vobis
1127 2879 1252 2948 erit,
1302 2886 1355 2933 ct
1402 2876 1755 2934 manducabit

145 2983 341 3024 carnes
380 2975 592 3024 vestras
629 2967 772 3024 sicut
815 2967 959 3038 ignis
1009 2969 1146 3040 (Jac.
1195 2987 1248 3036 v,
1284 2969 1420 3040 1-3).
1454 2994 1472 3016 ›
1519 2968 1622 3023 Sed
1657 2984 1756 3022 nec

1861 1814 1956 1853 sus
1985 1799 2055 1854 ad
2085 1801 2356 1856 vomitum
2392 1818 2577 1870 suum,
2609 1810 2663 1858 et
2689 1819 2781 1858 sus
2812 1803 2922 1857 lota
2947 1802 3004 1856 in
3037 1801 3327 1858 volutabro
3358 1803 3459 1858 luti

1865 1887 2028 1958 (Ibid.
2057 1889 2172 1959 22).
2201 1915 2220 1937 ι
2258 1890 2362 1956 Qui
2381 1891 2646 1946 nimirum
2667 1891 2911 1945 avaritiae
2935 1891 3156 1946 morbus
3177 1907 3461 1963 nunquam

1865 1977 2064 2032 melius
2090 1979 2477 2050 compescitur,
2501 1979 2607 2034 nisi
2637 1997 2762 2036 cum
2785 1979 2904 2036 dies
2932 1978 3126 2035 mortis
3153 1978 3270 2035 sine
3296 1979 3461 2035 inter-

1867 2066 2128 2122 missione
2177 2069 2497 2137 meditatur,
2523 2085 2648 2125 cum
2692 2067 2869 2141 qualis
2917 2077 3037 2140 post
3077 2069 3352 2126 modicum
3402 2069 3460 2126 in

1865 2159 2118 2228 sepulcro
2160 2157 2382 2214 futurus
2420 2159 2492 2214 sit
2545 2158 2711 2213 homo
2765 2157 3094 2214 considerat.
3149 2159 3262 2215 lIoc
3313 2168 3459 2216 certe

1865 2244 2038 2300 ﬁxum
2077 2248 2330 2302 manebat
2362 2248 2418 2301 in
2450 2247 2602 2302 illius
2635 2249 2897 2303 memoria
2927 2247 3020 2320 qui
3051 2247 3266 2304 dicebat
3300 2267 3311 2304 :
3347 2249 3461 2306 Ho-

1867 2352 1956 2389 mo
1985 2336 2236 2406 putredo,
2269 2345 2322 2392 et
2378 2337 2528 2392 ﬁlius
2557 2338 2802 2393 hominis
2834 2339 3036 2393 vermis
3069 2340 3187 2410 (Job
3219 2357 3356 2408 xxv,
3376 2341 3456 2414 6).

1865 2426 1992 2480 Haec
2023 2425 2090 2480 ab
2123 2426 2272 2480 illius
2315 2427 2479 2482 corde
2525 2443 2634 2482 non
2667 2428 3011 2496 recedebant,
3045 2429 3138 2500 qui
3183 2429 3412 2486 docebat
3444 2449 3456 2486 :

1879 2539 1896 2560 ι
1927 2515 1988 2568 Ιιι
2017 2515 2276 2570 omnibus
2309 2514 2654 2569 sermonibus
2688 2517 2794 2570 tuis
2829 2532 3128 2571 memorare
3157 2518 3459 2574 novissima

1864 2612 1978 2670 tua,
2004 2613 2056 2659 et
2102 2604 2159 2658 in
2197 2605 2456 2660 smculum
2490 2621 2600 2659 non
2646 2604 2894 2676 peccabis
2925 2607 3114 2674 (Eccli.
3146 2624 3244 2674 vn,
3277 2608 3392 2678 40).
3426 2635 3444 2658 ι

1853 2693 2008 2760 Quid
2031 2701 2183 2761 tunc,
2208 2710 2356 2764 rogo,
2375 2693 2508 2766 quid
2533 2701 2664 2749 tunc
2689 2693 2899 2749 divitiae
2918 2704 3246 2750 coacervata:
3269 2696 3460 2767 prode-

1866 2791 1996 2837 runt
2042 2783 2202 2852 (Ibid.
2250 2801 2306 2850 v,
2340 2783 2440 2847 10;
2475 2785 2646 2838 Eccle.
2679 2799 2734 2850 v,
2766 2783 2853 2855 10)
2874 2783 2902 2838 ῗ
2932 2783 3076 2840 Audi
3109 2783 3243 2857 quid
3273 2785 3328 2840 S.
3357 2786 3459 2842 Job

1863 2870 2029 2927 de’iis
2056 2871 2203 2926 dicat
2235 2889 2247 2927 ξ
2295 2896 2314 2918 ε
2337 2872 2528 2928 Nudus
2565 2889 2809 2943 egressus
2839 2891 2957 2928 sum
2989 2873 3056 2929 de
3084 2882 3236 2930 utero
3268 2875 3458 2932 matris

1864 2977 2016 3028 mea},
2065 2962 2245 3018 nudus
2300 2971 2354 3018 et
2402 2970 2645 3018 revertar
2693 2963 2826 3019 illuc
2856 2964 2975 3036 (Job
3031 2981 3070 3031 ι,
3101 2964 3214 3034 21).
3247 2989 3264 3010 ι
3310 2965 3459 3022 Audi

143 3057 487 3130 Baiemptor
527 3067 712 3114 noster
758 3058 1035 3130 praeterire
1087 3057 1309 3115 silentio
1357 3058 1538 3114 voluit
1586 3057 1754 3130 hujus

1861 3051 1998 3123 quid
2021 3059 2074 3107 et
2103 3053 2398 3124 Apostolus
2429 3071 2440 3108 :
2492 3078 2508 3099 ι
2533 3053 2682 3108 Nihil
2718 3052 3012 3109 intulimus
3045 3054 3101 3108 in
3130 3053 3278 3110 hunc
3298 3072 3455 3112 mun-

144 3145 508 3204 exsecrabilis
538 3147 860 3219 cupiditatis
892 3148 1117 3216 malum,
1153 3145 1299 3220 quod
1331 3164 1492 3220 quam
1530 3146 1602 3202 sit
1632 3147 1749 3202 exi-

146 3235 296 3304 tiale,
329 3236 573 3308 explicat
601 3237 736 3292 dum
766 3236 843 3292 ait
876 3255 888 3293 :
934 3261 952 3283 ι
983 3237 1159 3304 Quam
1185 3237 1413 3293 difﬁcile
1447 3236 1538 3308 qui
1568 3253 1746 3308 pecu-

140 3326 260 3382 nias
309 3325 542 3395 habent,
592 3325 652 3382 in
701 3343 928 3398 regnum
969 3327 1067 3382 Dei
1117 3327 1428 3383 introibunt
1460 3329 1656 3397 (Marc.
1688 3345 1746 3394 x,

139 3415 265 3488 28)!
296 3443 315 3466 ι
364 3419 438 3472 Et
483 3417 616 3472 alibi
651 3435 663 3472 :
711 3442 728 3464 ε
759 3416 997 3472 Facilius
1029 3425 1108 3472 est
1147 3417 1414 3473 camelum
1454 3433 1549 3488 per
1593 3415 1748 3470 fora-

139 3520 264 3561 men
293 3523 433 3563 acus
463 3506 719 3571 transire,
741 3523 904 3578 quam
935 3506 1166 3563 divitem
1197 3506 1402 3562 intrare
1428 3505 1486 3560 in
1517 3521 1745 3577 regnum

137 3596 408 3652 caelorum
453 3596 664 3667 (Matth.
699 3613 820 3663 x1x,
864 3597 978 3666 24).
1025 3622 1043 3645 ι
1105 3595 1161 3651 Si
1203 3595 1371 3667 igitur
1399 3594 1744 3650 saecularium

138 3698 320 3740 rerum
365 3683 645 3756 cupiditas
694 3684 828 3742 adeo
857 3685 1162 3758 periculosa
1192 3685 1519 3758 proponitur
1553 3682 1746 3739 omni-

135 3771 256 3842 bus,
305 3780 520 3847 quanto
567 3774 740 3846 magis
787 3774 899 3831 illis
945 3775 1038 3848 qui
1069 3774 1136 3830 de
1165 3783 1311 3830 sorte
1340 3773 1561 3830 Domini
1592 3779 1740 3841 sunt,

136 3863 228 3934 qui
275 3864 486 3920 saeculo
524 3863 934 3934 renuntiarunt,
971 3865 1067 3938 qui
1117 3864 1311 3920 habitu
1347 3873 1400 3920 et
1440 3879 1743 3920 conversa-

136 3954 284 4012 tione
310 3955 431 4028 jam
483 3959 770 4014 saeculares
812 3975 926 4015 esse
973 3957 1275 4024 desierunt,
1309 3955 1553 4012 exitialis
1585 3955 1740 4013 erit?

139 4045 255 4104 Huc
312 4047 626 4119 specialiter
681 4049 1062 4121 Redemptoris
1129 4049 1369 4106 tendunt
1425 4048 1610 4114 verba,
1679 4053 1741 4100 ut

136 4137 480 4205 perniciosus
505 4136 817 4193 destruatur
845 4137 1089 4192 avaritia:
1112 4138 1355 4204 morbus,
1388 4136 1590 4209 quibus
1617 4136 1694 4189 ait
1723 4151 1734 4188 :

149 4233 378 4290 «Nolite
419 4230 652 4286 solliciti
687 4245 802 4286 esse
849 4231 1047 4286 animai
1087 4241 1281 4287 vestra)
1329 4230 1463 4304 quid
1496 4229 1740 4285 mandu-

131 4323 286 4392 cetis,
340 4336 521 4392 neque
569 4319 786 4391 corpori
837 4319 971 4391 quid
1015 4318 1347 4374 induamini.
1407 4319 1534 4373 Haec
1588 4319 1735 4372 enim

136 4413 319 4468 omnia
362 4418 554 4484 gentes
595 4409 790 4466 mundi
838 4417 1092 4482 quarunt
1125 4409 1276 4480 (Luc.
1311 4425 1414 4475 xii,
1456 4407 1584 4478 22);
1621 4431 1639 4454 ι

134 4499 264 4555 alibi
313 4498 638 4571 subjungit:
688 4523 707 4545 ι
735 4498 974 4566 Quaerite
1013 4507 1195 4552 autem
1226 4496 1466 4569 primum
1503 4511 1730 4566 regnum

133 4586 250 4655 Dei,
279 4596 356 4644 .et
395 4587 670 4660 justitiam
717 4585 876 4658 ejus:
911 4594 964 4643 ct
1010 4585 1128 4641 haec
1169 4583 1356 4641 omnia
1402 4583 1732 4656 adjicientur

134 4677 289 4732 vobis
320 4678 536 4749 (Matth.
568 4694 650 4746 γι,
694 4675 809 4747 33).
844 4701 862 4724 ι
907 4675 951 4731 Ο
982 4692 1144 4749 quam
1184 4674 1362 4743 beata,
1393 4692 1426 4729 o
1459 4691 1619 4746 quam
1651 4689 1730 4728 se-

135 4779 281 4833 cura,
329 4784 362 4822 ο
407 4783 574 4838 quam
603 4766 982 4839 amplectenda
1010 4764 1312 4822 sententia!
1345 4764 1542 4818 Nullus
1580 4763 1728 4818 enim

135 4850 192 4906 in
222 4853 324 4911 hac
349 4855 465 4911 vita
511 4857 588 4913 ita
615 4873 841 4913 securus
888 4864 990 4924 est,
1021 4864 1082 4910 ut
1113 4855 1206 4911 ille
1237 4855 1329 4928 qui
1361 4854 1503 4910 nihil
1535 4861 1730 4926 praeter

135 4941 413 5001 Christum
443 4955 723 5020 appetens,
756 4947 936 5018 ipsum
963 4945 1219 5017 possidet.
1255 4944 1463 5002 Cuncta
1491 4963 1727 5019 namque

137 5046 251 5104 quas
299 5036 512 5092 homini
559 5037 866 5094 necessaria
907 5036 1270 5103 aestimantur,
1317 5036 1420 5092 sub
1460 5035 1562 5091 hac
1579 5051 1728 5108 'pos-

137 5123 370 5184 sessione
393 5127 532 5198 ipse
576 5127 842 5200 probatur
882 5125 1103 5194 habere,
1135 5126 1278 5182 sicut
1319 5126 1520 5180 Paulus
1553 5125 1724 5181 ditis-

135 5210 301 5270 simns
348 5233 552 5288 pauper
595 5217 812 5274 dicebat
845 5235 857 5273 ε
906 5242 923 5263 ι
953 5217 1232 5290 Tanquam
1264 5215 1407 5270 nihil
1438 5215 1720 5284 habentes,

133 5306 183 5353 et
231 5304 416 5360 omnia
461 5305 800 5378 possidentes
853 5307 940 5378 (ΙΙ
981 5306 1108 5363 Cor.
1158 5306 1384 5378 vx,10).
1426 5331 1444 5352 -
1498 5305 1718 5375 Omnia,

135 5389 330 5464 inquit,
361 5397 468 5454 hoc
508 5408 589 5456 est
629 5416 739 5456 non
777 5399 1052 5473 superﬂua
1082 5399 1294 5471 utique,
1325 5397 1420 5454 sed
1449 5397 1577 5453 vitae
1603 5396 1719 5452 hu-

133 5492 300 5538 manae
344 5488 667 5557 necessaria,
718 5490 837 5561 ipso
887 5489 1248 5546 conﬁrmante
1294 5505 1356 5545 ac
1407 5487 1716 5560 explicante

135 5567 280 5640 alibi,
310 5573 438 5631 dum
486 5577 624 5634 dicit
657 5596 668 5634 :
717 5602 734 5625 ι
781 5579 1054 5638 Habentes
1095 5580 1380 5649 alimenta,
1420 5585 1474 5635 et
1516 5577 1717 5650 quibus

399 5675 638 5730 Paruon.
679 5677 852 5733 XVII.

1859 3142 2114 3211 dum,sed
2139 3159 2238 3200 nec
2263 3143 2476 3198 auferre
2504 3143 2636 3214 quid
2660 3161 2949 3216 possumus
2981 3145 3039 3216 (Ι
3067 3144 3199 3201 Tim.
3234 3162 3310 3214 vr,
3337 3145 3439 3217 7).-

2427 3269 2654 3326 CAPUT
2705 3270 2880 3327 XVII.

2382 3369 2552 3424 Amor
2605 3369 2689 3422 sui
2741 3369 2872 3423 dicit
2916 3386 2934 3424 .'

1928 3475 1984 3530 Si
2015 3491 2078 3529 ea
2107 3491 2226 3547 quaa
2257 3475 2502 3547 possides
2550 3475 2926 3546 indigentibus
2968 3475 3182 3547 tribuis,
3225 3475 3370 3534 unde
3397 3487 3450 3535 te

1855 3563 2067 3636 tibique
2095 3563 2369 3636 subjectos
2397 3565 2600 3638 absque
2629 3567 2856 3638 penuria
2889 3568 2973 3622 vel
3019 3583 3146 3624 cum
3184 3567 3449 3640 dignitate

1851 3654 1998 3710 alere
2027 3653 2234 3710 valebis
2250 3655 2278 3710 ‘i'

2270 3762 2369 3816 Sed
2396 3779 2550 3816 amor
2578 3762 2678 3817 Dei
2706 3762 3017 3833 respondet:

1926 3869 1983 3924 Si
2012 3870 2243 3942 apostoli
2285 3870 2508 3924 modum
2540 3869 2598 3924 in
2626 3870 2730 3925 hac
2758 3877 2908 3942 parte
2940 3870 3202 3938 tenueris,
3237 3879 3443 3927 utrum-

1853 3975 1957 4032 que
1988 3959 2245 4029 perﬁcere
2276 3957 2501 4014 valebis.
2548 3959 2689 4014 IIinc
2727 3959 2873 4014 enim
2906 3958 3049 4013 idem
3081 3958 3194 4029 ipse
3222 3959 3289 4013 ad
3328 3960 3444 4016 Co-

1850 4047 2091 4102 rinthios
2119 4047 2194 4102 ait
2228 4067 2239 4104 :
2288 4072 2305 4093 ‹
2335 4048 2390 4102 Si
2432 4049 2690 4103 voluntas
2729 4055 2979 4119 prompta
3009 4055 3108 4115 est,
3139 4049 3438 4105 secundum

1849 4135 1906 4192 id
1936 4135 2083 4208 quod
2128 4135 2312 4203 habet,
2343 4145 2562 4206 accepta
2599 4145 2701 4204 est,
2734 4153 2844 4191 non
2871 4137 3174 4193 secundum
3207 4138 3263 4194 id
3293 4139 3441 4211 quod

1848 4241 1958 4279 non
2003 4223 2184 4280 habet.
2234 4223 2355 4278 Non
2405 4220 2570 4278 enim'
2598 4232 2657 4279 ut
2697 4224 2822 4279 aliis
2868 4225 2938 4281 sit
2983 4225 3252 4294 remissio,
3281 4227 3440 4282 vobis

1846 4323 2028 4370 autem
2080 4313 2385 4370 tribulatio.
2427 4313 2520 4370 sed
2567 4331 2636 4370 ex
2683 4315 3011 4388 aequalitate.
3061 4318 3122 4373 In
3181 4319 3435 4390 praesenti

1684 4413 1736 4462 et
1765 4441 1814 4500 D
1845 4412 2089 4475 tempore
2114 4414 2291 4460 vestra
2310 4404 2883 4462 abundantiaillorum
2901 4407 3141 4479 inopiam
3164 4410 3434 4480 suppleat,

1843 4503 1903 4549 ut
1932 4503 1986 4549 et
2015 4495 2240 4550 illorum
2269 4493 2606 4551 abundantia
2637 4507 2828 4552 vestrze
2858 4497 3058 4568 inopiae
3104 4497 3174 4552 sit
3205 4499 3434 4569 supple-

1842 4592 2110 4652 mentum,
2153 4591 2212 4639 ut
2259 4584 2352 4641 ﬁat
2399 4585 2717 4658 aequalitas;
2776 4585 2918 4642 sicut
2977 4586 3240 4658 scriptum
3295 4595 3375 4642 est
3417 4605 3428 4643 :

1839 4675 1944 4742 Qui
1994 4677 2253 4744 multum,
2284 4694 2394 4732 non
2424 4676 2745 4742 abundavit,
2779 4683 2830 4730 et
2860 4675 2954 4746 qui
2986 4674 3284 4742 modicum,
3321 4692 3430 4732 non

1839 4765 2136 4820 minoravit
2195 4767 2280 4837 (Il
2340 4769 2463 4835 Cor.
2514 4783 2636 4832 vui,
2684 4765 2796 4835 15).
2857 4786 2885 4817 )›
2937 4764 3079 4820 lIinc
3125 4773 3178 4820 et
3233 4765 3431 4822 Tobias

1830 4849 2014 4923 justus
2040 4855 2247 4924 prolem
2279 4854 2535 4910 dilectam
2567 4855 2845 4922 admonet,
2887 4852 3074 4908 dicens
3109 4871 3120 4908 :
3168 4878 3186 4899 ι
3216 4854 3430 4921 Quem-

1834 4943 2132 4998 admodum
2164 4944 2263 5000 tibi
2307 4945 2493 5013 fuerit,
2526 4944 2830 4999 secundum
2883 4942 3296 4999 multitudinem
3342 4944 3428 5001 {ac

1833 5050 1904 5088 ex
1933 5034 2012 5088 eis
2041 5035 2445 5107 eleemosynam
2481 5053 2492 5090 :
2526 5035 2571 5090 si
2619 5052 2852 5106 paucum
2893 5033 2994 5090 tibi
3038 5035 3225 5099 fuerit,
3264 5033 3428 5105 juxta

1832 5141 2068 5196 paucum
2119 5141 2186 5179 ne
2239 5127 2433 5180 timeas
2473 5126 2648 5180 facere
2693 5126 3096 5197 eleemosynam
3153 5125 3310 5196 (Tob.
3346 5141 3423 5192 ιν,

1829 5214 1884 5282 8,
1916 5215 1996 5286 9).
2029 5240 2048 5260 ›
2092 5214 2234 5269 Hinc
2264 5231 2481 5287 quoque
2505 5214 2788 5270 incarnata
2809 5215 3011 5269 veritas
3035 5213 3193 5268 docet
3227 5230 3238 5266 :
3281 5237 3298 5259 ι
3321 5212 3425 5268 Ve-

1829 5312 2142 5362 rumtamen
2191 5303 2336 5377 quod
2386 5313 2650 5378 superest,
2703 5304 2826 5360 date
2887 5304 3311 5374 eleemosynam,
3369 5310 3424 5357 et

1827 5412 1950 5452 ecce
1974 5381 2164 5451 omnia
2191 5397 2396 5453 munda
2420 5407 2548 5453 sunt
2575 5395 2736 5452 vobis
2767 5397 2917 5466 (Luc.
2953 5413 3030 5463 x1,
3063 5394 3178 5464 41).
3211 5417 3229 5440 ι
3272 5391 3422 5448 Audi

1825 5500 2042 5557 quoque
2079 5486 2229 5558 quod
2257 5489 2522 5559 scriptum
2564 5497 2645 5544 est
2674 5505 2684 5541 :
2734 5511 2751 5534 ι
2781 5484 3058 5540 Judicium
3089 5483 3206 5538 sine
3247 5479 3421 5535 mise-

1825 5575 2063 5632 ricordia
2094 5577 2175 5632 illi
2207 5577 2302 5649 qui
2331 5595 2441 5633 non
2472 5577 2662 5633 fecerit
2709 5573 3136 5630 misericordiam
3171 5570 3308 5643 (Jac.
3356 5585 3418 5638 II,

3063 5668 3129 5724 37
