3880 6204
456 205 594 263 1163

1490 204 1589 261 ΑΒ
1630 204 1881 261 OPEBA
1922 204 1980 262 S.
2020 158 2352 262 AMBROSII
2390 200 2767 262 APPENDIX.

3651 195 3774 259 116i

455 330 571 404 13),
625 355 644 378 ι
706 329 827 398 Quo
877 336 1069 386 contra
1127 330 1394 404 propheta
1449 328 1730 398 admonet,
1787 330 1975 387 dicens
2036 349 2047 387 :
2080 339 2131 397 Α
2161 330 2365 387 dicitur
2396 348 2407 386 :
2445 332 2513 386 Et
2539 331 2803 387 omnibus
2835 328 3191 386 mendacibus
3229 344 3362 402 pars
3402 328 3647 385 illorum
3678 332 3771 386 erit

465 445 484 469 ι
515 421 723 493 Frange
770 418 1033 476 esurienti
1084 436 1278 491 panem
1334 427 1512 487 tuum,
1543 427 1598 474 et
1642 434 1904 490 pauperes
1931 420 2048 477 sine

451 518 597 566 tecto
622 509 790 567 induc
810 508 867 564 in
893 510 1120 565 domum
1136 515 1286 562 tuam
1313 524 1324 560 :
1349 507 1394 561 si
1418 506 1622 561 videris
1642 506 1875 575 nudum,
1897 508 2047 580 operi

450 615 596 668 eum,
645 607 700 655 et
753 616 784 654 a
823 597 1144 654 domesticis
1185 594 1413 652 seminis
1460 595 1543 651 tui
1607 611 1676 651 ne
1736 595 2047 668 despexeris

1046 684 1321 738 Memento
1364 682 1495 754 quid
1535 690 1834 755 purpurato
1881 685 2044 742 diviti

448 776 742 847 contigerit
775 790 787 827 :
828 771 923 844 qui
952 787 1063 827 non
1106 771 1232 827 ideo
1268 771 1559 828 damnatus
1585 783 1667 830 est
1694 772 1838 846 quod
1867 775 2046 831 aliena

452 688 588 756 (Isa.
630 703 789 753 mu,
839 685 918 755 7).
969 709 985 730 ι

448 868 661 934 tulerit,
692 866 787 921 sed
814 864 959 937 quod
992 864 1170 937 egenti
1201 865 1426 938 pauperi
1470 882 1568 921 sua
1596 883 1707 921 non
1738 868 1995 923 tribuerit
2027 886 2039 925 :

447 963 503 1011 et
531 955 589 1010 in
622 955 842 1009 inferno
872 954 1085 1026 positus
1112 955 1179 1010 ad
1210 956 1440 1026 petenda
1462 954 1692 1011 minima
1711 960 2042 1028 pervenerit,

446 1043 541 1117 qui
574 1043 665 1099 hic
693 1059 861 1115 parva
891 1043 1111 1115 negavit
1140 1045 1293 1115 (Luc.
1322 1062 1441 1113 XVI,
1462 1045 1670 1117 22-31).
1705 1047 1847 1114 Quid
1875 1051 2041 1107 etiam

446 1132 515 1189 ad
537 1133 817 1189 sinistram
841 1134 1034 1205 positis
1050 1132 1222 1203 judex
1240 1134 1361 1191 coeli
1383 1135 1633 1193 dicturus
1671 1138 1764 1205 sit,
1785 1139 2037 1197 attende:

457 1244 476 1267 ι
526 1222 624 1289 Ite,
670 1222 875 1293 inquit,
924 1222 1223 1291 maledicti,
1272 1223 1330 1277 in
1379 1223 1561 1296 ignem
1610 1234 1896 1296 aeternum,
1946 1231 2039 1304 qui

444 1318 669 1382 paratus
699 1320 779 1366 est
809 1310 1030 1366 diabolo
1077 1319 1132 1367 et
1176 1312 1382 1383 angelis
1421 1312 1555 1385 ejus.
1604 1317 1827 1373 Esurivi
1868 1319 2037 1388 enim,

443 1408 498 1455 et
546 1416 657 1455 non
697 1398 929 1456 dedistis
975 1400 1113 1457 mihi
1160 1401 1487 1458 manducare
1537 1406 1749 1472 (Matth.
1782 1422 1919 1476 xxv,
1949 1408 2037 1479 41,

443 1488 560 1561 42),
614 1515 633 1537 .

442 1588 653 1638 rantur.

990 1661 1218 1721 CAPUT
1261 1664 1462 1722 XVIII.

440 1751 668 1807 Furtum
687 1759 736 1808 et
746 1751 932 1824 fraus,
946 1771 1251 1826 quanquam
1271 1757 1537 1812 diversum
1563 1759 1790 1830 gradum
1814 1763 2040 1820 habeant

515 1842 811 1911 locutionis,
862 1860 1025 1899 unum
1055 1850 1129 1900 est
1167 1851 1337 1901 tamen
1368 1848 1509 1918 quod
1561 1849 1760 1909 dicunt.
1812 1854 2035 1910 Furtum

508 1930 644 1986 enim
671 1931 798 1987 dicit
830 1950 842 1988 :

508 2019 566 2077 Si
594 2020 773 2078 aliena
801 2039 913 2080 non
942 2023 1111 2093 tollis,
1139 2040 1209 2081 ex
1238 2026 1464 2099 proprio
1493 2028 1579 2084 vel
1607 2028 1763 2088 dives
1793 2033 1880 2089 vel
1911 2032 2039 2090 suf-

435 2108 629 2171 ficiens
656 2127 770 2168 esse
799 2129 911 2170 non
942 2114 1109 2170 vales.

970 2204 1146 2260 Fraus
1174 2222 1294 2260 vero
1323 2205 1453 2262 dicit
1484 2224 1501 2262 :

505 2291 561 2350 Si
584 2301 784 2351 cuncta
807 2310 928 2367 quas
969 2293 1071 2351 tibi
1096 2303 1226 2351 sunt
1257 2297 1573 2364 commissa,
1596 2296 1810 2355 illibata
1842 2300 2035 2357 consi-

436 2398 589 2455 gnes,
637 2391 691 2439 et
740 2400 843 2440 nec
891 2384 1168 2440 modicum
1219 2386 1442 2457 quidem
1493 2386 1595 2443 tibi
1644 2389 2033 2446 reservandum

438 2471 742 2542 existimes,
775 2474 922 2530 unde
967 2474 1053 2529 vel
1102 2474 1344 2547 propriis
1389 2475 1725 2534 utilitatibus
1760 2481 2030 2548 consules,

439 2562 529 2617 vel
562 2563 755 2620 amicis
783 2572 837 2619 et
865 2563 1185 2620 domesticis
1214 2564 1455 2636 placebis
1475 2566 1503 2621 7

648 2656 747 2712 Sed
776 2656 1091 2726 simplicitas
1108 2659 1179 2711 ad
1201 2662 1483 2727 utrumque
1510 2659 1817 2729 respondet:

502 2744 702 2801 Melius
730 2754 811 2801 est
842 2762 1130 2817 pauperem
1164 2761 1279 2800 esse
1303 2755 1355 2801 et
1386 2746 1651 2818 indigere,
1686 2748 1934 2822 nullique
1961 2766 2031 2805 ex

433 2832 564 2889 dato
595 2835 825 2906 placere,
858 2851 1019 2907 quam
1049 2834 1288 2908 aliquem
1322 2835 1470 2891 furto
1492 2835 1688 2892 laedere
1708 2837 1792 2893 vel
1817 2837 2026 2894 fraude.

432 2921 537 2988 Qui
567 2923 715 2978 enim
746 2924 924 2977 aliena
940 2924 1189 2996 quolibet
1206 2922 1370 2981 modo
1396 2923 1597 2995 injuste
1617 2926 1881 2998 praeripit,
1915 2928 2030 2999 ipse

431 3009 539 3067 sibi
588 3013 740 3082 regni
788 3013 1024 3069 caelestis
1079 3013 1290 3069 aditum
1340 3014 1568 3071 claudit.
1624 3014 1776 3071 Unde
1828 3017 2029 3073 Paulus

434 3099 760 3173 praedicator
809 3102 1057 3173 egregius
1104 3103 1366 3175 quosdam
1419 3103 1717 3176 redarguit,
1772 3103 1961 3162 dicens
2015 3123 2027 3161 :

446 3211 466 3235 ε
498 3188 603 3246 Sed
633 3206 731 3246 vos
773 3188 1033 3261 injuriam
1067 3191 1248 3247 facitis
1274 3200 1329 3247 et
1366 3191 1632 3248 fraudatis
1666 3210 1677 3247 :
1710 3201 1764 3248 et
1794 3192 1899 3249 hoc
1927 3191 2032 3247 fra-

434 3277 630 3335 tribus.
676 3282 762 3334 An
808 3279 1034 3336 nescitis
1088 3280 1216 3353 quia
1265 3279 1444 3353 iniqui
1498 3297 1723 3352 regnum
1774 3281 1871 3337 Dei
1922 3297 2031 3337 non

432 3368 793 3442 possidebunt
840 3370 900 3440 (Ι
927 3369 1053 3426 Cor.
1084 3387 1159 3438 v1,
1189 3371 1247 3442 8)
1273 3370 1301 3428 ἳ
1340 3395 1358 3417 ι
1421 3372 1601 3444 Atque
1649 3371 1793 3428 inter
1839 3379 2036 3429 caetera

432 3457 719 3528 subjungit
769 3475 781 3511 ε
855 3482 872 3503 ι
926 3458 1110 3529 Neque
1164 3458 1333 3526 fures,
1391 3476 1566 3532 neque
1630 3462 1802 3529 avari,
1859 3477 2033 3533 neque

434 3544 660 3608 ebriosi,
694 3558 868 3613 neque
908 3544 1183 3609 maledici,
1219 3561 1396 3615 neque
1429 3563 1649 3617 rapaces
1678 3565 1904 3618 regnum
1934 3550 2032 3604 Dei

433 3629 794 3702 possidebunt
827 3630 989 3699 (Ibid.
1038 3629 1151 3700 10).
1203 3655 1222 3677 ι
1255 3632 1484 3688 Furtum
1536 3634 1705 3706 igitur
1734 3645 1788 3691 et
1826 3637 1976 3692 fraus
2003 3655 2034 3694 a

434 3716 535 3773 Dei
568 3732 734 3789 regno
763 3714 1046 3774 hominem
1066 3717 1392 3789 excludunt,
1422 3719 1631 3777 idcirco
1659 3721 1885 3780 vitanda
1904 3734 2034 3783 sunt

435 3823 679 3880 prorsus.

1021 3878 1250 3938 CAPUT
1287 3880 1442 3938 XIX.

437 3969 681 4028 Fallacia
710 3977 865 4042 atque
892 3971 1224 4027 mendacium
1252 3977 1301 4027 et
1320 3971 1439 4044 ipsa
1466 3988 1633 4027 unum
1664 3971 1863 4031 dicunt.
1895 3975 2035 4031 Nam

506 4060 733 4130 fallacia
788 4061 847 4132 ﬁt
897 4060 1124 4133 ingenio,
1179 4062 1511 4119 mendacium
1573 4069 1749 4119 autem
1808 4064 2036 4137 simplici

507 4151 683 4206 verbo.
714 4151 957 4207 Fallacia
990 4171 1111 4225 ergo
1141 4154 1270 4210 dicit
1300 4171 1318 4210 :

509 4237 581 4291 Ut
609 4252 678 4291 ex
726 4238 916 4293 multis
962 4256 1135 4296 unum
1166 4242 1508 4314 proferamus
1536 4243 1873 4316 exemplum,
1905 4258 2032 4300 cum

438 4317 515 4381 in.
538 4340 649 4381 non
695 4324 878 4381 dando
925 4328 1162 4400 aliquem
1192 4331 1425 4387 illudere
1460 4332 1679 4404 quaeris,
1711 4332 1769 4388 in
1798 4333 2033 4405 petendo

702 1500 757 1548 et
806 1500 1020 1562 caetera,
1087 1509 1207 1566 quae
1283 1492 1363 1549 ibi
1419 1495 1742 1553 terribiliter
1803 1514 2041 1557 enume-

2161 421 2219 476 in
2248 428 2438 491 stagno
2466 418 2611 492 ignis
2638 418 2880 477 ardentis
2898 427 2953 476 et
2978 417 3290 492 sulphuris,
3324 414 3482 492 quod
3510 425 3601 475 est
3631 434 3769 475 mors

2160 510 2401 568 secunda
2429 509 2618 582 (Apoc.
2651 507 2773 581 xxi)
2785 551 2797 564 .
2888 576 2894 581 η

2759 638 2987 698 CAPUT
3025 637 3154 694 XX.

2607 727 2810 786 Ventris
2834 726 3092 798 ingluvies
3125 725 3258 781 dicit
3286 742 3307 781 :

2229 834 2315 892 Ad
2345 852 2495 893 esum
2518 836 2664 893 Deus
2695 833 2909 891 munda'
2928 834 3115 891 omnia
3142 832 3422 903 condidit,
3455 840 3515 890 et
3549 833 3650 907 qui
3678 850 3764 889 sa-

2155 927 2328 982 turari
2376 924 2499 982 cibo
2549 925 2775 998 respuit,
2809 923 2945 999 quid
2991 924 3150 982 aliud
3178 940 3347 998 quam
3380 924 3612 981 muneri
3646 940 3762 980 con-

2154 1037 2305 1077 cesso
2333 1018 2708 1077 contradicit?

2156 1110 2256 1167 Sed
2280 1127 2425 1182 pura
2450 1108 2724 1181 fragilitas
2751 1113 2800 1164 et
2824 1106 3051 1180 simplex
3069 1105 3412 1179 parcimonia
3439 1109 3759 1179 respondet:

2223 1199 2403 1256 Unum
2455 1198 2651 1256 horum
2712 1214 2833 1273 quae
2888 1197 3049 1266 dicis,
3100 1212 3295 1253 verum
3343 1205 3453 1253 est.
3503 1196 3649 1254 Nam
3698 1215 3762 1255 ne

2153 1287 2320 1346 homo
2363 1288 2506 1345 fame
2555 1288 2778 1362 periret,
2809 1289 2999 1345 omnia
3034 1287 3183 1344 Deus
3229 1285 3297 1342 ad
3345 1302 3504 1343 esum
3556 1287 3762 1344 munda

2151 1378 2403 1437 creavit:
2436 1377 2528 1436 sed
2574 1395 2643 1436 ne
2695 1376 3023 1436 comedendi
3071 1392 3387 1433 mensuram
3442 1375 3759 1445 excederet,

2151 1466 2538 1525 abstinentiam
2568 1467 2863 1541 imperavit
2894 1468 3050 1537 (Gen.
3085 1483 3149 1535 ιι,
3184 1464 3272 1534 16,
3301 1466 3415 1535 17).
3454 1466 3596 1523 Nam
3621 1467 3763 1523 inter

2150 1565 2346 1615 caetera
2383 1574 2480 1614 sua
2510 1557 2652 1614 mala
2694 1556 2986 1615 saturitate
3017 1554 3258 1612 Sodoma
3284 1555 3477 1626 periit,
3518 1555 3759 1611 Domino

2149 1654 2462 1716 attestante,
2484 1646 2578 1720 qui
2608 1644 2676 1702 de
2695 1645 2996 1703 Jerusalem
3018 1660 3116 1717 per
3135 1643 3463 1717 prophetam
3482 1643 3755 1717 loquitur,

2149 1737 2339 1794 dicens
2373 1756 2385 1794 :
2432 1760 2452 1785 ‹
2499 1736 2627 1794 Haec
2664 1735 2931 1808 iniquitas
2969 1732 3336 1790 Sodomorum
3374 1733 3590 1789 sororis
3630 1740 3753 1801 tuae,

2148 1826 2403 1899 superbia
2450 1824 2508 1881 in
2557 1825 2844 1883 saturitate
2889 1840 3090 1898 panum
3144 1823 3365 1894 (Ezech.
3416 1840 3542 1892 xvr,
3573 1822 3693 1893 49).
3727 1852 3744 1873 .

2147 1914 2490 1989 Quapropter
2515 1916 2660 1972 sicut
2688 1931 2831 1989 aeger
2855 1914 2922 1971 ad
2951 1912 3306 1981 medicinam,
3324 1913 3406 1970 sic
3432 1911 3509 1969 ad
3535 1930 3754 1970 sumen-

2146 2003 2243 2062 das
2284 2004 2448 2078 dapes
2483 2003 2717 2078 quisque
2750 2003 2912 2062 debet
2939 2002 3219 2072 accedere,
3259 2019 3374 2059 non
3402 2003 3750 2076 voluptatem

2147 2094 2202 2150 in
2222 2094 2334 2151 illis
2347 2094 2727 2168 appetens,sed
2749 2092 3061 2152 necessitati
3081 2092 3599 2151 satisfaciensﬂinc
3613 2094 3749 2150 veri-

2146 2193 2226 2242 tas
2245 2202 2340 2258 per
2350 2186 2713 2260 Evangelium
2735 2185 2954 2242 monuit
2977 2202 2989 2240 :
3027 2208 3046 2232 ι
3065 2182 3751 2257 Attendite,inquit,vobis

2146 2291 2217 2330 ne
2250 2274 2387 2333 forte
2419 2266 2720 2350 graventiir
2746 2273 2915 2333 corda
2944 2283 3123 2331 vestra
3150 2273 3209 2330 in
3240 2273 3466 2346 crapula
3489 2281 3546 2329 et
3572 2273 3752 2330 ebrieo

2143 2372 2253 2421 tate
2298 2365 2448 2437 (Luc.
2482 2382 2603 2435 xxi,
2634 2365 2750 2437 34).
2797 2389 2818 2413 ι
2862 2363 3104 2421 Econtra
3148 2378 3281 2418 vero
3326 2361 3397 2419 de
3437 2362 3743 2419 insatiabili

2142 2454 2454 2527 aliquorum
2482 2455 2786 2511 voracitate
2812 2454 3109 2525 Apostolus
3133 2451 3273 2509 dicit
3303 2468 3317 2507 :
3359 2474 3380 2498 α
3412 2450 3578 2507 Multi
3596 2452 3740 2507 enim

2142 2542 2450 2610 ambulant,
2481 2560 2618 2617 quos
2659 2558 2802 2615 saepe
2847 2541 3094 2600 dicebam
3139 2539 3322 2605 vobis,
3355 2556 3511 2597 nunc
3540 2556 3670 2597 vero
3693 2550 3745 2597 et

2143 2631 2278 2687 ﬂens
2328 2632 2474 2700 dico,
2522 2632 2780 2689 inimicos
2823 2631 3001 2689 crucis
3052 2629 3284 2697 Christi,
3328 2645 3572 2703 quorum
3621 2630 3742 2687 ﬁnis

2142 2721 2420 2791 interitus,
2448 2739 2683 2795 quorum
2726 2722 2872 2778 Deus
2902 2729 3095 2777 venter
3124 2728 3225 2787 est,
3258 2726 3315 2776 et
3346 2720 3527 2792 gloria
3550 2720 3608 2776 in
3635 2738 3741 2794 pu-

2140 2812 2334 2868 dendis
2359 2812 2601 2883 ipsorum
2635 2809 2731 2884 qui
2761 2817 2977 2867 terrena
3003 2809 3228 2881 sapiunt
3252 2809 3522 2881 (Philipp.
3544 2828 3627 2879 m,
3656 2812 3737 2879 18,

2143 2901 2253 2972 19).
2305 2926 2323 2949 ι
2380 2903 2452 2958 Et
2496 2901 2676 2958 alibi:
2725 2926 2744 2951 ι
2771 2902 2929 2959 .Esca
2961 2900 3163 2970 ventri,
3195 2908 3253 2957 et
3301 2910 3502 2958 venter
3540 2902 3678 2959 escis
3723 2920 3735 2957 :

2139 2991 2284 3048 Deus
2302 2999 2484 3048 autem
2513 3001 2568 3049 et
2596 2991 2747 3049 hunc
2772 2999 2827 3049 et
2853 2991 2950 3047 has
2981 2990 3224 3047 destruet
3253 2991 3314 3062 (Ι
3333 2991 3465 3048 Cor.
3487 3007 3567 3061 vr,
3593 2991 3725 3063 13).-

2066 3063 2110 3123 C
2142 3078 2391 3153 Denique
2419 3079 2562 3136 hanc
2585 3079 2760 3137 labem
2783 3081 3102 3152 ventrisque
3132 3078 3450 3152 ingluviem
3471 3081 3567 3137 ille
3587 3081 3739 3153 plene

2141 3169 2337 3238 eludit,
2369 3169 2464 3243 qui
2511 3170 2568 3226 in
2612 3170 2896 3228 sumendis
2924 3168 3157 3242 dapibus
3196 3185 3313 3226 non
3358 3171 3546 3227 solum
3579 3169 3740 3243 parci-

2120 3258 2385 3332 .moniam
2416 3258 2678 3329 custodit,
2709 3259 2815 3316 hoc
2843 3266 2942 3328 est,
2985 3258 3345 3316 refectionem
3386 3276 3608 3333 semper
3632 3275 3743 3316 esu-

2142 3348 2293 3404 riens
2319 3357 2688 3417 consummat,
2718 3365 2912 3405 verum
2957 3348 3125 3405 etiam
3166 3351 3551 3407 accuratiores
3590 3350 3741 3407 simul

2142 3444 2195 3493 et
2241 3438 2522 3495 suaviores
2559 3439 2770 3511 epulas,
2801 3446 3029 3511 excepta
3054 3439 3306 3512 corporis
3334 3441 3666 3498 necessitate
3696 3447 3742 3495 et

2142 3524 2425 3598 hospitum
2454 3528 2826 3601 susceptione,
2855 3528 3183 3586 contemnit.

2729 3653 2957 3712 CAPUT
2997 3654 3154 3711 XXI.

2621 3753 2806 3826 Inepta
2846 3752 3028 3809 latitia
3065 3752 3200 3809 dicit
3237 3770 3260 3810 ε

2212 3857 2284 3915 Ut
2328 3857 2464 3932 quid
2506 3858 2679 3915 animi
2711 3859 2976 3932 gaudium
3007 3860 3163 3917 intus
3205 3860 3559 3922 abscondis?
3591 3866 3737 3938 Egre

2142 3946 2269 4004 dere
2316 3947 2375 4003 in
2418 3948 2701 4020 publicum
2749 3949 2908 4007 laetus
2951 3968 2964 4007 :
3014 3949 3109 4007 dic
3153 3951 3375 4025 aliquid
3426 3954 3568 4011 foris
3609 3953 3738 4011 unde

2142 4038 2231 4093 vel
2268 4045 2330 4093 tu
2374 4038 2463 4093 vel
2509 4037 2751 4111 proximi
2802 4037 3019 4095 rideant
3080 4056 3092 4095 :
3149 4038 3237 4096 fac
3297 4057 3399 4098 eos
3458 4043 3608 4100 laetos
3656 4052 3740 4099 tua

2144 4126 2360 4182 laetitia.

2144 4224 2244 4282 Sed
2261 4226 2470 4298 sapiens
2487 4225 2762 4299 gaudium,
2781 4226 3185 4299 moderatusgue
3208 4244 3416 4285 maeror
3429 4230 3700 4303 respondet
3720 4245 3733 4284 :

2212 4323 2368 4380 Unde
2403 4324 2508 4381 tibi
2546 4332 2699 4381 tanta
2743 4326 3017 4399 contingit
3052 4327 3249 4385 laetitia
3272 4328 3302 4385 ?
3329 4327 3739 4402 Numquidnam

439 4428 619 4472 moras
648 4414 916 4481 innectas,
945 4415 1059 4488 jam
1091 4416 1265 4474 habeo
1297 4420 1555 4493 inquiens
1583 4422 1728 4493 quod
1777 4422 1877 4477 tibi
1924 4424 2034 4479 tri-
2062 4425 2110 4484 ι)
2141 4411 2422 4471 diabolum
2453 4415 2687 4473 vicisti?
2719 4418 3130 4491 Numquidnam
3163 4435 3356 4492 pinnas
3382 4420 3591 4476 inferni
3620 4435 3740 4477 eva-

437 4502 605 4565 buere
636 4524 855 4581 possum
894 4525 907 4564 :
940 4508 1124 4565 celans
1153 4510 1344 4582 utique
1386 4510 1444 4565 in
1481 4513 1644 4568 corde
1669 4512 1816 4585 quod
1847 4512 2034 4583 habes,

438 4598 524 4653 vel
558 4606 618 4654 ut
644 4596 749 4655 tibi
776 4612 1086 4668 conserves,
1117 4598 1205 4655 vel
1236 4605 1297 4666 ut
1344 4598 1463 4669 alii,
1492 4599 1539 4655 si
1575 4601 1833 4657 voluntas
1869 4601 2033 4671 inest,

435 4686 668 4745 tribuas.

959 4760 1292 4817 Mendacium
1333 4759 1463 4816 dicit
1490 4779 1509 4816 :

508 4849 749 4906 Omnino
776 4849 924 4924 quod
953 4854 1197 4925 postulas
1228 4870 1339 4910 non
1374 4853 1551 4911 habeo
1585 4850 1740 4926 (licet
1770 4853 1910 4910 illud
1937 4853 2029 4911 ha-

432 4936 604 5009 beat).
637 4940 758 4995 Non
809 4957 936 5013 ergo
984 4942 1283 4998 artiﬁcioso
1336 4943 1559 5018 ingenio
1605 4943 1749 5000 sicut
1793 4944 2028 5012 fallacia,

432 5028 523 5085 sed
555 5029 793 5102 simplici
824 5033 1131 5105 negationis
1156 5034 1325 5091 verbo
1346 5035 1692 5092 mendacium
1715 5043 2028 5107 poscentem

430 5118 749 5177 frustratur.

690 5211 791 5267 Sed
820 5210 1013 5267 veritas
1040 5212 1114 5268 ad
1140 5219 1421 5284 utrumque
1448 5214 1723 5286 respondet
1754 5229 1766 5271 :

495 5297 607 5356 Nec
632 5300 932 5357 artificioso
952 5301 1195 5374 ingenio,
1224 5319 1327 5360 nec
1348 5303 1589 5378 simplici
1620 5305 1787 5361 verbo
1813 5310 2029 5376 oportet

425 5386 674 5459 decipere
695 5406 1050 5463 quemquam,
1081 5392 1210 5464 quia
1241 5394 1489 5465 quolibet
1515 5395 1649 5450 artis
1678 5396 1844 5452 modo
1878 5410 2028 5450 men-

422 5475 595 5531 tiatur
622 5480 764 5549 quis,
807 5489 1030 5550 peccat;
1081 5483 1351 5554 scriptum
1383 5491 1466 5539 est
1494 5484 1641 5540 enim
1676 5503 1689 5541 :
1738 5485 1851 5541 «Os
1879 5483 2027 5556 quod

420 5563 713 5633 mentitur,
756 5568 961 5625 occidit
1006 5568 1247 5626 animam
1298 5572 1452 5644 (Sap.
1500 5572 1739 5644 ι,11).»
1796 5575 2029 5645 Insuper

2146 4502 2751 4580 sisti‘iNumquidnam
2798 4507 2866 4564 de
2912 4509 3110 4566 exsilio
3157 4510 3226 4566 ad
3269 4512 3508 4583 patriam
3546 4526 3745 4583 perve—

2144 4593 2321 4651 nisti?
2359 4596 2768 4669 Numquidnam
2816 4596 2885 4654 de
2924 4604 3020 4655 tua
3071 4598 3345 4656 electione
3389 4599 3743 4657 securitatem

2141 4684 2381 4757 aliquam
2424 4686 2730 4757 accepisti?
2784 4688 2872 4742 An
2918 4687 3059 4743 forte
3113 4687 3172 4743 in
3229 4687 3584 4745 oblivionem
3643 4687 3742 4745 tibi

2142 4774 2295 4829 venit
2316 4773 2463 4847 quod
2491 4775 2761 4832 Dominus
2790 4774 2928 4833 dicit
2958 4793 2969 4831 :
3016 4800 3035 4823 ε
3061 4775 3306 4834 Mundus
3331 4776 3617 4850 gaudebit,
3651 4792 3745 4833 vos

2140 4879 2271 4920 vero
2301 4863 2887 4932 contristabimini,sed
2922 4865 3151 4923 tristitia
3187 4875 3375 4923 vestra
3407 4877 3664 4925 vertetur
3690 4868 3743 4922 in

2139 4951 2397 5024 gaudium
2426 4953 2608 5022 (Joan.
2648 4971 2768 5024 xvr,
2796 4954 2888 5027 20)
2912 4955 2941 5012 ?
2969 4979 2987 5003 ι
3028 4960 3113 5012 An
3156 4956 3303 5014 forte
3330 4959 3515 5016 amico
3543 4957 3745 5015 excidit

2137 5039 2284 5114 quod
2311 5040 2457 5098 idem
2485 5042 2619 5099 alibi
2654 5043 2790 5100 dicit
2825 5061 2837 5101 :
2889 5069 2908 5094 ι
2927 5044 3025 5102 Va:
3044 5046 3208 5104 vobis
3230 5047 3328 5121 qui
3360 5047 3561 5104 ridetis
3582 5063 3745 5111 nunc,

2138 5129 2267 5204 quia
2313 5130 2571 5204 lugebitis
2619 5139 2673 5188 et
2717 5132 2925 5190 ﬂebitis
2958 5134 3114 5207 (Luc.
3147 5152 3230 5206 vr,
3260 5137 3357 5208 25)
3384 5137 3415 5193 τ
3442 5162 3460 5186 ι
3506 5138 3580 5193 Et
3606 5134 3744 5211 quod

2137 5232 2233 5292 per
2269 5228 2521 5277 sanctum
2569 5221 2918 5280 Salomonem
2968 5222 3181 5281 dicitur
3215 5243 3228 5282 :
3293 5251 3313 5275 ι
3354 5227 3525 5284 Risus
3567 5226 3744 5283 dolore

2138 5299 2480 5379 miscebitur,
2498 5317 2743 5367 extrema
2764 5319 2946 5367 autem
2983 5313 3174 5385 gaudii
3200 5314 3260 5370 iu
3294 5316 3515 5373 luctum
3546 5317 3745 5374 vadunt

2140 5396 2327 5470 (Prov.
2358 5414 2477 5469 xiv,
2512 5399 2602 5472 13)
2620 5401 2650 5458 ?
2669 5427 2689 5451 ι
2733 5401 2804 5457 Et
2823 5408 3050 5459 econtra
3080 5404 3233 5478 quod
3251 5421 3354 5477 per
3380 5407 3741 5480 Evangelinm

2134 5485 2365 5544 docetur
2398 5505 2410 5544 :
2469 5515 2486 5537 ι
2518 5489 2670 5547 Beati
2719 5492 2814 5565 qui
2866 5491 3077 5564 lugent,
3111 5493 3379 5567 quoniam
3426 5497 3535 5570 ipsi
3564 5511 3742 5553 conso-

2134 5575 2397 5633 labuntur
2427 5578 2640 5650 (Matth.
2663 5596 2720 5649 v,
2742 5580 2808 5651 ὅ)
2834 5580 2896 5637 9»
2920 5582 3282 5657 Rursumque
3312 5585 3467 5658 quod
3490 5602 3589 5660 per
3606 5584 3741 5642 Salo-
