3880 6204
135 256 270 325 1165

1040 255 1136 320 DE
1172 252 1517 322 VITIORUM
1557 258 2066 332 VIRTUTUMQUE
2109 260 2519 323 CONFLICTU.

3299 268 3437 327 1166

133 404 345 447 monem
383 383 633 444 dicitur:
689 410 709 435 ι
758 385 1029 455 Quoniam
1070 387 1206 461 justi
1253 396 1309 446 et
1342 389 1639 461 sapientes,
1672 396 1727 445 et
1756 393 1805 451 Α
1836 395 1918 445 est
1956 406 1968 444 :
1999 389 2093 461 qui
2122 398 2302 446 autem
2335 390 2660 461 fornicatur,
2703 392 2760 448 in
2804 408 3002 465 corpus
3039 384 3202 450 suum
3250 405 3438 468 peccat

134 492 291 552 opera
319 490 508 531 eorum
549 474 608 530 in
638 491 805 531 manu
833 478 971 546 Dei;
1022 485 1076 533 et
1117 478 1292 535 nescit
1334 477 1502 535 homo
1541 487 1727 535 utrum

134 580 313 622 amore
342 563 427 619 vel
458 563 587 620 odio
615 562 815 638 dignus
841 566 933 635 sit,
979 565 1077 624 sed
1125 568 1314 623 omnia
1357 566 1417 623 in
1471 567 1727 625 futurum

135 661 478 712 reservantur
506 654 718 711 incerta
749 657 943 725 (Eccte.
978 673 1057 724 rx,
1090 657 1168 729 1).
1197 682 1216 705 ι
1260 657 1573 730 Comprime
1601 674 1729 731 ergo

136 746 348 803 inanem
400 743 675 813 laetitiam,
731 744 861 818 quia
911 745 1148 803 necdum
1190 746 1411 802 evasisti
1457 747 1728 819 pmnalem

135 847 453 890 aerumnam.
483 831 680 888 Nonne
726 830 872 904 apud
911 833 1169 890 homines
1208 833 1437 890 insanus
1479 835 1528 890 is
1572 834 1731 890 aesti-

138 928 332 989 matur,
385 920 483 994 qui
539 921 907 979 carceralibus
960 922 1205 980 tenebris
1236 923 1469 997 gaudere
1499 931 1732 981 conatur

134 1011 378 1069 reclusus
400 1009 428 1067 ?

701 1117 930 1175 CAPUT
971 1119 1151 1176 XXII.

639 1208 1041 1280 Multitoquium
1069 1209 1238 1265 dicit:

200 1315 317 1373 Non
349 1312 446 1371 ille
478 1329 607 1370 reus
633 1313 929 1371 habebitur
971 1315 1244 1385 criminis,
1277 1315 1371 1391 qui
1404 1312 1563 1389 plura
1597 1313 1732 1389 qui-

134 1406 273 1475 dem,
305 1404 403 1462 sed
432 1404 580 1461 bona
610 1404 905 1478 loquitur.:
946 1404 1042 1463 sed
1071 1405 1165 1462 ille
1195 1407 1313 1481 qui,
1361 1406 1491 1465 licet
1537 1422 1730 1480 pauca,

134 1496 271 1553 mala
296 1502 485 1551 tamen
514 1493 698 1551 dicere
729 1494 1010 1568 probatur.

385 1591 492 1648 Cui
519 1592 766 1665 prudens
794 1593 1133 1650 taciturnitas
1162 1593 1437 1667 respondet
1465 1611 1477 1650 :

197 1689 405 1748 Verum
434 1699 517 1748 est
544 1692 692 1766 quod
724 1690 897 1762 dicis;
929 1692 1025 1750 sed
1057 1692 1189 1750 dum
1220 1694 1395 1751 multa
1422 1693 1566 1750 bona
1595 1709 1734 1767 pro-

133 1780 256 1838 ferri
301 1781 595 1853 videntur,
634 1800 776 1858 saepe
804 1784 1097 1857 contingit,
1128 1792 1191 1841 ut
1219 1801 1250 1841 a
1280 1785 1440 1842 bonis
1469 1784 1726 1840 inchoata

132 1874 331 1932 locutio
375 1872 445 1930 ad
490 1873 714 1948 aliquod
760 1890 991 1948 pravum
1040 1873 1341 1942 derivetur,
1382 1873 1489 1930 hoc
1542 1873 1721 1945 ipsum

134 1973 312 2022 sancta
338 1963 626 2037 Scriptura
672 1963 1064 2037 pronuntiante
1096 1981 1108 2020 :
1153 1988 1171 2012 ι
1199 1962 1339 2031 Quia
1366 1979 1435 2020 ex
1466 1963 1725 2020 multilo-

137 2053 259 2130 quio
297 2069 411 2110 non
456 2052 633 2126 fugies
689 2061 969 2126 peccatum
1001 2071 1014 2109 :
1067 2069 1294 2126 parcens
1340 2060 1520 2109 autem
1563 2052 1724 2108 labiis

137 2144 447 2219 intelligens
490 2144 598 2201 eris
645 2144 833 2216 (Prov.
863 2160 922 2211 x,
957 2143 1071 2214 19).
1126 2166 1145 2189 ›
1188 2143 1258 2198 Et
1304 2145 1350 2198 si
1399 2143 1539 2199 forte
1584 2137 1727 2198 inter

137 2235 306 2291 multa
330 2234 500 2289 verba
523 2232 874 2290 declinantur
905 2231 1159 2300 crimina,
1189 2231 1283 2289 sed
1324 2231 1594 2303 numquid
1621 2231 1728 2287 de—

136 2321 324 2379 clinari
352 2328 584 2396 possunt
614 2319 837 2376 inutilia
865 2328 1027 2394 atque
1056 2320 1253 2388 otiosa,
1284 2320 1351 2376 de
1379 2319 1580 2393 quibus
1607 2318 1729 2374 uti—

138 2425 238 2484 que
262 2412 408 2468 ratio
440 2411 495 2467 in
529 2409 719 2467 futuro
748 2409 853 2466 erit
882 2408 1158 2465 reddenda
1198 2410 1412 2481 (Matth.
1456 2426 1557 2477 xu,
1589 2407 1680 2475 36)
1701 2408 1728 2463 τ

139 2499 421 2557 Tenendus
446 2507 528 2556 est
556 2515 687 2572 ergo
723 2498 919 2556 modus
969 2497 1026 2554 in
1074 2497 1347 2572 loquendo
1392 2498 1531 2568 (Ivo,
1586 2505 1727 2571 part.

144 2605 219 2660 ιι,
252 2607 373 2664 cap.
404 2590 524 2663 55),
561 2599 616 2646 et
646 2589 782 2663 ipsis
829 2605 1226 2663 nonnunquam
1277 2588 1511 2646 utilibus
1549 2588 1732 2645 verbis

139 2679 489 2751 parcendum,
523 2681 668 2736 sicut
692 2680 982 2739 Psalmista
1016 2688 1238 2739 sanctus
1274 2679 1477 2753 legitur
1518 2678 1729 2736 fecisse.

139 2767 280 2825 Dicit
305 2768 456 2825 enim
482 2786 496 2824 :
544 2792 562 2815 ι
592 2768 880 2839 Obmutui,
913 2778 967 2826 et
991 2769 1318 2827 humiliatus
1349 2787 1494 2838 sum,
1526 2776 1581 2826 et
1602 2767 1733 2826 silui

150 2856 356 2914 abonis
384 2857 562 2929 (Psal.
590 2871 833 2927 xxxvm,
860 2857 941 2929 3).
974 2884 994 2908 ι

707 2983 938 3043 CAPUT
966 2965 1173 3045 XXIII.

710 3083 961 3140 Luxuria
997 3084 1129 3141 dicit
1149 3103 1161 3141 :

207 3189 267 3247 In
294 3191 584 3264 voluptate
609 3206 709 3248 cur
736 3198 790 3246 te
829 3191 996 3250 modo
1024 3208 1138 3248 non
1166 3191 1387 3261 dilatas,
1425 3207 1552 3249 cum
1599 3190 1732 3264 quid

140 3284 191 3335 te
220 3289 481 3354 sequetur
514 3280 732 3353 ignores
751 3280 781 3338 ?
807 3284 1111 3353 Acceptum
1141 3290 1361 3355 tempus
1401 3280 1461 3336 in
1502 3282 1614 3338 tuis
1643 3280 1731 3337 de-

140 3366 350 3426 sideriis
419 3369 645 3442 perdere
711 3386 825 3427 non
887 3370 1072 3438 debes,
1141 3372 1272 3445 quia
1337 3385 1502 3444 quam
1567 3370 1735 3427 citius

140 3465 472 3528 pertranseat
501 3459 699 3516 nescis.
729 3460 787 3516 Si
818 3460 965 3516 enim
997 3462 1140 3517 Deus
1168 3461 1226 3516 in
1241 3461 1525 3532 voluptate
1553 3459 1735 3516 carnis

140 3542 420 3605 hominem
447 3548 667 3606 misceri
698 3549 986 3619 noluisset,
1017 3550 1076 3605 in
1106 3550 1225 3623 ipso
1263 3549 1492 3606 humani
1520 3547 1732 3621 generis

139 3637 362 3693 exordio
391 3639 703 3695 masculum
732 3645 788 3695 et
816 3637 1079 3695 feminam
1107 3638 1359 3711 profecto
1400 3654 1512 3695 non
1556 3638 1731 3696 fecis-

141 3730 238 3781 88L

468 3818 569 3876 Sed
604 3818 813 3876 illibata
850 3821 1065 3877 castitas
1093 3821 1396 3896 respondet:

205 3909 343 3970 Nolo
372 3914 625 3988 ignorare
651 3923 705 3973 te
735 3916 869 3991 quid
903 3925 1028 3991 post
1072 3918 1215 3976 hanc
1260 3919 1432 3975 vitam
1480 3918 1731 3992 recipies,

142 4000 423 4069 praemium
453 4004 602 4061 enim
632 4005 719 4062 vel
768 4023 927 4080 poena
974 4015 1027 4065 te
1080 4016 1324 4066 manent.
1375 4009 1509 4065 Nam
1552 4007 1597 4064 si
1647 4006 1735 4080 pie

140 4095 387 4165 casteque
419 4092 650 4162 vixeris,
692 4095 811 4151 sine
844 4096 951 4154 ﬁne
986 4096 1045 4152 in
1079 4098 1188 4154 alia
1217 4097 1479 4169 gaudebis
1504 4098 1653 4153 vita:
1686 4096 1733 4154 si

141 4188 266 4233 vero
295 4178 524 4250 impiam
552 4196 617 4237 ac
641 4181 983 4240 luxuriosam
1005 4186 1178 4256 egeris
1200 4186 1372 4242 vitam
1392 4184 1558 4261 hanc,
1582 4193 1734 4241 aeter-

140 4267 223 4324 nis
257 4268 535 4327 incendiis
557 4274 1012 4347 contorqueberis
1049 4276 1108 4331 in
1150 4276 1277 4331 alia.
1324 4276 1457 4331 Inde
1499 4292 1626 4347 ergo
1670 4292 1735 4331 eo

139 4357 337 4415 castius
363 4375 428 4416 ac
454 4359 647 4433 purius
678 4360 867 4417 vivere
919 4361 1103 4430 debes,
1153 4378 1262 4435 quo
1308 4361 1473 4419 citius
1518 4372 1734 4435 tempus

1839 477 1897 548 (Ι
1925 477 2050 533 Cor.
2109 495 2186 545 γι,
2236 477 2348 548 18).
2401 503 2418 525 ι
2477 478 2633 546 Quod
2682 480 2730 536 si
2777 481 2882 537 hoc
2927 483 3436 554 parvipendendum

1837 567 2141 634 existimas,
2183 567 2309 624 audi
2354 570 2498 625 unde
2527 579 2711 640 postea
2740 570 2796 625 in
2828 572 3223 643 sempiternum
3254 573 3447 645 ἀθριο-Δ

1838 673 1924 712 res
1952 665 2004 711 et
2028 673 2228 729 gemas.
2281 684 2298 705 ι
2328 661 2513 732 Neque
2544 659 2823 715 fornicarii
2867 662 3076 733 (inquit
3108 661 3251 718 idem
3280 663 3441 735 Apo-

1839 746 2062 815 stolus),
2096 761 2273 819 neque
2297 748 2554 818 adulteri,
2588 765 2763 822 neque
2793 750 3004 818 molles,
3027 767 3203 823 neque
3231 769 3443 809 mascu-

1842 835 2019 890 lorum
2048 836 2455 907 concubitores,
2483 854 2711 910 regnum
2739 838 2836 893 Dei
2870 839 3228 910 possidebunt
3266 842 3435 912 (Ibid.

1841 924 1896 993 9,
1928 925 2042 997 10).
2079 952 2096 974 ι
2139 925 2184 983 Ο
2214 943 2375 999 quam
2407 936 2789 984 momentanea
2816 934 2897 983 est
2923 928 3106 983 carnis
3125 928 3438 999 delectatio,

1840 1031 2005 1088 quam
2066 1015 2250 1072 labilis
2293 1016 2622 1074 concubitus
2669 1016 2824 1083 hora,
2876 1033 2981 1090 qua
3028 1018 3277 1089 perditur
3325 1019 3441 1074 vita

1838 1111 2061 1160 aeterna.
2096 1102 2275 1172 Quod,
2322 1122 2475 1178 rogo,
2524 1106 2957 1161 emolumentum
3001 1106 3158 1162 all‘ert
3199 1108 3440 1178 corpori,

1840 1192 2057 1266 quodve
2088 1192 2288 1249 tribuit
2316 1194 2554 1263 lucrum,
2600 1193 2658 1250 id
2702 1193 2848 1267 quod
2890 1201 3001 1251 tam
3045 1195 3155 1252 cito
3201 1196 3441 1251 animam

1839 1281 1997 1339 ducit
2022 1280 2091 1338 ad
2119 1290 2384 1339 tartarum
2407 1284 2436 1340 ?

2408 1420 2639 1479 CAPUT
2673 1419 2879 1478 XXIV.

2255 1523 2529 1597 Spiritalis
2556 1522 2843 1594 fornicatio
2869 1522 2994 1579 dicit
3017 1542 3034 1579 :

1910 1642 2195 1718 Numquid
2225 1640 2598 1699 damnandum
2629 1641 2842 1714 aliquid
2862 1642 2973 1714 agit
3003 1642 3051 1697 is
3072 1642 3165 1715 qui
3192 1642 3250 1698 in
3279 1641 3443 1700 corde

1760 1753 1806 1813 Β
1839 1732 2064 1790 libidini
2114 1731 2410 1796 consentit,
2461 1738 2516 1786 et
2558 1731 2626 1787 ad
2662 1747 2799 1803 opus
2843 1731 3148 1802 concupita:
3193 1730 3445 1787 libidinis

1837 1839 1950 1879 non
1978 1820 2322 1895 pertransit?
2354 1819 2515 1877 Certe
2543 1836 2655 1875 non
2690 1837 2703 1874 :
2746 1819 2875 1891 quia
2902 1826 3207 1891 peccatum,
3233 1828 3295 1875 ut
3311 1820 3444 1876 scri-

1834 1912 1922 1969 bit
1953 1912 2273 1985 Apostolus,
2305 1910 2455 1983 quod
2501 1916 2943 1967 consummatum
2990 1908 3178 1977 fuerit,
3227 1916 3446 1979 generat

1834 2014 2072 2062 mortem
2101 2003 2241 2075 (Jac.
2278 2018 2315 2069 ι,
2351 2001 2465 2069 15).

2156 2116 2255 2173 Sed
2292 2114 2561 2171 munditia
2598 2114 2774 2169 cordis
2810 2115 3117 2186 respondet:
3182 2172 3185 2173 ν

1909 2227 2151 2285 Omnino
2180 2224 2477 2298 delinquit,
2510 2222 2605 2295 qui
2630 2221 2813 2279 cordis
2840 2223 3135 2294 puritatem
3166 2222 3446 2297 animique

1837 2315 2225 2376 castimoniam
2258 2330 2370 2369 non
2406 2313 2668 2369 custodit.
2719 2312 2933 2368 Idcirco
2964 2319 3018 2367 et
3046 2312 3227 2368 omnis
3256 2322 3477 2371 auctor'

1839 2405 2130 2462 munditiae
2162 2404 2219 2459 in
2248 2402 2551 2474 Evangelio
2580 2403 2753 2458 dicit:
2802 2428 2820 2449 ε
2866 2403 2971 2469 Qui
3005 2403 3206 2460 viderit
3237 2404 3448 2460 mulie-

1842 2513 1955 2553 rem
1985 2494 2049 2551 ad
2081 2491 2582 2565 concupiscendum
2599 2508 2739 2558 eam,
2762 2489 2874 2561 jam
2905 2491 3207 2548 moechatus
3227 2501 3307 2549 est
3327 2510 3447 2549 eam

1842 2584 1896 2640 in
1937 2583 2102 2641 corde
2145 2599 2246 2639 suo
2284 2582 2506 2651 (Matth.
2538 2597 2593 2648 v,
2627 2579 2742 2649 28).
2774 2603 2791 2626 ι
2834 2579 2987 2634 Unde
3017 2587 3071 2635 et
3100 2598 3195 2652 per
3226 2581 3446 2637 beatum

1841 2674 1942 2730 Job
1972 2673 2214 2730 dicitur:
2260 2696 2279 2718 σ
2309 2671 2508 2727 Foedus
2538 2670 2691 2741 posui
2715 2686 2839 2724 cum
2868 2669 3043 2725 oculis
3073 2670 3228 2737 meis,
3252 2679 3313 2726 ut
3334 2687 3445 2725 non

1843 2762 2146 2835 intelligam
2177 2777 2339 2833 super
2368 2759 2638 2830 virginem
2672 2758 2791 2829 (Job
2823 2774 2979 2825 χχχι,
3015 2758 3091 2829 1).
3155 2781 3173 2804 ι
3211 2759 3282 2813 Et
3311 2758 3447 2831 quid

1841 2852 2042 2909 divisit
2071 2854 2215 2907 Deus
2258 2849 2509 2921 desuper,
2557 2855 2611 2902 et
2661 2846 2953 2902 haereditas
3002 2847 3327 2903 sufﬁcientis
3377 2864 3446 2903 ex

1844 2941 2173 2998 altissimis?
2203 2939 2318 2996 Nisi
2347 2938 2495 2995 enim
2527 2939 2641 2993 Deo
2669 2936 2881 2992 auctori
2913 2944 3102 2991 nostro
3131 2952 3311 3008 pravae
3343 2952 3447 2992 co-

1844 3029 2127 3103 gitationis
2178 3044 2475 3085 consensus
2537 3026 2871 3099 displiceret,
2939 3041 3282 3098 nequaquam
3352 3040 3448 3097 per

1764 3114 1807 3174 C
1843 3122 2037 3178 Isaiam
2079 3120 2393 3177 diceretur:
2440 3142 2458 3165 ι
2490 3118 2716 3174 Auferte
2758 3116 3031 3190 nequitias
3060 3116 3128 3172 ab
3154 3115 3444 3172 animabus

1841 3211 2040 3268 vestris
2070 3227 2253 3267 coram
2285 3209 2460 3265 oculis
2492 3208 2627 3263 meis
2657 3207 2798 3275 (Isa.
2832 3224 2870 3274 1,
2904 3207 3018 3277 16),
3046 3230 3064 3254 ι
3099 3213 3153 3261 et
3182 3205 3239 3260 in
3264 3207 3445 3261 Evan-

1844 3300 1984 3373 gelio
2013 3299 2274 3355 adversus
2299 3297 2601 3353 Pharisaeos
2630 3311 2741 3350 non
2772 3293 3047 3349 diceretur
3075 3310 3086 3347 :
3129 3316 3146 3339 ι
3189 3293 3259 3349 Ut
3301 3292 3437 3364 quid

1842 3389 2095 3460 cogitatis
2125 3388 2267 3444 mala
2295 3388 2352 3442 in
2382 3385 2643 3443 cordibus
2673 3383 2871 3439 vestris
2902 3383 3120 3454 (Matth.
3160 3398 3237 3450 ιχ,
3263 3381 3421 3453 lli)?’

1842 3482 1947 3540 Sed
1984 3498 2086 3537 nec
2124 3481 2327 3538 Paulus
2355 3481 2640 3553 apostolus
2677 3479 2937 3535 Romanis
2972 3478 3268 3534 scriberet:
3318 3502 3335 3524 ι
3372 3478 3443 3533 Et

1843 3574 1988 3629 inter
2033 3587 2090 3628 se
2138 3569 2569 3644 cogitationibus
2616 3568 2852 3624 invicem
2896 3567 3303 3633 accusantibus,
3350 3574 3446 3623 aut

1842 3661 2010 3718 etiam
2045 3658 2489 3726 defendentibus,
2541 3658 2601 3713 in
2630 3656 2719 3714 die
2745 3672 2851 3729 qua
2871 3655 3143 3729 judicabit
3168 3658 3313 3711 Deus
3342 3672 3444 3711 oc—

1841 3752 1992 3809 culta
2020 3750 2333 3819 hominum,
2366 3746 2667 3805 secundum
2715 3745 3078 3819 Evangelium
3124 3761 3307 3800 meum
3350 3760 3447 3817 per

1840 3840 2024 3898 Jesum
2055 3839 2338 3902 Christum
2372 3839 2549 3912 (Rom.
2584 3854 2646 3903 η,
2681 3834 2793 3905 15).
2826 3862 2844 3884 ι

2433 3970 2659 4027 CAPUT
2680 3967 2860 4025 XXV.

2361 4067 2531 4123 Amor
2558 4065 2734 4121 seculi
2763 4064 2891 4119 dicit
2915 4083 2933 4119 :

1913 4180 2060 4250 Quid
2091 4179 2399 4253 pulchrius,
2433 4181 2566 4255 quid
2595 4180 2899 4249 honestius,
2952 4178 3086 4253 quid
3132 4178 3439 4249 venustius,

1843 4271 2049 4345 quidve
2078 4277 2257 4342 potest
2283 4285 2399 4325 esse
2427 4268 2834 4337 delectabilius,
2868 4285 3031 4342 quam
3053 4270 3201 4343 quod
3232 4270 3286 4324 in
3312 4285 3441 4341 prae-

1843 4361 1986 4419 senti
2034 4360 2149 4416 vita
2202 4359 2449 4433 quotidie
2492 4359 2821 4415 cernimus?
2869 4359 2913 4413 Ο
2962 4375 3126 4430 quam
3173 4358 3443 4414 mirabilis

137 4456 417 4530 acceptum
447 4455 809 4521 pertranseat,
848 4450 1099 4523 ignorare
1127 4459 1181 4508 te
1210 4452 1371 4508 dicis.
1415 4450 1574 4518 Quod
1606 4467 1734 4507 vero
1764 4471 1812 4530 ι)
1841 4450 1965 4507 οωιί
1995 4465 2209 4506 camera
2256 4450 2313 4504 in
2353 4465 2474 4505 aere
2512 4446 2781 4519 jucundo,
2835 4446 2893 4502 in
2942 4447 3152 4501 lumine
3191 4446 3342 4512 solis,
3383 4446 3442 4500 in

142 4529 197 4587 in
224 4536 454 4594 exordio
490 4538 704 4611 generis
743 4538 969 4596 humani
996 4540 1063 4596 ad
1093 4538 1199 4597 hoc
1226 4539 1531 4596 masculum
1562 4547 1615 4595 et
1644 4540 1734 4597 fe-

145 4621 351 4680 minam
379 4627 555 4683 Deum
584 4642 897 4699 procreasse
923 4627 1198 4701 profiteris
1248 4628 1405 4701 (Gen.
1441 4646 1480 4697 1,
1516 4628 1632 4700 27),
1672 4636 1734 4684 ut

145 4712 349 4769 mutuis
375 4730 432 4770 se
463 4715 813 4788 amplexibus
838 4716 1055 4775 misceri
1086 4716 1337 4785 debeant,
1370 4717 1598 4774 omnino
1628 4734 1735 4774 ve-

143 4810 261 4854 rum
301 4800 440 4860 dicis
481 4804 541 4859 in
583 4804 904 4878 aliquibus:
951 4805 1047 4862 sed
1092 4814 1377 4879 postquam
1429 4806 1731 4863 humanum

144 4900 308 4955 genus
335 4897 447 4947 tam
479 4892 637 4965 longe
684 4894 897 4967 lateque
944 4903 1297 4967 propagatum
1341 4903 1444 4965 est,
1488 4891 1732 4953 nubendi

143 4970 361 5036 licentia
390 4981 718 5053 quihusdam
750 4983 1104 5057 relinquitur,
1152 4983 1257 5041 hoc
1302 4992 1402 5054 est,
1429 4987 1523 5059 qui
1550 4987 1733 5059 virgi-

144 5062 368 5125 nitatem
400 5074 488 5128 vel
511 5074 896 5130 castimoniam
931 5075 1206 5131 vidualem
1239 5091 1581 5149 nequaquam
1613 5094 1731 5149 pro-

145 5148 268 5210 fessi
298 5168 459 5216 sunt:
491 5160 820 5235 quibusdam
851 5178 982 5220 vero
1017 5163 1386 5232 interdicitur,
1420 5148 1477 5222 id
1508 5148 1732 5237 est,qui

146 5242 381 5315 Virgines
410 5250 497 5306 vel
543 5252 891 5310 continentes
936 5270 1051 5311 esse
1098 5254 1478 5312 decreverunt.
1529 5254 1734 5309 Forni-

145 5333 281 5388 catio
319 5352 449 5394 vero
496 5340 639 5395 nulli
668 5340 894 5414 impune
940 5343 1280 5401 conceditur.
1332 5343 1454 5399 Non
1495 5342 1734 5399 attendis

148 5415 301 5507 forte,
363 5435 459 5483 aut
516 5432 982 5489 contemnendum
1042 5443 1201 5506 putas
1245 5430 1392 5507 quod
1438 5431 1734 5504 Apostolus

146 5504 368 5570 lubricis
391 5515 563 5576 dicit:
612 5544 631 5568 ι
661 5520 854 5593 Fugite
883 5504 1323 5581 fornicationem.
1366 5523 1540 5580 Omne
1584 5522 1732 5577 enim

149 5608 420 5667 peccatum
457 5605 824 5681 quodcunque
853 5608 1046 5668 fecerit
1076 5611 1263 5683 homo,
1312 5619 1466 5670 extra
1511 5626 1729 5683 corpus,

1842 4545 2135 4611 augmento
2166 4538 2309 4593 lunae
2339 4545 2503 4610 atque
2550 4535 2788 4601 defectu,
2844 4534 2898 4588 in
2944 4533 3204 4611 varietate
3247 4532 3441 4588 stella-

1840 4610 1961 4685 rum
1994 4638 2048 4685 et
2092 4646 2300 4686 cursu:
2351 4645 2513 4702 quam
2560 4626 2905 4683 oblectabilis
2946 4610 3193 4680 terra'in
3241 4640 3443 4680 nemo-

1841 4734 1962 4774 rum
1986 4718 2234 4787 floribus,
2267 4717 2324 4772 in
2356 4717 2633 4773 fructuum
2656 4714 3044 4781 suavitatibus,
3076 4713 3133 4767 in
3160 4722 3442 4785 pratorum

1841 4812 2261 4885 rivulorumque
2290 4810 2724 4876 amoenitatibus,
2755 4809 2809 4863 in
2840 4815 3082 4879 segetum
3116 4807 3314 4862 culmis
3347 4807 3444 4863 lu-

1839 4900 2216 4968 xuriantibus,
2253 4899 2310 4954 in
2341 4899 2632 4953 vinearum
2679 4896 2829 4952 foliis
2860 4906 2911 4952 et
2938 4895 3287 4951 botrionibus
3314 4897 3444 4968 ple—

1840 4989 1929 5044 nis
1957 4987 2297 5061 palmitibus,
2331 4987 2389 5041 in
2421 4987 2683 5042 silvarum
2716 4984 2929 5040 umbris
2960 4991 3015 5040 et
3045 4984 3239 5057 palmis
3260 4983 3441 5040 viren-

1840 5077 2008 5145 tibus,
2056 5076 2111 5131 in
2144 5091 2410 5148 equorum
2449 5082 2504 5130 et
2527 5090 2725 5130 canum
2757 5074 3031 5143 cursibus,
3064 5074 3122 5128 in
3151 5089 3441 5130 cervorum

1841 5173 1895 5221 et
1931 5180 2247 5237 caprearum
2279 5164 2533 5230 saltibus,
2568 5162 2621 5217 in
2655 5162 2983 5234 accipitrum
3034 5162 3331 5229 volatibus,
3384 5160 3443 5216 in

1841 5271 2139 5327 pavonum,
2173 5254 2575 5318 columbarum,
2614 5261 3003 5326 turturumque
3027 5252 3224 5324 pennis
3249 5259 3303 5306 et
3333 5251 3443 5306 col-

1840 5345 1928 5411 lis,
1962 5345 2018 5400 in
2048 5344 2335 5400 domorum
2384 5343 2685 5417 parietibus
2715 5342 2874 5415 pictis
2902 5350 2956 5398 et
2984 5341 3349 5415 laquearibus,
3383 5340 3443 5394 in

1841 5450 2167 5505 organorum
2194 5436 2554 5508 omniumque
2583 5436 2918 5491 musicorum
2944 5433 3223 5505 tympanis
3243 5439 3296 5486 et
3316 5446 3441 5487 can-

1840 5522 2010 5591 tibus,
2041 5532 2095 5579 et
2125 5524 2181 5578 in
2220 5523 2516 5579 mulierum
2552 5522 2800 5579 venustis
2838 5520 3165 5592 aspectibus,
3214 5534 3444 5574 earum~

1841 5626 1948 5683 que
1995 5611 2307 5683 superciliis
2336 5619 2390 5668 et
2422 5610 2690 5678 crinibus,
2711 5609 2887 5667 oculis
2913 5618 2966 5663 et
3005 5607 3181 5679 genis,
3209 5612 3429 5677 gutture
