3880 6204
429 194 571 252 1167
1500 199 1596 254 ΑΙ)

1658 199 1892 255 OPERA
1930 200 1985 255 S.
2026 199 2357 256 AMBROSII
2385 196 2760 256 APPENDIX.

3632 196 3765 259 “68
3850 152 3851 157 γ

431 322 612 392 labiis,
657 329 711 378 et
735 322 1009 389 manibus,
1034 332 1197 395 atque
1225 322 1349 380 aliis
1376 324 1720 379 extrinsecus
1770 325 2038 380 adhibitis
2061 328 2111 385 A
2143 343 2291 393 wa,
2317 325 2386 393 Ii;
2424 327 2455 381 Ι
2479 327 2603 381 Cor.
2634 343 2692 392 Π,
2723 326 2802 397 9).
2849 325 2934 382 Ad
2980 326 3125 381 hanc
3173 324 3515 380 felicitatem
3570 326 3759 381 multis

431 413 789 483 ornamentis,
808 414 1073 470 nimirum
1105 430 1238 470 auro
1272 420 1325 469 et
1354 413 1583 484 gemmis
1607 412 1883 469 distinctis
1913 431 2024 470 mo-

431 505 659 573 nilibus,
682 512 736 560 et
757 506 968 562 caeteris
985 503 1326 576 hujusmodi,
1350 520 1471 575 quae
1492 503 1813 576 singillatim
1836 522 2026 561 sensus

431 594 596 653 modo
626 596 866 651 recolere
897 611 1008 650 non
1036 600 1234 665 potest.

681 685 782 739 Sed
809 684 1023 738 ccelestis
1062 700 1215 737 amor
1248 683 1442 753 patriae
1466 685 1775 754 respondet:

501 773 558 831 Si
588 783 641 829 te
668 775 771 828 ista
801 788 920 843 quae
962 772 1063 827 sub
1101 775 1242 828 coelo
1285 782 1432 838 sunt,
1466 774 1600 829 adeo
1645 775 1881 844 placent,
1930 791 2028 829 cur

430 879 543 919 non
572 862 744 933 magis
787 878 848 916 ea
877 877 997 933 quae
1046 862 1103 916 in
1147 863 1286 918 cmlo
1316 871 1463 929 sunt,
1512 870 1565 916 te
1603 863 1927 918 oblectant?
1971 862 2026 917 Si

427 968 613 1008 carcer
641 967 671 1006 a
697 959 749 1007 te
778 952 919 1006 tanti
949 952 1271 1019 aestimatur,
1298 953 1491 1023 patria,
1516 953 1729 1019 civitas,
1753 961 1805 1007 et
1826 960 2025 1025 quanta

428 1050 510 1099 est
531 1041 559 1097 7
587 1041 644 1097 Si
675 1042 805 1096 talia
831 1050 962 1096 sunt
991 1058 1109 1114 quae
1138 1044 1329 1097 colunt
1359 1042 1651 1113 peregrini,
1687 1042 1871 1112 qualia
1900 1050 2029 1096 sunt

427 1148 491 1187 ea
509 1147 629 1203 quae
660 1131 940 1202 possident
969 1132 1069 1185 lilii
1094 1133 1119 1186 ?
1145 1132 1199 1185 Si
1240 1132 1495 1185 mortales
1524 1139 1577 1186 et
1610 1131 1794 1186 miseri
1830 1131 1885 1184 in
1916 1131 2029 1185 vita

429 1222 533 1277 hac
561 1222 745 1277 taliter
772 1232 901 1278 sunt
929 1223 1084 1278 dilati
1112 1240 1122 1276 :
1170 1223 1509 1278 immortales
1539 1231 1589 1277 et
1616 1223 1761 1277 beati
1794 1222 2029 1293 qualiter

429 1321 557 1369 sunt
587 1314 644 1369 in
675 1313 781 1368 alia
810 1312 1191 1367 remunerandi
1218 1313 1245 1368 ?
1292 1314 1635 1385 Quapropter
1680 1330 1835 1366 amor
1882 1329 2028 1384 pra:-

431 1403 600 1457 sentis
628 1403 835 1470 saeculi,
864 1402 919 1456 in
950 1420 1058 1474 quo
1088 1403 1274 1458 nullus
1304 1404 1379 1458 ita
1410 1404 1654 1457 nascitur
1684 1411 1743 1457 ut
1773 1418 1881 1456 non
1917 1418 2027 1455 mo-

430 1491 624 1559 riatur,
671 1492 923 1563 protinus
961 1491 1189 1559 recedit,
1217 1500 1279 1547 ut
1307 1510 1459 1547 amor
1494 1492 1686 1558 futuri,
1722 1491 1777 1545 in
1812 1507 1919 1562 quo
1950 1490 2027 1546 sic

429 1599 619 1640 omnes
648 1584 1027 1651 viviﬁcantur,
1049 1592 1110 1638 ut
1131 1585 1388 1654 deinceps
1410 1601 1517 1639 non
1544 1584 1868 1647 moriantur,
1893 1600 2028 1639 suc—

2139 415 2323 471 saeculi
2380 414 2594 470 divitiis
2640 415 2977 487 constipatus
3015 412 3201 470 David
3250 412 3581 482 anhelabat,
3637 432 3759 471 cum

2133 506 2340 560 diceret
2370 522 2381 560 :
2428 527 2446 552 ι
2477 505 2619 572 Quid
2649 506 2797 560 enim
2818 505 2955 560 mihi
2982 504 3145 560 estin
3167 503 3316 559 coelo
3345 521 3356 558 :
3392 512 3450 560 et
3478 519 3509 557 a
3538 511 3598 559 te
3628 504 3756 576 quid

2138 596 2287 650 volui
2317 610 2482 666 super
2507 603 2710 650 terram
2753 596 2931 663 (Psal.
2973 610 3151 660 Lxxn,
3196 593 3317 663 25).
3378 616 3397 639 ι
3459 592 3661 647 Multis
3704 600 3756 649 et

2136 685 2429 753 regalibus,
2462 685 2691 756 dapibus
2721 692 2775 740 et
2805 684 3185 756 voluptatibus
3232 683 3363 738 aliis
3404 681 3751 751 abundabat,

2137 783 2190 828 et
2218 775 2584 830 nihilominus
2613 773 2917 830 clamabat:
2966 797 2985 820 ‹
3015 772 3272 828 Satiabor
3307 789 3437 828 cum
3470 788 3754 844 apparue—

2136 864 2209 918 rit
2240 864 2373 918 mihi
2412 864 2583 936 gloria
2627 872 2717 919 tua
2747 864 2919 935 (Psal.
2952 879 3070 928 xvr,
3115 862 3234 929 15),
3288 887 3308 911 ι
3369 871 3426 917 et
3477 878 3705 917 rursum
3738 881 3748 916 :

2150 977 2167 999 ‹
2190 954 2375 1007 Sititit
2404 954 2587 1008 anima
2618 970 2735 1007 mea
2762 951 2829 1006 ad
2856 954 3027 1007 Deum
3052 951 3252 1006 fortem
3276 950 3501 1018 vivum,
3524 950 3751 1022 quando

2138 1044 2352 1097 veniam
2386 1052 2437 1098 et
2465 1042 2732 1113 apparebo
2762 1050 2887 1097 ante
2917 1041 3114 1097 faciem
3136 1041 3239 1097 Dei
3259 1043 3444 1112 (Psal.
3477 1059 3603 1105 xu,
3627 1041 3738 1109 3}?-

2138 1149 2505 1205 rursumque:
2554 1158 2571 1180 ‹
2602 1132 2700 1188 llei
2730 1132 2866 1186 mihi
2909 1132 3040 1204 quia
3085 1131 3365 1186 incolatus
3411 1147 3577 1186 meus
3631 1148 3753 1203 pro-

2139 1223 2397 1294 longatus-
2418 1230 2498 1276 est
2529 1222 2700 1291 (Psal.
2734 1239 2887 1288 (πως,
2925 1222 3005 1293 5).
3044 1247 3063 1268 ι
3109 1222 3257 1278 Hinc
3286 1230 3339 1276 et
3367 1222 3577 1278 Paulus
3610 1240 3752 1295 apo—

2138 1312 2356 1367 stolus:
2428 1336 2446 1357 ι
2492 1312 2857 1381 Desiderium,
2906 1312 3109 1395 inquit,
3164 1311 3343 1368 habeo
3389 1312 3656 1381 dissolvi,
3702 1323 3749 1369 et

2137 1418 2261 1455 cum
2293 1400 2512 1456 Christo
2559 1418 2672 1457 esse
2719 1402 2893 1479 multo
2940 1401 3141 1456 melius
3187 1401 3455 1472 (Philipp.
3490 1419 3532 1470 ι,
3560 1402 3684 1471 23).
3720 1429 3736 1450 ι

2138 1490 2235 1544 His
2250 1490 2430 1562 itaque
2447 1490 2711 1558 decursis,
2733 1507 3045 1563 quanquam
3068 1490 3244 1545 multa
3266 1492 3745 1562 przetermiserim,

2136 1587 2337 1647 tamen,
2370 1589 2429 1636 ut
2458 1580 2596 1635 mihi
2628 1580 2867 1649 videtur,
2908 1581 3084 1636 hostis
3132 1580 3311 1637 nostri
3344 1581 3515 1635 fortia
3546 1590 3746 1649 castra,

430 1671 602 1728 cedit:
639 1672 735 1728 ubi
764 1674 918 1728 nulla
950 1673 1250 1729 adversitas
1285 1673 1489 1742 turbat,
1539 1673 1692 1727 nulla
1738 1672 2027 1728 necessitas
2057 1690 2103 1749 Β
2135 1671 2337 1741 quibus
2367 1670 2451 1741 pie
2482 1670 2728 1724 viventes
2767 1670 2823 1724 in
2863 1668 3082 1725 Christo
3131 1686 3246 1725 non
3290 1670 3502 1725 desinit
3553 1670 3747 1742 impu-

430 1768 699 1832 augustat,
730 1763 883 1817 nulla
911 1764 1161 1819 molestia
1188 1763 1478 1834 inquietat,
1510 1761 1603 1817 sed
1638 1762 1892 1832 perennis
1921 1762 2023 1816 lae—

428 1852 553 1908 titia
582 1862 789 1925 regnat.
822 1854 923 1909 Sed
955 1871 1161 1925 quaeres
1198 1854 1331 1925 quid
1368 1854 1443 1908 ibi
1498 1853 1587 1919 sit,
1637 1852 1729 1907 ubi
1774 1860 1925 1907 tanta
1970 1859 2024 1905 et

429 1941 556 1997 talis
584 1941 869 1999 beatitudo
896 1945 1155 2015 persistit.
1206 1944 1385 1997 Aliter
1426 1941 1608 1997 dicere
1636 1958 1794 1996 nemo
1822 1949 2024 2013 potest,

430 2030 537 2086 nisi
568 2032 697 2105 quia
725 2032 994 2106 quidquid
1042 2032 1171 2087 boni
1219 2040 1317 2100 est,
1369 2032 1445 2087 ibi
1485 2041 1563 2087 est
1598 2051 1608 2088 :
1662 2040 1712 2086 et
1756 2030 2025 2103 quidquid

429 2122 563 2177 mali
600 2132 700 2191 est,
750 2140 1017 2196 nusquam
1062 2122 1136 2177 ibi
1190 2130 1289 2176 est.
1332 2122 1510 2189 Quod,
1562 2121 1766 2193 inquis,
1820 2123 2022 2175 bonum

430 2209 570 2265 illud
602 2213 730 2268 est?
759 2212 900 2279 Quid
931 2228 1016 2267 me
1045 2210 1385 2282 interrogas?
1416 2214 1461 2263 Α
1494 2210 1756 2282 propheta
1788 2217 1840 2263 et
1870 2213 2025 2280 Apo-

430 2300 572 2354 stolo
600 2302 932 2374 explicatum
957 2313 1036 2359 est
1062 2322 1073 2358 :
1110 2328 1128 2348 ι
1151 2303 1375 2368 Oculus,
1402 2302 1831 2372 inquiunt,‘nou
1863 2299 2025 2367 \idit,

428 2404 530 2445 nec
559 2391 708 2447 auris
733 2392 969 2460 audivit,
1012 2408 1112 2453 nec
1152 2392 1208 2446 in
1253 2409 1347 2447 cor
1376 2391 1620 2445 hominis
1663 2388 2025 2445 ascenderunt

429 2495 549 2553 quae
577 2482 906 2555 praeparavit
937 2482 1080 2535 Deus
1129 2480 1195 2535 iis
1244 2479 1338 2552 qui
1383 2480 1625 2551 diligunt
1672 2478 1829 2533 illum
1887 2478 2019 2548 (Isa.

2134 1776 2318 1831 gnare,
2376 1777 2541 1831 quam
2596 1759 2837 1816 breviter
2892 1759 3293 1815 demonstravi.
3360 1760 3528 1826 Ecce,
3580 1759 3748 1815 frater

2134 1849 2474 1916 charissime,
2520 1848 2661 1904 inter
2701 1856 2922 1904 caeteras
2962 1865 3108 1904 meas
3150 1850 3551 1920 occupationes
3599 1849 3743 1905 hunc

2132 1939 2235 1995 tibi
2267 1956 2572 1995 sermonem
2605 1939 2890 2011 nocturnis
2919 1939 3073 1994 boris
3116 1938 3337 1995 inculta
3387 1939 3517 1995 licet
3565 1957 3745 1995 venu-

2134 2036 2295 2097 state,
2341 2028 2547 2084 dictavi
2594 2038 2756 2101 atque
2783 2029 3084 2101 conscripsi
3118 2048 3129 2085 :
3165 2045 3337 2101 quem
3376 2046 3511 2101 quia
3550 2029 3743 2102 episto-

2133 2119 2307 2173 larum
2340 2119 2603 2174 excedere
2636 2119 2857 2175 modum
2888 2119 3148 2191 cognovi,
3182 2118 3440 2174 libellum
3472 2119 3659 2191 potius
3682 2119 3742 2175 de

2133 2209 2397 2265 vitiorum
2431 2209 2808 2282 virtutumque
2850 2209 3110 2265 conﬂictu
3154 2226 3489 2282 nuncupare
3536 2210 3733 2265 malui:

2133 2298 2188 2352 in
2236 2316 2344 2370 quo
2390 2299 2435 2353 si
2480 2298 2859 2355 aediﬁcationis
2908 2297 3118 2372 aliquid
3168 2300 3475 2373 repereris,
3522 2308 3575 2356 et
3624 2298 3740 2353 aliis

2134 2386 2315 2459 ipsum
2346 2388 2635 2460 legendum
2669 2388 2880 2446 tradere
2908 2388 3149 2447 curabis.

1806 2802 2072 2869 LIBRI
2136 2803 2322 2871 DUO

955 2956 1169 3104 DE
1286 2958 2236 3106 VOCATIONE
2355 2958 3192 3107 GENTIUM.

537 3173 818 3248 (Exstant,
843 3190 982 3229 nova
1011 3180 1060 3230 et
1084 3174 1414 3230 accuratiore
1442 3173 1663 3229 editione
1690 3173 1892 3241 donati,
1922 3173 2059 3227 inter
2086 3190 2246 3243 opera
2276 3173 2529 3245 Prosperi
2554 3172 2834 3244 Aquitani.
2875 3173 2997 3233 Vide
3030 3179 3162 3229 tom.
3210 3174 3313 3243 LI,
3342 3176 3449 3231 col.
3492 3175 3637 3247 639.)

426 3337 2547 3366 Μ

989 3489 1152 3570 DE

1252 3490 1860 3575 MORIBUS
1959 3491 3152 3578 BRACHMANORUM.

495 3786 733 3845 Habetur
757 3785 840 3843 hic
860 3791 1117 3843 tractatus
1141 3802 1239 3841 ms.
1272 3785 1329 3840 in
1361 3786 1528 3840 tribus
1555 3787 1900 3842 celeberrimis
1934 3792 2110 3847 Italia:
2140 3793 2475 3859 bibliothecis,
2516 3795 2789 3863 Vaticana,
2822 3797 3235 3865 Mediolanensi,
3270 3805 3319 3854 et
3346 3798 3596 3857 Mediam
3635 3796 3714 3852 sub

423 3878 632 3932 nomine
664 3878 725 3933 B.
775 3876 1045 3932 Ambrosii
1074 3876 1483 3935 Mediolanensis
1520 3876 1793 3948 episcopi:
1842 3881 1994 3948 cujus
2044 3887 2209 3935 tamen
2249 3898 2353 3935 non
2396 3900 2520 3948 esse,
2572 3889 2680 3939 tum
2722 3903 2785 3939 ea:
2812 3886 2939 3941 aliis
2984 3885 3231 3942 dubitari
3274 3895 3467 3960 potest,
3522 3894 3623 3942 tum
3664 3902 3718 3939 et

424 3963 723 4033 (ii/ferentia
752 3964 896 4035 styli,
925 3964 1017 4034 qui
1044 3983 1077 4019 a
1106 3962 1364 4035 gravitate
1393 3964 1681 4031 Ambrosii,
1714 3965 1779 4018 ab
1808 3967 2063 4033 elegantia
2094 3975 2141 4021 et
2168 3971 2406 4024 acumine
2448 3973 2724 4029 verborum
2769 3992 2885 4029 cum
2932 3983 3204 4032 venustate
3252 3977 3539 4047 conjuncta
3586 3976 3719 4042 longe

424 4053 622 4108 distare
648 4054 873 4109 videtur.
909 4054 1008 4108 Sed
1033 4071 1149 4108 cum
1170 4054 1225 4107 in
1257 4054 1468 4108 vetustis
1501 4054 1650 4109 libris
1678 4072 1861 4109 nomen
1894 4056 2074 4126 ipsius,
2110 4058 2276 4111 nescio
2306 4075 2411 4127 qua
2448 4063 2731 4130 occasione,
2773 4065 2991 4118 sortitus
3021 4063 3143 4133 jam
3182 4066 3274 4133 sit,
3306 4084 3339 4119 a
3377 4064 3527 4119 nobis
3554 4063 3605 4116 in
3634 4062 3718 4114 hac

424 4141 647 4194 editione
674 4142 888 4195 additus
908 4150 981 4195 est
1008 4147 1145 4198 inter
1171 4144 1284 4199 alia
1314 4146 1568 4216 opuscula
1590 4145 1804 4213 incerta,
1837 4163 1952 4214 qua:
1978 4146 2096 4199 huic
2125 4154 2302 4201 sancto
2332 4149 2535 4204 docbri
2568 4152 2845 4208 tribuenda
2884 4156 3008 4223 sint,
3056 4172 3233 4222 necne,
3280 4155 3474 4209 sinceri
3524 4151 3715 4208 lectoris

415 4226 624 4295 judicio
644 4228 1009 4296 relinquimus.
1046 4233 1188 4300 Opus
1216 4239 1346 4286 certe
1374 4234 1546 4303 ipsum
1586 4251 1691 4289 non
1733 4236 2013 4289 admodum
2061 4237 2345 4306 expolitum
2388 4237 2637 4306 fatemur.
2681 4243 2767 4299 Vel
2807 4242 3034 4311 fortasse
3083 4245 3408 4300 Ambrosius
3460 4243 3534 4315 (si
3582 4242 3719 4297 illius

424 4315 670 4370 dicendus
697 4321 770 4369 est
795 4318 1003 4388 auctor)
1035 4320 1285 4373 Palladio
1319 4322 1497 4375 erco
1526 4324 1724 4377 homini
1753 4325 1995 4387 scribens,
2026 4326 2216 4396 linguae
2245 4327 2448 4381 Latiare
2471 4346 2667 4399 parum
2706 4332 2932 4401 erudito,
2964 4340 3013 4388 et
3039 4335 3213 4389 adhuc
3233 4335 3427 4404 juveni
3481 4333 3553 4403 (is
3596 4331 3721 4385 eniti:

423 4411 515 4473 est,
558 4411 615 4459 ut
641 4404 941 4474 conjicitur,
971 4407 1063 4476 qui
1085 4414 1265 4477 postea
1296 4410 1650 4466 Hibernorum
1677 4414 1943 4485 episcopus
1972 4414 2077 4485 fuit
2105 4418 2429 4489 ordinatus),
2464 4424 2523 4474 ut
2552 4419 2664 4490 ejus
2692 4423 2973 4495 capacitati
3004 4440 3058 4478 se
3084 4424 3533 4490 accommodaret,
3564 4420 3719 4491 magis

423 4506 606 4571 aperto
635 4506 684 4555 et
710 4500 1065 4556 communiore
1094 4518 1326 4556 sermone
1355 4519 1480 4557 usus
1508 4511 1599 4559 est.

494 4670 838 4728 Desiderium
879 4673 1077 4729 mentis
1122 4681 1251 4742 tum,
1299 4672 1530 4743 Palladi,
1579 4691 1697 4747 qtue
1744 4675 2011 4733 immenso
2043 4686 2083 4745 C
2118 4684 2400 4755 graphice).
2437 4683 2697 4740 Habitant
2737 4693 2917 4741 autem
2954 4685 3119 4758 juxta
3172 4686 3442 4759 Gangem,
3494 4683 3715 4741 ﬂuvium

423 4760 704 4833 sapientiae
731 4779 915 4817 amore
947 4764 1189 4833 incensa,
1218 4782 1363 4820 nova
1387 4782 1599 4837 semper
1620 4766 1826 4823 discere
1849 4779 2018 4840 optat,

424 4866 627 4906 novum
671 4852 833 4907 etiam
864 4852 1206 4926 arduumque
1245 4872 1381 4927 opus
1422 4857 1632 4911 efﬁcere
1663 4873 1760 4912 nos
1781 4860 2020 4929 compel-

424 4939 509 5009 lit,
539 4940 597 4996 id
625 4958 756 4997 vero
782 4949 862 4997 est
893 4943 1358 5000 Brachmanorum
1392 4946 1622 5017 patriam
1656 4948 2021 5003 consuetudi-

423 5049 573 5098 nem,
599 5034 880 5107 vitamque
921 5031 1219 5093 recensere.
1270 5039 1383 5109 Ego
1429 5041 1629 5111 quippe
1678 5057 1803 5096 cum
1846 5057 2020 5112 neque

424 5122 591 5194 ipsos,
623 5138 800 5195 neque
832 5123 1075 5192 ipsorum
1109 5125 1343 5181 viderim
1376 5126 1491 5182 loca
1525 5129 1713 5200 (longo
1740 5130 1886 5184 enim
1915 5138 2020 5185 ter-

423 5228 609 5268 rarum
660 5212 837 5283 spatio
886 5230 916 5269 a
962 5222 1149 5269 nostra
1191 5217 1413 5288 Europa
1464 5226 1593 5272 sunt
1638 5217 1919 5289 sejuncti),
1959 5236 2021 5274 ea

422 5300 529 5356 tibi
560 5300 851 5357 dumtaxat
877 5320 995 5376 qua:
1025 5304 1093 5359 ab
1119 5304 1242 5361 aliis
1260 5306 1471 5375 audivi,
1504 5315 1556 5363 et
1586 5324 1705 5380 quae
1735 5327 1765 5365 a
1794 5308 2018 5380 scripto-

422 5390 579 5447 ribus
632 5393 933 5466 desumpsi,
990 5412 1239 5455 enarrare
1297 5400 1538 5455 tentabo.
1613 5399 1942 5456 Brachmani
1988 5416 2020 5456 a

424 5482 711 5538 nonnullis
741 5486 1223 5558 gymnosophistae,
1273 5505 1303 5543 a
1345 5487 1672 5559 quibusdam
1701 5488 2016 5561 philosophi

423 5584 519 5625 seu
540 5572 813 5641 sapientes
840 5575 1100 5632 Indorum
1124 5579 1468 5648 appellantur
1490 5580 1726 5651 (Strabo.
1744 5582 1781 5637 l.
1801 5598 1877 5638 xv
1895 5582 2014 5637 Geo-

2130 4774 2299 4829 totius
2330 4776 2495 4831 Indiae
2535 4776 2839 4831 maximum
2886 4776 2974 4847 (Q.
3016 4776 3261 4845 Curtius,
3305 4777 3397 4832 lib.
3432 4778 3584 4845 vrri).
3628 4776 3716 4830 Hic

2129 4877 2259 4916 vero
2290 4864 2498 4936 Ganges
2526 4866 2619 4921 ille
2649 4875 2729 4922 est
2760 4883 2921 4938 quem
2953 4865 3253 4938 Scriptura:
3292 4874 3498 4922 sanctae
3527 4866 3715 4921 Phison

2128 4953 2425 5023 appellant,
2455 4961 2507 5009 et
2536 4971 2679 5009 unus
2727 4955 2793 5010 de
2836 4962 3070 5027 quatuor
3104 4956 3199 5028 qui
3230 4972 3259 5010 e
3290 4954 3549 5027 paradiso
3581 4954 3715 5009 exire

2129 5040 2488 5111 perhibentur
2519 5043 2675 5113 (Gen.
2713 5044 2799 5115 ll).
2832 5044 3078 5097 Primum
3121 5044 3292 5116 igitur
3342 5044 3581 5100 Musaeus
3624 5043 3715 5097 fra-

2128 5138 2211 5185 ter
2240 5140 2425 5186 noster
2454 5134 2788 5189 Dolenorum
2817 5135 3126 5206 episcopus,
3162 5134 3304 5189 mihi
3336 5136 3555 5200 retulit,
3585 5132 3711 5207 quod

2130 5220 2243 5292 ipse
2270 5221 2478 5292 aliquot
2505 5232 2629 5278 ante
2660 5240 2830 5278 annos
2873 5224 2941 5279 ad
2989 5224 3198 5289 Indias,
3237 5223 3615 5280 Brachmanas
3640 5224 3708 5278 vi-

2130 5307 2284 5363 sendi
2324 5309 2506 5365 studio
2544 5312 2908 5382 profecturus,
2955 5312 3198 5368 Sericam
3246 5312 3365 5369 fere
3414 5316 3707 5369 universam

2128 5399 2405 5469 regionem
2462 5401 2804 5471 peragravit;
2863 5401 2920 5456 in
2979 5417 3087 5474 qua
3137 5398 3307 5458 refert
3349 5402 3577 5460 arbores
3616 5417 3708 5458 esse

2129 5507 2248 5563 quae
2277 5506 2388 5545 non
2418 5492 2594 5546 solum
2630 5491 2784 5559 folia,
2818 5489 2910 5546 sed
2940 5491 3119 5547 lanam
3172 5508 3399 5566 quoque
3448 5494 3707 5568 proferunt

2128 5582 2527 5651 tenuissimam,
2560 5600 2627 5640 ex
2657 5599 2763 5655 qua
2792 5583 3119 5640 vestimenta
3160 5583 3567 5654 conﬁciuntur,
3610 5597 3705 5657 quae
