3880 6204
1229 97 1272 119 v

114 302 268 359 1169

1266 305 1362 361 DE
1400 303 1705 361 MORIBUS
1760 303 2369 362 BRACHMANORUM.

3328 318 3472 379 1170

116 438 316 496 serica
351 439 784 507 nuncupantur,
815 441 870 490 et
895 432 972 489 ibi
1002 431 1275 505 insignem
1309 416 1600 505 quamdam
1633 449 1760 488 con-
1794 436 1844 493 A
1871 432 2085 487 fructus
2122 431 2315 504 gignit,
2364 435 2546 491 cateri
2595 445 2837 494 maturas
2888 439 3185 497 ostendunt
3234 441 3469 503 fructus.

115 526 269 601 spici
323 526 617 598 lapideam
669 524 984 580 columnam
1031 521 1337 577 Alexandri
1378 522 1604 577 nomine
1653 522 1758 577 hac

120 618 301 676 titulo
336 618 627 688 sculptam
661 633 673 672 :
739 615 854 686 Ego
908 613 1222 669 Alexander
1253 613 1364 667 huc
1410 613 1672 683 perveni;
1707 621 1760 669 et

119 708 282 782 quod
317 706 593 779 plurimis
614 705 944 778 populorum
974 702 1295 757 nationibus
1336 702 1759 773 regionibusque

118 796 524 870 perlustratis,
548 794 609 850 in
636 793 896 849 Arianam
928 791 1146 849 tandem
1170 790 1394 846 devenit
1416 791 1758 863 provinciam

124 904 311 962 prope
342 886 561 943 Indum
596 900 812 941 amnem
845 901 855 937 :
908 899 1070 955 quam
1103 882 1332 937 desertis
1361 882 1755 937 circumdatam

119 997 403 1046 cernens,
469 977 888 1050 fervoribusque
940 976 1271 1042 ambustam,
1335 991 1399 1029 eo
1465 976 1613 1047 quod
1677 975 1759 1029 sol

120 1072 330 1128 omnia
392 1068 720 1127 incenderet
748 1067 921 1137 (unde
949 1067 1195 1122 maxima
1225 1081 1378 1137 aquae
1409 1065 1759 1121 laborabatur

120 1162 402 1235 penuria,
445 1169 501 1217 et
528 1159 575 1215 si
604 1160 703 1214 illa
748 1157 970 1214 aliunde
1016 1156 1409 1224 advehebatur,
1444 1157 1591 1227 quod
1622 1174 1757 1213 con-

122 1250 322 1306 festim
377 1250 449 1304 in
503 1248 620 1303 suis
660 1246 824 1304 etiam
855 1245 1002 1301 vasis
1047 1245 1259 1300 fervere
1306 1246 1672 1315 cerneretur),
1703 1254 1759 1301 et

120 1358 258 1398 cum
311 1341 463 1397 solis
511 1349 728 1407 astam,
760 1340 1119 1410 locorumque
1169 1336 1484 1392 incendium
1533 1338 1759 1393 sufferre

123 1430 430 1505 nequiret,
468 1430 720 1502 protinus
749 1428 1071 1485 inchoatum
1121 1428 1225 1483 iter
1264 1427 1531 1494 deserere,
1564 1426 1757 1497 pedem

123 1521 352 1590 efferre,
391 1528 452 1577 et
474 1521 533 1577 in
559 1522 839 1592 Europam
870 1534 1111 1575 remeare
1135 1525 1357 1576 coaetus
1386 1527 1468 1574 est
1498 1518 1755 1587 (Plinius,

127 1610 232 1667 lib.
267 1626 332 1665 vr
384 1611 523 1668 Nat.
564 1608 702 1664 Hist.
759 1624 878 1680 cap.
937 1608 1053 1679 23).
1101 1607 1365 1674 Quadam
1418 1624 1545 1678 ergo
1580 1622 1756 1674 nova,

126 1718 247 1758 non
299 1706 504 1757 autem
551 1698 925 1755 Brachmanas
952 1715 1008 1754 se
1039 1698 1245 1754 vidisse
1281 1697 1536 1753 afﬁrmat.
1572 1697 1757 1752 Refert

1868 523 2098 593 Insuper
2132 521 2294 577 habet
2315 521 2497 578 insula
2523 524 2640 582 haec
2660 526 2933 600 dactylos,
2964 546 3130 587 nuces
3158 548 3294 605 quas
3323 533 3472 590 Indi-

1868 629 1959 668 cas
1988 613 2249 681 dicimus,
2283 614 2513 685 grandes
2544 624 2598 671 et
2630 616 2892 688 minutas,
2921 621 3224 678 odoriferas
3264 632 3470 695 tamen,

1868 702 2000 756 item
2030 710 2084 756 et
2116 718 2280 759 nuces
2312 720 2446 775 quas
2472 706 2691 777 corylos
2720 707 2979 766 dicimus.
3030 712 3292 770 Homines
3319 715 3470 773 illius

1873 798 2028 846 terra
2083 792 2310 848 aluntur
2366 811 2682 864 pomorum,
2734 814 2935 869 oryza,
2996 807 3050 854 et
3104 801 3261 856 lactis
3309 803 3467 872 cibo;

1868 883 2083 939 nobiles
2113 893 2417 940 vescuntur
2464 886 2628 941 certis
2676 887 3006 959 quibusdam
3048 890 3262 960 diebus,
3304 895 3470 951 etiam

1869 973 2227 1041 solemnibus,
2285 976 2495 1043 ovium,
2554 992 2950 1050 caprarumque
2998 980 3275 1036 carnibus.
3336 982 3470 1039 Sues

1866 1077 1898 1116 a
1955 1061 2233 1117 Thebaide
2282 1080 2456 1135 usque
2513 1065 2582 1119 ad
2643 1066 2812 1147 ludia
2868 1068 3278 1142 1Etbiapiaque
3333 1069 3470 1127 ﬁnes

1868 1151 2023 1205 aiunt
2051 1168 2164 1206 non
2191 1152 2448 1208 inveniri.
2466 1154 2535 1208 ob
2559 1156 2830 1211 maximos
2854 1164 3035 1212 astus.
3069 1158 3315 1215 lnduunt
3343 1176 3468 1231 gen-

1866 1248 1948 1295 tes
1995 1240 2192 1296 insula
2225 1243 2414 1299 avium
2461 1245 2650 1315 pelles,
2698 1262 2808 1299 non
2840 1247 3147 1317 spernenda
3198 1247 3468 1306 laboratas

1866 1338 2001 1397 arte,
2052 1347 2183 1385 oves
2231 1332 2363 1387 item
2402 1349 2513 1395 non
2564 1336 2720 1403 lana,
2780 1334 2872 1390 sed
2918 1345 3158 1392 setarum
3206 1343 3469 1411 teguntur

1867 1420 2091 1487 vellere,
2126 1436 2225 1476 nec
2258 1422 2413 1488 lana,
2448 1439 2547 1477 nec
2575 1423 2676 1478 lini
2703 1424 2933 1480 habetur
2961 1426 3038 1481 ibi
3065 1442 3215 1494 usus,
3247 1435 3310 1483 ut
3340 1443 3467 1483 nar-

1868 1516 2019 1570 rabat
2048 1516 2424 1584 scholasticus,
2476 1527 2528 1573 et
2560 1518 2706 1590 quod
2736 1519 2803 1574 de
2843 1520 3143 1593 xEthiapiae
3174 1530 3228 1579 et
3268 1523 3469 1580 Persia

1868 1604 2093 1673 finibus,
2112 1614 2166 1661 et
2192 1607 2596 1662 Assumitarum
2622 1608 2755 1663 locis
2774 1608 2851 1665 ibi
2875 1618 3203 1667 mercatores
3223 1613 3464 1683 emendi,

1867 1695 2164 1761 vendendi,
2218 1696 2682 1768 permutandique
2737 1699 2815 1752 rei
2858 1699 3030 1770 gratia
3076 1702 3462 1759 conveniunt:

132 1788 533 1847 nihilominus
591 1788 659 1844 de
710 1788 1071 1844 Brachmanis
1121 1787 1306 1860 aliqua
1357 1804 1414 1842 se
1452 1786 1670 1845 audisse
1723 1804 1756 1843 a
1781 1804 1828 1863 Β
1869 1790 1922 1836 et
1951 1784 2098 1855 quod
2127 1783 2282 1856 piper
2322 1786 2399 1840 ibi
2442 1785 2708 1854 nascitur,
2747 1787 2806 1841 in
2838 1804 3141 1862 magnaque
3187 1791 3469 1862 colligitur

129 1879 491 1938 scholastica
537 1878 775 1951 quodam
806 1877 1060 1945 Thebaa,
1102 1879 1220 1950 qui,
1254 1887 1315 1934 ut
1344 1879 1442 1945 ait,
1473 1878 1543 1933 ob
1573 1877 1628 1933 id
1658 1877 1755 1950 ip-

129 1988 278 2040 sum,
320 1986 535 2042 nempe
572 1977 636 2025 ut
665 1969 813 2041 ipsos
847 1966 1221 2023 Brachmanas
1257 1976 1311 2023 et
1339 1966 1552 2023 videret
1581 1977 1635 2023 et
1663 1969 1756 2022 al-

128 2062 493 2134 loqueretur,
518 2059 576 2114 in
605 2057 790 2114 Indias
819 2056 1157 2129 peregrinari
1182 2057 1486 2127 proposuit,
1525 2064 1579 2111 et
1608 2056 1756 2128 quod

127 2149 370 2205 tandem
418 2146 593 2202 miser
633 2146 692 2201 in
730 2144 1113 2215 Captivitatem
1144 2143 1399 2198 incurrit.
1456 2142 1558 2197 Hic
1602 2159 1752 2213 ergo,

129 2248 192 2295 ut
210 2234 368 2293 mihi
400 2234 694 2308 episcopus
722 2233 932 2300 retulit,
952 2248 1088 2295 cum
1119 2231 1347 2286 lenioris
1376 2239 1516 2286 esset
1546 2230 1752 2301 ingenii

129 2328 189 2385 in
218 2326 478 2384 forensis
519 2323 899 2381 advocationis
924 2322 1105 2379 cilicia
1134 2321 1451 2391 incongrua
1486 2320 1592 2377 sibi
1621 2323 1755 2378 artis

134 2420 306 2477 tadio
367 2417 656 2488 fatigatus,
712 2413 929 2471 Indiam
957 2411 1168 2479 videre,
1197 2420 1254 2467 et
1283 2410 1752 2467 Brachmanorum

132 2511 383 2583 patriam
416 2525 485 2565 ac
512 2523 690 2563 mores
745 2519 1069 2575 cognoscere
1107 2500 1453 2557 deliberavit.
1487 2500 1756 2585 Quocirca

134 2620 267 2660 cum
331 2600 675 2677 quibusdam
722 2594 1122 2653 mercatoribus
1176 2594 1235 2649 in
1282 2593 1571 2665 Erythram
1637 2593 1752 2647 sive

136 2691 332 2751 Rubro
381 2692 549 2759 mari,
600 2691 789 2746 navim
837 2688 1230 2755 conscendens,
1261 2687 1543 2758 navigavit
1574 2687 1754 2758 prima

102 2788 330 2843 ssinum
367 2783 698 2849 Adulicum,
755 2788 809 2837 et
865 2780 1218 2836 Adulitarum
1275 2780 1537 2851 oppidum
1589 2778 1750 2845 vidit,

137 2892 273 2933 mox
294 2878 574 2931 Aromata
592 2870 1055 2943 promontorium,
1084 2880 1138 2925 et
1157 2870 1619 2942 Troglodytarum
1643 2886 1752 2924 em-

138 2966 369 3039 porium
412 2961 746 3035 penetravit,
778 2959 911 3017 hinc
943 2969 997 3016 et
1044 2960 1451 3017 Assumitarum
1502 2963 1619 3017 loca
1662 2966 1754 3014 at-

139 3056 286 3127 tigit,
317 3054 477 3111 unde
506 3054 726 3109 solvens
763 3052 1038 3126 prosperis
1080 3051 1343 3107 ﬂantibus
1393 3052 1593 3117 ventis,
1627 3050 1754 3106 licet

1862 1875 2040 1945 copia.
2084 1877 2206 1947 Ipsa
2249 1886 2435 1932 autem
2484 1877 2782 1933 admodum
2829 1895 2999 1950 parva
3042 1888 3204 1953 atque
3248 1883 3468 1939 inutilis

1864 1984 1993 2039 gens
2021 1978 2123 2037 est,
2172 1986 2293 2042 qua
2326 1971 2475 2024 intra
2523 1971 2813 2041 speluncas
2857 1988 3048 2028 saxeas
3090 1973 3257 2041 vivit,
3289 1983 3343 2031 et
3372 1991 3469 2047 per

1865 2058 2169 2129 praecipitia
2197 2075 2391 2129 magna
2436 2058 2744 2115 discurrere
2793 2068 2989 2116 natura
3040 2063 3231 2133 patriae
3276 2062 3470 2121 edocta

1862 2147 2169 2205 consuevit.
2218 2149 2381 2219 Piper
2409 2157 2593 2205 autem
2638 2166 2766 2205 cum
2796 2151 3125 2208 ramusculis
3157 2152 3275 2208 suis
3297 2152 3469 2210 calli-

1865 2238 2046 2307 gitur;
2097 2239 2241 2308 ipsas
2271 2246 2454 2292 autem
2488 2240 2710 2295 arbores
2741 2242 2897 2313 quasi
2931 2242 3197 2313 quasdam
3227 2243 3468 2301 humiles

1864 2341 1925 2379 ac
1960 2328 2215 2395 parvulas
2254 2326 2452 2396 stirpes
2477 2343 2595 2382 esse
2623 2328 2859 2384 dicebat.
2910 2331 3047 2385 Nam
3077 2340 3129 2386 et
3159 2332 3306 2402 ipsos
3335 2332 3467 2388 exi-

1865 2430 1999 2484 guas
2044 2413 2412 2470 homunculas
2458 2430 2594 2483 esse,
2632 2422 2686 2470 et
2734 2417 2961 2487 grandia
3007 2420 3255 2490 quadam
3286 2421 3468 2492 capita

1864 2506 2057 2561 asserit
2088 2506 2289 2562 habere
2319 2524 2444 2562 cum
2478 2507 2692 2563 levibus
2721 2515 2774 2561 et
2803 2506 3047 2563 detonsis
3074 2511 3308 2579 capillis.
3352 2513 3466 2568 Re-

1865 2599 2081 2670 liquum
2114 2614 2243 2652 vero
2293 2597 2622 2668 Etbiapum
2673 2606 2835 2669 atque
2880 2598 3139 2653 Indorum
3170 2616 3337 2670 genus
3367 2617 3462 2656 ca-

1864 2691 1969 2743 mis
2000 2688 2322 2743 naturaliter
2368 2688 2622 2758 crispatis
2672 2687 2879 2742 horret.
2929 2689 2991 2742 In
3038 2704 3146 2759 qua
3179 2689 3299 2744 loco
3332 2688 3463 2760 (ad-

1859 2777 2017 2848 jecit)
2059 2778 2126 2832 ab
2158 2794 2221 2831 eo
2251 2777 2345 2848 qui
2378 2777 2494 2832 illic
2532 2777 2839 2847 plurimum
2885 2784 3115 2849 poterat,
3163 2794 3261 2849 ego
3307 2777 3462 2835 illico

1864 2868 2122 2938 abreptus
2168 2876 2331 2939 atque
2377 2867 2637 2923 detentus
2668 2882 2811 2935 sum,
2854 2866 2947 2939 qui
2991 2867 3176 2923 statim
3225 2875 3462 2941 coeperat

1864 2957 2003 3012 mihi
2034 2957 2199 3012 etiam
2242 2958 2434 3013 acerbe
2481 2958 2806 3026 conviciari,
2858 2974 2922 3013 ea
2952 2957 3098 3030 quod
3136 2975 3326 3015 eorum
3356 2975 3463 3031 pa-

1863 3048 2025 3103 triam
2073 3047 2361 3119 solumque
2407 3049 2728 3120 contingere
2773 3066 2936 3104 ausus
2986 3048 3206 3104 fuerim.
3262 3049 3333 3104 Et
3374 3048 3460 3104 illi

137 3146 393 3218 plurium
455 3144 808 3216 navigatione
860 3143 1099 3210 dierum,
1150 3141 1400 3197 Muzirim
1434 3140 1604 3196 totius
1650 3142 1754 3196 In—
1784 3164 1827 3224 α
1864 3156 2038 3212 neque
2066 3140 2504 3207 excusationem,
2549 3156 2649 3196 nec
2678 3140 3052 3195 defensionem
3083 3155 3260 3195 meam
3291 3141 3464 3213 aquis

136 3235 242 3292 dia
273 3235 424 3293 citra
454 3234 693 3307 Gangem
721 3232 1030 3305 emporium
1077 3231 1296 3287 tandem
1329 3232 1615 3303 pervenit:
1653 3232 1748 3287 ubi

138 3326 449 3399 quemdam
494 3326 761 3382 Indorum
818 3324 1066 3396 regulum
1123 3323 1398 3378 dominari
1456 3323 1746 3379 asserebat.

138 3416 479 3473 lmmoratus
533 3415 706 3486 igitur
736 3414 815 3470 ibi
846 3413 1194 3486 aliquandiu,
1227 3412 1622 3486 observataque
1653 3413 1750 3469 di-

138 3502 383 3576 ligenter
423 3502 566 3558 aeris
617 3508 671 3558 et
699 3502 807 3558 laci
853 3503 1137 3576 qualitate,
1179 3518 1242 3558 ac
1287 3500 1578 3557 hominum
1611 3518 1747 3558 can-

139 3592 465 3661 suetudine,
512 3608 607 3664 per
657 3592 841 3664 plures
868 3592 1006 3660 dies,
1062 3592 1216 3648 venit
1244 3591 1295 3647 ei
1323 3592 1381 3647 in
1413 3601 1649 3648 mentem
1680 3589 1747 3647 ad

140 3686 386 3743 insulam
440 3701 561 3757 qua
603 3685 922 3757 Taprobane
961 3694 1191 3742 vocatur
1229 3685 1583 3740 transfretare
1635 3701 1646 3738 :
1690 3683 1748 3738 in

141 3790 249 3848 qua
278 3776 393 3846 illi,
457 3774 662 3849 quibus
689 3776 974 3831 beatorum
1004 3790 1209 3831 nomen
1236 3782 1338 3843 est,
1369 3773 1745 3845 longissimam

140 3873 360 3922 atatem
412 3865 604 3921 vivere
656 3874 975 3921 asseruntur
1020 3866 1171 3937 (nam
1219 3865 1391 3920 vitam
1456 3864 1745 3920 hominum

140 3954 367 4011 (tantum
399 3955 562 4010 annis
609 3954 883 4011 modicam
918 3956 1134 4027 putant)
1178 3964 1399 4027 propter
1439 3955 1634 4010 miram
1663 3969 1749 4007 ae-

141 4043 214 4099 ris
243 4044 601 4115 temperiem,
657 4052 711 4098 et
771 4044 1388 4115 incomprehensibilem
1427 4045 1608 4100 divini
1639 4044 1745 4098 dis-

141 4133 481 4202 positionem
524 4129 725 4200 judicii
759 4130 1016 4199 (Plinius,
1047 4130 1143 4185 lib.
1178 4148 1257 4198 vi,
1298 4148 1416 4202 cap.
1448 4132 1561 4201 22).
1605 4133 1748 4188 Huic

141 4229 383 4293 quatuor
412 4218 775 4274 moderantur
798 4233 950 4289 reges
983 4235 1080 4274 seu
1133 4227 1381 4290 satrapae,
1414 4221 1561 4275 inter
1611 4237 1747 4291 quos

141 4326 286 4368 unus
315 4317 403 4368 est
432 4307 730 4375 maximus,
777 4307 868 4364 cui
914 4308 1098 4365 cateri
1136 4308 1420 4381 subjacent
1457 4309 1744 4365 obediunt-

143 4416 266 4473 que,
312 4409 378 4458 ut
411 4399 519 4456 .ille
565 4398 885 4455 scolasticus
930 4397 1199 4454 referebat
1235 4400 1607 4471 (Ptolemaus,
1643 4399 1740 4457 lib.

143 4505 221 4580 vn
255 4490 620 4580 Geographia,
654 4507 710 4580 c.
733 4488 841 4580 4).,
864 4489 1396 4580 Narrabatgquaque,
1438 4489 1499 4580 isi
1521 4490 1742 4546 credere
1776 4522 1822 4580 D

143 4578 303 4637 facile
347 4588 450 4647 est,
497 4579 653 4636 mille
698 4579 909 4635 insulas
932 4578 1157 4635 Arabici
1208 4586 1261 4634 et
1302 4578 1506 4635 Persici
1550 4580 1737 4646 maris,

144 4677 198 4724 et
224 4684 360 4740 quas
402 4669 726 4725 Mammolas
774 4675 992 4737 vocant,
1034 4667 1118 4723 illi
1149 4668 1543 4741 obtemperare.
1604 4669 1746 4724 Huic

144 4754 263 4827 illa,
296 4773 461 4830 quem
489 4765 794 4830 magnetem
827 4758 1123 4830 appellant,
1170 4759 1440 4829 reperitur
1460 4758 1616 4830 lapis,
1648 4759 1744 4832 qui

146 4845 276 4903 ferri
307 4856 563 4926 naturam
587 4847 657 4903 ad
684 4863 741 4903 se
762 4848 818 4903 vi
849 4863 948 4904 sua
973 4847 1190 4903 trahere
1207 4848 1432 4905 dicitur.
1453 4848 1591 4907 Cum
1617 4866 1744 4921 ergo

149 4936 304 4992 navis
330 4938 514 5011 aliqua
542 4938 729 4995 clavos
758 4937 964 4993 habens
1006 4938 1211 4994 ferreos
1239 4938 1357 4995 illic
1393 4940 1741 5012 applicuerit,

147 5023 296 5082 illico
349 5028 641 5097 retinetur,
700 5044 803 5084 nec
850 5043 1125 5101 quoquam
1165 5028 1246 5084 ire
1285 5030 1642 5101 permittitur,
1686 5032 1740 5087 vi

149 5115 334 5171 nescio
386 5117 620 5190 quadam
670 5117 870 5189 lapidis
918 5119 1137 5174 occulta
1177 5118 1532 5190 impediente,
1584 5121 1653 5176 ab
1684 5123 1741 5177 id

150 5219 312 5260 naves
341 5206 418 5261 ibi
443 5208 637 5279 ligneis
661 5208 835 5265 clavis
862 5209 1109 5265 construi
1133 5208 1367 5264 dicebat.
1394 5210 1550 5277 Quod
1563 5211 1743 5267 insula

153 5292 392 5367 quinque
422 5296 584 5353 habet
612 5297 862 5367 ﬂumina,
911 5305 964 5354 et
994 5297 1215 5371 quidem
1248 5299 1509 5368 maxima,
1542 5301 1742 5373 quibus

154 5388 267 5439 tota
320 5384 601 5458 irrigatur,
662 5388 1006 5461 fertiliorque
1047 5388 1320 5446 redditur.
1382 5390 1535 5446 Unde
1579 5398 1632 5446 et
1670 5391 1740 5445 ob

154 5473 444 5532 maximam
502 5478 624 5534 coeli
685 5480 1036 5537 clementiam
1093 5498 1258 5555 poma
1303 5483 1458 5537 nullo
1496 5500 1739 5556 unquam

155 5565 395 5634 tempore
445 5568 736 5625 arboribus
787 5570 1027 5626 desunt:
1086 5574 1198 5628 ima
1251 5571 1440 5628 eodem
1498 5580 1740 5646 tempore

157 5651 390 5724 Ejusdem
447 5660 658 5717 arboris
704 5661 836 5718 dum
888 5679 1073 5721 ramus
1109 5665 1247 5725 alter
1284 5664 1546 5734 ﬂorescit,
1604 5664 1743 5721 alter

1859 3230 2059 3285 animis
2088 3229 2386 3284 audiebant
2413 3248 2426 3295 ;
2475 3246 2587 3283 non
2617 3230 2765 3285 enim
2800 3238 3054 3303 poterant
3086 3231 3288 3301 lingua
3327 3246 3462 3287 mea

1860 3319 2165 3390 intelligere
2219 3324 2550 3385 Sermonem,
2611 3334 2711 3373 nec
2768 3335 2865 3389 ego
2917 3317 3171 3374 criminis
3216 3336 3457 3388 causam,

1860 3408 2005 3481 quod
2044 3407 2203 3463 .mibi
2258 3407 2646 3478 objiciebatur,
2708 3406 2979 3477 sciebam,
3050 3409 3179 3479 quia
3235 3408 3459 3465 illorum

1860 3498 2027 3554 verba
2061 3514 2174 3552 non
2222 3514 2505 3564 noveram,
2558 3513 2627 3551 ex
2661 3496 2793 3551 solis
2824 3503 3040 3553 tantum
3088 3496 3315 3555 nutibus
3363 3515 3462 3554 nos

1858 3594 2081 3641 mutuos
2143 3586 2453 3657 intelligere
2525 3583 2869 3661 videbamur.
2940 3586 3056 3658 Ego
3112 3584 3335 3658 quidem
3391 3604 3463 3643 ex

1858 3687 2081 3749 aspectu
2110 3686 2270 3733 torvo
2300 3677 2577 3744 uniinum,
2596 3682 2749 3731 etex
2775 3691 2921 3730 sava
2945 3675 3196 3730 dentium
3227 3675 3462 3732 stridore

1862 3775 2104 3839 pateram
2168 3765 2463 3829 verborum
2523 3764 2831 3836 signiﬁcata
2882 3780 3141 3831 noscere;
3201 3763 3287 3820 illi
3327 3782 3461 3822 vero

1858 3878 1927 3917 ex
1961 3862 2169 3933 pallore
2201 3877 2322 3915 meo
2371 3869 2535 3931 atque
2566 3874 2767 3929 pavore
2812 3874 3006 3913 sensus
3054 3874 3204 3913 meos
3233 3858 3462 3913 miseri-

1857 3950 2044 4007 cordia
2074 3950 2246 4020 magis
2273 3949 2471 4018 dignos
2499 3947 2937 4018 suspicabantur.
2963 3946 3053 4002 Sic
3078 3946 3262 4019 itaque
3288 3946 3355 4001 ab
3380 3946 3459 4003 eis

1855 4039 2159 4105 detentum,
2208 4053 2303 4109 per
2348 4036 2677 4092 sexennium
2723 4051 2809 4090 me
2855 4034 2914 4089 in
2967 4034 3266 4107 pristinum
3320 4052 3458 4109 opus

1857 4131 2033 4185 facere
2077 4127 2382 4198 jusserunt,
2435 4141 2675 4198 eXpensa
2725 4133 2907 4182 autem
2946 4142 3016 4182 ex
3065 4126 3269 4199 palatio
3314 4127 3458 4200 regis

1857 4222 2101 4293 ipsorum
2124 4220 2292 4275 unius
2314 4226 2526 4274 tantum
2552 4217 2727 4272 modii
2746 4216 3013 4273 frumenti
3027 4218 3454 4291 quolibetanno.

1856 4312 1984 4367 Post
1994 4327 2092 4367 sex
2104 4327 2234 4366 vero
2247 4326 2441 4377 annos,
2456 4309 2586 4365 dum
2604 4308 2750 4381 pauli
2760 4326 2811 4363 m
2824 4309 3121 4367 ediscerem
3135 4311 3454 4368 earumdem

1856 4400 2151 4472 loquelam,
2174 4400 2331 4472 potui
2350 4399 2522 4455 multa
2544 4399 2610 4455 de
2624 4398 2830 4456 vicinis
2850 4400 3191 4473 nationibus,
3211 4400 3455 4473 locisque

1855 4507 2203 4560 cognoscere.
2264 4490 2505 4545 Tandem
2560 4491 2673 4546 Dea
2727 4490 2968 4561 propitio
3021 4489 3089 4545 de
3136 4490 3455 4561 captivitate

1853 4578 1959 4634 hoc
1987 4577 2152 4634 modo
2179 4584 2428 4649 ereptum
2459 4594 2579 4633 sum
2615 4594 2627 4633 :
2662 4578 2779 4634 Rex
2807 4577 2949 4633 alius
2981 4577 3294 4649 supradicta
3320 4576 3454 4635 huic

1854 4668 1965 4739 regi
2002 4667 2341 4734 inimicatus,
2390 4683 2515 4722 eum
2545 4667 2690 4738 apud
2720 4666 2982 4739 majorem
3027 4666 3180 4722 illius
3209 4666 3450 4739 regionis

1855 4756 2241 4828 imperatorem
2288 4756 2586 4822 accusavit,
2633 4755 2780 4827 quod
2828 4755 3070 4812 nobilem
3111 4755 3315 4824 virum,
3360 4754 3452 4812 ci-

1853 4861 2091 4917 vemque
2111 4846 2423 4902 Romanum
2443 4844 2501 4899 in
2522 4844 2861 4901 teterrimam
2890 4845 3263 4917 captivitatem
3286 4854 3451 4919 atque

1853 4945 2161 4993 extremum
2224 4935 2515 4992 servitium
2581 4935 2894 5008 redegisset.
2967 4936 3087 5004 Quo
3152 4938 3451 5009 imperator

1852 5029 2062 5099 audita,
2110 5029 2398 5086 confestim
2432 5029 2568 5086 illuc
2596 5029 2934 5101 cognitorem
2963 5046 3139 5086 causa
3176 5031 3451 5088 transmi-

1850 5120 1942 5189 sit,
1990 5136 2052 5177 ac
2094 5119 2374 5191 deinceps,
2428 5120 2507 5175 rei
2566 5120 2797 5175 veritate
2853 5129 3152 5193 perspecta,
3196 5120 3450 5193 protinus

1851 5228 1975 5266 eum
2007 5212 2101 5284 qui
2132 5211 2421 5269 convictus
2452 5211 2509 5266 in
2540 5220 2843 5267 memorato
2871 5211 3105 5267 crimine
3134 5196 3444 5280 videbatur,

1852 5304 1979 5358 exui
2008 5310 2125 5359 tota
2153 5304 2267 5358 suis
2295 5302 2541 5375 corporis
2570 5304 2710 5375 pelle
2748 5303 3028 5375 pracepit,
3059 5319 3122 5358 eo
3157 5302 3305 5375 quod
3334 5301 3446 5358 civi

1854 5396 2097 5449 Romana
2146 5395 2362 5451 fecisset
2408 5393 2667 5466 injuriam
2719 5395 2979 5468 (Plinius,
3027 5412 3106 5462 vr,
3155 5410 3274 5464 cap.
3324 5392 3442 5461 22).

1850 5484 2121 5540 Dicuntur
2150 5493 2332 5540 autem
2361 5501 2473 5540 non
2504 5488 2681 5541 solum
2712 5485 3015 5556 impensius
3044 5482 3314 5538 honorare
3342 5482 3448 5540 Ro-

1852 5590 2142 5629 manorum
2190 5575 2594 5647 imperatorem,
2648 5576 2744 5631 sed
2782 5573 3183 5632 incredibiliter
3223 5575 3440 5640 timere,

1850 5672 2110 5738 tanquam
2161 5667 2256 5738 qui
2295 5666 2556 5738 praclaro
2592 5666 2793 5739 polleat
2844 5664 3085 5736 ingenio,
3130 5678 3194 5722 ac
3235 5663 3442 5720 virtute
