3880 6204
419 324 551 383 1171

1438 328 1534 382 AD
1573 325 1808 383 OPERA
1845 325 1903 383 S.
1944 326 2280 385 AMBROSII
2319 325 2699 384 APPENDIX.

3600 325 3735 386 ιω

415 455 724 528 magniﬁca,
773 460 827 510 et
871 455 1143 511 Romanos
1172 469 1235 509 eo
1264 452 1411 525 quod
1449 453 1617 510 armis
1656 461 1818 525 atque
1863 452 2010 510 viri-
2038 459 2088 519 Α
2123 454 2374 527 tuaginta
2394 469 2490 526 per
2515 453 2913 527 longitudinem
2943 455 3191 523 cubitos;
3222 453 3383 511 unde
3410 468 3550 527 ergo
3566 454 3736 512 unius

414 546 520 603 bus
563 544 697 602 adeo
727 553 980 618 potentes
1025 544 1156 611 sint,
1206 550 1268 597 ut
1311 542 1379 613 (si
1412 542 1609 614 velint)
1656 541 1723 597 ad
1772 542 2010 615 regionis

416 638 661 709 ipsorum
691 635 969 691 excidium
1002 634 1222 687 valeant
1251 632 1558 703 pervenire.
1599 633 1717 703 Ipse
1742 649 1869 704 ergo
1916 632 2010 687 ille

416 730 509 803 qui
557 730 659 784 ista
706 726 942 789 dicebat,
981 723 1273 794 adjiciebat
1318 722 1465 794 quod
1510 739 1680 795 genus
1719 723 2010 779 Brachma-

416 834 614 874 norum
638 831 747 871 non
775 832 843 869 ex
866 812 1085 886 propria
1106 819 1321 866 tantum
1346 812 1630 868 voluntate
1660 812 2014 868 saecularibus

417 909 580 964 rebus
610 904 910 971 renuntiat,
958 903 1050 959 sed
1082 903 1267 974 potius
1293 910 1356 958 ut
1396 917 1466 957 ex
1488 901 1702 972 judicio
1742 902 1838 959 Dei
1870 918 2014 974 pen-

417 998 553 1053 dens
581 1012 645 1050 ac
672 993 997 1050 Divinitatis
1028 1008 1128 1064 ope
1157 991 1466 1049 suffultam.
1498 991 1837 1047 Naturaliter
1864 990 2013 1045 enim

311 1145 325 1157 ,
418 1086 552 1143 nudi
605 1085 663 1141 in
711 1084 975 1140 ﬁnitimis
1016 1081 1175 1138 ﬂuvii
1228 1081 1547 1153 regionibus
1592 1081 1813 1137 vivunt.
1863 1080 2011 1136 Nulli

417 1176 563 1250 apud
591 1192 682 1231 eos
711 1172 1114 1248 quadrupedes,
1164 1171 1353 1227 nullus
1388 1179 1548 1227 terra:
1576 1173 1781 1240 cultus,
1827 1171 2016 1227 nullus

418 1268 549 1323 ferri
605 1282 757 1332 usus,
818 1264 1037 1318 nullum
1096 1261 1453 1318 instrumenti
1502 1276 1694 1332 genus,
1749 1276 1859 1332 quo
1897 1259 2016 1315 fieri

420 1356 645 1430 aliquod
676 1372 814 1428 Opus
849 1354 1042 1426 possit.
1086 1353 1300 1409 Habent
1342 1360 1525 1407 autem
1569 1352 1687 1407 illic
1731 1350 2020 1407 deliciosas

420 1455 583 1519 atque
644 1446 883 1518 optimas
934 1459 1115 1511 auras,
1173 1450 1226 1499 et
1286 1441 1644 1498 saluberrime
1694 1450 2020 1513 temperatas

426 1540 515 1610 (Ο.
549 1536 793 1604 Curtius,
826 1533 925 1592 lib.
958 1536 1111 1605 vm).
1147 1532 1350 1590 Colunt
1379 1548 1594 1604 semper
1627 1533 1826 1600 Deum,
1861 1530 2022 1604 cujus

423 1643 609 1684 veram
661 1626 883 1701 quidem
936 1640 999 1681 ac
1044 1622 1365 1681 distinctam
1415 1620 1669 1677 notitiam
1717 1637 1774 1677 se
1821 1620 2021 1677 habere

422 1718 775 1792 proﬁtentur,
808 1732 1136 1789 omnemque
1158 1713 1520 1787 providentia;
1542 1712 1661 1785 ejus
1678 1728 1743 1769 ac
1762 1711 2022 1768 divinita-

2118 544 2314 617 pellem
2346 542 2550 600 vidisse
2580 559 2665 599 me
2694 543 2919 600 memini
2949 542 3318 618 quadraginta
3349 543 3499 599 duos
3540 544 3603 601 in
3644 544 3735 607 la-

2118 636 2356 693 titudine
2384 638 2676 695 habentem
2728 637 2908 711 pedes.
2936 638 3430 695 Formicasetiam
3461 639 3590 696 illic
3615 656 3731 697 esse

2120 725 2188 782 ad
2228 726 2451 783 modum
2482 729 2675 801 palmae
2705 726 2967 795 hominis,
3001 727 3330 800 scorpiones
3360 744 3500 785 vero
3534 728 3609 784 ad
3643 745 3732 785 cu.

2119 813 2223 871 biti
2281 813 2507 872 humani
2562 832 2872 873 mensuram
2903 814 3089 872 adesse
3116 816 3435 888 loquuntur
3462 833 3475 871 :
3505 824 3735 890 propter

2122 921 2243 978 quae
2294 912 2537 961 monstra
2586 904 2925 978 periculosus
2950 912 3032 962 est
3060 905 3309 978 ipsorum
3348 905 3633 963 transitus
3658 906 3735 963 lo-

2123 1009 2334 1049 corum.
2366 994 2485 1051 Non
2517 1001 2697 1050 tamen
2727 993 2933 1067 ubique
2960 994 3226 1050 animalia
3256 995 3367 1051 ista
3396 1004 3733 1064 nascuntur,

2124 1081 2218 1137 sed
2250 1081 2310 1138 in
2336 1082 2448 1138 illis
2476 1082 2721 1155 partibus
2761 1091 2977 1140 tantum
3008 1100 3129 1156 quae
3155 1083 3228 1139 ab
3252 1082 3591 1141 hominibus
3618 1101 3737 1141 non

2124 1169 2526 1228 inhabitantur.
2555 1171 2899 1245 Plurimique
2953 1171 3071 1229 illic
3121 1172 3484 1244 elephantum
3536 1189 3735 1246 greges

2126 1278 2242 1318 esse
2270 1261 2551 1318 dicuntur.
2573 1262 2701 1318 Hac
2724 1270 2855 1318 sunt
2893 1278 3012 1335 quae
3044 1277 3077 1317 a
3098 1262 3339 1319 Thebaeo
3393 1263 3738 1321 scholastice

2126 1351 2194 1408 de
2243 1351 2599 1408 Brachmanis
2658 1351 2937 1409 audivisse
3010 1368 3069 1409 se
3122 1353 3363 1410 aﬂirmat
3413 1354 3665 1411 Musaeus
3720 1372 3735 1410 :

2128 1459 2249 1515 quas
2281 1459 2411 1499 vero
2453 1458 2518 1499 ex
2575 1442 2825 1499 historiis
2870 1440 2940 1499 de
2982 1441 3288 1500 Alexandri
3334 1442 3472 1499 Vita
3518 1443 3658 1516 legi,
3686 1451 3739 1500 et

2129 1548 2249 1605 qua
2297 1549 2367 1589 ex
2417 1532 2691 1607 plerisque
2736 1530 3057 1589 auctoribus
3101 1531 3172 1589 ad
3214 1530 3326 1590 hoc
3365 1531 3642 1590 facientia
3666 1533 3735 1590 de

2130 1621 2245 1677 illis
2271 1621 2568 1695 desumpsi,
2599 1638 2750 1679 nunc
2785 1621 3131 1679 subnectam.

2200 1711 2514 1768 Alexander
2558 1710 2879 1784 imperator,
2921 1726 3047 1767 cum
3076 1709 3129 1767 ei
3169 1709 3511 1769 Macedonia
3558 1713 3739 1771 solius

424 1809 497 1864 tis
528 1809 797 1865 rationem
827 1806 1159 1863 discernere.
1192 1804 1404 1875 Jugiter
1431 1810 1613 1872 orant,
1646 1812 1865 1859 orantes
1893 1817 2024 1858 vero
2052 1822 2099 1883 Β
2130 1800 2423 1875 imperium
2455 1817 2565 1858 non
2593 1801 2887 1869 suﬂiceret,
2917 1816 3094 1873 neque
3121 1800 3385 1874 Philippo
3424 1812 3588 1875 patre
3617 1811 3738 1861 tan-

424 1915 538 1955 non
567 1897 891 1953 orientalem
927 1904 1136 1968 partem
1170 1893 1317 1949 unde
1356 1892 1536 1949 oritur
1573 1892 1675 1960 sol,
1721 1892 2018 1965 aspiciunt,

426 1987 519 2045 sed
551 1989 752 2043 coelum
800 1985 986 2058 potius
1030 1985 1337 2040 intuentur.
1373 1982 1560 2038 Edunt
1587 1990 1767 2038 autem
1804 1998 1868 2038 ea
1898 1998 2020 2055 quae

425 2094 589 2150 super
640 2085 841 2132 terram
893 2075 1162 2147 pecudum
1216 2089 1367 2129 more
1414 2073 1696 2145 potuerint
1748 2071 2020 2138 invenire,

426 2168 532 2225 hoc
564 2177 666 2235 est,
697 2168 953 2223 arborum
982 2165 1137 2233 folia,
1177 2172 1231 2221 et
1260 2165 1411 2220 olera
1439 2162 1735 2219 silvestria.
1761 2162 2023 2219 Abundat

426 2258 572 2313 enim
603 2256 745 2329 apud
775 2255 901 2311 illos
932 2254 1231 2327 plurimum
1255 2253 1445 2320 herba,
1477 2268 1641 2327 quam
1674 2251 1882 2308 inulam
1910 2268 2023 2307 no—

427 2347 575 2402 mine
617 2362 900 2414 vocamus,
946 2346 1089 2402 sicut
1129 2351 1184 2400 et
1221 2342 1367 2415 apud
1400 2343 1607 2398 Persas.
1658 2343 1793 2398 Item
1832 2348 1914 2398 est
1944 2340 2023 2397 ibi

427 2436 591 2492 arbor
621 2453 742 2509 quae
789 2435 1056 2493 acanthus
1098 2434 1437 2491 nominatur.
1482 2431 1695 2488 Habent
1731 2438 1786 2487 et
1824 2430 2026 2503 patrias

428 2525 650 2581 arbores
705 2526 1004 2598 quasdam,
1058 2524 1246 2580 nescio
1299 2539 1436 2597 quos
1490 2522 1703 2577 fructus
1753 2521 2023 2587 ferentes,

428 2613 631 2687 quibus
676 2615 824 2670 vesci
873 2630 1086 2685 semper
1131 2614 1329 2669 solent.
1377 2610 1500 2669 Viri
1531 2619 1681 2667 trans
1720 2611 1894 2682 ripam
1927 2609 2025 2665 ﬂu-

430 2704 598 2759 minis
627 2702 829 2774 Gangis
860 2719 914 2757 in
947 2702 1194 2774 partibus
1250 2701 1473 2769 Oceani,
1523 2702 1583 2756 in
1630 2716 1792 2773 quem
1821 2699 2026 2755 ﬂuxius

429 2802 762 2850 memoratus
812 2792 1135 2864 ingreditur,
1166 2790 1410 2862 degunt;
1446 2790 1666 2846 feminae
1712 2805 1841 2844 vero
1887 2790 2025 2845 citra

431 2884 670 2954 Gangem
711 2882 875 2952 juxta
913 2882 1338 2938 mediterraneas
1389 2887 1570 2952 partes
1617 2885 1924 2947 morantur,
1954 2877 2022 2935 ad

429 2990 563 3048 quas
587 2971 901 3027 earumdem
925 2971 1109 3027 mariti
1124 2968 1272 3026 Julio
1291 2978 1345 3025 et
1371 2971 1619 3043 Augusto
1640 2985 1824 3025 mense
1853 2976 2027 3025 trans-

428 3063 627 3119 vadere
670 3069 1053 3117 consuescunt.
1108 3059 1205 3115 Isti
1275 3060 1425 3115 enim
1483 3074 1694 3115 menses
1744 3057 1888 3130 apud
1935 3074 2029 3113 eos

2128 1900 2247 1949 tum
2278 1899 2457 1964 posset
2495 1906 2611 1947 esse
2647 1897 2962 1960 contentus,
3002 1890 3155 1947 Iovis
3193 1891 3527 1949 Hammonis
3552 1893 3737 1951 ﬁlium

2129 1987 2300 2037 semet
2327 1996 2442 2036 esse
2495 1978 2736 2036 dicebat.
2769 1980 2841 2035 Et
2869 1979 3124 2053 quamvis
3152 1980 3429 2053 originem
3457 1980 3640 2055 ipsius
3663 1983 3741 2039 fa-

2129 2073 2235 2131 cile
2260 2072 2378 2145 ipsa
2425 2071 2503 2128 rei
2536 2071 2740 2128 veritas
2784 2070 3185 2144 comprobaret,
3213 2072 3374 2129 falsis
3394 2072 3735 2146 quibusdam

2131 2173 2339 2233 tamen,
2393 2170 2466 2231 et,
2518 2171 2581 2219 ut
2628 2161 2679 2218 ei
2709 2161 3022 2230 videbatur,
3052 2161 3281 2218 invictis
3327 2161 3513 2219 modis
3560 2164 3727 2219 aliam

2130 2256 2216 2313 sui
2262 2270 2378 2311 esse
2406 2261 2658 2310 naturam
2690 2253 2904 2326 generis
2931 2251 3231 2310 astrueb‘at.
3262 2253 3454 2327 Itaque
3500 2254 3736 2312 solemni

2130 2345 2403 2402 bellorum
2434 2351 2718 2417 apparatu,
2753 2359 2819 2399 ac
2859 2342 3149 2399 instructis
3177 2339 3431 2416 equitum
3462 2342 3737 2415 peditum-

2133 2452 2238 2510 que
2292 2434 2533 2495 militum
2564 2434 2761 2506 copiis,
2795 2450 2826 2490 e
2853 2431 3188 2491 Macedonia
3239 2433 3471 2507 regione
3515 2451 3737 2492 consur-

2135 2540 2286 2598 gens,
2321 2531 2498 2579 totum
2528 2539 2665 2597 pene
2695 2523 3005 2596 peragravit
3032 2521 3305 2579 mundum
3329 2542 3345 2580 :
3369 2530 3427 2580 et
3442 2531 3735 2598 antequam

2135 2617 2478 2690 provinciam
2517 2615 2819 2690 Babylonis
2863 2616 3167 2687 accederet,
3197 2618 3487 2690 Europam
3515 2620 3734 2693 quidem

2135 2719 2190 2768 et
2232 2711 2421 2767 Asiam
2464 2709 2637 2765 veluti
2683 2709 2935 2782 quadam
2990 2726 3159 2782 parva
3202 2710 3327 2767 loca
3359 2711 3729 2768 transcurrit:

2135 2800 2291 2858 venit
2317 2798 2540 2857 tandem
2578 2799 2635 2854 in
2665 2806 2846 2871 partes
2872 2800 3050 2856 nostri
3101 2816 3328 2875 quoque
3354 2800 3528 2869 orbis,
3562 2810 3624 2859 ut
3648 2817 3736 2857 eas

2137 2890 2453 2964 inspiceret,
2512 2906 2755 2965 quasque
2803 2906 2928 2946 cum
2961 2890 3254 2963 reperisset
3282 2890 3403 2947 suis
3426 2891 3736 2948 confer-mes

2137 2980 2409 3049 sensibus,
2438 2980 2555 3053 ipse
2581 2979 2797 3037 dicebat
2827 2997 2839 3036 :
2872 2978 3178 3053 Sapientia,
3207 2979 3581 3053 providentiae
3616 2994 3733 3037 ma-

2136 3078 2243 3140 ter,
2274 3070 2482 3127 habens
2532 3087 2659 3127 cum
2690 3071 2896 3127 virtute
2929 3070 3067 3144 ipsa,
3100 3087 3223 3145 quae
3279 3072 3535 3127 omnium
3565 3071 3733 3129 virtu-

428 3156 745 3230 frigidiores
776 3155 1057 3223 videntur,
1089 3170 1155 3209 eo
1185 3153 1332 3227 quod
1361 3162 1495 3210 tunc
1542 3153 1611 3209 ad
1642 3170 1744 3210 nos
1767 3154 1847 3211 sol
1880 3170 2025 3210 con—
2055 3185 2100 3248 Ο
2137 3168 2257 3217 tum
2303 3167 2466 3234 caput
2520 3167 2622 3228 est,
2676 3159 2969 3234 quamdam
3012 3161 3493 3232 communionem,
3537 3163 3594 3219 in
3621 3165 3733 3220 sola

426 3251 683 3319 vertitur,
713 3258 767 3307 et
793 3265 960 3322 supra
999 3246 1334 3323 Aquilonem
1383 3263 1545 3322 quem
1592 3246 1822 3303 Boream
1852 3263 2026 3303 voca-
2072 3246 2084 3248 ⁷
2132 3248 2365 3307 veritate
2411 3248 2737 3317 consistens,
2792 3248 2946 3304 alens
2972 3264 3197 3320 omnem
3234 3249 3562 3325 faciensque
3589 3262 3734 3309 natu-

426 3360 550 3399 mus
577 3342 663 3398 vis
693 3342 825 3404 solis
853 3340 1103 3412 erigitur,
1133 3355 1241 3413 quo
1273 3345 1515 3411 tempore
1555 3337 1845 3411 temperati
1874 3351 2025 3392 aeres

426 3434 619 3505 magis,
650 3441 704 3488 et
732 3433 799 3487 ad
830 3430 1188 3487 concubitum
1240 3428 1409 3499 magis
1455 3428 1567 3499 apti
1597 3443 1713 3483 esse
1741 3426 2021 3483 dicuntur.

426 3521 532 3579 Ubi
585 3536 713 3590 ergo
765 3517 1123 3589 quadraginta
1170 3532 1298 3571 cum
1347 3516 1571 3571 feminis
1621 3517 1737 3572 suis
1794 3515 2023 3572 fecerint

427 3610 565 3675 dies,
599 3622 729 3660 mox
760 3605 828 3659 ad
875 3605 1095 3675 propria
1146 3610 1518 3659 revertuntur.
1569 3607 1643 3661 At
1687 3622 1812 3661 cum
1861 3605 2027 3660 enixa

427 3696 597 3752 fuerit
626 3709 770 3753 uxor
793 3691 1050 3765 alicujus,
1080 3690 1423 3764 edideritque
1470 3709 1642 3748 unum
1673 3693 1759 3749 vel
1791 3694 2023 3751 alterum

428 3794 671 3861 partum,
721 3799 831 3840 non
874 3782 1072 3839 transit
1117 3780 1353 3838 ulterius
1384 3782 1452 3839 ad
1482 3797 1601 3838 eam
1648 3782 1767 3856 ejus
1796 3786 2027 3843 maritus

427 3894 530 3935 nec
556 3875 792 3933 ulterius
820 3890 946 3932 cum
986 3872 1206 3947 propria
1232 3872 1553 3929 concumbit
1581 3890 1776 3931 uxore.
1811 3874 2025 3948 Singu-

428 3970 499 4026 lis
527 3968 674 4025 enim
710 3967 841 4023 filiis
871 3966 930 4021 in
964 3966 1148 4023 locum
1191 3971 1409 4037 patrum
1439 3963 1773 4035 substitutis,
1806 3981 1901 4038 per
1932 3975 2027 4023 to-

428 4072 542 4119 tam
588 4061 656 4116 de
686 4060 901 4132 reliquo
950 4058 1122 4114 vitam
1164 4073 1196 4113 a
1241 4055 1480 4129 propriis
1524 4072 1582 4113 se
1611 4058 1880 4113 uxoribus
1906 4057 2025 4113 abs-

431 4152 630 4207 tinent.
682 4148 737 4203 Si
785 4155 969 4202 autem
1019 4145 1286 4204 acciderit
1349 4154 1410 4202 ut
1454 4147 1727 4220 quispiam
1782 4147 2023 4203 sterilem

431 4238 694 4295 sortiatur
723 4252 978 4299 uxorem,
1010 4251 1183 4308 usque
1215 4235 1281 4291 ad
1315 4237 1559 4308 quinque
1589 4252 1767 4293 annos
1795 4237 2026 4293 maritus

432 4326 606 4401 ipsius
635 4327 702 4383 ad
734 4341 853 4381 eam
886 4325 1099 4391 transit,
1148 4333 1202 4381 et
1233 4324 1284 4380 ei
1330 4326 1578 4382 maritale
1622 4332 1845 4399 praestat
1872 4325 2023 4383 obse-

431 4418 644 4493 quium.
697 4416 827 4485 Quaa
873 4414 920 4471 si
967 4413 1193 4487 gravida
1234 4430 1332 4487 per
1370 4422 1588 4489 tempus
1635 4416 1773 4472 illud
1811 4416 2024 4473 reddita

2131 3354 2270 3406 ram,
2302 3336 2459 3410 cujus
2487 3336 2696 3395 donum
2735 3344 2817 3393 est
2863 3345 3181 3395 nostrorum
3223 3354 3412 3397 sermo
3443 3340 3730 3398 verborum

2138 3426 2394 3484 notitiam
2421 3426 2817 3501 scientiamque
2847 3442 3203 3484 communem
3249 3436 3512 3486 scrutans
3541 3439 3595 3487 et
3620 3446 3730 3503 per-

2134 3517 2393 3599 spiciens,
2452 3515 2677 3590 injustis
2719 3515 2940 3591 quidem
2972 3516 3223 3573 tribuens
3267 3533 3393 3591 quae
3434 3526 3727 3588 merentur,

2128 3607 2296 3682 justis
2322 3616 2505 3665 autem
2539 3624 2764 3681 parcens
2797 3623 2810 3662 :
2840 3606 2911 3664 da
2938 3605 3101 3675 mihi,
3124 3622 3332 3681 quasso,
3350 3616 3405 3666 te
3433 3609 3718 3682 placidam,

2133 3705 2197 3754 ut
2224 3697 2425 3770 possim
2450 3696 2520 3753 ad
2547 3696 2643 3754 illa
2663 3713 2784 3771 quas
2802 3696 2991 3768 cupio,
3021 3696 3110 3753 his
3138 3696 3401 3770 precibus
3422 3699 3725 3772 pervenire,

2134 3786 2506 3845 Brachmanas
2558 3803 2692 3844 vero
2735 3785 2984 3843 bonitate
3025 3802 3089 3843 ac
3139 3786 3415 3861 sapientia
3478 3788 3726 3862 praditos

2134 3876 2283 3933 viros
2313 3876 2405 3933 hic
2445 3884 2738 3950 prasentes
2778 3892 3021 3935 cernere.
3054 3877 3199 3935 Veni
3243 3878 3394 3934 enim
3442 3888 3510 3936 ut
3555 3879 3728 3953 aliqua

2133 3982 2514 4040 cognoscerem
2540 3983 2573 4023 a
2600 3965 2823 4036 Caleno,
2855 3966 3038 4025 incola
3076 3967 3275 4025 horum
3318 3969 3591 4038 locorum,
3635 3968 3727 4044 qui

2133 4056 2202 4114 ad
2240 4073 2327 4114 me
2349 4057 2584 4114 festinus
2625 4056 2874 4127 accessit,
2913 4073 3021 4131 quo
3054 4072 3206 4115 nunc
3229 4059 3596 4132 persuadente
3626 4058 3725 4115 de-

2133 4145 2315 4204 sidero
2362 4147 2604 4204 ediscere
2641 4156 2844 4205 cuncta
2893 4147 3109 4221 plenius
3161 4156 3216 4206 et
3273 4150 3465 4207 videre
3490 4194 3503 4207 .
3533 4150 3724 4208 Brach-

2133 4236 2283 4292 mani
2312 4252 2443 4292 vero
2475 4243 2697 4293 econtra
2725 4236 3042 4295 Alexandro
3104 4237 3211 4294 ista
3265 4238 3528 4297 dicebant
3558 4257 3572 4297 :
3626 4238 3723 4296 Ve-

2133 4327 2263 4385 nisti
2321 4328 2389 4385 ad
2446 4345 2565 4398 nos,
2598 4329 2881 4404 inquiunt,
2911 4347 3239 4405 cognoscere
3270 4333 3596 4407 sapientiam
3625 4350 3691 4391 cu

2132 4417 2288 4490 piens
2319 4436 2331 4474 :
2375 4434 2478 4475 nos
2504 4426 2687 4483 autem
2717 4419 3050 4478 Brachmani
3081 4422 3323 4479 libenter
3349 4423 3540 4480 statim
3566 4424 3722 4480 talem

431 4523 542 4564 non
572 4505 760 4573 fuerit,
810 4519 941 4559 mox
971 4502 1038 4559 ab
1071 4501 1259 4558 eadem
1312 4504 1530 4573 penitus
1573 4512 1856 4601 separatur
1889 4522 1901 4560 :
1950 4504 2022 4562 oh
2056 4542 2106 4601 D
2133 4507 2473 4581 suscepimus
2488 4509 2849 4567 voluntatem.
2875 4510 3202 4584 Hujusmodi
3224 4513 3376 4569 enim
3397 4512 3722 4570 desiderium

430 4597 575 4671 quod
606 4612 717 4651 non
748 4594 807 4650 in
834 4595 1038 4649 multos
1079 4592 1311 4664 populos
1340 4607 1528 4647 eorum
1557 4590 1893 4648 diffunditur
1922 4610 2024 4667 ge-

428 4703 552 4750 nus,
580 4693 697 4741 tum
741 4691 963 4757 propter
1008 4682 1256 4738 locorum
1286 4679 1690 4749 diﬂicultatenf,
1738 4688 1856 4737 tum
1887 4699 2026 4755 pro-

426 4785 547 4849 pter
574 4771 1029 4831 consuetudinem
1060 4767 1406 4827 continendi.
1442 4769 1570 4826 Haec
1597 4777 1680 4826 est
1734 4786 1862 4844 ergo
1907 4771 2023 4829 vita

427 4872 481 4921 et
508 4864 853 4921 conversatio
879 4859 1373 4918 Brachmanorum.
1418 4860 1679 4918 Fluvium
1709 4868 1889 4917 autem
1926 4861 2021 4936 ip—
2060 4876 2065 4881 ·

426 4972 547 5013 sum
573 4973 698 5012 cum
723 4953 965 5011 maxima
983 4951 1180 5008 dicunt
1208 4950 1536 5009 difﬁcultate
1555 4949 1742 5008 vadari
1772 4952 1863 5025 (Ω.
1888 4951 2020 5011 Cur-

424 5046 559 5112 tius,
588 5044 684 5100 lib.
717 5044 867 5115 vm),
898 5050 1019 5098 tum
1069 5048 1294 5114 propter
1340 5040 1663 5099 Ondoniton
1718 5048 2017 5116 tyrannum

425 5135 545 5191 loca
574 5134 669 5190 illa
698 5133 1070 5199 infestantem,
1123 5137 1242 5186 tum
1289 5130 1454 5187 etiam
1497 5130 1694 5188 timore
1731 5130 2017 5202 cujusdam

423 5222 678 5279 animalis
718 5221 779 5277 in
807 5219 1120 5293 supradicto
1149 5219 1321 5277 ﬂuvio
1353 5219 1640 5290 morantis,
1685 5220 1831 5293 quod
1851 5228 2019 5277 tanta

423 5311 822 5386 magnitudinis
863 5328 979 5368 esse
1009 5312 1225 5377 dicunt,
1259 5317 1322 5367 ut
1366 5309 1643 5384 integrum
1697 5311 1869 5384 possit
1896 5311 2019 5368 ele-

422 5402 682 5475 phantem
715 5401 996 5458 devorare.
1027 5402 1110 5458 Eo
1138 5417 1269 5457 vero
1296 5408 1540 5472 tempore
1568 5417 1677 5474 quo
1707 5400 2013 5457 Brachman

419 5491 626 5545 ﬂumen
673 5490 902 5546 transire
932 5497 1355 5558 consueverunt,
1406 5489 1601 5545 divino
1650 5497 1902 5546 asserunt
1923 5488 2015 5562 ju-

420 5576 567 5634 dicio
596 5577 806 5633 dictum
852 5578 1053 5634 animal
1090 5595 1201 5634 non
1233 5576 1409 5633 videri
1459 5578 1517 5631 in
1546 5576 1738 5632 ﬂuvio.
1784 5577 2014 5633 Maximi

2133 4597 2191 4652 in
2218 4598 2335 4654 vita
2368 4613 2432 4655 ac
2459 4597 2706 4656 moribus
2735 4600 2940 4657 nostris
2967 4616 3197 4674 regnum
3221 4601 3511 4675 judicatur
3544 4619 3557 4657 :
3588 4600 3726 4676 quod

2131 4704 2280 4746 nunc
2328 4687 2537 4745 discere
2583 4688 2882 4761 imperator
2918 4678 3039 4764 ipse
3069 4691 3319 4748 voluisti.
3360 4691 3727 4765 Philosophus

2129 4776 2274 4832 enim
2330 4793 2444 4833 non
2499 4776 2748 4834 dominio
2798 4778 3030 4836 alterius
3086 4779 3455 4855 obtemperat,
3489 4781 3586 4838 sed
3615 4782 3721 4855 ipse

2128 4863 2482 4924 dominatur:
2514 4866 2681 4924 homo
2710 4868 2859 4925 enim
2899 4869 2959 4925 in
2988 4886 3113 4927 eum
3148 4887 3263 4927 non
3293 4870 3466 4929 habet
3502 4878 3723 4943 potesta-

2128 4962 2261 5012 tem.
2285 4955 2391 5013 Sed
2417 4958 2678 5031 quoniam
2708 4958 2851 5016 nihil
2884 4959 3045 5017 nobis
3076 4959 3347 5018 hactenus
3378 4961 3613 5018 credens
3635 4962 3721 5032 (eo

2128 5044 2274 5120 quod
2301 5062 2474 5122 usque
2503 5047 2571 5105 ad
2596 5064 2835 5122 presens
2864 5057 3085 5124 tempus
3124 5050 3266 5107 male
3294 5050 3364 5106 de
3391 5050 3562 5107 nobis
3591 5049 3721 5124 apud

2127 5135 2417 5209 tequidem
2449 5136 2621 5195 locuti
2650 5138 2829 5211 sunt),
2859 5155 3010 5197 nunc
3035 5139 3105 5197 ad
3136 5156 3235 5197 nos
3274 5156 3410 5196 vera
3438 5140 3721 5216 degustans

2126 5222 2351 5282 venisti.
2412 5224 2650 5284 Calanus
2681 5227 2832 5284 enim
2860 5228 2948 5284 vir
2997 5227 3143 5302 apud
3174 5244 3277 5286 nos
3301 5230 3581 5303 pessimus
3605 5230 3717 5295 fuit,

2126 5330 2222 5387 per
2273 5331 2434 5389 quem
2486 5333 2589 5373 vos
2637 5317 2814 5375 Graeci
2870 5318 3127 5375 homines
3165 5318 3548 5377 Brachmanas
3572 5336 3716 5395 agno-

2125 5403 2287 5461 vistis
2316 5406 2565 5479 quidem,
2594 5409 2734 5466 bene
2763 5416 2948 5465 tamen
2978 5425 3089 5465 non
3122 5410 3390 5482 potuistis
3413 5426 3711 5485 agnoscere.

2124 5494 2223 5549 Ille
2250 5493 2399 5551 enim
2429 5512 2543 5553 non
2562 5496 2672 5556 fuit
2694 5508 2902 5568 noster,
2924 5499 3018 5571 qui
3048 5499 3119 5555 ad
3143 5498 3376 5555 divitias
3404 5500 3530 5556 sine
3550 5501 3714 5573 aliqua

2125 5581 2211 5638 sui
2266 5587 2621 5645 excusatione
2651 5588 2966 5661 transfugit,
3014 5587 3105 5645 cui
3135 5604 3247 5645 non
3275 5588 3505 5647 suffecit
3538 5590 3605 5646 de
3631 5590 3713 5645 Τι-

421 5668 586 5724 etiam
621 5667 883 5723 dracones
920 5667 1036 5725 illic
1081 5683 1219 5724 esse-
1254 5667 1538 5734 dicuntur,
1589 5662 1852 5723 habentes
1879 5682 2012 5740 sep-
2121 5670 2363 5731 berunco
2417 5674 2592 5734 ﬂuvio
2635 5692 2832 5755 aquam
2887 5677 3154 5735 castitatis
3209 5677 3483 5750 haurire,
3556 5694 3713 5754 neque
