3880 6204
141 329 170 385 1
185 328 212 384 1
223 329 302 385 73
1312 329 1408 386 DE
1449 329 1754 388 MORIBUS

1899 327 2400 388 ACHMANORUM.
3352 333 3491 393 1174

139 454 339 529 pressi
375 454 552 514 lactis
571 454 758 512 cibum
785 471 1019 524 sumere,
1052 454 1253 528 quibus
1289 457 1402 512 Deo
1431 456 1596 529 digna
1629 474 1783 514 mens
1815 461 1861 519 A
1891 458 2036 531 ipsos
2078 457 2251 513 veluti
2301 464 2493 512 contra
2533 458 2787 516 inimicos
2835 469 3046 518 vestros
3075 462 3262 519 soletis
3309 463 3490 537 loqui,

140 544 397 614 crescit,
439 561 610 619 quam
664 545 760 600 ille
808 546 924 601 Deo
969 561 1181 619 semper
1235 545 1430 601 habuit
1483 545 1787 616 inimicam,
1898 562 2022 602 cum
2055 553 2236 602 tamen
2267 545 2467 603 habere
2519 566 2617 605 vos
2661 550 2860 621 lingua
2888 553 3120 624 propria:
3164 561 3487 626 potestatem

144 650 267 707 qua
301 635 470 690 male
498 651 791 692 succensus
836 635 892 690 in
947 634 1084 690 iram
1134 634 1361 703 exarsit,
1408 651 1678 708 quamque
1723 635 1789 690 de
1898 634 2098 692 sciatis.
2135 635 2317 706 Longe
2342 637 2584 708 profecto
2619 639 2871 695 meliores
2891 649 3020 696 sunt
3054 643 3136 697 illi
3186 644 3277 715 qui
3309 651 3490 700 tacere

144 726 476 798 sapientia
524 727 686 782 bonis
743 726 1028 782 transtulit
1073 724 1140 780 ad
1171 725 1308 782 vitia
1349 727 1670 798 voluptatis.
1703 728 1788 782 Ex
1898 733 2322 794 consueverunt,
2345 743 2453 782 non
2477 729 2620 783 enim
2647 746 2700 784 se
2720 730 3153 805 ipsosloquendo
3172 735 3486 792 revincunt.

145 817 328 873 nobis
366 825 566 873 autem
605 817 794 873 nullus
823 817 880 872 in
915 815 1108 888 prunis
1134 814 1455 871 ardentibus
1487 817 1785 884 volutatur,

145 923 348 981 neque
390 907 504 963 ulli
530 907 748 964 dolores
803 922 1033 978 corpora
1070 912 1257 960 nostra
1305 914 1658 972 consumunt,
1695 907 1785 962 sed

148 996 278 1052 vita
330 1004 542 1052 nostra
596 995 1058 1052 medicamentum
1115 995 1338 1068 aliquod
1381 996 1629 1051 sanitatis
1671 1003 1776 1051 est.

145 1088 428 1146 Naturali
465 1094 652 1143 autem
683 1085 953 1142 beneficio
981 1085 1149 1140 alieni
1190 1101 1221 1139 a
1268 1084 1481 1140 divitiis
1527 1087 1787 1143 omnibus

147 1193 362 1234 sumus
401 1194 414 1231 :
456 1192 615 1248 aequo
645 1175 807 1231 etiam
839 1174 1012 1230 vitam
1061 1182 1303 1230 nostram
1341 1191 1486 1230 mors
1529 1175 1637 1233 ﬁne
1683 1193 1786 1233 co-

148 1266 429 1321 mitatur.
466 1265 540 1320 Et
575 1264 621 1321 si
652 1258 931 1319 interdum
979 1264 1232 1320 nonnulli
1279 1264 1421 1320 forte
1467 1266 1783 1321 mortalium

147 1355 222 1412 ad
251 1371 410 1428 quos
436 1354 705 1411 falsorum
743 1352 898 1410 venit
929 1353 1181 1410 doctrina
1225 1352 1543 1421 verborum,
1583 1371 1786 1426 percu-

148 1455 274 1502 tere
338 1460 456 1500 nos
535 1444 696 1500 vanis
770 1451 984 1499 tentant
1059 1442 1272 1515 sagittis
1300 1486 1315 1511 ,
1391 1442 1783 1514 ingenuitatem

147 1542 353 1590 tamen
384 1543 639 1590 nostram
671 1532 866 1589 laedere
895 1549 958 1589 ac
976 1531 1172 1588 vitiare
1204 1547 1315 1588 non
1345 1533 1779 1603 possunt.Unum

151 1630 330 1696 atque
373 1622 533 1679 idem
567 1630 648 1678 est
674 1620 897 1678 mentiri
925 1631 980 1679 et
1007 1621 1227 1678 credere
1273 1621 1583 1677 mentienti.
1616 1623 1785 1678 Nocet

151 1713 312 1770 enim
349 1713 490 1787 quis
519 1720 571 1769 et
609 1711 699 1770 cui
731 1712 866 1768 falsa
897 1711 1206 1784 persuadet,
1239 1720 1400 1766 nocet
1429 1718 1481 1767 et
1510 1709 1637 1779 sibi,
1657 1710 1785 1783 quia

1897 816 2142 873 Mutuam
2171 815 2472 872 mercedem
2503 819 2570 873 ab
2593 819 2850 875 omnibus
2870 822 3138 892 accipitis,
3168 824 3487 895 gloriosum,

1897 917 1957 964 ut
2000 909 2220 980 putatis,
2282 918 2669 965 ornamentum
2718 912 2908 984 digitis
2962 914 3157 967 vestris
3205 913 3492 985 imponitis

1895 1015 2089 1053 aurum
2124 1017 2134 1053 :
2169 1015 2267 1054 vos
2297 1015 2511 1070 quoque
2545 1001 2783 1056 reminas
2811 1002 3062 1057 videmus
3091 1012 3330 1067 ornatos,
3361 1020 3490 1058 cum

1895 1086 2078 1143 sciatis
2118 1087 2263 1159 quod
2313 1088 2573 1159 idipsum,
2627 1089 2684 1144 in
2724 1108 2832 1163 quo
2886 1109 3210 1163 magnopere
3245 1092 3487 1161 creditis,

1894 1187 2160 1251 quantum
2213 1178 2280 1234 ad
2324 1194 2435 1233 rem
2484 1179 2720 1250 pertinet
2766 1197 2972 1248 veram,
3025 1181 3181 1237 vobis
3236 1180 3491 1253 prodesse

1895 1269 2036 1324 nihil
2059 1268 2248 1342 possit.
2283 1269 2436 1324 Auro
2465 1269 2611 1325 enim
2636 1286 2751 1325 non
2777 1270 3122 1324 extolluntur
3151 1270 3370 1338 animae,
3401 1286 3490 1326 ne-

1894 1374 1996 1430 que
2018 1375 2245 1429 corpora
2276 1359 2619 1426 nutriuntur,
2653 1359 2752 1414 sed
2774 1365 2997 1415 econtra
3031 1374 3127 1431 per
3155 1358 3296 1415 illud
3328 1367 3493 1414 utra—

1894 1465 1998 1521 que
2020 1448 2122 1504 ista
2149 1448 2435 1504 vitiantur.
2465 1450 2574 1504 Nos
2604 1457 2786 1504 autem
2814 1451 2907 1522 qui
2940 1451 3321 1522 cOgnoscimus
3350 1450 3491 1506 veri-

1894 1547 2081 1606 tatem,
2138 1539 2421 1612 ipsamque
2495 1547 2768 1607 naturam,
2829 1539 2874 1594 si
2925 1540 3253 1611 coeperimus
3312 1540 3488 1608 sitire,

1895 1626 2097 1682 ibimus
2153 1628 2217 1682 ad
2276 1628 2530 1696 ﬂuvium,
2583 1645 2890 1701 aurumque
2941 1629 3233 1698 calcantes,
3293 1646 3491 1702 aquam

1892 1715 2164 1772 bibemus.
2216 1718 2366 1773 Auro
2410 1717 2559 1772 enim
2602 1718 2794 1790 nequit
2843 1718 3019 1773 sedari
3052 1718 3244 1786 fames,
3277 1734 3339 1774 ac
3368 1719 3490 1774 sitis

152 1803 295 1862 dum
341 1803 647 1860 mendacio
677 1802 874 1871 credit,
916 1818 1025 1858 non
1068 1802 1230 1857 facile
1267 1802 1334 1858 ad
1381 1801 1555 1873 ipsam
1585 1803 1782 1857 verita-
1814 1823 1860 1882 Β
1894 1805 2068 1861 nescit
2102 1807 2400 1877 exstingui.
2433 1808 2552 1862 Non
2575 1823 2641 1861 ex
2672 1824 2807 1862 auro
2839 1807 2991 1862 venit
3021 1809 3314 1863 vulnerum
3338 1825 3489 1876 cura,

153 1903 270 1952 tem
316 1894 624 1968 pervenire
653 1893 820 1949 valet.
872 1891 1221 1948 Insimulatio
1260 1899 1444 1947 autem
1495 1893 1638 1948 mala
1683 1891 1784 1946 ini-

153 1986 522 2042 micitiarum
553 1984 803 2058 quaedam
834 1992 888 2040 et
927 1982 1289 2039 certaminum
1328 1990 1502 2039 mater
1531 1991 1630 2051 est,
1665 2000 1785 2056 quae

153 2091 224 2132 ex
254 2093 318 2132 se
376 2073 728 2130 iracundiam
778 2072 940 2144 parit,
1000 2088 1069 2127 ex
1104 2071 1305 2142 quibus
1361 2088 1551 2126 rursus
1603 2071 1787 2144 jurgia

155 2171 209 2220 et
241 2163 407 2220 bella
439 2169 758 2217 nascuntur.
795 2159 962 2214 Nulla
1000 2168 1183 2215 tamen
1216 2158 1397 2214 virtus
1424 2168 1509 2214 est
1537 2160 1784 2216 occidere

154 2254 468 2311 hominem
504 2267 516 2304 :
550 2251 827 2306 latronum
875 2249 1022 2304 enim
1066 2248 1190 2316 iste,
1232 2255 1294 2303 ut
1341 2248 1619 2319 novimus,
1668 2265 1786 2304 mos

155 2351 240 2402 θεῖ
327 2340 448 2398 Sed
503 2355 604 2395 nos
666 2339 932 2394 virtutem
1008 2353 1194 2392 veram
1269 2354 1532 2393 vocamus
1592 2345 1785 2393 contra

158 2447 439 2491 aurarum
494 2428 828 2485 mutationes
883 2426 1034 2483 nudo
1077 2443 1304 2500 corpore
1344 2426 1628 2494 dimicare,
1681 2426 1786 2482 de-

158 2523 374 2582 sideria
404 2519 623 2577 ventris
655 2518 995 2587 abscindere,
1049 2525 1102 2572 et
1154 2517 1332 2572 varias
1379 2516 1552 2589 ipsius
1578 2533 1787 2590 pugnas

160 2610 519 2669 abstinentia
549 2608 920 2682 patientiaque
949 2622 1222 2679 superare.
1253 2606 1428 2679 Igitur
1447 2608 1600 2678 prius
1625 2606 1786 2663 vince

162 2700 268 2758 hos
300 2699 576 2756 inimicos
611 2706 739 2754 ante
758 2697 946 2754 omnia
971 2703 1115 2765 tuos,
1149 2695 1196 2752 si
1225 2695 1385 2750 fortis
1424 2694 1630 2751 videris
1658 2694 1781 2762 tibi,

163 2799 218 2849 et
248 2791 473 2849 exinde
500 2805 638 2860 opus
676 2788 778 2844 tibi
818 2804 929 2844 non
980 2787 1085 2844 erit
1130 2786 1422 2843 adversum
1474 2785 1783 2859 quempiam

165 2882 489 2942 certamina
519 2887 748 2936 externa
775 2880 1146 2935 committere.
1179 2878 1391 2935 Idcirco
1417 2879 1563 2934 enim
1594 2885 1786 2934 contra

166 2993 258 3033 eos
287 2974 392 3049 qui
439 2972 574 3028 foris
622 2980 770 3040 sunt,
817 2987 1131 3028 commoves
1166 2972 1332 3038 bella,
1385 2979 1446 3026 ut
1491 2971 1612 3026 istis
1650 2986 1786 3043 quos

167 3066 519 3122 intrinsecus
551 3061 736 3129 habes,
779 3061 1043 3116 alimenta
1076 3067 1130 3115 et
1158 3059 1399 3115 fomenta
1430 3058 1781 3130 suppedites:

1898 1911 2009 1949 non
2052 1903 2379 1968 aegrotorum
2430 1896 2706 1952 medicina
2767 1895 3160 1963 membrorum,
3213 1911 3325 1950 non
3380 1897 3495 1950 ulla

1897 1986 2195 2043 refrenatio
2224 1987 2547 2060 cupiditatis
2587 1987 2896 2055 immensae,
2927 1987 3019 2042 sed
3044 1986 3294 2041 hortatus
3322 1986 3495 2058 magis

1896 2093 1959 2132 ac
1981 2078 2297 2148 provocatio
2328 2077 2503 2149 major
2531 2077 2598 2132 ad
2639 2094 2838 2132 novam
2871 2077 3054 2132 nescio
3083 2093 3245 2149 quam
3282 2093 3495 2132 concu—

1897 2166 2141 2238 piscendi
2159 2167 2470 2222 libidinem.
2489 2168 2558 2222 Et
2577 2166 2698 2222 sitis
2716 2166 2945 2238 quidem
2972 2167 3067 2220 illa
3087 2166 3352 2221 naturalis
3369 2182 3492 2220 cum

1896 2253 2083 2321 fuerit,
2102 2271 2224 2309 cum
2243 2271 2460 2326 aquam,
2479 2270 2639 2326 quam
2659 2255 3011 2324 desideravit,
3031 2254 3319 2327 acceperit,
3339 2254 3495 2312 sitire

1896 2359 2028 2398 mox
2057 2351 2228 2399 cessat
2253 2361 2264 2410 ;
2293 2343 2551 2399 similiter
2579 2345 2744 2399 etiam
2772 2345 3046 2399 naturalis
3076 2345 3246 2400 fames
3277 2345 3495 2418 quando

1897 2448 2073 2489 escam
2105 2449 2266 2505 quam
2300 2433 2515 2504 quzerit,
2558 2434 2851 2504 acceperit,
2885 2432 3250 2504 conquiescit.
3285 2434 3341 2488 Si
3379 2433 3494 2505 igi-

1896 2529 1988 2576 tur
2026 2520 2214 2576 eodem
2247 2521 2432 2588 modo,
2484 2522 2783 2592 eademque
2815 2530 3009 2576 natura
3053 2538 3246 2575 aurum
3277 2538 3493 2593 quoque

1897 2610 2171 2665 humanus
2199 2611 2417 2665 animus
2446 2609 2799 2675 desideraret,
2835 2609 2929 2664 ubi
2974 2609 3210 2679 primum
3240 2609 3494 2680 accepis-

1895 2709 1976 2756 set
2005 2699 2150 2772 quod
2199 2699 2420 2771 optabat
2463 2698 2730 2770 accipere,
2791 2698 2910 2753 sine
2939 2696 3111 2752 dubio
3135 2696 3410 2768 cupiditas
3439 2705 3493 2753 et

1898 2791 2014 2862 ipsa
2064 2798 2331 2846 cessaret:
2397 2788 2490 2844 sed
2555 2786 2758 2842 nedum
2821 2787 2924 2842 ista
2969 2803 3079 2841 non
3137 2795 3328 2853 cessat,
3378 2786 3494 2842 imo

1896 2896 2110 2950 semper
2137 2895 2298 2945 nova,
2324 2885 2379 2932 et
2409 2876 2527 2932 sine
2549 2877 2732 2948 aliqua
2762 2875 3169 2931 intermissione
3199 2874 3493 2944 desiderat,

1897 2969 2027 3040 quia
2058 2984 2168 3023 non
2201 2983 2268 3022 ex
2302 2965 2739 3023 commonitione
2771 2972 2983 3020 naturae
3027 2963 3359 3019 desiderium
3391 2964 3498 3019 tale

1899 3057 2166 3130 procedit.
2196 3057 2477 3113 Postremo
2499 3056 2554 3110 in
2587 3072 2696 3128 quo
2720 3055 2867 3126 apud
2923 3072 3020 3110 vos
3047 3055 3300 3110 homines
3330 3062 3382 3111 et
3416 3070 3500 3109 or-

167 3156 266 3212 sed
304 3162 368 3210 tu
400 3152 560 3208 vides
590 3150 737 3224 quod
767 3167 860 3207 eos
889 3150 1133 3222 quidem,
1157 3165 1282 3206 cum
1313 3149 1513 3221 quibus
1538 3148 1674 3203 foris
1703 3147 1783 3204 di-
1815 3177 1864 3239 C
1899 3155 2102 3202 nantur
2125 3154 2178 3201 et
2207 3145 2530 3216 gloriantur,
2558 3145 2613 3198 in
2637 3144 2821 3199 eodem
2846 3142 2991 3212 apud
3018 3159 3117 3198 nos
3137 3152 3492 3214 spernuntur.

168 3247 369 3311 micas,
407 3240 614 3308 vincis,
645 3240 714 3296 ab
743 3240 814 3296 iis
843 3247 1025 3296 autem
1057 3255 1194 3311 quos
1235 3239 1402 3306 nosti,
1434 3237 1525 3310 qui
1559 3238 1705 3294 intra
1735 3247 1785 3293 te

173 3341 330 3400 sunt,
363 3329 663 3404 superaris.
697 3329 994 3388 Considera
1032 3328 1202 3400 igitur
1229 3328 1420 3401 quanti
1464 3328 1687 3400 tyranni
1729 3328 1782 3382 in

175 3423 489 3478 stultorum
518 3417 778 3476 cordibus
834 3417 1040 3490 degunt
1086 3434 1098 3471 :
1162 3417 1330 3484 oculi,
1383 3433 1562 3484 aures,
1604 3433 1782 3484 nares,

173 3517 400 3579 venter,
445 3508 654 3574 virilia,
683 3515 973 3581 totumque
1004 3523 1202 3580 corpus
1241 3506 1571 3571 humanum,
1619 3522 1784 3579 quam

173 3602 354 3656 multa
388 3600 558 3656 etiam
587 3599 858 3656 desideria
887 3594 1556 3666 uascunturintrinsecus,
1585 3597 1786 3671 quibus

177 3697 446 3754 omnibus
476 3711 645 3767 genus
668 3697 896 3752 mortale
917 3693 1227 3752 succumbit
1253 3702 1308 3751 et
1339 3694 1528 3761 servit,
1568 3705 1788 3768 propter

176 3800 300 3858 qua
339 3791 545 3843 cuncta
575 3791 629 3839 et
649 3784 984 3857 jugulantur
1030 3791 1084 3840 et
1127 3782 1404 3856 jugulant.
1449 3783 1560 3839 Nos
1605 3793 1784 3840 autem

175 3872 538 3942 Brachmani,
583 3872 714 3948 quia
755 3873 944 3930 omnia
983 3889 1103 3947 quae
1153 3874 1486 3930 intrinsecus
1524 3871 1788 3929 habemus

177 3960 322 4018 bella
356 3978 704 4034 superamus,
753 3961 866 4036 jam
913 3963 981 4020 de
1020 3965 1234 4036 reliquo
1281 3964 1588 4019 incolumes
1626 3971 1788 4036 atque

179 4051 362 4110 securi
397 4051 457 4105 in
499 4067 713 4106 summa
763 4067 895 4122 pace
953 4052 1372 4125 requiescimus,
1421 4053 1589 4109 silvas
1639 4053 1787 4110 vide-

179 4158 325 4208 mus,
363 4137 675 4210 cmlumque
705 4138 1058 4210 suspicimus,
1089 4141 1400 4212 aquilarum
1421 4139 1786 4197 diversarum-

181 4247 288 4304 que
308 4228 500 4286 avium
525 4225 861 4299 gratissimas
895 4241 1056 4282 voces
1081 4242 1295 4298 semper
1331 4227 1606 4296 audimus,
1634 4230 1788 4286 nudo

183 4318 285 4376 sub
324 4333 450 4374 aere
483 4315 740 4372 arborum
772 4313 922 4369 foliis
952 4322 1139 4370 nostra
1166 4331 1396 4387 corpora
1423 4318 1784 4389 contegimus,

186 4424 490 4482 eorumque
564 4405 839 4464 fructibus
903 4406 1199 4476 vescimur,
1271 4423 1468 4480 aquam
1519 4407 1782 4478 bibimus,

185 4501 430 4574 hymnos
456 4502 571 4556 Deo
599 4498 874 4566 canimus,
905 4506 958 4555 et
987 4497 1159 4554 futuri
1207 4498 1393 4555 saeculi
1423 4497 1598 4554 vitam
1628 4498 1784 4554 desi-

188 4589 464 4659 deramus,
489 4589 815 4662 nullumque
835 4586 983 4661 quod
1005 4586 1258 4659 prodesse
1276 4586 1436 4644 nobis
1459 4603 1567 4644 non
1586 4588 1777 4660 possit,

191 4679 467 4737 audimus.
492 4679 590 4735 His
620 4695 748 4751 ergo
773 4695 874 4736 nos
904 4676 1238 4734 Brachmani
1270 4677 1518 4734 moribus
1540 4677 1788 4734 contenti

191 4769 455 4839 vivimus,
492 4768 790 4842 paucisque
815 4768 1165 4826 sermonibus
1220 4768 1438 4842 agitatis
1482 4785 1612 4825 mox
1643 4777 1788 4826 tace-

193 4875 334 4916 mus.
367 4860 482 4917 Vos
513 4868 695 4916 autem
734 4857 923 4915 dicitis
967 4858 1192 4932 quidem
1242 4876 1362 4932 qum
1386 4858 1621 4915 debeant
1647 4859 1787 4925 ﬁeri,

197 4961 295 5006 nec
322 4955 508 5004 tamen
528 4947 711 5003 facitis
738 4965 752 5015 ;
777 4946 1170 5020 philosophum
1195 4964 1294 5004 vos
1315 4949 1532 5005 nullum
1565 4949 1788 5022 putatis,

195 5036 301 5093 nisi
330 5053 454 5094 eum
485 5039 580 5112 qui
613 5036 832 5093 noverit
855 5037 1007 5111 loqui
1043 5055 1054 5093 :
1102 5044 1283 5094 vester
1307 5038 1454 5094 enim
1501 5047 1582 5096 est
1611 5039 1791 5095 omnis

199 5140 384 5184 sensus
412 5127 472 5184 in
502 5127 713 5202 lingua,
743 5127 1010 5202 vobisque
1037 5128 1096 5184 in
1126 5128 1239 5184 oris
1283 5127 1454 5184 vestri
1491 5128 1652 5185 labiis
1679 5136 1794 5185 tota

199 5217 462 5289 sapientia
488 5225 589 5274 est.
627 5218 842 5274 Aurum
872 5223 1270 5290 argentumque
1295 5217 1580 5291 colligitis,
1605 5219 1792 5291 pluri—

202 5304 303 5362 mis
333 5308 504 5364 servis
531 5316 585 5364 et
611 5308 824 5381 magnis
866 5307 1124 5366 domibus
1175 5307 1435 5382 indigetis
1470 5327 1482 5365 :
1529 5309 1794 5367 aﬁectatis

203 5393 451 5469 honores,
475 5409 529 5456 et
555 5399 844 5457 sectamini
867 5401 1182 5473 dignitates,
1211 5401 1375 5457 editis
1397 5409 1609 5458 tantum
1633 5411 1794 5476 atque

205 5487 396 5554 potatis
425 5497 693 5562 quantum
713 5490 874 5563 juvat
904 5491 1137 5564 expleri,
1161 5490 1388 5547 utimini
1419 5508 1572 5565 aeque
1601 5501 1656 5548 et
1686 5509 1795 5548 ve—

205 5573 376 5632 stibus
424 5577 680 5636 delicatis
717 5597 932 5653 semper
985 5597 1049 5638 ac
1087 5581 1370 5651 mollibus,
1411 5598 1578 5654 eaque
1615 5581 1796 5638 facitis

209 5679 430 5737 quorum
487 5669 868 5743 paenitentiam
927 5687 1058 5730 mox
1120 5673 1319 5746 geratis
1373 5691 1383 5728 :
1441 5680 1630 5730 contra
1685 5688 1796 5728 vox

1901 3238 2138 3294 Calanus
2166 3235 2378 3290 amicus
2406 3241 2485 3288 est
2516 3242 2716 3298 vester,
2740 3231 2832 3287 sed
2864 3232 3149 3302 spernitur
3179 3239 3232 3286 et
3261 3233 3502 3288 calcatur

1896 3349 1926 3388 a
1959 3331 2136 3386 vobis.
2170 3329 2274 3397 Qui
2308 3344 2434 3399 ergo
2480 3327 2783 3382 multorum
2820 3326 3089 3379 malorum
3138 3333 3330 3380 auctor
3357 3325 3502 3396 apud

1895 3437 1995 3476 vos
2051 3420 2236 3483 fuerit,
2265 3435 2297 3474 a
2327 3417 2484 3473 vobis
2516 3415 2820 3470 honoratur
2863 3421 2916 3468 et
2967 3413 3170 3469 colitur
3197 3433 3207 3469 :
3243 3415 3338 3487 qui
3369 3431 3501 3471 vero

1896 3516 1976 3564 est
2006 3508 2244 3574 inutilis,
2277 3505 2565 3578 projicitur
2593 3521 2624 3558 a
2648 3502 2836 3558 nobis:
2872 3510 2926 3558 et
2965 3502 3060 3557 illa
3088 3517 3208 3574 qua:
3238 3518 3340 3557 nos
3371 3519 3502 3557 om-

1896 3597 2030 3653 nino
2064 3613 2176 3654 non
2222 3596 2542 3669 quaerimus,
2589 3593 2793 3650 Calano
2838 3607 2937 3663 pro
2992 3607 3054 3645 ea
3099 3607 3260 3663 quam
3308 3590 3503 3646 habuit

1897 3705 2024 3760 erga
2050 3687 2339 3759 pecuniam
2372 3685 2699 3758 cupiditate,
2733 3685 3077 3756 placuerunt.
3110 3682 3213 3738 Sed
3246 3700 3357 3739 non
3388 3691 3504 3739 erat

1898 3787 2085 3834 noster
2107 3777 2198 3832 hic
2221 3776 2367 3844 talis,
2393 3775 2489 3848 qui
2512 3774 2753 3830 animam
2780 3788 2932 3827 suam
2959 3770 3503 3829 miserabiliterlazsit

1896 3883 1958 3922 ac
1988 3865 2246 3937 perdidit,
2282 3864 2350 3918 ob
2382 3861 2529 3934 quod
2561 3877 2734 3933 neque
2775 3860 2874 3914 Dei
2926 3874 3104 3927 neque
3147 3859 3323 3914 nostri
3353 3860 3504 3914 ami-

1896 3972 1992 4010 cus
2021 3970 2135 4010 esse
2164 3953 2316 4008 visus
2345 3958 2426 4017 est
2454 3951 2674 4022 dignus,
2697 3964 2880 4020 neque
2909 3948 2964 4002 in
2997 3946 3102 4001 hoc
3130 3947 3328 4002 saeculo
3359 3948 3503 4004 inter

1897 4045 2065 4100 silvas
2119 4042 2319 4098 habere
2380 4039 2581 4096 meruit
2645 4037 3015 4103 securitatem,
3097 4051 3274 4107 neque
3350 4037 3499 4092 illam

1896 4152 2109 4210 sperare
2156 4134 2385 4207 gloriam
2441 4129 2645 4204 potuit,
2715 4144 2836 4200 quae
2890 4126 3233 4200 promittitur
3280 4127 3338 4183 in
3405 4128 3502 4183 fu—

1897 4235 2043 4283 turo.

1969 4311 2283 4370 Alexander
2307 4310 2608 4383 imperator
2637 4307 2736 4365 ubi
2772 4308 2929 4365 venit
2968 4308 3035 4365 ad
3073 4309 3258 4377 silvas,
3291 4306 3502 4364 Danda-

1897 4413 2033 4470 mim
2081 4411 2304 4486 quidem
2350 4410 2533 4482 ipsum
2563 4409 2622 4464 in
2677 4407 2916 4463 transitu
2971 4406 3157 4463 videre
3183 4422 3292 4462 non
3321 4407 3503 4478 potuit

1899 4501 2228 4574 (Plutarch,
2249 4501 2308 4556 in
2333 4501 2450 4558 Vita
2469 4499 2792 4569 Alexandri)
2823 4517 2833 4553 :
2859 4498 2915 4553 in
2938 4496 3079 4552 silva
3097 4497 3243 4551 enim
3262 4494 3499 4566 jacebat,

1894 4592 2218 4651 recumbens
2246 4607 2410 4662 super
2431 4589 2687 4645 arborum
2723 4587 2857 4642 folia
2878 4587 2936 4641 in
2958 4586 3252 4642 securitate
3272 4591 3326 4639 et
3348 4599 3497 4656 pace,

1900 4683 2186 4758 proximus
2214 4681 2377 4748 fonti,
2420 4696 2582 4752 quem
2632 4678 2786 4750 quasi
2828 4676 2963 4732 uber
2998 4683 3156 4730 terrae
3188 4674 3377 4730 matris
3405 4672 3501 4728 in—

1901 4781 2219 4844 corruptum
2260 4777 2422 4842 atque
2490 4768 2765 4838 integrum
2820 4765 2877 4820 in
2942 4781 3003 4821 os
3027 4781 3186 4821 suum
3226 4764 3501 4836 emulgere

1901 4867 2279 4919 consueverat.
2340 4855 2490 4913 Misit
2552 4863 2732 4911 autem
2792 4854 2843 4909 ei
2895 4853 3212 4910 Alexander
3261 4851 3501 4908 amicum

1902 4949 2192 5024 quemdam
2228 4946 2450 5003 nomine
2479 4943 2851 5000 Onesicritum
2885 4943 2975 5015 (Q.
3008 4943 3186 5012 Curt.,
3222 4942 3319 4999 lib.
3355 4958 3415 4998 ix
3437 4943 3500 4998 de

1907 5039 2072 5096 Gestis
2090 5037 2440 5109 Alexandri),
2463 5034 2652 5092 dicens
2671 5034 2721 5090 ei
2747 5052 2758 5088 :
2786 5033 3114 5102 Onesicrite,
3139 5041 3502 5090 memoratum

1902 5127 2084 5182 virum
2113 5125 2445 5182 Dandamim
2474 5123 2542 5179 ad
2573 5139 2660 5178 me
2692 5123 2882 5179 venire
2912 5123 3132 5192 festina,
3164 5131 3258 5178 aut
3283 5139 3502 5179 causam

1904 5229 2123 5294 propter
2161 5234 2325 5294 quam
2359 5218 2546 5274 venire
2592 5216 2855 5285 noluerit,
2908 5215 3122 5285 nuntia,
3170 5222 3231 5270 ut
3257 5231 3355 5288 ego
3387 5214 3504 5286 ipse

1903 5317 1971 5373 ad
1993 5315 2296 5372 videndum
2322 5331 2447 5372 eum
2481 5330 2720 5388 pergam.
2754 5311 2858 5370 Cui
2906 5311 3000 5367 ille
3027 5309 3312 5383 respondit
3347 5328 3358 5365 :
3393 5310 3506 5365 Fa-

1904 5407 2044 5462 ciam
2089 5422 2216 5462 cum
2264 5405 2546 5463 celeritate
2593 5403 2738 5476 quod
2771 5401 3042 5474 praecipis.
3073 5400 3210 5454 Nam
3238 5397 3381 5454 sicut
3404 5395 3508 5468 ju-

1904 5494 2034 5551 bere
2061 5503 2218 5550 tuum
2249 5503 2349 5562 est,
2409 5495 2485 5548 ita
2517 5508 2699 5548 meum
2738 5507 2852 5547 esse
2907 5503 3174 5561 cognosco
3205 5485 3315 5541 tuis
3338 5483 3509 5556 jussis

1906 5583 2301 5655 obtemperare.
2339 5581 2442 5638 Ubi
2489 5581 2664 5653 igitur
2693 5578 3042 5651 supradictus
3071 5577 3137 5631 ad
3175 5574 3504 5632 Dandamim

1909 5671 2142 5730 nuntius
2170 5672 2346 5741 venit,
2379 5670 2467 5729 his
2495 5688 2618 5728 eum
2669 5669 2940 5724 allocutus
2969 5675 3052 5722 est
3076 5664 3260 5720 verbis
3293 5681 3305 5719 :
3348 5661 3507 5719 Dixit
