3880 6204
390 304 530 366 1175

1424 305 1522 360 ΑΙ)
1560 302 1795 359 OPERA
1833 304 1888 359 S.
1933 303 2266 361 AMBROSII
2303 301 2681 358 APPENDIX.

3595 299 3738 357 1176

389 439 540 496 ﬁlius
567 435 656 494 dei
682 434 835 492 Jovis
865 434 1068 506 magni,
1103 431 1416 489 Alexander
1442 431 1761 502 imperator,
1788 430 1885 502 qui
1905 439 1986 486 est
2014 434 2067 494 Α
2095 441 2207 500 tur,
2226 431 2541 500 exsiliisset,
2573 447 2829 489 coronam
2847 431 2917 487 de
2942 431 3127 504 capite
3147 428 3449 502 deposuit,
3472 445 3733 487 omnem-

390 529 647 585 dominus
677 526 890 600 generis
921 523 1171 589 humani,
1202 530 1264 577 ut
1295 537 1552 592 properes
1581 519 1650 575 ad
1687 521 1847 576 illum
1881 537 1986 576 ve-

391 619 530 688 nire,
573 617 701 692 quia
752 615 874 680 tibi,
908 615 952 668 si
985 611 1222 678 veneris,
1268 611 1505 681 plurima
1534 609 1688 664 dabit
1717 626 1981 666 munera:

391 711 438 766 si
469 725 600 765 vero
628 705 816 762 venire
845 703 1109 768 nolueris,
1140 700 1310 755 \eluti
1343 709 1775 772 contemptorem
1812 709 1864 756 te
1901 718 1987 756 ca-

392 799 504 871 pite
557 794 765 867 puniet.
806 791 935 856 Qum
990 805 1114 843 cum
1170 787 1236 842 ad
1287 789 1588 844 Dandamis
1637 805 1796 844 aures
1839 789 1990 844 dicta

393 887 692 950 venissent,
725 897 833 936 non
866 879 1106 935 surrexit
1135 895 1203 933 ex
1233 879 1401 945 foliis,
1417 878 1618 950 quibus
1648 879 1821 934 fultus
1844 876 1989 949 jace-

391 977 506 1042 bat,
541 973 632 1028 sed
672 973 780 1026 tale
811 987 1129 1041 responsum
1181 968 1365 1024 ridens
1391 967 1654 1036 reddidit,
1685 985 1747 1024 ac
1776 985 1986 1024 recum-

394 1067 529 1122 bens
567 1083 576 1120 :
612 1066 778 1130 Deus,
814 1062 1014 1134 inquit,
1041 1061 1316 1116 maximus
1343 1078 1530 1133 parare
1561 1061 1819 1133 cuiquam
1851 1077 1988 1115 nes-

395 1155 472 1210 cit
492 1152 774 1224 injuriam,
801 1151 894 1206 sed
929 1154 1112 1205 lumen
1145 1150 1272 1204 vitae
1301 1167 1493 1206 rursus
1513 1150 1586 1205 iis
1609 1159 1828 1220 prmstat
1857 1151 1991 1206 ani-

397 1245 524 1312 mis,
557 1259 676 1315 quze
707 1258 806 1296 suo
835 1241 1064 1296 solverit
1085 1240 1218 1295 fato.
1251 1242 1403 1296 Meus
1446 1257 1574 1312 ergo
1605 1241 1698 1295 ille
1732 1241 1882 1296 solus
1910 1249 1992 1298 est

397 1332 677 1400 dominus,
703 1330 798 1402 qui
829 1329 1128 1384 homicidia
1153 1337 1317 1396 vetat,
1343 1338 1395 1384 et
1426 1329 1520 1402 qui
1550 1330 1693 1386 bella
1723 1347 1832 1386 non
1864 1347 1992 1388 con-

397 1426 549 1481 citat.
609 1422 921 1478 Alexander
969 1437 1100 1475 vero
1135 1437 1247 1474 non
1291 1428 1372 1475 est
1418 1420 1574 1488 deus,
1617 1421 1746 1493 quia
1775 1429 1828 1476 et
1877 1421 2018 1492 ipse'

398 1515 701 1571 moriturus
757 1521 858 1567 est.
911 1510 1384 1578 Quemadmodum
1441 1511 1610 1583 igitur
1670 1519 1849 1583 potest
1878 1529 1994 1567 esse

399 1605 647 1661 omnium
667 1602 945 1668 dominus,
974 1601 1067 1674 qui
1086 1599 1330 1656 nondum
1361 1599 1739 1674 Tyberoboam
1758 1600 1992 1656 ﬂuvium

399 1693 795 1760 trausfretavit,
829 1707 1004 1763 neque
1028 1707 1120 1762 per
1136 1699 1312 1747 totum
1337 1690 1606 1746 mundum
1625 1690 1810 1747 sedem
1838 1706 1994 1746 suam

2097 541 2202 597 que
2231 523 2325 595 qui
2351 525 2497 580 circa
2524 523 2703 595 ipsum
2731 531 2846 580 erat
2893 523 3166 596 superbiae
3213 529 3502 578 tumorem
3557 524 3734 580 relin-

2099 632 2291 688 quens,
2332 615 2401 671 ad
2453 625 2815 672 memoratum
2871 632 3058 672 semen
3088 615 3388 686 ingressus
3425 621 3510 670 est
3539 617 3726 684 solus,

2097 715 2151 762 et
2179 707 2248 762 ad
2276 705 2440 777 pedes
2463 705 2634 776 ipsius
2657 721 2714 760 se
2738 705 2910 772 dedit,
2938 705 3044 762 hoc
3069 705 3275 760 dicens
3307 723 3320 760 :
3353 705 3558 772 Salve,
3581 707 3729 760 Dan-

2099 796 2268 864 dami,
2297 811 2396 866 ego
2423 795 2492 851 ad
2522 805 2575 851 te
2595 795 2744 864 veni,
2773 795 2903 868 quia
2931 805 2992 852 tu
3021 797 3088 852 ad
3112 809 3204 852 me
3234 794 3476 851 noluisti
3503 796 3730 851 venire.

2101 885 2204 942 Cui
2235 885 2330 940 ille
2355 882 2669 955 respondit:
2691 883 2776 938 Ad
2795 882 2930 956 quid
2960 884 3029 940 ad
3045 899 3148 938 nos
3177 882 3440 938 venisti?
3467 892 3572 938 aut
3592 883 3732 956 quid

2101 977 2168 1033 de
2197 976 2400 1032 nostris
2424 973 2899 1032 sollicitudinibus
2926 973 3146 1030 auferre
3173 973 3472 1030 desideras
3504 975 3531 1030 ?
3561 973 3730 1041 Quod

2100 1065 2259 1137 cupis
2287 1064 2422 1136 ipse,
2460 1081 2562 1120 nos
2590 1064 2788 1120 habere
2819 1079 2930 1120 non
2959 1081 3258 1136 possumus
3295 1083 3308 1120 :
3339 1065 3493 1139 quod
3512 1065 3730 1120 iterum

2065 1224 2080 1243 κ
2102 1173 2202 1211 nos
2230 1155 2512 1223 habemus,
2553 1154 2922 1211 necessarium
2949 1155 3054 1211 tibi
3093 1171 3211 1211 non
3243 1163 3347 1212 est.
3387 1157 3500 1211 Nos
3529 1155 3736 1210 bono-

2101 1261 2289 1302 ramus
2335 1248 2534 1314 Deum,
2593 1253 2646 1300 et
2696 1260 2944 1300 amamus
3013 1244 3340 1312 hominem;
3381 1246 3732 1318 negligimus

2103 1353 2319 1404 aurum,
2349 1336 2757 1392 contemnimus
2785 1342 3018 1391 mortem
3057 1353 3070 1390 :
3122 1351 3226 1391 vos
3259 1342 3448 1392 autem
3479 1347 3728 1394 mortem

2103 1427 2334 1494 timetis,
2401 1425 2686 1482 honoratis
2715 1441 2936 1494 aurum,
2983 1423 3160 1480 oditis
3195 1424 3510 1493 hominem,
3537 1428 3727 1483 Deum

2103 1515 2478 1572 contemnitis.
2537 1515 2624 1571 Ad
2674 1531 2838 1587 quem
2891 1513 3256 1570 Alexander:
3303 1516 3475 1582 Doce,
3511 1515 3726 1588 inquit,

2107 1625 2206 1664 nos
2229 1605 2439 1679 aliquid
2464 1603 2744 1678 sapientiae
2779 1624 2792 1662 :
2836 1607 3060 1678 plenum
3119 1607 3284 1663 aiunt
3309 1613 3364 1661 te
3392 1605 3726 1674 divinitate,

2106 1711 2160 1759 et
2187 1717 2314 1758 cum
2345 1702 2468 1772 ipso
2486 1699 2728 1770 colloqui
2751 1699 2954 1772 sapius
2974 1701 3091 1755 Deo
3126 1715 3138 1753 :
3163 1714 3266 1770 ego
3299 1713 3433 1754 vero
3461 1699 3611 1754 seire
3633 1697 3724 1754 de-

401 1787 622 1853 locavit,
667 1801 779 1840 non
812 1801 960 1839 zonae
1007 1782 1212 1838 Gadem
1260 1782 1500 1850 transiit,
1534 1799 1646 1837 non
1699 1782 1758 1838 in
1809 1781 1996 1838 medio
2025 1800 2072 1860 B
2109 1792 2288 1847 sidero
2319 1791 2377 1846 in
2408 1805 2516 1862 qua
2537 1805 2594 1846 re
2621 1787 3030 1862 praestantiores
3059 1788 3273 1844 Graecis
3301 1805 3400 1844 vos
3422 1787 3573 1860 ipsos
3603 1804 3730 1843 esse

400 1881 551 1938 orbis
580 1897 800 1936 cursum
831 1878 966 1935 solis
994 1877 1207 1949 aspexit
1233 1878 1260 1934 ‘?
1308 1893 1474 1950 quare
1523 1883 1708 1948 gentes
1739 1877 1993 1950 plurimm

403 1987 503 2028 nec
558 1970 676 2042 ejus
731 1968 954 2042 quidem
1015 1984 1215 2023 nomen
1265 1966 1447 2022 adhuc
1487 1983 1644 2022 nosse
1670 1973 1992 2038 potuerunt.

402 2062 459 2116 Si
489 2067 671 2117 autem
727 2075 836 2114 non
883 2057 1026 2129 capit
1055 2074 1178 2112 eum
1209 2056 1306 2112 illa
1341 2073 1504 2129 quam
1556 2057 1798 2128 possidet
1827 2066 1994 2126 terra,

402 2149 635 2206 ﬂuvium
664 2155 904 2206 transeat
935 2156 1208 2215 nostrum,
1251 2154 1305 2202 et
1352 2145 1598 2200 inveniet
1632 2147 1810 2202 solum
1863 2147 1996 2212 tale,

402 2243 550 2316 quod
599 2242 748 2298 norit
807 2240 1058 2296 homines
1094 2239 1384 2294 sustinere.
1445 2238 1796 2310 Quaecunque
1854 2237 1998 2292 mihi

401 2331 714 2388 Alexander
729 2331 1040 2403 pollicetur,
1063 2330 1106 2384 si
1125 2346 1184 2384 ea
1205 2329 1537 2400 praestiterit,
1559 2336 1759 2384 cuncta
1779 2327 2000 2384 inutilia

404 2420 542 2476 mihi
567 2431 745 2477 erunt.
781 2422 894 2491 Ego
941 2420 1086 2474 enim
1121 2419 1294 2474 habeo
1321 2418 1574 2486 domum,
1628 2418 1780 2485 folia,
1816 2417 2000 2472 herbis

403 2527 620 2584 quoque
641 2528 761 2585 qua:
801 2511 1052 2582 adjacent
1083 2509 1241 2576 mihi,
1276 2525 1488 2576 vescor,
1520 2516 1573 2562 et
1605 2525 1803 2580 aquam
1839 2516 1996 2579 pote:

403 2602 702 2674 posthabeo
731 2602 837 2657 alia
886 2615 1228 2674 qurecunque
1259 2615 1382 2653 cum
1424 2597 1803 2652 sollicitudine
1833 2597 2003 2652 colli-

403 2702 608 2764 guntur
635 2710 698 2748 ac
751 2700 998 2764 pereunt,
1047 2689 1297 2760 nihilque
1319 2687 1468 2742 aliud
1495 2695 1690 2758 praeter
1717 2687 2000 2742 tristitiam

404 2782 778 2854 quaerentibus
834 2797 895 2836 ea
951 2788 1113 2853 atque
1160 2777 1491 2834 habentibus
1546 2777 1810 2850 praebent.
1845 2777 2004 2833 Nunc

405 2874 578 2945 igitur
601 2890 826 2929 securus
857 2872 1098 2944 quiesco,
1122 2871 1430 2943 clausisque
1461 2871 1638 2926 oculis
1663 2871 1740 2924 nil
1772 2869 2004 2924 omnino

409 2963 686 3020 custodio.
719 2963 772 3016 Si
803 2978 1000 3016 aurum
1026 2961 1252 3017 voluero
1274 2976 1510 3028 servare,
1535 2977 1789 3016 somnum
1819 2976 2001 3014 meum

407 3055 661 3126 dissipo:
715 3063 858 3109 terra
907 3052 1045 3108 mihi
1102 3053 1308 3120 omnia,
1340 3059 1401 3108 ut
1447 3052 1527 3107 lac
1557 3057 1730 3106 mater
1776 3049 2000 3119 infanti,

2105 1880 2324 1949 dicatis,
2365 1888 2420 1936 et
2441 1879 2499 1934 in
2527 1895 2636 1953 quo
2679 1887 2774 1934 aut
2804 1879 3001 1934 melius
3033 1878 3228 1933 videas
3257 1893 3424 1950 quam
3457 1878 3556 1932 alii
3605 1877 3724 1934 bo—

2107 1971 2306 2037 mines,
2339 1977 2434 2025 aut
2457 1969 2700 2041 amplius
2728 1968 2925 2040 sapias.
2973 1971 3049 2026 At
3091 1969 3187 2024 ille
3217 1967 3508 2042 respondit
3535 1987 3548 2023 :
3579 1969 3724 2040 Ego,

2107 2059 2310 2133 inquit,
2362 2058 2561 2113 vellem
2609 2057 2824 2113 deferre
2869 2057 2938 2114 ad
2967 2067 3021 2114 te
3062 2065 3353 2130 acceptum
3385 2075 3414 2112 a
3439 2060 3555 2114 Deo
3587 2075 3726 2114 sen-

2108 2164 2253 2212 sum,
2309 2147 2403 2202 sed
2461 2147 2576 2219 ipse
2635 2145 2818 2203 locum
2860 2163 2971 2202 non
3027 2145 3199 2202 habes
3237 2146 3335 2201 ubi
3363 2147 3582 2204 donum
3613 2149 3724 2204 tale

2108 2237 2396 2310 suscipias.
2428 2238 2806 2310 Impleverunt
2851 2237 2998 2292 enim
3053 2237 3301 2293 animam
3333 2247 3488 2294 tuam
3541 2237 3722 2294 avida

2111 2335 2274 2400 atque
2332 2326 2646 2382 immodicae
2711 2325 3062 2399 cupiditates,
3124 2342 3262 2399 quas
3313 2343 3462 2384 nunc
3501 2345 3718 2384 mecum

2111 2425 2320 2474 certare
2344 2416 2652 2485 considero,
2687 2415 2818 2489 quia
2867 2423 2920 2471 te
2952 2416 3020 2472 ab
3076 2416 3215 2490 ipsis
3246 2433 3420 2473 conor
3459 2419 3716 2487 avellere,

2112 2524 2424 2580 quanquam
2455 2507 2620 2564 hodie
2645 2508 2948 2578 plurimum
2979 2515 3238 2576 mcerent,
3275 2521 3342 2562 eo
3368 2507 3519 2581 quod
3547 2515 3720 2564 morte

2112 2597 2322 2653 nullius
2352 2598 2529 2669 gentis
2560 2599 2647 2654 vel
2672 2599 2934 2671 sanguine
2963 2597 3257 2668 polluaris,
3279 2605 3335 2652 et
3366 2599 3500 2672 quia
3529 2598 3716 2654 vident

2112 2688 2296 2746 adhuc
2317 2689 2571 2745 homines
2601 2691 2660 2745 in
2691 2689 3010 2746 civitatibus
3056 2698 3489 2746 commorantes.
3536 2691 3614 2746 Tu
3647 2689 3714 2746 ad

2113 2780 2390 2836 Oceanum
2449 2795 2621 2852 usque
2668 2779 2752 2834 vis
2809 2779 3065 2836 accedere
3102 2799 3114 2836 :
3149 2789 3274 2852 post
3330 2796 3494 2853 quem
3547 2781 3713 2836 aliam

2114 2871 2314 2926 iterum
2337 2879 2547 2943 partem
2568 2869 2718 2926 orbis
2736 2869 2893 2940 cupis
2917 2885 3186 2942 occupare
3214 2888 3227 2926 :
3261 2877 3317 2926 et
3339 2879 3479 2926 tunc
3495 2870 3718 2927 tristitia

2114 2961 2366 3029 afﬁceris,
2433 2977 2560 3018 cum
2609 2976 2720 3016 non
2777 2959 3020 3032 potueris
3066 2959 3270 3016 habere
3324 2959 3476 3033 quod
3505 2961 3710 3018 vincas.

2113 3049 2400 3118 Quomodo
2451 3065 2578 3121 ergo
2635 3049 2947 3105 satisfacere
2997 3049 3276 3106 desiderio
3333 3059 3431 3106 tuo
3489 3049 3714 3122 poteris,

407 3147 702 3205 ministrat.
736 3147 819 3203 Ad
842 3164 1226 3220 quemcunque
1252 3145 1508 3203 accedere
1539 3145 1767 3200 voluero
1794 3143 2000 3208 locum,
2037 3164 2080 3225 ρ
2113 3157 2238 3196 cum
2269 3147 2419 3197 totus
2447 3138 2549 3195 tibi
2589 3138 2834 3194 serviens
2861 3139 3106 3195 mundus
3147 3139 3407 3194 animum
3435 3149 3592 3195 tuum
3617 3155 3707 3196 ex-

406 3239 547 3294 vado
580 3257 594 3306 ;
629 3256 957 3312 quocunque
987 3247 1169 3295 autem
1209 3237 1288 3292 ire
1317 3237 1568 3303 noluero,
1614 3235 1824 3290 nullius
1854 3235 2003 3290 solli-

407 3327 672 3384 citudinis
716 3329 1036 3386 necessitate
1083 3327 1402 3398 compellor.
1449 3327 1521 3380 Et
1551 3326 1596 3381 si
1625 3333 1789 3397 caput
1819 3341 2002 3381 meum

407 3419 647 3473 voluerit
691 3418 1034 3481 abscindere,
1084 3417 1324 3471 animam
1364 3415 1579 3469 auferre
1609 3431 1720 3470 non
1753 3415 1955 3486 poterit
1988 3432 2000 3470 :

407 3506 501 3562 sed
533 3514 696 3576 caput
749 3505 1132 3559 tantummodo
1177 3503 1364 3573 jacens
1406 3504 1582 3569 tollet,
1631 3503 1815 3558 anima
1873 3519 2006 3558 vero

407 3592 712 3658 discedens,
755 3598 915 3660 caput
937 3607 1096 3645 suum
1132 3591 1302 3644 veluti
1332 3597 1541 3660 partem
1573 3591 1744 3645 vestis
1768 3591 2004 3662 alicujus

407 3680 702 3753 relinquet,
724 3695 787 3734 ac
815 3677 1003 3734 reddet
1032 3678 1102 3746 ei,
1137 3695 1168 3733 a
1197 3693 1304 3749 quo
1337 3676 1390 3730 id
1438 3686 1774 3748 susceperat,
1807 3693 2004 3751 nempe

408 3781 584 3828 terrae.
627 3770 766 3827 Cum
809 3776 989 3824 autem
1041 3769 1218 3824 factus
1259 3765 1488 3838 spiritus
1518 3766 1695 3835 fuero,
1729 3768 1796 3822 ad
1826 3771 2023 3824 Deum'

409 3861 505 3934 qui
535 3877 659 3916 eum
691 3861 834 3916 intra
861 3859 1003 3915 hanc
1019 3874 1242 3915 carnem
1275 3856 1524 3925 inclusit,
1553 3855 1866 3914 ascendam.
1895 3858 2004 3926 Qui

407 3967 532 4008 eum
557 3950 661 4007 hoc
683 3950 894 4018 fecerit,
925 3957 1135 4006 tentare
1163 3965 1264 4004 nos
1279 3948 1480 4015 voluit,
1500 3955 1562 4003 ut
1585 3947 1792 4004 videret
1813 3965 2003 4022 quem-

407 4042 706 4097 admodum
741 4041 1084 4097 discedentes
1124 4039 1192 4096 ab
1231 4056 1314 4107 eo,
1349 4039 1406 4094 in
1436 4039 1541 4094 hoc
1571 4041 1771 4096 saeculo
1795 4039 2004 4097 vivere-

408 4147 551 4185 mus.
585 4131 655 4184 Et
687 4131 1039 4200 postmodum
1062 4147 1188 4186 cum
1217 4130 1284 4185 ad
1306 4146 1430 4184 eum
1473 4129 1742 4186 fuerimus
1771 4129 2002 4196 reversi,

407 4217 676 4270 rationem
701 4215 828 4270 vitae
860 4217 1024 4286 hujus
1053 4234 1085 4271 a
1114 4218 1274 4272 nobis
1303 4218 1570 4288 exposcit.
1607 4219 1708 4276 Cui
1739 4219 2006 4274 assistens

409 4321 507 4377 ego
527 4302 726 4359 videbo
749 4301 1009 4374 iujuriam
1035 4320 1234 4371 meam,
1257 4305 1483 4378 ejusque
1496 4307 1773 4379 judicium
1797 4309 1854 4364 in
1877 4309 2004 4366 illos

409 4394 504 4468 qui
537 4393 789 4466 injuriosi
821 4392 958 4448 mihi
989 4393 1235 4458 fuerunt,
1259 4393 1549 4462 intuebor;
1582 4398 1821 4468 suspiria
1850 4399 2002 4455 enim

410 4485 750 4556 gemitusque
768 4483 1018 4539 laesorum
1039 4481 1307 4553 incipient
1325 4483 1640 4540 lzedentium
1662 4503 1776 4542 esse
1795 4489 2002 4560 suppli-

409 4575 512 4631 cia.
534 4575 648 4630 Hoc
668 4572 981 4629 Alexander
997 4573 1109 4630 illis
1123 4573 1384 4642 minetur,
1403 4575 1500 4647 qui
1520 4591 1649 4648 opes
1665 4577 1997 4650 desiderant,

409 4666 503 4738 qui
533 4665 733 4720 timent
766 4671 1018 4734 mortem,
1052 4663 1182 4738 quia
1211 4679 1312 4720 nos
1351 4673 1647 4739 utrumque
1679 4671 2002 4728 contemni-

408 4772 550 4810 mus.
583 4757 720 4812 Nam
751 4755 1079 4812 Brachmani
1108 4771 1283 4829 neque
1314 4772 1505 4813 aurum
1531 4755 1790 4832 diligunt,
1823 4776 2002 4835 neque

409 4852 641 4900 mortem
700 4856 980 4902 verentur.
1013 4845 1163 4904 Vade
1218 4846 1406 4920 igitur,
1442 4855 1496 4904 et
1546 4847 1651 4906 hoc
1679 4851 2000 4911 Alexandro

407 4934 643 4991 referas:
675 4935 828 4992 Nihil
858 4944 1080 4992 tuorum
1136 4937 1434 4996 Dandamis
1463 4939 1676 5012 quaerit,
1731 4957 1922 4998 verum
1952 4943 2000 4999 si

407 5022 618 5095 aliquid
645 5041 714 5080 ex
743 5025 916 5096 ipsius
942 5027 1105 5083 rebus
1127 5033 1186 5083 tu
1214 5029 1584 5086 necessarium
1611 5030 1718 5088 tibi
1743 5048 1860 5090 esse
1885 5050 1999 5092 cre-

407 5110 512 5178 dis,
548 5110 616 5166 ad
650 5128 776 5168 eum
807 5115 995 5170 venire
1020 5131 1132 5170 non
1160 5115 1491 5189 dedigneris.

477 5208 608 5276 Quae
633 5210 730 5268 ubi
758 5213 1072 5270 Alexander
1099 5231 1196 5287 per
1220 5216 1622 5276 internuntium
1646 5222 1879 5293 audivit,
1908 5225 1996 5281 de~

406 5300 644 5357 siderare
673 5304 796 5374 plus
838 5305 1004 5376 ccepit
1050 5313 1111 5360 ut
1135 5307 1526 5366 talem‘virum
1565 5311 1797 5383 videret,
1829 5322 1998 5388 utque

406 5405 482 5458 se,
513 5391 608 5462 qui
631 5393 832 5449 multas
862 5395 1068 5451 vicerat
1097 5407 1304 5469 gentes,
1334 5415 1480 5456 unus
1508 5408 1560 5456 et
1591 5403 1774 5460 nudus
1812 5402 1996 5461 vince-

406 5487 488 5533 ret
533 5497 722 5536 senex.
775 5483 956 5556 Peigit
1001 5485 1172 5556 igitur
1199 5506 1323 5545 cum
1367 5492 1612 5563 quinque
1661 5493 1748 5548 vel
1804 5493 1994 5549 decem

405 5566 596 5622 amicis
625 5570 693 5624 ad
718 5588 828 5638 eas,
879 5590 1013 5644 quas
1049 5591 1213 5647 supra
1241 5578 1508 5647 diximus,
1543 5581 1730 5650 silvas,
1764 5589 1821 5636 et
1867 5598 1992 5636 cum

405 5655 642 5712 venisset
669 5660 736 5714 ad
766 5663 1107 5730 proximum,
1141 5673 1303 5738 atque
1333 5684 1401 5721 ex
1431 5683 1591 5740 equo,
1617 5686 1726 5741 quo
1755 5671 1991 5728 veheba-

2032 4532 2080 4589 D

2112 3228 2261 3301 plere
2290 3245 2352 3286 ac
2384 3230 2583 3285 satiare
2612 3244 2728 3284 non
2761 3227 2932 3300 possit
2959 3231 2988 3284 ‘i
3010 3229 3193 3286 Minor
3223 3229 3438 3285 mundo
3469 3230 3628 3301 longe
3655 3239 3712 3285 tu

2113 3319 2293 3374 factus
2319 3334 2398 3386 es,
2442 3325 2496 3373 et
2541 3317 2588 3373 si
2634 3318 2822 3372 omnia
2850 3317 3019 3373 simul
3055 3317 3196 3374 velis
3251 3317 3500 3384 vincere,
3556 3325 3711 3391 atque

2113 3407 2376 3465 universa
2403 3423 2744 3481 quaecunque
2765 3415 2954 3464 tenent
2984 3407 3239 3463 homines
3271 3408 3572 3480 possidere,
3595 3416 3706 3464 tan-

2113 3497 2238 3554 dem
2283 3513 2502 3554 neeesse
2538 3505 2620 3554 est
2658 3506 2720 3553 ut
2767 3499 2948 3554 solum
2989 3497 3192 3554 habeas
3229 3507 3504 3572 quantum
3535 3506 3626 3553 aut
3649 3507 3706 3553 tn

2107 3587 2382 3660 jacentem
2411 3597 2598 3645 tenere
2630 3589 2716 3644 me
2743 3589 2943 3656 cernis,
2969 3596 3063 3644 aut
3109 3605 3212 3661 ego
3252 3603 3523 3660 occupare
3552 3586 3706 3642 video

2111 3685 2166 3734 te
2201 3677 2502 3734 sedentem.
2553 3679 2641 3733 Ex
2671 3693 2780 3750 quo
2831 3677 3036 3734 iterum
3095 3677 3142 3734 si
3192 3678 3264 3736 ad
3315 3679 3426 3736 alia
3475 3686 3703 3735 transea-

2113 3787 2256 3840 mus,
2298 3778 2354 3826 et
2409 3770 2467 3826 in
2509 3771 2636 3826 aliis
2675 3787 2896 3844 quoque
2941 3771 3048 3828 tibi
3102 3771 3316 3828 similes
3373 3771 3698 3828 invenimur.

2113 3861 2321 3919 Eodem
2339 3861 2486 3917 enim
2510 3861 2674 3916 modo
2692 3878 2801 3934 quo
2823 3863 3234 3935 ipse,omnibus
3255 3873 3384 3920 utor
3401 3863 3698 3930 elementis,

2113 3971 2254 4022 aere,
2312 3968 2470 4026 aqua,
2513 3960 2565 4008 et
2603 3959 2768 4021 terra,
2809 3968 2912 4009 nec
2949 3953 3258 4027 quidquam
3324 3956 3478 4011 ultra
3515 3953 3702 4009 habere

2113 4046 2384 4116 desidero,
2417 4056 2472 4104 et
2517 4047 2704 4104 omnia
2727 4047 2878 4120 justo
2927 4047 3102 4103 habeo
3147 4061 3493 4122 quaecunque
3531 4043 3702 4117 possi-

2112 4137 2235 4206 deo,
2267 4147 2322 4194 et
2351 4139 2398 4194 si
2426 4139 2574 4195 solus
2614 4154 2805 4196 onmes
2835 4137 3036 4195 ﬂuvios
3064 4137 3338 4206 obtineas,
3373 4139 3502 4210 plus
3527 4144 3699 4191 tamen

2113 4244 2266 4300 aqua
2295 4245 2457 4302 quam
2487 4245 2604 4300 ego,
2632 4245 2702 4284 ex
2743 4229 2876 4302 ipsis
2902 4228 3125 4285 haurire
3153 4243 3268 4284 non
3297 4229 3524 4302 poteris.
3561 4227 3702 4282 Hauc

2114 4333 2239 4390 ergo
2267 4317 2314 4372 si
2366 4335 2397 4372 a
2448 4333 2534 4374 me
2583 4319 2910 4390 sapientiam
2940 4317 3140 4386 discas,
3173 4318 3320 4374 nihil
3351 4318 3456 4374 tibi
3483 4316 3654 4373 deerit
3682 4333 3695 4372 :

2112 4413 2398 4480 totumque
2428 4407 2672 4478 habebis,
2703 4410 2752 4466 si
2779 4409 2924 4466 nihil
2955 4409 3377 4466 desideraveris.
3425 4405 3700 4480 Cupiditas

2110 4497 2258 4552 enim
2275 4501 2609 4572 paupertatis
2639 4507 2721 4556 est
2741 4493 2932 4567 mater,
2952 4517 3074 4574 qua
3101 4502 3512 4558 medicamento
3539 4501 3697 4565 malo,

2109 4588 2213 4644 hoc
2256 4598 2338 4645 est
2379 4589 2774 4659 sollicitudine,
2825 4590 3222 4663 nequitcurari
3259 4609 3272 4647 :
3307 4592 3526 4666 quesita
3557 4607 3700 4648 sem-

2111 4696 2207 4752 per
2230 4679 2418 4738 omnia
2465 4681 2679 4754 quaerit,
2711 4681 2865 4753 quasi
2910 4681 3166 4738 invenire
3208 4681 3291 4738 nil
3330 4685 3504 4756 possit
3535 4703 3546 4738 :
3578 4683 3698 4757 quia

2110 4787 2220 4826 non
2257 4769 2316 4826 in
2350 4769 2421 4826 iis
2449 4770 2518 4826 ad
2547 4787 2668 4845 quas
2687 4771 2800 4844 jam
2831 4775 3013 4844 potuit
3039 4774 3356 4845 pervenire,
3387 4773 3692 4847 requiescit,

2109 4860 2202 4918 sed
2253 4876 2324 4916 ex
2360 4859 2474 4918 illis
2531 4879 2651 4937 quae
2680 4861 2915 4920 necdum
2959 4871 3145 4920 tenere
3198 4879 3256 4920 se
3303 4863 3504 4932 cernit,
3539 4862 3696 4936 magis

2109 4951 2388 5026 magisque
2415 4954 2714 5012 cruciatur.
2759 4955 2994 5013 Habebis
3034 4964 3220 5013 autem
3270 4957 3548 5015 maximas
3583 4971 3695 5013 cum

2107 5044 2390 5116 voluptate
2419 5033 2566 5117 opes,
2620 5045 2666 5102 si
2722 5046 2800 5102 ita
2836 5061 3050 5102 mecum
3101 5046 3296 5102 vivere
3337 5047 3496 5102 voles
3529 5064 3541 5102 :
3573 5053 3624 5102 et
3654 5043 3694 5100 si

2108 5131 2245 5189 meis
2304 5132 2644 5206 acquieveris
2695 5135 2899 5204 verbis,
2933 5149 3078 5190 meas
3107 5133 3345 5191 divitias
3375 5133 3689 5207 possidebis.

2108 5224 2335 5280 Amicus
2363 5225 2500 5280 mihi
2525 5233 2604 5280 est
2642 5226 2892 5281 omnium
2921 5227 3086 5292 Deus,
3121 5231 3177 5281 et
3211 5224 3279 5281 de
3303 5226 3441 5298 ipsis
3468 5243 3592 5282 cum
3621 5240 3692 5280 eo-

2106 5313 2230 5369 dem
2288 5313 2451 5368 rebus
2479 5313 2694 5387 loquor,
2735 5316 3002 5372 malorum
3052 5304 3349 5370 hominum
3407 5316 3574 5372 verba
3598 5329 3691 5368 non

2105 5403 2290 5460 audio.
2316 5403 2528 5460 Caelum
2559 5404 2734 5462 habeo
2767 5423 2866 5479 pro
2895 5413 3062 5474 tecto,
3096 5413 3244 5461 terra
3281 5404 3426 5461 mihi
3457 5414 3572 5462 tota
3609 5418 3690 5476 pro

2105 5493 2248 5548 lecto
2291 5501 2393 5549 est.
2425 5495 2610 5550 Fluvii
2667 5495 2806 5552 mihi
2859 5503 3046 5568 potum
3079 5495 3432 5564 ministrant,
3469 5509 3687 5552 mensam

2105 5583 2249 5640 silva:
2274 5584 2606 5656 suppeditat.
2628 5586 2750 5644 Non
2782 5603 2972 5646 vescor
2993 5587 3330 5644 animalium
3375 5586 3687 5652 visceribus,

2103 5681 2165 5730 ut
2196 5672 2398 5742 leones,
2427 5690 2602 5748 neque
2633 5677 2780 5736 intra
2801 5687 3018 5752 pectora
3045 5693 3166 5734 mea
3204 5677 3444 5734 inclusae
3476 5676 3689 5750 quadru-
