3880 6204
116 402 262 461 1177

1245 403 1341 459 DE
1380 401 1691 460 MORIBUS
1728 400 2339 459 BBACHMANORUM.

3300 408 3438 464 1178

114 525 331 599 pedum
366 533 464 581 aut
492 500 806 582 volatilium
847 539 1038 582 carnes
1084 531 1425 597 putrescunt,
1462 539 1565 579 nec
1615 539 1735 578 sum
1765 524 1817 583 A
1850 522 2053 577 multos
2094 521 2370 578 trucidare
2400 520 2712 580 desideras:
2745 538 2810 580 ex
2849 522 3049 596 quibus
3093 521 3210 594 jam
3257 523 3442 597 aliqua

117 624 481 672 mortuorum
543 615 882 687 sepulcrum,
929 615 1025 670 sed
1065 615 1413 687 providentia
1470 612 1742 669 naturalis

117 722 317 762 omnes
352 704 495 760 mihi
524 704 757 771 fructus,
782 713 843 759 ut
864 705 947 759 lac
975 713 1164 772 mater,
1192 703 1457 759 infundit.
1487 704 1742 773 Intelligo

118 796 239 867 ipse
295 794 439 866 quid
496 810 730 865 quzeras.
785 793 1096 865 Sapientem
1146 809 1232 849 me
1291 792 1466 860 vides,
1525 792 1653 848 talis
1687 800 1742 848 et

119 884 305 940 factus
335 899 484 951 sum,
527 882 710 955 itaque
737 883 869 937 vivo
900 889 960 937 ut
992 888 1304 953 procreatus
1350 896 1493 947 sum,
1535 887 1588 934 et
1622 897 1741 952 quae

120 975 270 1029 Deus
302 973 475 1028 faciat
511 988 768 1044 agnosco,
798 979 851 1028 et
878 972 1011 1045 quid
1057 970 1176 1026 ﬁeri
1223 969 1418 1025 debeat
1462 971 1596 1025 scio.
1630 970 1742 1025 Vos

120 1071 310 1119 autem
345 1062 594 1117 vanitate
647 1078 844 1134 magna
888 1061 1103 1133 repleti,
1146 1061 1434 1132 praesagire
1473 1076 1573 1116 vos
1610 1076 1741 1116 cre-

120 1153 281 1221 ditis,
315 1169 450 1209 cum
479 1159 663 1207 tamen
702 1151 820 1208 haec
850 1152 967 1224 ipsa
1008 1169 1127 1224 quae
1175 1167 1271 1224 per
1297 1150 1544 1223 singulos
1573 1150 1741 1205 vide—

122 1243 195 1299 tis
224 1243 369 1309 dies,
407 1241 507 1298 Dei
534 1257 698 1313 opera
745 1241 1051 1313 intelligere
1100 1241 1379 1297 nesciatis.
1428 1241 1544 1309 Ego
1591 1255 1741 1296 cun-

122 1343 211 1390 cta
269 1344 567 1404 cognosco,
629 1339 682 1388 et
726 1331 892 1400 unde,
949 1340 1003 1387 et
1050 1332 1292 1403 quando,
1353 1340 1408 1388 et
1464 1322 1741 1405 quomodo

124 1423 280 1478 ﬁant.
334 1423 584 1491 Pluvias,
641 1422 932 1490 siccitates,
982 1423 1237 1491 fulmina,
1285 1430 1741 1495 tempestatesque

124 1512 397 1586 praesagio
449 1530 461 1567 :
510 1519 564 1567 et
604 1510 707 1568 hoc
733 1521 815 1568 est
843 1513 989 1585 quod
1038 1529 1125 1568 me
1157 1513 1390 1569 delectat
1431 1529 1494 1568 ac
1541 1511 1737 1579 reﬁcit,

124 1604 256 1676 quia
286 1605 441 1659 Deus
466 1602 665 1658 habere
687 1618 773 1658 me
794 1603 1241 1659 communionem
1258 1604 1557 1677 quamdam
1578 1609 1742 1674 atque

126 1693 434 1751 consilium
468 1708 592 1748 cum
625 1692 883 1765 operibus
912 1692 1026 1747 suis
1056 1692 1206 1748 fecit.
1237 1692 1320 1748 Ad
1355 1708 1439 1747 me
1467 1690 1743 1764 quemad-

127 1782 363 1838 modum
395 1783 623 1853 angelus
652 1783 825 1850 venit,
860 1788 912 1837 et
936 1781 980 1837 si
1004 1781 1222 1855 quando
1252 1782 1462 1853 aliquid
1492 1780 1742 1837 timuerit

1848 612 2046 678 fecisti,
2076 612 2183 667 alia
2211 611 2271 667 in
2302 613 2553 682 praesenti
2584 611 2737 680 facis,
2768 612 2877 667 alia
2914 612 3186 670 facturum
3238 621 3289 669 te
3332 630 3447 671 esse

1850 700 2126 773 promittis
2146 700 2173 756 ‘I
2220 701 2337 773 Ego
2367 718 2496 756 vero
2522 717 2647 756 cum
2679 717 2748 756 ex
2778 701 2883 756 hoc
2918 703 3124 757 mundo
3154 720 3448 772 recessero,

1852 789 1909 843 in
1938 805 2063 844 aere
2094 790 2329 861 positum
2364 798 2415 844 te
2446 789 2646 844 videbo
2672 807 2683 843 :
2735 797 2789 843 et
2826 797 2959 846 tunc
2986 792 3207 862 quidem
3237 810 3456 848 sermo-

1850 896 1975 935 nem
2007 880 2329 952 przedicabis
2369 897 2573 946 meum,
2615 879 2744 950 quia
2776 887 2826 934 te
2858 880 3156 936 multitudo
3203 882 3455 953 equitum

1850 970 1938 1025 vel
1973 970 2219 1042 peditum
2273 971 2427 1025 nulla
2481 969 2859 1037 comitabitur,
2923 979 2977 1025 et
3029 986 3155 1025 cum
3210 972 3455 1027 maximo

1852 1060 2052 1114 mentis
2081 1067 2188 1114 tuae
2218 1059 2407 1115 dolore
2437 1059 2685 1126 deflebis,
2721 1059 2825 1115 hoc
2853 1058 3043 1114 dicens
3073 1077 3083 1114 :
3119 1058 3248 1114 Sine
3286 1077 3452 1117 causa

1851 1148 2065 1221 perdidi
2105 1149 2278 1204 totius
2325 1149 2579 1205 retroacti
2626 1149 2890 1225 temporis
2936 1147 3131 1217 vitam,
3181 1166 3346 1221 quam
3395 1150 3454 1205 in

1850 1238 2157 1294 honoribus
2211 1238 2373 1296 istius
2422 1237 2615 1293 mundi
2667 1237 2934 1309 bellisque
2981 1239 3319 1310 consumpsi.
3366 1226 3456 1295 Ex

1851 1327 2050 1399 quibus
2080 1328 2359 1400 intelliges
2388 1327 2531 1384 nihil
2565 1327 2665 1384 tibi
2692 1326 2844 1382 aliud
2890 1334 2942 1382 te
2988 1327 3297 1400 reliquisse,
3345 1327 3456 1384 nisi

1852 1418 2172 1473 memoriam
2220 1420 2393 1474 solam
2443 1419 2735 1475 malorum.
2786 1418 2928 1474 Novi
2981 1418 3129 1473 enim
3190 1435 3287 1491 ego
3336 1436 3456 1491 quae

1849 1506 2126 1563 Divinitas
2154 1507 2301 1563 intra
2329 1524 2383 1563 se
2412 1507 2631 1573 habeat,
2663 1524 2789 1563 cum
2822 1514 3005 1562 tamen
3036 1507 3150 1579 ipse
3179 1509 3284 1563 sim
3311 1507 3457 1580 apud

1852 1590 2104 1649 homines
2135 1594 2493 1662 constitutus,
2525 1593 2773 1665 mihique
2796 1601 2928 1650 tunc
2954 1592 3057 1648 ista
3087 1593 3271 1650 dices:
3305 1594 3457 1649 Bona

1848 1682 2104 1749 consilia,
2130 1683 2449 1751 Dandamis,
2484 1682 2623 1737 mihi
2653 1682 2950 1755 aliquando
2982 1683 3276 1754 praebebas.
3303 1682 3460 1740 Tunc

1849 1771 1996 1826 enim
2029 1780 2153 1827 ante
2182 1779 2537 1843 conspectum
2568 1779 2725 1826 tuum
2758 1771 2982 1826 venient
3011 1787 3201 1828 omnes
3231 1789 3365 1844 quas
3387 1771 3457 1827 si-

128 1872 456 1943 imperator,
488 1879 622 1927 tunc
648 1888 747 1943 ego
774 1871 1036 1943 deprecor
1064 1873 1238 1927 Deum
1270 1879 1332 1927 ut
1355 1872 1482 1927 boni
1514 1870 1728 1943 aliquid
1764 1881 1809 1942 ί]
1849 1878 1917 1918 ne
1945 1880 2107 1919 causa
2130 1854 2549 1935 'expugnavel‘is
2579 1862 2811 1929 animas,
2846 1863 2991 1934 apud
3021 1879 3153 1934 quas
3182 1861 3459 1934 quomodo

128 1960 196 2029 ei,
230 1977 364 2016 cum
395 1960 468 2016 ad
506 1976 593 2016 me
622 1960 856 2029 venerit,
888 1968 1126 2032 praestet,
1177 1968 1239 2016 ut
1278 1975 1402 2016 eum
1451 1971 1602 2017 metu
1633 1976 1744 2033 quo

133 2050 371 2119 laborat,
406 2053 678 2119 absolvat,
711 2059 880 2123 utque
906 2050 955 2104 ei
985 2050 1246 2107 ﬁduciam
1278 2051 1568 2124 quamdam
1592 2066 1743 2105 men-

131 2143 201 2200 tis
222 2145 488 2217 inspiret.
513 2143 659 2211 Quid
676 2159 791 2199 esse
814 2142 1017 2198 rectius
1044 2143 1205 2211 dicis,
1241 2144 1436 2198 laadere
1465 2142 1739 2212 homines,

133 2251 203 2291 an
234 2237 390 2292 tueri
422 2243 583 2307 atque
612 2250 851 2302 servare,
882 2242 936 2289 et
982 2234 1116 2306 quid
1163 2235 1335 2305 magis
1378 2236 1641 2289 convenit
1666 2235 1743 2289 fa-

131 2342 252 2381 cere
283 2324 425 2379 ﬁliis
450 2324 569 2392 Dei,
599 2331 694 2378 aut
723 2331 967 2379 evertere
993 2330 1195 2379 cuncta
1222 2323 1536 2395 pugnando,
1561 2340 1630 2378 an
1651 2339 1742 2378 ex-

133 2426 380 2488 pugnata
401 2423 455 2472 et
475 2416 658 2471 diruta
678 2414 984 2471 instaurare
1014 2412 1258 2486 pacando
1283 2413 1311 2468 ?
1340 2413 1460 2468 Non
1491 2413 1592 2468 tibi
1625 2429 1744 2484 pro-

137 2506 305 2573 derit,
348 2506 672 2577 imperator,
723 2521 948 2561 enorme
978 2504 1192 2576 pondus
1235 2503 1376 2571 auri,
1428 2518 1603 2575 neque
1639 2503 1743 2559 ele-

137 2594 498 2666 phantorum,
545 2611 682 2667 quos
730 2594 1005 2650 sustulisti
1053 2593 1198 2657 aliis,
1248 2591 1547 2648 multitudo
1591 2609 1601 2648 :
1651 2592 1744 2648 sed

138 2683 256 2739 haec
284 2700 401 2739 vox
435 2700 572 2746 mea.
618 2690 671 2739 et
710 2683 754 2739 is
802 2701 958 2739 meus
995 2699 1196 2739 sermo.
1230 2682 1311 2737 Tu
1358 2698 1489 2737 vero
1528 2682 1743 2739 etiamsi

141 2789 224 2827 me
272 2772 588 2828 interficere
617 2772 878 2841 volueris,
918 2788 1033 2827 non
1083 2771 1309 2840 timebo,
1359 2771 1451 2826 ibo
1481 2772 1629 2826 enim
1677 2771 1744 2827 ad

140 2864 314 2918 Deum
347 2862 536 2927 citius,
569 2861 662 2932 qui
702 2868 756 2916 et
783 2876 1002 2917 causam
1045 2870 1100 2917 et
1145 2860 1318 2917 vitam
1357 2876 1531 2915 meam
1564 2861 1742 2916 novit.

138 2949 289 3005 Nihil
320 2956 406 3004 est
432 2948 577 3020 quod
608 2951 783 3003 Deum
814 2950 980 3004 latere
1026 2949 1217 3020 possit,
1250 2948 1408 3020 cujus
1439 2946 1586 3005 oeuli
1618 2958 1747 3005 sunt

142 3054 334 3095 omnes
364 3038 558 3105 stellae,
592 3039 694 3105 sol,
728 3046 781 3095 et
828 3039 978 3105 luna,
1020 3053 1141 3110 quae
1189 3039 1378 3093 omnia
1421 3047 1480 3095 tu
1509 3039 1745 3109 effugere

142 3143 251 3183 non
292 3135 474 3201 potes,
508 3143 685 3200 neque
719 3127 776 3182 in
811 3135 865 3182 te
890 3125 1163 3198 judicium
1194 3127 1311 3198 ejus
1340 3127 1589 3184 evadere.
1620 3128 1744 3183 Noli

143 3217 312 3287 igitur
341 3227 406 3274 tu
439 3217 717 3273 destruere
748 3234 867 3290 qua;
900 3218 994 3273 ille
1023 3218 1335 3273 construxit
1369 3236 1381 3273 :
1416 3217 1532 3273 noli
1561 3225 1622 3272 tu
1651 3234 1742 3273 cu-
1781 3248 1824 3306 Β

139 3322 263 3377 pere
302 3306 573 3378 dissipare
601 3323 661 3363 ea
691 3324 811 3379 quae
840 3307 953 3374 illo,
979 3306 1070 3378 qui
1103 3322 1164 3361 ea
1194 3306 1343 3374 fecit,
1378 3322 1572 3361 ornare
1605 3307 1744 3362 desi-

138 3395 295 3452 derat
346 3413 358 3450 :
402 3396 519 3451 noli
551 3396 841 3451 immolare
870 3395 1191 3467 sanguinem
1223 3394 1532 3464 civitatum,
1567 3411 1744 3468 neque

140 3485 374 3541 transire
402 3502 566 3557 supra
600 3486 843 3558 gentium
876 3493 1216 3540 mortuarum
1244 3484 1527 3540 cadavera.
1561 3485 1744 3556 Longe

138 3574 285 3630 enim
312 3583 520 3631 rectius
549 3575 743 3631 feceris
771 3575 817 3629 si
848 3582 999 3629 tuam
1033 3573 1315 3631 curaveris
1344 3573 1538 3641 vitam,
1578 3590 1740 3647 quam

139 3665 181 3719 si
212 3668 452 3722 alienam
484 3666 883 3722 desideraveris
920 3675 1151 3721 mortem
1189 3685 1200 3721 :
1226 3674 1280 3721 et
1308 3666 1377 3734 si,
1410 3666 1744 3738 contemptis

142 3756 205 3813 iis
224 3774 350 3830 quae
372 3757 720 3830 prosequeris
758 3755 994 3825 damnis,
1028 3772 1157 3812 vera
1185 3755 1413 3829 elegeris
1440 3756 1608 3812 lucra.
1634 3756 1746 3813 Cur

139 3861 262 3903 cum
296 3865 466 3904 unam
500 3851 839 3922 persequeris
867 3849 1129 3917 animam,
1180 3856 1261 3905 tot
1302 3847 1606 3920 simubvis
1650 3862 1744 3902 ex-

143 3937 421 4010 stinguere
472 3939 724 3995 nationes
753 3940 782 3995 ?
811 3939 956 4006 Quid
1003 3937 1292 3995 delectaris
1340 3938 1512 3995 totius
1558 3934 1744 3992 saeculi

144 4028 299 4083 malis
325 4029 356 4084 ?
386 4027 519 4099 quid
546 4028 671 4083 aliis
699 4028 979 4097 flentibus,
1012 4026 1158 4084 rides
1189 4028 1217 4084 ‘i
1247 4029 1361 4084 Hoc
1389 4028 1508 4098 ipso
1538 4034 1743 4094 tamen,

142 4117 286 4187 quod
319 4132 534 4171 memor
564 4117 692 4184 mei,
723 4118 816 4188 qui
841 4118 897 4171 in
919 4118 1317 4173 solitudinibus
1337 4117 1424 4172 his
1452 4117 1604 4184 vivo,
1629 4131 1745 4171 esse

142 4204 395 4270 voluisti,
439 4203 791 4275 temetipsum
825 4204 1068 4259 lucratus
1116 4221 1191 4259 es.
1240 4205 1426 4276 Neque
1472 4220 1621 4260 nunc
1650 4211 1745 4259 aut

143 4292 448 4351 certamina
478 4291 839 4363 pertimescis,
863 4300 958 4348 aut
987 4293 1183 4349 laedere
1212 4309 1541 4366 quemquam
1562 4295 1741 4365 cupis,

143 4392 233 4439 aut
262 4384 525 4439 virtutem
568 4390 719 4438 tuam
756 4382 815 4437 in
866 4382 1099 4437 aliorum
1147 4382 1325 4451 malis,
1376 4383 1523 4456 quod
1565 4382 1741 4439 fecisti

144 4487 377 4545 semper,
418 4488 656 4528 exerces.
710 4471 924 4544 Projice
967 4472 1135 4544 igitur
1162 4489 1193 4527 a
1221 4488 1449 4544 corpore
1478 4479 1576 4528 tuo
1615 4473 1744 4527 vel-

144 4560 253 4616 lera
280 4563 468 4617 ovium
501 4568 865 4628 mortuarum,
898 4578 1076 4634 neque
1104 4561 1382 4618 defunctis
1410 4562 1655 4618 volueris
1686 4570 1740 4617 te

147 4651 355 4721 operire
385 4651 721 4725 tegminibus
752 4670 765 4719 ;
811 4652 983 4724 magis
1013 4651 1160 4707 enim
1195 4652 1306 4723 ipse
1337 4668 1463 4708 cum
1493 4652 1656 4709 talem
1686 4659 1741 4707 te

150 4737 362 4810 feceris,
396 4741 714 4809 honorabis,
747 4741 878 4813 quia
906 4750 1240 4812 temperatur
1263 4742 1447 4797 anima
1475 4742 1535 4799 in
1566 4742 1742 4798 deser-

148 4826 218 4882 tis
244 4829 439 4886 vivens
470 4827 625 4887 locis.
657 4830 775 4886 Hoc
802 4830 972 4901 igitur
1001 4830 1131 4886 vitae
1173 4839 1374 4887 nostrae
1401 4832 1742 4904 propositum

148 4917 317 4989 magis
344 4919 504 4990 elige,
538 4918 699 4991 cujus
727 4918 1068 4975 beatitudine
1099 4919 1224 4991 plus
1254 4934 1417 4992 quam
1446 4918 1591 4991 apud
1619 4918 1745 4974 Ma—

150 5007 377 5064 cedones
407 5010 518 5065 frui
568 5010 790 5082 poteris.
841 5010 948 5077 Qui
1009 5009 1231 5082 quidem
1274 5018 1328 5065 te
1375 5026 1470 5081 per
1497 5010 1745 5082 singulos

150 5107 460 5169 exspectant
487 5100 625 5168 dies,
659 5109 720 5156 ut
751 5101 990 5173 reliquas
1016 5108 1193 5156 tecum
1215 5098 1440 5155 diruant
1468 5097 1740 5167 civitates,

152 5191 203 5239 ει
229 5202 564 5264 quaecunque
588 5191 648 5247 in
675 5190 812 5263 ipsis
839 5190 1116 5246 valuerint
1144 5188 1396 5245 invenire
1429 5188 1695 5260 diripiant
1729 5208 1741 5245 :

152 5288 388 5350 quosque
416 5280 476 5336 in
504 5282 757 5353 praesenti
784 5282 875 5338 die
902 5282 1111 5338 tristari
1139 5281 1379 5337 arbitror
1430 5297 1493 5338 ac
1537 5279 1740 5348 dolere,

156 5366 293 5434 quod
323 5369 626 5427 incolumes
674 5371 857 5429 adhuc
894 5371 1157 5445 quasdam
1203 5370 1430 5426 videant
1468 5369 1740 5439 nationes,

154 5459 484 5517 occasionem
517 5464 898 5521 nanciscentes
928 5463 1299 5538 cupiditatum
1328 5479 1392 5519 ac
1423 5462 1742 5536 rapinarum

156 5559 368 5605 suarum
399 5554 780 5609 auctoritatem
808 5552 1051 5609 nominis
1077 5552 1177 5609 tui.
1211 5552 1384 5619 Quam
1422 5568 1550 5623 ergo
1579 5567 1745 5609 secu-

157 5646 264 5688 ram
294 5637 352 5693 in
378 5641 491 5696 Deo
516 5641 685 5697 vitam
719 5642 923 5714 poteris
953 5642 1222 5711 obtinere,
1269 5650 1323 5697 et
1368 5649 1429 5697 ut
1476 5639 1579 5698 tibi
1629 5643 1744 5713 ipse

153 5718 261 5791 iam
287 5729 462 5799 vivas,
505 5733 601 5806 qui
649 5748 798 5792 nunc
844 5734 1027 5792 adhuc
1066 5735 1243 5792 multa
1290 5734 1497 5807 cogitas
1534 5747 1741 5805 rapere,

1766 4605 1818 4664 D

1852 1968 2112 2008 excusare
2140 1960 2196 2008 te
2227 1953 2476 2024 poteris?

1924 2043 2184 2098 Libenter
2220 2041 2338 2098 haec
2385 2048 2439 2097 et
2485 2041 2604 2096 sine
2652 2041 2767 2096 ulla
2814 2039 3101 2097 iracundia
3146 2042 3460 2100 Alexander

1854 2132 2148 2187 audiebat:
2186 2138 2301 2186 erat
2335 2129 2483 2185 enim
2522 2130 2580 2185 in
2613 2130 2884 2187 Dandami
2919 2130 3145 2203 spiritus
3171 2133 3307 2189 Dei:
3342 2132 3457 2203 sed,

1854 2221 2152 2293 instigante
2181 2220 2431 2275 daemone
2459 2222 2627 2288 malo,
2654 2221 2799 2276 inter
2830 2221 2947 2294 ipsa
2975 2221 3249 2293 principia
3276 2211 3457 2280 muta-

1853 2309 2014 2364 batur
2042 2309 2375 2365 Alexander.
2412 2308 2563 2363 Unde
2594 2309 2682 2364 his
2711 2310 3095 2381 alloquebatur
3128 2312 3457 2369 Dandamim

1854 2397 2036 2453 verbis
2072 2416 2083 2453 :
2124 2399 2250 2453 Scio
2280 2415 2409 2454 vera
2450 2407 2502 2455 te
2531 2398 2732 2465 dicere,
2764 2399 2831 2455 de
2860 2400 3056 2455 divino
3085 2402 3235 2457 enim
3265 2420 3461 2474 genere

1855 2487 2209 2557 descendens,
2243 2490 2302 2543 in
2330 2489 2417 2545 his
2447 2489 2783 2545 constitutus
2810 2507 2866 2545 es
2888 2492 3046 2560 locis,
3069 2492 3163 2548 ubi
3186 2510 3334 2555 nunc
3354 2495 3459 2551 tibi

1855 2579 1973 2634 sine
2002 2579 2114 2634 ulla
2136 2579 2406 2648 molestia,
2429 2578 2523 2634 sed
2547 2596 2674 2635 cum
2698 2579 2941 2635 maxima
2966 2582 3250 2653 voluptate
3267 2583 3459 2641 vivere

1854 2668 2016 2736 licet,
2035 2676 2088 2722 et
2118 2668 2215 2723 ubi
2260 2667 2602 2723 naturalibus
2649 2668 2865 2724 divitiis
2918 2668 3118 2725 frueris
3168 2678 3221 2726 et
3275 2674 3459 2744 quiete

1854 2773 2064 2813 secura.
2097 2759 2212 2828 Ego
2242 2773 2373 2812 vero
2408 2756 2553 2812 inter
2591 2758 2866 2812 tumultus
2904 2759 3086 2814 varios
3138 2775 3200 2815 ac
3255 2760 3459 2816 formi-

1854 2845 2015 2902 dines
2069 2846 2223 2909 vivo,
2265 2846 2643 2918 plurimosque
2690 2862 2754 2901 ex
2803 2846 2936 2917 ipsis
2984 2848 3077 2919 qui
3130 2864 3216 2904 me
3264 2859 3458 2906 custo-

1854 2936 2019 2991 diunt
2063 2937 2255 3005 timeo,
2288 2945 2341 2992 et
2376 2937 2550 3009 major
2596 2936 2734 2993 mihi
2783 2939 3109 3010 plerumque
3154 2939 3223 2996 ab
3265 2940 3459 2998 amicis

1856 3034 2036 3082 metus
2068 3042 2230 3099 quam
2260 3026 2326 3081 ab
2357 3027 2610 3092 hostibus
2640 3026 2813 3094 venit,
2847 3043 3191 3102 quorumque
3220 3030 3456 3101 amplius

1856 3115 2101 3188 quotidie
2130 3131 2295 3188 quam
2326 3115 2680 3172 inimicorum
2714 3133 2960 3172 meorum
3002 3118 3237 3175 insidias
3277 3119 3457 3190 perti-

1856 3221 2067 3260 mesco:
2125 3212 2177 3258 et
2224 3222 2400 3276 neque
2442 3206 2561 3260 sine
2591 3206 2724 3276 ipsis
2754 3205 2946 3277 degere
2974 3222 3135 3278 queo,
3169 3223 3344 3280 neque
3374 3207 3457 3262 i1-

1853 3294 1920 3349 lis
1964 3312 2050 3349 me
2096 3311 2316 3365 possum
2357 3294 2575 3350 credere
2609 3311 2620 3348 ε
2664 3295 2795 3348 vivo
2828 3294 2997 3365 igitur
3027 3295 3085 3350 in
3115 3295 3451 3365 aﬂlictione;

1853 3402 1989 3456 quos
2018 3385 2165 3440 enim
2206 3400 2418 3453 vereor,
2463 3400 2651 3440 eorum
2699 3384 3104 3456 constipatione
3146 3386 3453 3443 custodior.

1853 3480 2058 3537 Diebus
2085 3480 2306 3554 quidem
2338 3481 2470 3536 totis
2500 3481 2678 3537 varias
2706 3489 2891 3552 gentes
2920 3498 3218 3554 prosequor
3262 3499 3325 3538 ac
3362 3482 3455 3537 fa-

1851 3570 1987 3642 tigo,
2020 3570 2275 3627 noctibus
2318 3587 2445 3626 vero
2476 3587 2562 3626 me
2591 3587 2817 3627 somnus
2862 3571 3047 3626 turbat
3073 3588 3138 3627 ac
3166 3579 3351 3638 vexat,
3386 3587 3455 3627 ne

1853 3659 1978 3733 quis
2007 3658 2063 3715 in
2094 3675 2179 3714 me
2208 3659 2527 3731 inopinatus
2556 3659 2732 3716 hostis
2763 3661 3030 3732 impetum
3068 3660 3234 3716 faciat
3272 3678 3283 3715 :
3318 3668 3372 3716 et
3405 3659 3453 3716 si

1853 3750 2105 3807 occidero
2147 3766 2283 3823 quos
2321 3750 2584 3819 formido,
2629 3752 2805 3808 tristis
2849 3751 3092 3819 efﬁcior;
3138 3751 3187 3806 si
3234 3768 3453 3808 rursum

1853 3841 1993 3896 lenis
2016 3858 2080 3897 ac
2109 3842 2264 3896 mitis
2291 3842 2518 3897 voluero
2547 3858 2682 3909 esse,
2715 3850 3056 3898 contemnor.
3097 3842 3169 3895 Et
3193 3840 3454 3912 quemad-

1853 3929 2079 3985 modum
2110 3946 2141 3983 a
2166 3929 2336 3985 tantis
2364 3946 2548 3985 rerum
2577 3931 2836 4001 periculis
2864 3946 2949 3985 me
2973 3929 3203 4000 eripiam
3234 3928 3450 3998 ignoro.

1852 4018 1986 4072 Nam
2018 4024 2072 4071 et
2100 4016 2146 4071 si
2177 4017 2404 4072 voluero
2438 4017 2493 4072 in
2525 4018 2612 4072 his
2638 4017 2888 4085 desertis,
2918 4016 2975 4070 in
3007 4016 3210 4088 quibus
3240 4034 3338 4073 vos
3360 4017 3452 4073 de-

1853 4107 2001 4178 gitis,
2043 4107 2251 4175 vivere,
2280 4106 2337 4162 id
2369 4106 2773 4178 mihi‘penitus
2822 4122 2933 4161 non
2980 4106 3168 4162 licebit
3202 4107 3272 4163 ob
3303 4107 3452 4180 quod

1854 4196 1997 4268 apud
2026 4199 2201 4252 Deum
2229 4213 2377 4252 nunc
2405 4212 2668 4252 excusare
2690 4211 2776 4251 me
2803 4211 3046 4266 possum,
3070 4195 3200 4268 quia
3222 4196 3338 4268 ipse
3363 4212 3453 4252 me

1852 4285 1911 4339 in
1937 4282 2255 4355 hujusmodi
2286 4283 2415 4339 vitai
2445 4290 2610 4350 statu,
2642 4291 2695 4337 et
2726 4283 2783 4337 in
2812 4282 2908 4338 tali
2940 4282 3134 4338 ordine
3155 4283 3445 4340 hominum

1852 4370 2163 4430 collocavit.
2197 4372 2279 4427 Tu
2308 4388 2439 4427 vero
2460 4387 2559 4443 pro
2589 4371 2711 4427 istis
2741 4387 2875 4444 quas
2903 4387 3002 4444 ego
3033 4371 3152 4426 fudi
3185 4372 3446 4445 querelis,

1852 4462 1981 4534 quia
2026 4477 2111 4516 me
2154 4478 2251 4533 per
2279 4460 2466 4517 omnia
2512 4460 2788 4528 recreasti,
2834 4477 2897 4518 ac
2944 4476 3136 4517 sensus
3170 4459 3450 4532 paulisper

1854 4572 2003 4612 meos
2028 4572 2062 4611 a
2086 4554 2592 4614 conﬂictationibus
2635 4562 2689 4611 et
2736 4555 2942 4626 praeliis
2984 4554 3227 4610 liberasti
3261 4571 3273 4610 :
3306 4553 3451 4610 dona

1852 4663 1971 4703 mea
1994 4647 2227 4719 suscipe,
2260 4663 2439 4719 neque
2467 4663 2528 4702 ea
2555 4663 2674 4719 quae
2704 4645 2807 4701 tibi
2839 4646 3029 4713 offero,
3063 4646 3121 4700 in
3152 4652 3452 4702 contume~

1853 4741 1984 4796 liam
2018 4740 2125 4796 mei
2155 4738 2398 4795 volueris
2422 4754 2696 4795 recusare.
2735 4738 2874 4793 Mihi
2906 4739 3077 4806 enim,
3101 4737 3325 4812 quando
3353 4755 3450 4794 sa-

1852 4830 2115 4903 pientiam
2142 4829 2410 4885 honorare
2439 4826 2642 4894 fecisti,
2682 4841 2793 4883 non
2839 4826 3121 4883 modicum
3166 4827 3447 4899 profuisti.

1854 4919 2058 4992 Hisque
2086 4918 2283 4985 ﬁnitis,
2319 4916 2502 4975 innuit
2528 4916 2703 4973 servis
2749 4916 3065 4975 Alexander
3115 4926 3178 4975 ut
3222 4934 3451 4974 munera

1853 5026 1973 5083 quae
2021 5007 2405 5082 spoponderat,
2442 5006 2789 5063 exhiberem.
2821 5005 2927 5075 Qui
2947 5023 3079 5062 mox
3109 5006 3231 5063 auri
3257 5024 3446 5080 argen-

1855 5099 2005 5172 tique
2032 5098 2269 5170 optimas
2296 5097 2523 5169 species,
2555 5095 2911 5169 diversasque
2940 5105 3122 5152 vestes
3170 5113 3299 5153 cum
3329 5098 3451 5153 oleo

1852 5206 1914 5245 ac
1944 5188 2180 5261 panibus
2207 5188 2547 5244 obtulerunt.
2577 5186 2789 5254 Quibus
2819 5186 2952 5242 visis
2979 5186 3283 5244 Dandamis
3305 5188 3447 5257 risit,

1852 5280 1959 5337 hoc
1983 5278 2173 5337 dicens
2211 5295 2221 5335 :
2265 5277 2551 5351 Numquid
2588 5277 2815 5334 suadere
2858 5275 3058 5333 avibus
3105 5277 3228 5333 istis
3274 5285 3446 5349 potes,

1854 5371 1948 5445 qui
1977 5372 2035 5428 in
2062 5371 2197 5429 locis
2225 5369 2575 5427 silvestribus
2593 5369 2813 5437 vivunt,
2835 5377 2899 5426 ut
2916 5383 3114 5424 aurum
3139 5376 3449 5441 argentum-

1853 5478 1959 5535 que
1987 5462 2310 5533 suscipiant,
2335 5469 2390 5517 et
2413 5460 2610 5516 melius
2629 5475 2793 5533 quam
2825 5467 3184 5525 consuerunt,
3209 5457 3449 5514 canant?

1853 5551 2012 5619 Quod
2043 5568 2170 5607 cum
2198 5550 2319 5607 ﬁeri
2349 5550 2577 5607 omnino
2606 5566 2719 5605 non
2750 5548 2941 5621 possit,
2975 5563 3061 5602 me
3093 5546 3207 5602 illis
3223 5546 3308 5601 vis
3333 5562 3450 5602 esse

1852 5638 2093 5714 pejorem
2115 5640 2143 5695 ?
2173 5640 2285 5697 Cur
2313 5639 2451 5696 illud
2479 5637 2766 5711 accipiam,
2791 5635 2940 5708 quod
2970 5651 3147 5707 neque
3168 5634 3256 5690 edi
3282 5651 3314 5689 a
3334 5649 3443 5700 me,

1852 5746 2029 5803 neque
2046 5728 2222 5802 potari
2254 5728 2475 5801 potest?
2505 5728 2617 5786 Cur
2642 5725 2908 5797 accipiam
2925 5722 3073 5796 quod
3104 5721 3244 5778 mihi
3268 5721 3441 5777 nulla-
