3880 6204
450 393 586 450 H79
1252 439 1276 460 ρ

1445 393 1540 448 ΑΙ)
1582 391 1818 447 OPEBA
1856 389 1910 446 S.
1955 389 2290 448 AMBROSII
2327 387 2708 445 APPENDIX.

3632 384 3756 442 H80

445 529 602 580 tenus
629 523 850 597 prosit?
895 525 1007 579 Aut
1035 537 1198 594 quam
1231 518 1300 575 ob
1332 535 1445 574 rem
1479 517 1534 574 id
1562 517 1893 588 custodiam,
1926 535 2034 592 quo
2065 523 2115 582 A
2144 518 2388 574 cessaris:
2410 533 2520 572 non
2550 523 2679 572 sunt
2709 515 2979 584 civitates,
3003 514 3060 570 in
3081 513 3292 587 quibus
3315 514 3603 569 latronum
3625 516 3749 569 mul-

443 613 523 668 uti
549 629 835 686 nequeam,
856 610 963 666 nisi
996 610 1135 665 forte
1166 616 1228 664 ut
1253 609 1493 664 animam
1528 625 1702 666 meam
1731 626 1826 683 per
1851 610 2037 665 omnia

442 701 669 759 liberam
693 701 1010 773 hujusmodi
1031 699 1267 755 nexibus
1289 698 1446 771 ligem
1461 699 1490 754 7
1510 698 1619 757 Cur
1641 700 2035 772 ingenuitatem

442 789 614 862 ipsius
641 791 845 846 frustra
875 787 1010 859 jugo
1049 788 1381 859 turpissima:
1419 789 1701 845 servitutis
1739 789 1985 845 addicam
2009 790 2036 845 ?

440 879 600 947 Quod
647 895 746 948 ego
791 892 1076 949 nunquam
1122 893 1344 950 prorsus
1393 877 1646 933 eﬂiciam.
1707 877 1811 933 Sed
1859 894 2036 950 neque

439 983 619 1022 emere
648 966 944 1040 quidquam
967 967 1114 1031 volo,
1143 967 1236 1040 qui
1277 967 1334 1022 in
1358 967 1751 1023 solitudinibus
1775 967 1869 1022 ubi
1893 966 2033 1023 nihil

441 1055 721 1125 venditur,
745 1055 896 1112 vivo.
929 1057 1155 1112 Munera
1186 1056 1323 1111 mihi
1359 1058 1524 1122 Deus,
1554 1057 1657 1112 hoc
1690 1065 1791 1124 est,
1823 1057 2034 1113 fructus

441 1144 670 1201 istorum
705 1145 975 1211 locorum,
1009 1145 1230 1219 praebet.
1263 1145 1416 1202 Nihil
1461 1145 1605 1200 enim
1644 1162 1778 1201 auro
1817 1145 2031 1201 homini
2117 1205 2120 1208 ,

441 1233 635 1291 vendit
679 1236 840 1303 Deus,
885 1236 978 1291 sed
1022 1234 1342 1308 sapientiam
1383 1234 1582 1290 bonam
1612 1234 1660 1290 ei
1690 1235 1784 1308 qui
1818 1235 2035 1290 noverit

439 1343 557 1383 eam
585 1327 850 1398 accipere,
884 1327 1131 1398 largitur.
1166 1327 1329 1384 Veste
1359 1328 1572 1382 velatus
1607 1344 1728 1382 sum
1763 1343 1888 1383 cum
1929 1343 2034 1399 qua

439 1437 528 1476 me
567 1421 758 1475 matris
788 1435 920 1475 mea:
949 1419 1125 1475 edidit
1153 1430 1359 1493 partus.
1398 1421 1534 1476 Aere
1569 1420 1674 1477 hoc
1705 1430 1765 1476 ut
1790 1420 1913 1477 cibo
1943 1439 2032 1478 ve-

439 1525 580 1577 scor,
615 1508 850 1564 libenter
881 1508 1042 1563 video
1081 1525 1168 1565 me
1212 1511 1396 1578 talem,
1440 1509 1570 1566 dum
1621 1511 1790 1565 nullis
1836 1527 2034 1583 corpus

436 1616 620 1656 meum
652 1598 889 1654 nexibus
919 1614 1086 1670 gravo
1117 1617 1128 1655 :
1165 1600 1426 1673 omnique
1459 1599 1599 1656 mihi
1628 1601 1789 1657 melle
1817 1600 2033 1658 dulcior

436 1695 538 1757 est,
569 1689 666 1745 ubi
698 1689 966 1744 naturalis
1000 1688 1215 1744 venerit
1243 1688 1385 1758 sitis,
1433 1707 1586 1763 aquae
1628 1698 1788 1763 potus
1817 1708 1886 1747 ex
1917 1691 2032 1747 ﬂu-

434 1775 550 1832 vio.
583 1777 640 1831 Si
668 1783 851 1832 autem
883 1785 938 1832 et
974 1793 1140 1848 panes
1188 1777 1321 1833 istos
1364 1776 1512 1834 dices
1554 1778 1752 1835 habere
1790 1780 2028 1853 aliquam

433 1867 798 1938 voluptatem,
829 1881 928 1921 cur
965 1881 1057 1920 eos
1104 1865 1398 1922 incendisti
1439 1867 1674 1923 ﬂammis
1694 1869 1722 1924 ?
1753 1869 2031 1941 Reliquias
2059 1888 2103 1948 Β

433 1969 532 2028 ego
563 1953 704 2027 ignis
733 1970 909 2010 escam
941 1954 1117 2010 facere
1142 1971 1318 2011 meam
1352 1956 1518 2024 nolo;
1565 1973 1740 2030 neque
1770 1959 1827 2013 in
1875 1960 2028 2016 cibos

431 2052 753 2100 convertere
782 2059 932 2099 meos
961 2043 1126 2115 cupio
1165 2044 1311 2115 quod
1341 2043 1408 2099 de
1445 2045 1626 2100 alieno
1656 2063 1748 2102 ore
1779 2049 2028 2104 sustule-

432 2135 560 2192 rim.
592 2135 703 2194 Hos
729 2151 858 2208 ergo
888 2151 1055 2208 panes
1089 2135 1202 2209 ipse
1232 2135 1328 2208 qui
1357 2135 1510 2192 coxit
1560 2137 1704 2210 ignis
1751 2139 2022 2196 absumat.

431 2224 536 2281 Sed
566 2242 634 2282 ne
663 2226 903 2300 aliquam
933 2225 1058 2292 tibi,
1091 2225 1187 2299 qui
1222 2226 1546 2298 sapientiam
1578 2227 1834 2298 honoras,
1867 2229 2028 2301 inju-

433 2313 572 2370 riam
617 2331 648 2370 a
686 2331 772 2370 me
822 2314 1059 2371 aestimes
1105 2315 1358 2386 irrogari,
1406 2316 1588 2371 oleum
1642 2320 2026 2376 tantummodo

430 2402 579 2460 istud
609 2404 838 2478 accipio.
871 2404 1002 2472 Qum
1055 2403 1151 2459 ubi
1203 2403 1500 2460 Dandamis
1545 2404 1711 2475 dixit,
1761 2409 2026 2466 continuo

429 2494 692 2564 surrexit,
739 2512 802 2551 ac
843 2494 1038 2550 silvam
1088 2509 1400 2568 peragrans,
1450 2506 1502 2553 et
1542 2497 1806 2570 colligens
1856 2500 2022 2571 ligna,
2113 2548 2123 2557 .

429 2585 629 2640 molem
652 2601 720 2640 ex
751 2583 820 2640 iis
839 2583 1133 2639 maximam
1158 2585 1309 2650 fecit,
1336 2601 1496 2657 quam
1519 2585 1642 2660 igne
1665 2588 2022 2658 succendens,

429 2672 517 2728 his
542 2674 758 2731 locutus
788 2680 870 2730 est
894 2672 1077 2728 verbis
1107 2691 1118 2729 :
1162 2673 1556 2744 Brachmanus,
1599 2675 1801 2748 inquit,
1839 2678 2024 2734 omnia

427 2761 612 2830 habet,
642 2772 695 2820 et
725 2761 940 2818 abunde
965 2779 1033 2818 ex
1065 2762 1343 2830 omnibus,
1363 2771 1425 2819 ut
1453 2765 1626 2836 cupit,
1654 2765 1910 2837 pascitur.
1937 2768 2021 2822 In-

426 2852 656 2926 fusoque
686 2855 807 2910 oleo
839 2870 989 2918 mox,
1023 2868 1267 2928 pyraque
1295 2853 1648 2910 vehementer
1678 2855 1922 2922 incensa,
1946 2866 2022 2913 ta-

425 2942 531 2998 lem
556 2943 755 2999 cecinit
781 2943 1050 3014 hymnum
1071 2945 1184 3000 Deo
1212 2962 1224 3000 :
1255 2945 1608 3013 Immortalis,
1625 2945 1828 3020 inquit,
1853 2949 2018 3018 Deus,

422 3029 524 3085 tibi
552 3047 650 3103 ego
677 3031 733 3086 in
764 3031 1024 3088 omnibus
1051 3034 1250 3105 gratias
1269 3051 1388 3105 ago.
1423 3036 1553 3101 Quae
1584 3035 1678 3090 ubi
1709 3037 2021 3095 Alexander

426 3119 588 3187 vidit,
620 3120 900 3189 abscessit,
933 3130 1133 3179 cuncta
1161 3140 1365 3192 secum,
1400 3132 1595 3197 praeter
1643 3126 1849 3196 oleum,
1898 3145 2018 3201 quae

423 3207 768 3308 exhibuerat,
800 3221 1104 3284 reportans,
1135 3229 1480 3286 summopere
1510 3222 1754 3286 stupens.
1787 3217 2015 3273 Danda-
2050 3251 2091 3311 Ο

423 3298 531 3355 mis
550 3316 680 3358 vero
703 3300 806 3358 hoc
825 3303 988 3358 etiam
1017 3302 1364 3360 sermonibus
1392 3303 1506 3360 suis
1534 3304 1772 3374 addidit,
1802 3306 2008 3364 dicens:

421 3391 576 3446 Tales
619 3391 863 3446 universi
912 3409 1012 3447 nos
1051 3409 1260 3448 sumus.
1306 3393 1541 3450 Calanus
1580 3411 1710 3450 vero
1751 3397 2017 3466 pessimus

419 3479 507 3534 vir
527 3478 808 3548 judicatus
824 3491 904 3534 est
925 3497 955 3534 a
977 3480 1156 3545 nobis,
1181 3496 1244 3535 eo
1273 3481 1420 3552 quod
1446 3490 1640 3538 vestra;
1669 3500 1725 3538 se
1760 3484 2017 3540 exhibuit

418 3565 745 3637 presentim,
780 3575 834 3619 et
873 3573 1114 3620 nostram
1147 3581 1258 3620 non
1291 3567 1538 3624 imitatus
1577 3579 1659 3626 est
1702 3572 1910 3628 vitam:
1962 3580 2016 3627 et

416 3652 545 3725 quia
570 3667 696 3707 cum
724 3659 938 3707 amator
963 3653 1062 3708 Dei
1087 3669 1202 3710 esse
1226 3670 1337 3709 non
1368 3664 1568 3725 posset,
1602 3659 1744 3729 fugit
1770 3676 1800 3714 a
1832 3661 2010 3730 nobis,

415 3747 468 3796 et
498 3739 756 3813 migravit
793 3742 861 3798 ad
891 3743 1128 3812 Graecos,
1167 3742 1608 3816 contemptisque
1635 3747 1882 3805 moribus
1919 3767 2013 3807 no-

412 3831 560 3900 stris,
594 3848 650 3888 se
684 3831 863 3906 ipsum
891 3831 1177 3889 damnavit
1207 3831 1617 3890 immortalibus
1640 3835 1896 3893 ﬂammis.
1931 3839 2012 3895 Tu

417 3934 545 3978 vero
564 3921 923 3980 Macedonum
949 3924 1103 3979 malae
1133 3921 1310 3995 gentis
1329 3921 1615 3979 dominum
1638 3941 1753 3980 esse
1775 3935 1826 3983 te
1848 3927 2008 3998 dicis,

410 4009 784 4070 Brachmanos
814 4013 1113 4085 vituperas,
1137 4021 1192 4070 et
1211 4012 1451 4070 interﬁci
1474 4029 1665 4086 omnes
1678 4014 1857 4088 jubes,
1883 4035 2012 4075 cre-

409 4098 544 4157 dens
572 4117 762 4158 eorum
789 4103 1148 4161 mendacibus
1176 4104 1378 4172 verbis,
1411 4107 1558 4180 quod
1587 4106 1794 4164 bonum
1825 4109 2007 4165 virum

409 4187 588 4242 facere
618 4205 730 4243 non
759 4199 994 4261 oportet.
1025 4193 1136 4249 Nos
1164 4210 1296 4250 vero
1331 4194 1597 4251 rationem
1622 4195 1750 4252 vitae
1776 4197 2009 4270 propria;

407 4275 521 4330 Deo
554 4274 814 4331 novimus
843 4277 1156 4335 reddituros
1183 4290 1334 4350 tunc,
1358 4300 1482 4339 cum
1503 4283 1569 4339 ad
1592 4301 1715 4340 eum
1741 4285 2009 4343 fuerimus

409 4362 660 4434 profecti.
697 4363 900 4422 Omnes
925 4367 1071 4422 enim
1103 4368 1278 4438 ipsius
1306 4387 1514 4440 sumus,
1547 4374 1778 4444 gloriam
1810 4391 2005 4431 vanam

409 4453 836 4521 contemnimus,
861 4454 1002 4527 quod
1023 4455 1178 4511 stulti
1200 4457 1376 4513 facere
1394 4473 1503 4513 non
1523 4470 1768 4530 possunt.
1794 4462 2006 4529 Quem-

407 4540 706 4598 admodum
736 4561 836 4600 vos
885 4544 1118 4601 transire
1161 4545 1230 4601 ad
1276 4548 1727 4604 consuetudinem
1758 4561 1999 4608 nostram

407 4632 622 4696 valetis,
657 4634 752 4706 qui
783 4641 894 4690 tam
921 4636 1062 4691 male
1096 4635 1305 4707 vivitis,
1322 4645 1376 4694 et
1403 4637 1498 4710 qui
1527 4655 1739 4711 semper
1767 4642 1864 4696 illa
1884 4660 2004 4715 quae

406 4724 552 4782 bona
588 4733 736 4794 sunt,
769 4726 912 4784 datis
953 4726 1270 4786 oblivioni?
1315 4729 1424 4786 Nos
1471 4745 1604 4786 vero
1651 4731 2000 4805 Brachmani,

407 4829 677 4871 memores
707 4815 1169 4888 quemadmodum
1200 4819 1467 4892 procreati
1496 4819 1794 4893 aliquando
1824 4821 2005 4878 fueri-

407 4918 551 4973 mus,
586 4911 640 4959 et
671 4905 920 4962 videntes
959 4915 1181 4979 propter
1215 4925 1335 4982 quae
1366 4909 1552 4966 vivere
1576 4909 1893 4980 debeamus,
1924 4912 2000 4968 ir-

406 4992 893 5065 reprehensibilem
937 4995 1164 5052 vivendi
1218 5013 1436 5054 cursum
1490 5007 1758 5068 tenemus,
1804 5017 1999 5056 unum-

405 5097 677 5156 quemque
706 5083 855 5140 enim
885 5085 1030 5142 Deus
1066 5095 1217 5142 certo
1246 5087 1511 5160 propositi
1543 5086 1680 5159 ejus,
1713 5089 1800 5145 cui
1833 5088 1999 5161 depu-

407 5179 550 5228 tatus
578 5181 679 5242 est,
711 5173 820 5230 fine
846 5173 1128 5230 formavit.
1170 5175 1445 5232 Laetamur
1492 5176 1548 5232 in
1584 5176 1814 5234 desertis
1841 5179 1994 5248 locis,

403 5269 458 5317 et
487 5261 544 5316 in
576 5261 774 5318 mediis
801 5263 958 5318 silvis
987 5263 1255 5333 sedentes,
1285 5272 1341 5320 et
1369 5265 1427 5320 in
1458 5265 1546 5322 his
1571 5274 1788 5323 tantum
1827 5269 1995 5324 sensi-

403 5349 506 5407 bus
531 5351 733 5408 nostris
767 5353 1016 5426 occupati
1057 5371 1266 5422 sumus,
1311 5371 1379 5411 ne
1427 5371 1669 5428 unquam
1717 5373 1996 5415 sermones

403 5437 694 5495 hominum
715 5440 926 5498 animas
945 5450 1158 5499 nostras
1177 5443 1245 5499 ab
1265 5443 1535 5499 institutis
1549 5445 1752 5501 talibus
1779 5447 1996 5504 valeant

403 5550 671 5605 separare.
703 5535 901 5593 Beatus
931 5546 1011 5594 est
1041 5539 1133 5594 ille
1163 5541 1259 5614 qui
1298 5541 1507 5597 nullius
1535 5541 1764 5614 indiget,
1818 5551 1871 5599 et
1899 5543 1995 5617 qui

402 5639 514 5678 non
539 5623 772 5680 alienam
811 5629 1040 5700 gloriam
1071 5631 1244 5703 cupit,
1277 5639 1331 5687 et
1360 5633 1453 5704 qui
1483 5634 1695 5704 placere
1736 5637 1858 5692 vult
1883 5653 1996 5691 om-

405 5709 591 5780 nibus,
622 5727 838 5770 necesse
862 5724 943 5772 est
969 5725 1032 5773 ut
1060 5719 1132 5773 sit
1159 5720 1408 5775 omnium
1441 5737 1648 5778 servus.
1699 5725 1866 5781 Nobis
1904 5741 1994 5780 ne-

2037 4605 2086 4663 D

2145 607 2325 662 titudo
2355 607 2636 679 colligitur
2667 623 2679 660 :
2715 621 2934 677 magnas
2959 621 3090 659 vero
3117 603 3320 659 domos
3352 601 3521 658 nobis
3542 611 3746 661 exstru-

2145 697 2229 752 xit
2259 699 2420 761 Deus,
2450 712 2513 752 ac
2543 694 2814 767 praestitit,
2847 701 3057 749 montes
3079 691 3310 764 pariter,
3344 709 3411 747 ac
3439 692 3613 748 silvas
3641 712 3654 747 :
3686 711 3748 748 ex

2146 785 2345 859 quibus
2365 785 2639 856 simplices
2671 784 2941 839 sumimus
2969 783 3202 850 fructus,
3238 788 3296 836 et
3327 797 3482 852 puras
3503 780 3647 837 dona
3666 799 3746 838 ua-

2146 883 2281 930 turze
2313 891 2478 947 aquas
2507 873 2751 928 bibimus
2784 890 2795 927 :
2830 872 3176 944 libenterque
3206 871 3587 944 nosmetipsos
3622 873 3750 928 reﬁ-

2144 965 2348 1020 cientes
2377 970 2497 1035 post
2527 961 2786 1030 laborem,
2811 961 2880 1016 iis
2907 961 3056 1016 foliis
3084 960 3440 1016 incubamus.
3464 961 3747 1028 Quomodo

2145 1052 2370 1125 potestis
2395 1052 2647 1123 ingenuis
2694 1050 3013 1106 hominibus
3057 1051 3357 1122 imperare,
3407 1068 3536 1107 cum
3567 1051 3748 1108 sciatis

2145 1159 2240 1197 vos
2271 1141 2327 1196 in
2348 1149 2610 1214 potestate
2641 1141 2939 1196 multorum
2963 1155 3077 1207 esse
3102 1141 3131 1195 ‘i
3162 1141 3280 1196 Vos
3300 1140 3449 1196 enim
3472 1142 3677 1197 vestris
3693 1142 3746 1198 in

2143 1230 2400 1285 omnibus
2423 1247 2540 1303 quae
2562 1230 2981 1301 concupiscunt,
3013 1229 3241 1286 servitis
3271 1229 3584 1286 animabus.
3609 1231 3741 1286 Nam

2143 1321 2186 1376 si
2224 1321 2424 1376 multas
2453 1319 2650 1375 habere
2679 1327 2856 1375 vestes
2897 1319 3246 1388 desideratis,
3292 1337 3406 1375 non
3451 1328 3514 1375 ut
3542 1337 3745 1393 paucos

2143 1426 2326 1482 greges
2355 1410 2543 1466 ovium
2573 1410 2826 1482 pascatis,
2851 1426 2962 1465 non
2993 1418 3056 1465 ut
3083 1425 3288 1480 paucos
3320 1410 3414 1483 qui
3446 1410 3592 1483 ipsas
3621 1420 3742 1467 tou-

2141 1502 2304 1558 deant
2336 1516 2486 1568 oves,
2515 1507 2569 1555 et
2593 1516 2623 1554 a
2652 1500 2855 1572 quibus
2892 1500 3018 1571 ipsae
3066 1499 3205 1555 lanae
3241 1499 3588 1568 intexantur,
3641 1517 3744 1555 ne-

2140 1608 2287 1649 cesse
2319 1591 2532 1648 habetis
2573 1589 2829 1647 artifices.
2862 1588 3005 1656 Quid
3037 1590 3322 1646 excusaris
3368 1589 3518 1662 quod
3555 1591 3744 1646 mollia

2139 1681 2466 1739 vestimenta
2491 1698 2602 1737 non
2637 1680 2837 1736 habeas
2863 1680 2891 1735 ?
2919 1678 3172 1752 Eqnalis
3197 1679 3347 1734 enim
3369 1679 3614 1736 servitus
3634 1697 3742 1737 esse

2139 1769 2398 1842 probatur
2427 1770 2484 1826 in
2517 1769 2824 1826 minoribus
2848 1776 2901 1823 et
2937 1767 3240 1839 majoribus
3267 1767 3452 1824 rebus.
3480 1769 3619 1825 Nam
3649 1771 3741 1843 qui

2139 1859 2398 1931 exiguum
2431 1859 2663 1915 miratur
2689 1874 2906 1925 aurum,
2940 1865 2993 1912 et
3020 1857 3261 1914 multum
3291 1857 3632 1914 desiderabit
3656 1878 3668 1915 :
3689 1870 3740 1917 et

2137 1947 2230 2020 qui
2258 1965 2437 2021 parvae
2466 1948 2709 2005 civitatis
2728 1947 2893 2004 fuerit
2915 1947 3228 2019 imperator,
3255 1955 3308 2002 et
3330 1947 3529 2020 majori
3557 1949 3738 2023 cupiet

2137 2040 2421 2111 imperare.
2454 2039 2724 2094 Praeterea
2753 2037 2920 2095 etiam
2961 2055 3030 2094 ex
3065 2039 3281 2095 modica
3311 2049 3593 2113 perpetuas
3618 2059 3736 2115 por-

2135 2128 2304 2196 tione,
2339 2145 2458 2201 quaa
2489 2128 2546 2183 in
2579 2127 2781 2184 vestris
2810 2128 3058 2200 splendet
3097 2128 3365 2199 vestibus,
3392 2131 3691 2204 superbitis
3718 2150 3731 2188 :

2135 2225 2188 2273 et
2213 2234 2338 2274 cum
2371 2217 2568 2273 vestris
2595 2217 2819 2274 famulis
2847 2217 3055 2275 fuerint
3085 2217 3408 2274 indumenta
3433 2236 3730 2293 purpurea,

2135 2323 2233 2362 vos
2259 2306 2550 2378 pulchrius
2591 2323 2707 2363 esse
2735 2306 2945 2379 aliquid
2976 2306 3378 2377 existimantes,
3418 2318 3601 2366 vestra
3635 2328 3733 2367 co-

2136 2397 2249 2451 lore
2291 2398 2461 2452 altero
2501 2396 2787 2469 splendere
2833 2396 3057 2452 curatis.
3105 2397 3163 2452 Si
3212 2407 3394 2453 autem
3433 2398 3542 2455 hoc
3589 2401 3730 2474 apud

2133 2502 2232 2542 vos
2259 2486 2462 2541 bonum
2497 2501 2604 2541 non
2635 2484 2881 2554 videtur,
2926 2501 3190 2557 pauperes
3212 2485 3570 2557 judicamini,
3601 2490 3728 2546 dum

2131 2591 2299 2647 parva
2343 2574 2640 2630 miramini.
2686 2575 2966 2631 Animalia
3021 2574 3261 2630 libenter
3310 2576 3570 2634 occiditis
3613 2596 3728 2651 qua

2130 2671 2276 2720 terra
2303 2665 2593 2737 progenuit
2628 2682 2639 2720 :
2673 2680 2794 2736 quae
2840 2672 3022 2721 tamen
3067 2665 3173 2737 ipsi
3223 2666 3532 2738 plurimum
3573 2668 3727 2725 vobis

2130 2756 2386 2825 prodesse
2415 2753 2744 2825 cognoscitis
2767 2771 2781 2822 ;
2814 2752 3062 2825 quaedam
3086 2753 3234 2809 enim
3258 2771 3328 2810 ex
3349 2756 3485 2827 ipsis
3504 2757 3726 2813 tonden-

2129 2851 2238 2911 tur,
2270 2843 2378 2898 alia
2412 2844 2728 2914 mulgentur
2761 2859 2772 2897 :
2799 2858 2924 2898 cum
2952 2840 3285 2914 quibusdam
3304 2861 3496 2916 agrum
3529 2847 3725 2914 colitis,

2129 2948 2252 2988 cum
2287 2930 2411 2987 aliis
2440 2931 2721 2987 dimicatis
2755 2949 2766 2987 :
2803 2947 3039 3003 quorum
3063 2939 3250 3002 postea
3274 2948 3341 2988 eo
3375 2933 3525 3004 quod
3548 2933 3727 2990 fundi~

2129 3021 2200 3077 tis
2219 3037 2490 3088 cruorem,
2525 3019 2790 3092 gaudetis,
2821 3019 3093 3092 talemque
3115 3020 3425 3077 mercedem
3443 3022 3726 3096 ipsis,qu;e

2127 3109 2386 3183 perutilia
2420 3109 2576 3166 vobis
2606 3109 2832 3177 fuerint,
2867 3108 3096 3164 redditis
3145 3108 3328 3165 vicem
3368 3129 3382 3166 :
3415 3119 3472 3167 et
3496 3128 3725 3184 quorum

2127 3201 2331 3256 vellera
2351 3216 2450 3255 vos
2468 3199 2810 3255 extrinsecus
2835 3199 3038 3266 velant,
3071 3198 3396 3255 eorumdem
3419 3217 3521 3257 vos
3540 3218 3726 3258 carnes

2127 3289 2460 3345 intrinsecus
2479 3296 2728 3355 onerant,
2761 3295 2816 3343 et
2845 3286 3093 3358 incipitis
3114 3303 3231 3343 esse
3257 3303 3557 3360 corporum
3588 3308 3725 3347 mor-

2124 3391 2346 3437 tuorum
2394 3382 2643 3454 sepulcra
2673 3381 2938 3438 viventia.
2973 3381 3164 3438 Tantis
3192 3399 3319 3455 ergo
3375 3391 3596 3456 tamque
3627 3382 3722 3438 in-

2123 3471 2583 3527 convenientibus
2625 3471 2805 3540 rebus,
2839 3481 3060 3543 tamque
3088 3472 3382 3529 contrariis
3413 3489 3571 3529 meus
3597 3489 3724 3544 gra-

2124 3573 2268 3630 vata,
2293 3571 2469 3635 potest
2498 3563 2555 3619 in
2581 3580 2638 3619 se
2663 3563 2903 3636 recipere
2922 3565 3020 3620 Dei
3042 3581 3265 3621 sensum
3287 3565 3314 3622 Τ
3334 3566 3570 3622 Dimitte
3585 3583 3723 3638 pau-

2123 3652 2290 3724 lisper
2313 3660 2736 3709 memoratorum
2757 3653 3080 3710 animalium
3107 3671 3320 3722 carnes,
3351 3671 3477 3727 quas
3496 3654 3714 3720 occidis,

2123 3743 2201 3798 sic
2223 3742 2423 3814 jacere,
2456 3753 2510 3800 et
2539 3742 2674 3815 quid
2704 3759 2773 3798 ex
2804 3741 2936 3814 ipsis
2985 3741 3081 3797 ﬁat
3122 3743 3391 3814 intellige.
3440 3744 3718 3817 Numquid

2121 3833 2327 3905 poteris
2359 3833 2588 3890 fetorem
2621 3833 2862 3905 ipsarum
2894 3833 3036 3888 ferre
3063 3848 3175 3888 non
3197 3833 3415 3906 fugiens
3437 3834 3466 3890 ἵ
3494 3834 3720 3901 Quanta

2122 3921 2329 3987 Sordes,
2355 3931 2571 3995 quantae
2605 3922 2950 3994 impuritates
2979 3921 3269 3978 animabus
3297 3930 3462 3995 atque
3484 3923 3715 3995 corpori-

2118 4012 2221 4068 bus
2251 4013 2568 4069 inferuntur
2598 4012 2880 4081 humanis,
2905 4029 3038 4085 quas
3057 4029 3182 4068 cum
3212 4011 3328 4084 ipse
3347 4014 3583 4069 tolerare
3610 4030 3714 4069 non

2119 4103 2312 4176 possis,
2346 4103 2710 4159 includuntur
2737 4102 2885 4158 intra
2921 4103 3234 4175 illos,atque
3256 4102 3324 4158 ab
3347 4102 3718 4158 illisinferun-

2119 4203 2226 4261 tur,
2254 4210 2285 4248 a
2309 4193 2509 4265 quibus
2537 4193 2647 4249 cibi
2678 4193 2816 4249 tales
2842 4192 3248 4250 desiderantur.
3277 4195 3483 4251 Anima
3512 4193 3720 4250 iracun-

2116 4285 2263 4341 diam
2286 4284 2447 4356 parit,
2479 4284 2584 4340 ista
2611 4293 2906 4341 concreant
2934 4283 3211 4340 vomitum
3245 4300 3258 4338 :
3293 4292 3441 4340 terra
3461 4301 3590 4340 vero
3611 4285 3718 4340 fru-

2115 4383 2236 4431 ctus
2265 4381 2318 4428 et
2339 4373 2520 4442 ﬂores,
2552 4374 2647 4448 qui
2677 4374 2826 4430 foras
2852 4374 3069 4430 emissis
3103 4373 3267 4430 bonis
3297 4373 3564 4430 odoribus
3593 4375 3722 4445 pla-

2115 4470 2257 4520 cent.
2289 4462 2446 4518 Tales
2475 4464 2662 4534 epulas
2693 4461 2852 4519 nobis
2901 4463 3175 4534 plantavit
3214 4464 3361 4519 Deus
3407 4479 3471 4519 ac
3501 4463 3722 4534 prasti—

2119 4553 2185 4608 tit
2210 4570 2220 4607 :
2248 4553 2517 4608 humanos
2545 4568 2738 4609 sensus
2757 4569 2855 4608 vos
2874 4553 3097 4625 penitus
3117 4552 3458 4624 perdidistis.
3483 4552 3723 4624 Corpora

2118 4652 2297 4699 vestra
2334 4642 2476 4698 feras
2506 4645 2646 4699 male
2677 4645 2828 4699 olent
2859 4661 2871 4699 :
2902 4644 3248 4716 receptacula
3277 4643 3426 4700 enim
3457 4644 3590 4700 estis
3619 4660 3722 4717 pe-

2113 4731 2315 4789 cudum
2357 4740 2698 4788 mortuarum
2731 4749 2742 4787 :
2777 4731 3030 4788 leonibus
3061 4733 3316 4806 lupisque
3349 4732 3559 4804 pejores
3607 4748 3719 4788 esse

2112 4821 2372 4894 coepistis.
2406 4823 2545 4895 Lupi
2575 4823 2745 4891 enim,
2777 4823 2823 4878 si
2852 4823 2935 4878 uti
2966 4823 3200 4880 terrenis
3224 4823 3441 4895 pabulis
3467 4831 3712 4895 possent,

2110 4931 2392 4988 nunquam
2415 4916 2661 4988 profecto
2684 4915 2943 4974 carnibus
2962 4923 3337 4972 vescerentur.
3363 4915 3552 4984 Tauri,
3569 4915 3715 4990 equi,

2109 5005 2257 5062 cervi
2274 5004 2440 5076 justis
2469 5004 2764 5062 herbarum
2794 5004 3045 5078 pastibus
3065 5004 3288 5072 vivunt,
3313 5003 3462 5060 unde
3491 5012 3544 5060 et
3572 5004 3718 5059 vali-

2107 5093 2357 5150 dioribus
2391 5093 2672 5162 membris,
2706 5102 2760 5150 et
2789 5094 2977 5151 nervis
3005 5091 3336 5150 fortioribus
3367 5093 3714 5150 roborantur.

2108 5189 2218 5248 Cur
2246 5190 2362 5248 haec
2390 5192 2650 5247 animalia
2673 5191 2842 5263 magis
2863 5207 2974 5246 non
3005 5190 3176 5247 vultis
3194 5190 3407 5247 imitari
3429 5192 3457 5248 ?
3479 5191 3592 5249 Cur
3610 5207 3713 5248 non

2106 5281 2268 5337 editis
2297 5281 2590 5350 silvestria,
2625 5290 2679 5337 et
2705 5297 2901 5354 aquam
2942 5280 3137 5338 bibitis
3170 5281 3199 5336 7
3232 5281 3341 5338 Sed
3373 5299 3541 5338 causa
3580 5282 3714 5354 ignis

2105 5371 2426 5444 hujusmodi
2457 5373 2644 5445 epulas
2690 5372 2847 5428 vobis
2892 5372 3213 5445 praeparatis
3259 5389 3401 5446 quas
3447 5391 3574 5431 cum
3611 5389 3712 5428 non

2105 5480 2220 5518 esse
2249 5462 2474 5518 cernitis
2502 5462 2702 5519 bestias
2730 5463 3005 5531 fortiores,
3040 5463 3167 5518 ideo
3215 5465 3424 5519 vestris
3454 5481 3565 5519 non
3617 5480 3713 5518 ur—

2105 5560 2304 5623 gentur
2332 5551 2552 5608 insidiis
2580 5572 2592 5620 ;
2625 5569 2722 5608 vos
2754 5549 2900 5609 enim
2931 5552 3180 5626 quaeritis
3207 5553 3363 5609 cives
3394 5553 3600 5625 plures,
3627 5568 3712 5607 e1-

2103 5656 2299 5712 pensas
2319 5642 2584 5714 plurimas
2609 5642 2810 5711 facitis,
2832 5647 2886 5698 et
2909 5641 2966 5696 in
2995 5639 3180 5713 parvis
3209 5641 3381 5697 rebus
3411 5642 3708 5715 plurimum

2107 5728 2365 5787 laboratis
2395 5738 2614 5804 propter
2645 5730 2895 5804 exiguam
2919 5730 3263 5803 voluptatem
3290 5747 3304 5786 :
3339 5729 3439 5788 ubi
3471 5729 3614 5786 nihil
3636 5737 3708 5786 est
