3880 6204
122 403 264 461 1181

1246 401 1342 460 DE
1381 401 1687 461 MORIBUS
1723 401 2332 461 BBACHMANORUM.

3327 411 3466 468 1182

125 530 240 586 nisi
273 544 476 586 eorum
519 534 705 600 aperta
736 527 991 601 perditio,
1040 528 1096 584 in
1128 527 1330 601 quibus
1369 528 1539 585 fuerit
1586 527 1744 584 labor
1772 531 1822 590 Α
1855 528 2222 586 ambulantes.
2257 529 2302 586 Ο
2332 529 2662 587 stultissimi
2696 530 2968 602 homines,
3002 533 3244 608 impletis
3270 536 3465 611 ingln-

127 637 333 677 vanus.
361 621 510 692 Ergo
533 618 674 674 nihil
698 628 780 675 est
808 627 990 675 vestra
1013 618 1293 676 infelicius
1323 619 1456 675 vita.
1475 621 1582 677 Nos
1610 637 1747 676 nun-

126 727 300 786 quam
330 708 582 765 bibimus
612 707 798 777 inviti,
823 709 919 764 sed
942 709 1314 766 necessarium
1341 706 1435 764 siti
1467 726 1535 766 ex
1566 709 1749 766 fonti-

129 801 235 855 bus
259 806 481 855 naturaa
503 797 798 870 implemus
818 795 1060 853 ofﬁcium
1087 816 1100 864 ;
1128 799 1221 870 qui
1243 798 1407 854 etiam
1429 814 1540 854 non
1560 797 1749 855 biben-

132 889 289 946 tibus
321 886 489 944 nobis
517 885 767 942 defluunt
799 902 1050 958 semper:
1085 903 1182 944 vos
1207 903 1339 943 vero
1369 897 1590 959 propter
1621 905 1748 944 ven-

132 979 236 1035 tris
263 979 637 1050 voluptatem,
669 984 723 1032 et
753 993 864 1032 non
889 976 1194 1032 esurientes
1219 976 1464 1050 qumritis
1486 976 1644 1049 juges
1675 969 1748 1035 ci-

132 1069 258 1139 bos,
293 1077 347 1125 et
367 1066 700 1142 quibusdam
729 1067 942 1124 artibus
966 1065 1126 1123 vobis
1155 1068 1356 1124 multas
1381 1075 1546 1140 atque
1568 1067 1749 1124 diver~

129 1175 220 1215 sas
265 1158 467 1231 epulas
497 1157 848 1231 praeparatis:
884 1156 1178 1212 excurritis
1208 1170 1371 1214 omne
1400 1157 1610 1212 retibus
1639 1173 1751 1213 ma-

139 1267 219 1318 re,
255 1249 315 1304 in
350 1264 477 1304 aere
506 1248 886 1317 volitantium,
920 1249 976 1304 in
1004 1248 1288 1306 montibus
1315 1247 1614 1305 bestiarum
1644 1264 1754 1304 ve-

137 1339 372 1396 natione
403 1336 677 1411 gaudetis,
711 1354 1022 1412 canumque
1051 1345 1364 1395 vestrorum
1394 1339 1746 1396 velocitatem

136 1432 433 1498 mirantes,
468 1431 706 1488 ferarum
753 1431 1156 1504 reprehenditis
1204 1432 1541 1502 tarditatem,
1591 1441 1754 1507 atque

142 1521 512 1577 habilatrices
549 1537 638 1577 eas
693 1522 961 1577 malarum
1016 1521 1380 1578 solitudinum
1431 1521 1751 1579 nominatis.

139 1612 271 1670 Istis
296 1611 476 1685 igitur
503 1611 666 1668 rebus
694 1611 951 1669 insistitis
977 1610 1095 1668 haec
1120 1611 1433 1667 animantia
1463 1609 1755 1682 investiga-

138 1720 217 1772 re,
251 1703 377 1760 haec
407 1703 736 1776 investigata
765 1702 1046 1759 festinatis
1076 1701 1348 1771 occidere,
1385 1709 1479 1758 aut
1509 1698 1757 1756 viventia

138 1793 326 1849 caveis
353 1793 544 1850 clausa
570 1791 797 1848 defertis
825 1792 892 1848 ad
923 1792 1232 1864 spectacula
1265 1791 1557 1848 civitatum
1592 1809 1604 1846 :
1643 1806 1755 1847 non

1857 617 1946 673 vie
2002 619 2212 675 viscera
2270 627 2452 676 vestra
2517 629 2679 694 atque
2739 621 3083 693 distenditis,
3144 635 3206 682 ut
3279 635 3464 700 postea

1859 709 2057 766 iterum
2110 719 2224 768 arte
2274 713 2614 771 medicorum
2671 732 2904 787 corpora
2952 727 3134 774 vestra
3181 721 3461 791 vacuetis;

1858 800 2262 872 turpitudinem
2296 818 2393 872 per
2431 801 2552 858 haec
2581 801 2740 858 vobis
2775 805 3183 878 maximamque
3231 809 3464 881 aegritu-

1863 887 2054 944 dinem
2099 898 2425 963 quaerentes,
2478 891 2721 964 adeoque
2760 893 2892 949 estis
2931 893 3134 963 insani,
3183 903 3246 951 ut
3290 896 3460 970 ipsam

1859 977 2094 1048 cupiatis
2172 986 2414 1036 evertere
2477 980 2574 1036 tali
2647 981 2929 1038 curatione
2990 991 3266 1052 naturam,
3324 1002 3445 1058 qua

1859 1067 2069 1122 nullam
2102 1068 2321 1140 penitus
2352 1069 2552 1126 sentiat
2577 1072 2952 1143 voluptatem:
2988 1072 3152 1129 ﬁnem
3197 1073 3462 1133 habentes

1860 1157 2179 1214 voracitatis
2237 1159 2546 1217 immodicae
2605 1162 2965 1234 supplicium,
3026 1181 3136 1220 non
3190 1166 3462 1236 salutem;

1861 1245 2194 1304 insatiabilia
2230 1247 2378 1304 enim
2412 1251 2655 1307 membra
2684 1252 2804 1309 ﬁeri
2845 1271 2913 1309 ex
2943 1253 3151 1312 morbis
3191 1256 3460 1315 continuo

1861 1337 2060 1404 solent,
2125 1345 2400 1395 tormenta
2450 1340 2808 1411 comitantur,
2865 1344 2944 1399 ita
3003 1351 3064 1400 ut
3119 1351 3456 1417 postremum

1865 1425 2016 1498 quod
2047 1426 2289 1484 honestae
2316 1445 2379 1486 ac
2405 1429 2586 1501 probae
2617 1429 2746 1487 vita:
2775 1448 2846 1488 ex
2875 1433 3044 1489 tantis
3073 1432 3289 1491 deliciis
3320 1452 3452 1494 con-

1865 1517 2073 1572 feratur
2101 1517 2244 1574 nihil
2278 1517 2545 1576 habeatis.
2590 1520 2694 1578 Sed
2731 1521 2942 1594 jactare
2983 1540 3081 1580 vos
3120 1524 3286 1582 audio
3334 1526 3465 1600 quia

1864 1606 2104 1678 plurima
2157 1607 2495 1680 possidetis;
2552 1610 2648 1684 qui
2694 1619 2878 1668 tamen
2923 1628 3050 1670 cum
3105 1613 3232 1670 aliis
3287 1617 3466 1673 multa

1864 1695 2101 1767 donetis,
2150 1700 2348 1756 vestris
2394 1700 2693 1757 admodum
2740 1719 2914 1775 pauca
2959 1706 3251 1777 prestatis.
3307 1707 3464 1766 Unde

1864 1803 1965 1843 vos
2020 1788 2192 1861 magis
2248 1805 2510 1862 pauperes
2561 1790 2895 1862 judicamus,
2965 1794 3094 1866 quia
3143 1811 3212 1852 ne
3269 1813 3464 1868 panem

141 1890 202 1939 ut
223 1883 418 1955 fruges
449 1882 662 1951 seratis,
694 1897 763 1937 ex
789 1881 990 1956 quibus
1023 1881 1247 1950 famem,
1277 1897 1452 1954 neque
1471 1889 1529 1936 ut
1555 1879 1756 1936 exinde
1790 1894 1836 1954 Β
1868 1876 2090 1949 quidem
2120 1877 2299 1950 ipsum
2343 1879 2662 1950 parentibus
2699 1881 2864 1949 datis,
2915 1881 3234 1939 innumeras
3279 1893 3462 1942 autem

143 1972 520 2030 necessarium
546 1971 771 2044 aliquod
801 1971 1048 2029 ofﬁcium
1098 1971 1419 2028 hominibus
1449 1971 1754 2045 praebeatis,

144 2062 237 2118 sed
271 2071 335 2118 ut
366 2061 686 2136 proximum
715 2079 778 2118 ac
801 2061 1085 2134 sanguinis
1113 2062 1306 2130 vestri,
1342 2069 1396 2118 et
1424 2078 1562 2134 opus
1584 2059 1756 2134 (quod

144 2163 226 2210 est
258 2152 471 2225 majus)
496 2152 616 2220 Dei,
651 2167 775 2207 cum
799 2167 1017 2207 summo
1037 2151 1302 2208 dedecore
1331 2151 1642 2220 trucidetis,
1668 2151 1756 2206 vel

145 2251 207 2298 ut
239 2242 522 2297 violenter
543 2239 785 2296 vinculis
806 2239 1077 2312 illigatum
1115 2239 1356 2295 ferarum
1387 2239 1660 2296 morsibus
1680 2239 1757 2294 in-

148 2331 358 2403 geratis
415 2331 486 2386 Et
513 2329 618 2387 hoc
649 2329 830 2403 ipsum
863 2329 1100 2385 libenter
1127 2328 1397 2401 aspicitis,
1428 2328 1576 2402 quod
1628 2344 1754 2384 cum

148 2420 482 2479 hominibus
510 2420 638 2477 ferte
661 2427 926 2493 pugnent,
958 2427 1012 2476 et
1039 2419 1188 2492 quod
1222 2418 1331 2474 illa:
1361 2424 1570 2491 partem
1601 2426 1758 2473 natu-

152 2529 224 2569 ra
253 2518 455 2568 vestra:
485 2525 549 2566 ac
591 2507 982 2566 similitudinis
1034 2507 1302 2566 devorent
1336 2526 1348 2564 :
1400 2514 1586 2580 postea
1628 2522 1759 2562 vero

151 2600 275 2656 illas
308 2614 536 2673 prorsus
563 2598 708 2654 feras
740 2597 1018 2667 occiditis,
1054 2605 1115 2654 ut
1144 2597 1394 2655 crudeles
1430 2596 1668 2666 easdem,
1695 2613 1760 2654 eo

155 2689 303 2764 quod
334 2688 643 2747 occiderint
669 2688 972 2758 hominem,
990 2705 1106 2746 esse
1131 2689 1363 2747 dicatis:
1400 2698 1473 2758 et,
1501 2687 1650 2762 quod
1669 2687 1759 2744 ad-

160 2778 272 2836 huc
300 2779 591 2836 scelestius
619 2777 840 2834 videtur
883 2795 946 2834 ac
988 2777 1163 2851 pejus,
1202 2777 1445 2834 humano
1495 2777 1761 2851 sanguine

164 2869 428 2936 saturati,
482 2866 712 2923 necdum
759 2874 841 2924 tot
873 2868 1149 2941 tantisque
1198 2869 1356 2925 malis
1397 2869 1626 2942 expleti,
1657 2885 1763 2924 ve-

165 2967 410 3015 strorum
441 2955 643 3028 cupitis
670 2956 881 3014 civium
934 2966 1154 3014 ventres
1203 2960 1431 3032 replere.
1479 2960 1565 3016 Ad
1622 2959 1758 3028 haec,

168 3057 279 3105 tam
333 3045 703 3114 dedecorosis,
762 3053 985 3119 tamque
1034 3049 1219 3121 pravis
1248 3048 1496 3106 moribus
1546 3049 1758 3118 vivitis,

163 3145 226 3194 ut
255 3145 310 3194 et
330 3134 503 3193 vobis
551 3134 756 3192 calidas
802 3137 1251 3208 superaedificetis
1308 3138 1521 3208 domos,
1563 3138 1763 3212 quibus

162 3229 230 3287 ad
258 3238 503 3287 vestram
560 3230 887 3302 explendam
921 3231 1275 3289 voracitatem
1307 3240 1548 3289 comesta
1589 3231 1762 3305 digeri
1796 3247 1844 3309 ρ

157 3321 330 3378 citius
355 3321 781 3392 compellantur.
827 3322 1057 3394 Insuper
1094 3330 1148 3378 et
1191 3330 1253 3377 ut
1286 3321 1492 3395 proprii
1519 3323 1762 3394 corporis

163 3410 434 3468 intestina
462 3409 637 3466 nimia
664 3409 916 3466 ciborum
969 3410 1278 3482 repletione
1332 3411 1714 3468 distendentur
1746 3428 1758 3467 :

162 3499 436 3556 lautiores
505 3498 709 3571 eligitis
763 3498 976 3570 epulas,
1027 3498 1173 3555 unde
1246 3498 1450 3572 peritos
1520 3516 1765 3576 quosque

163 3587 477 3660 procuratis
519 3587 758 3643 artifices
812 3587 1140 3644 condiendis
1211 3597 1374 3662 atque
1442 3589 1766 3646 ordinandis

163 3679 362 3750 epulis.
397 3679 509 3734 Nos
545 3687 727 3734 autem
777 3693 1065 3750 precamur
1110 3681 1307 3748 Deum,
1348 3696 1416 3736 ne
1467 3680 1766 3754 aliquando

167 3767 472 3826 sitianius:
525 3785 651 3825 nam
695 3769 800 3826 hoc
851 3771 1126 3828 interdum
1176 3773 1341 3829 modo
1369 3789 1401 3829 a
1446 3775 1632 3847 regula
1661 3791 1767 3831 ve-

164 3856 346 3914 ritatis
375 3856 768 3928 abstrabimur,
803 3859 908 3917 hoc
940 3868 1042 3930 est,
1078 3870 1208 3918 tunc
1237 3879 1362 3919 cum
1397 3863 1766 3920 necessarium

165 3953 358 4015 potum
387 3954 578 4004 nostro
625 3949 842 4021 corpori
873 3948 1087 4019 damus,
1118 3949 1190 4006 ob
1219 3950 1366 4024 quod
1406 3959 1595 4024 postea
1639 3968 1766 4009 ocu-

166 4033 246 4091 los
299 4045 354 4092 et
410 4052 606 4092 manus
653 4045 884 4100 nostras.
929 4040 1105 4096 veluti
1155 4040 1486 4098 sacriﬁcium
1517 4041 1765 4116 aliquod,

162 4122 228 4179 ad
255 4124 443 4180 radios
490 4126 624 4180 solis
660 4134 881 4196 agentes
925 4129 1268 4185 extollimus.
1332 4133 1407 4186 At
1453 4149 1550 4188 vos
1601 4133 1766 4188 etiam

164 4213 274 4269 laeti
336 4211 469 4268 estis
523 4213 738 4284 quoties
775 4230 940 4284 supra
999 4216 1225 4272 modum
1263 4218 1531 4276 convivia
1588 4229 1768 4278 vestra

165 4300 480 4370 celebratis,
513 4317 614 4358 nec
636 4308 763 4356 ante
783 4303 981 4359 vestris
1012 4294 1570 4364 commessationibus
1600 4309 1766 4366 ﬁnem

170 4387 482 4463 imponitis,
523 4406 686 4464 quam
720 4390 895 4447 nimia
941 4392 1206 4450 ebrietate
1252 4395 1433 4452 furere
1465 4397 1764 4470 incipiatis,

169 4483 220 4532 et
247 4477 426 4536 donec
454 4479 633 4552 ipsum
683 4479 830 4554 quod
877 4497 1066 4554 sapere
1113 4481 1475 4554 videbamini,
1523 4485 1766 4544 bibendo

170 4567 408 4638 perdatis
438 4587 450 4625 :
490 4577 544 4626 et
572 4570 749 4626 nimio
776 4569 894 4625 vini
926 4571 1166 4644 pondere
1195 4589 1386 4630 sensus
1430 4574 1601 4632 vestri
1631 4592 1764 4633 cor-

169 4653 254 4712 dis
313 4658 573 4716 oneratis.
625 4659 923 4716 Feliciores
973 4660 1220 4734 profecto
1293 4663 1439 4736 apud
1496 4682 1594 4722 vos
1651 4683 1766 4728 esse

171 4746 496 4805 crediderim
550 4765 644 4806 eos
695 4751 790 4824 qui
845 4752 1088 4808 insanire
1137 4753 1422 4812 dicuntur.
1477 4758 1568 4815 Illi
1614 4760 1764 4818 enim

172 4849 381 4909 semper
407 4837 546 4894 ebrii
575 4848 726 4908 sunt,
754 4856 879 4896 cum
910 4849 1094 4898 tamen
1126 4842 1320 4912 vinum
1351 4861 1463 4902 non
1487 4849 1761 4906 emerint:

172 4942 270 4985 vos
296 4939 476 4988 autem
507 4948 608 5004 pro
655 4933 832 5006 pretio
878 4932 996 4989 vini
1049 4934 1280 4990 nimiam
1331 4938 1764 4998 sollicitudinem

174 5021 391 5090 geritis:
424 5040 534 5098 quo
565 5030 751 5096 empto
784 5025 1144 5097 vosmetipsos
1191 5025 1456 5083 ebrietate
1488 5029 1763 5102 polluitis,

174 5123 375 5182 vosque
403 5111 644 5169 invicem
675 5112 996 5183 verberatis,
1031 5130 1096 5170 ac
1124 5113 1345 5172 tandem
1385 5116 1452 5172 ad
1481 5118 1764 5176 sobrieta-

175 5200 282 5252 tem
323 5200 548 5269 reversi,
582 5202 681 5258 vix
710 5203 941 5276 potestis
979 5219 1274 5275 agnoscere
1300 5207 1765 5278 quemadmodum

177 5287 486 5352 ebrietatem
516 5302 757 5352 vestram
786 5295 1067 5353 custodire
1098 5298 1352 5355 valeatis.
1388 5299 1572 5356 Audio
1599 5300 1766 5358 etiam

178 5381 318 5450 quod
346 5383 585 5456 plurima
626 5386 978 5444 comedentes
1009 5403 1072 5444 ea
1094 5386 1342 5460 digerere
1373 5406 1484 5446 non
1513 5394 1762 5464 potestis:

178 5475 374 5528 etcum
406 5475 626 5532 tandem
650 5494 678 5533 a
703 5477 951 5534 convivii
967 5479 1268 5537 voracitate
1293 5479 1388 5535 vix
1411 5483 1762 5552 recesseritis,

181 5559 360 5616 omnia
387 5579 505 5636 quae
538 5583 637 5622 vos
660 5567 876 5640 explere
905 5570 1086 5626 solent
1136 5569 1396 5626 evomitis
1429 5588 1441 5628 :
1483 5572 1767 5646 ipsamque

180 5655 446 5708 mutantes
485 5670 740 5724 perverso
791 5673 944 5714 more
975 5666 1249 5729 naturam,
1282 5676 1352 5716 ex
1381 5659 1571 5718 eadem
1616 5669 1768 5734 parte

182 5746 282 5805 qua
319 5755 465 5799 escas
522 5742 737 5818 capitis,
795 5747 1065 5820 egeratis:
1123 5749 1321 5824 capite,
1371 5765 1484 5809 non
1533 5749 1768 5825 pedibus

1869 1965 2070 2022 habere
2115 1983 2243 2039 opes
2290 1966 2633 2024 desideratis.
2685 1968 2841 2024 Servi
2893 1971 3103 2027 ventris
3160 1988 3258 2028 vos
3312 1973 3464 2044 estis,

1870 2066 2154 2130 propterea
2179 2059 2419 2116 maxima
2455 2059 2599 2132 apud
2639 2077 2736 2116 vos
2768 2061 2932 2118 turba
2968 2061 3313 2120 medicorum
3361 2073 3464 2133 est,

1869 2148 1964 2220 qui
1993 2147 2213 2204 assidua
2251 2165 2348 2205 vos
2387 2148 2710 2222 purgatione
2749 2157 3051 2206 evacuant:
3100 2150 3313 2208 faciunt
3358 2168 3468 2208 au-

1869 2246 1979 2292 tem
2011 2238 2068 2294 id
2098 2247 2193 2294 aut
2214 2238 2430 2310 jejunio
2468 2241 2555 2296 vel
2584 2240 2792 2308 inedia,
2839 2248 2935 2297 aut
2972 2248 3088 2297 arte
3133 2241 3468 2300 medicami-

1869 2342 2004 2382 num
2029 2345 2042 2382 :
2085 2335 2146 2382 ut
2173 2327 2268 2400 qui
2300 2327 2535 2399 plurima
2567 2327 2699 2383 vina
2725 2328 2985 2386 solebatis
3016 2329 3258 2400 haurire,
3281 2331 3469 2389 subito

1871 2433 1939 2473 ne
1993 2435 2148 2491 aqua
2201 2417 2424 2492 quidem
2476 2418 2754 2476 modicam
2809 2421 3179 2493 quantitatem
3244 2423 3469 2496 possitis

1870 2509 2136 2581 accipere,
2159 2508 2373 2582 quoties
2395 2508 2789 2582 agritudinum
2814 2511 3138 2567 necessitate
3159 2512 3466 2572 vexamini.

1871 2599 1944 2654 Et
1971 2597 2114 2654 sicut
2143 2605 2276 2654 tunc
2305 2597 2449 2653 ultra
2485 2605 2738 2654 naturam
2787 2599 3026 2654 multum
3074 2601 3211 2655 meri
3227 2601 3466 2672 “bibitis,

1873 2687 1950 2743 ita
1979 2703 2126 2743 nunc
2154 2702 2345 2758 parum
2389 2702 2606 2760 quoque
2639 2703 2813 2760 aquae,
2863 2686 3011 2760 quod
3053 2688 3304 2760 exposcit
3351 2690 3470 2762 ipsa

1871 2784 2088 2845 natura,
2137 2775 2481 2832 desideratis.
2535 2777 2645 2834 Nos
2677 2793 2806 2834 vero
2844 2777 3039 2834 vinum
3087 2777 3312 2850 quidem
3353 2795 3466 2836 om-

1873 2865 2007 2921 nino
2037 2881 2148 2921 non
2178 2865 2499 2938 querimus,
2543 2881 2740 2938 aquam
2783 2873 2965 2922 autem
3005 2865 3271 2922 habemus
3302 2883 3466 2940 quam

1873 2956 2044 3010 solam
2101 2955 2380 3024 volumus,
2442 2961 2495 3009 et
2547 2970 2654 3026 qua
2701 2953 2942 3010 maxime
2989 2954 3349 3023 delectamur,
3413 2963 3469 3012 et

1873 3043 2148 3116 sapienter
2208 3059 2465 3101 curamus
2510 3042 2682 3100 sitim.
2736 3043 2856 3100 Non
2901 3043 3084 3100 furere
3131 3050 3184 3100 et
3225 3043 3468 3100 insanire

1875 3148 2250 3204 properamus,
2284 3132 2565 3205 magisque
2599 3131 2758 3188 nobis
2787 3139 3042 3200 mortem,
3083 3149 3246 3206 quam
3278 3132 3468 3188 ebrie-

1875 3230 2041 3278 tatem
2094 3237 2400 3294 precamur,
2459 3237 2554 3294 per
2605 3238 2768 3294 quam
2821 3237 3040 3278 necesse
3095 3229 3177 3277 est
3215 3221 3469 3278 homines

1874 3311 2004 3366 totis
2033 3318 2087 3365 et
2111 3309 2433 3382 corporibus
2461 3318 2514 3366 et
2535 3309 2788 3366 sensibus
2817 3309 3064 3364 interire.
3088 3308 3294 3365 Ebrius
3314 3309 3462 3365 enim

1871 3399 2092 3456 videtur
2121 3399 2343 3472 quidem
2382 3399 2592 3468 vivere,
2623 3398 2716 3456 sed
2746 3407 3013 3472 quantum
3040 3397 3110 3454 ad
3139 3398 3467 3471 sapientiam

1873 3492 2129 3564 pertinet,
2152 3499 2404 3548 mortuus
2419 3490 2703 3563 judicatur
2723 3489 2983 3562 ;perdidit
3003 3490 3152 3546 enim
3173 3489 3468 3547 sublimem

1873 3581 2047 3653 ipsam
2079 3596 2243 3654 quam
2284 3579 2501 3636 homini
2549 3580 2700 3637 dedit
2746 3581 2892 3636 Deus
2942 3587 3200 3638 mentem.
3253 3581 3470 3654 Ecquid

1874 3669 1914 3724 ii
1947 3670 2041 3742 qui
2072 3684 2128 3725 se
2160 3684 2386 3742 magnos
2409 3676 2465 3726 et
2494 3668 2763 3740 gloriosos
2786 3676 3000 3741 putant,
3024 3685 3188 3742 quam
3217 3667 3352 3726 falsa
3373 3686 3468 3741 spe

1873 3766 1928 3815 et
1958 3757 2114 3815 vanis
2140 3758 2494 3831 decipiuntur
2526 3757 2825 3826 illecebris,
2857 3757 2952 3831 qui
2983 3758 3212 3815 alternis
3240 3772 3298 3814 se
3324 3757 3470 3814 invi-

1875 3865 1993 3906 cem
2027 3849 2283 3905 manibus
2313 3849 2541 3917 laedunt,
2576 3848 2835 3920 spoliant,
2861 3846 3138 3918 jugulant,
3181 3862 3307 3902 cum
3339 3853 3470 3902 tan-

1873 3935 1998 3992 dem
2041 3944 2095 3992 et
2134 3935 2240 4007 ipsi
2271 3943 2528 4004 mortem,
2579 3953 2698 4009 quae
2737 3934 3041 3991 necessario
3091 3933 3170 3990 eis
3218 3933 3466 4003 debetur,

1874 4023 2245 4097 exspectent?
2283 4024 2438 4091 'Quid
2477 4023 2712 4096 denique
2748 4023 2814 4078 de
2845 4021 2959 4078 illis
2986 4022 3144 4088 viris,
3200 4020 3357 4094 quasi
3399 4021 3467 4078 de

1876 4112 2087 4184 magnis
2115 4112 2444 4185 quibusdam
2472 4120 2526 4169 et
2561 4111 2797 4167 aliorum
2825 4111 3228 4184 provisoribus,
3251 4112 3467 4185 loquar,

1875 4202 1970 4276 qui
2002 4215 2152 4256 more
2192 4199 2436 4272 turpium
2479 4199 2808 4256 feminarum
2856 4200 3024 4258 variis
3060 4199 3465 4273 pigmentorum

1875 4291 2139 4348 odoribus
2165 4292 2286 4347 oleo
2317 4289 2562 4349 membra
2590 4290 2796 4364 perfusi
2827 4291 2962 4348 foris
2993 4291 3211 4364 prodire
3241 4306 3468 4348 consue-

1875 4389 2098 4449 verunt,
2150 4380 2291 4437 aeris
2322 4381 2494 4454 ipsius
2523 4381 2819 4454 puritatem
2851 4381 3214 4438 dissolutione
3246 4381 3470 4454 propria

1875 4470 2185 4543 polluentes
2207 4471 2236 4528 7
2274 4469 2419 4539 Quid
2447 4469 2514 4526 de
2542 4469 2741 4528 Stoicis
2771 4469 3116 4544 philosophis
3147 4470 3345 4526 vestris
3376 4470 3470 4527 lo-

1793 4595 1847 4656 D
1876 4579 2014 4636 quar
2055 4563 2150 4638 qui
2182 4579 2308 4620 cum
2341 4577 2531 4620 omnes
2568 4563 2689 4619 auri
2730 4580 2913 4621 amore
2944 4571 3251 4633 teneantur,
3307 4563 3468 4621 vobis

1875 4661 2059 4708 tamen
2087 4653 2451 4710 admiratione
2479 4653 2565 4709 vel
2597 4650 2759 4708 laude
2789 4652 2943 4725 digni
2973 4651 3275 4709 videntur?
3295 4650 3468 4709 Audi-

1874 4758 1998 4797 mus
2023 4742 2188 4797 etiam
2220 4742 2367 4816 quod
2404 4759 2436 4798 a
2480 4741 2740 4799 masculis
2769 4742 2968 4798 vestris
3009 4749 3217 4816 partem
3265 4757 3471 4816 quam-

1874 4837 2001 4894 dam
2043 4838 2290 4911 corporis
2327 4837 2647 4910 amputatis,
2689 4837 2750 4893 in
2792 4837 3230 4912 muliebremque
3271 4855 3467 4897 sexum

1875 4927 2004 4985 illos
2033 4937 2353 4985 convertere
2373 4927 2616 5001 gestiatis
2644 4945 2656 4985 :
2689 4935 2744 4984 et
2773 4927 2921 5001 quod
2949 4929 3022 4984 sit
3055 4928 3203 5000 apud
3225 4945 3323 4987 vos
3343 4930 3470 4988 talis

1875 5016 2063 5086 homo,
2115 5017 2210 5089 qui
2259 5033 2435 5090 neque
2477 5032 2734 5091 generare
2791 5026 2852 5072 ut
2896 5016 3006 5087 vir,
3053 5033 3229 5090 neque
3282 5035 3470 5091 parere

1875 5106 2046 5180 possit
2073 5115 2135 5163 ut
2166 5105 2384 5174 mulier,
2413 5113 2467 5162 et
2494 5108 2590 5180 qui
2620 5105 2678 5162 in
2709 5122 2871 5162 suum
2897 5113 3118 5163 tantum
3150 5106 3389 5166 dedecus
3417 5117 3471 5165 et

1874 5195 1933 5251 in
1963 5213 2116 5252 suam
2146 5202 2362 5252 tantum
2394 5194 2547 5251 vivat
2577 5193 2860 5267 injuriam.
2884 5195 3018 5264 Quis
3045 5197 3209 5253 talem
3240 5196 3470 5254 humani

1875 5283 2089 5358 generis
2121 5279 2722 5356 praevaricationem,et
2739 5289 2854 5339 tam
2884 5281 3249 5340 miserabilem
3279 5299 3468 5342 casum

1874 5375 2040 5433 etiam
2063 5374 2356 5448 cogitando
2392 5391 2506 5432 non
2535 5373 2768 5432 doleat?
2807 5374 3054 5444 Quorum
3090 5391 3191 5433 nos
3232 5375 3471 5432 misera-

1873 5463 2025 5519 tione
2053 5465 2207 5522 ducti
2236 5463 2394 5522 vobis
2424 5465 2679 5539 prodesse
2714 5473 2982 5538 quantum
3011 5482 3300 5538 possumus
3341 5465 3470 5522 aﬂ‘e-

1873 5563 2122 5612 ctamus:
2152 5556 2282 5630 quia
2309 5565 2364 5614 et
2401 5557 2720 5630 superbiam
2746 5572 3117 5624 exsecramur,
3148 5565 3203 5613 et
3229 5555 3469 5613 univer-

1875 5659 1982 5700 san'
2014 5644 2243 5702 humani
2275 5647 2490 5719 generis
2522 5656 2775 5705 naturam
2799 5645 3087 5716 diligimus
3106 5662 3169 5703 ac
3182 5646 3462 5702 fovemus:

1873 5740 1930 5791 et
1957 5735 2111 5810 quasi
2143 5735 2200 5792 in
2229 5737 2342 5793 alto
2364 5739 2672 5811 magniﬁca
2699 5735 2987 5809 cujusdam
3007 5735 3204 5794 domus
3218 5735 3466 5796 sedentes
