3880 6204
401 362 538 422 1183

1429 363 1523 417 AD
1567 359 1801 416 OPERA
1842 357 1897 414 S.
1926 354 2257 414 AMBROSII
2295 347 2673 409 APPENDIX.

3580 335 3713 392 1184

395 493 538 562 loco,
587 491 724 549 nudi
773 498 884 548 tam
923 498 1105 547 mente
1134 505 1299 563 quam
1327 503 1574 559 corpore,
1627 501 1985 559 quoscunque
2022 488 2072 546 Α
2101 484 2396 555 dignitates
2431 498 2443 536 :
2476 495 2600 535 nam
2644 476 2801 532 aliter
2846 491 2955 532 non
2986 470 3311 543 suscipieris
3339 485 3374 524 a
3429 468 3615 563 nobis.

394 592 726 658 spectatores
753 580 1012 638 novimus
1041 579 1318 644 veritatis,
1363 584 1416 631 et
1448 576 1729 632 docemus.
1787 576 1857 632 Et
1888 576 1992 631 hoc

395 682 477 731 est
505 675 563 730 in
594 690 703 746 quo
737 671 949 728 caeteris
978 668 1304 725 hominibus
1329 666 1560 721 ditiores
1598 682 1697 720 nos
1734 680 1850 720 esse
1881 681 1993 735 pu—

394 772 597 821 tamus.
636 758 958 817 Macedonia
984 758 1099 812 vim
1133 754 1392 811 omnibus
1422 754 1573 821 facit,
1615 770 1777 827 quam
1809 761 1991 810 tamen

397 854 550 926 prius
580 850 647 908 ab
682 850 810 904 aliis
849 849 965 920 ipsa
993 846 1277 903 sustinuit.
1301 845 1503 901 Omnes
1529 852 1706 899 auten
1752 843 1818 897 ad
1849 843 1992 897 dete-

398 943 545 998 riora
575 938 847 1005 conversi,
902 947 1089 1009 turpes
1123 936 1317 991 famuli
1343 934 1686 1008 judicantur.
1733 932 1838 987 Sed
1884 933 1995 987 ho-

396 1047 521 1086 rum
547 1028 797 1084 omnium
824 1028 1093 1083 malorum
1127 1043 1247 1099 qua:
1274 1024 1643 1091 nominamus,
1666 1023 1992 1079 Braclimani

398 1118 662 1175 videntur
703 1125 978 1190 expertes.
1029 1118 1075 1172 A
1132 1116 1288 1171 nullo
1331 1115 1477 1170 enim
1521 1113 1782 1169 debellari
1830 1122 1994 1185 atque

401 1208 706 1281 expugnari
725 1208 1088 1281 queunt,quia
1100 1206 1311 1261 nullius
1324 1205 1400 1260 rei
1418 1204 1690 1260 desiderio
1709 1204 1792 1258 vel
1811 1219 1994 1258 amore

404 1306 678 1373 tenenturk.
735 1298 816 1353 Tu
846 1314 978 1352 vero
1019 1297 1062 1351 si
1113 1313 1242 1351 vera
1288 1297 1373 1351 vis
1424 1312 1633 1368 sapere,
1683 1294 1751 1350 ad
1782 1292 1993 1350 Indiam

403 1390 554 1457 veni,
600 1387 792 1443 habita
842 1388 899 1444 in
949 1388 1344 1444 solitudinibus
1393 1387 1595 1454 nudus,
1643 1402 1833 1442 omnes
1862 1401 1996 1457 quas

405 1479 617 1552 diligis,
700 1489 753 1536 et
834 1478 1041 1552 quibus
1110 1479 1295 1534 ornari
1379 1478 1604 1547 videris,
1701 1475 1997 1549 projiciens

1598 1623 1930 1635 ———-—

2099 585 2232 631 tunc
2262 571 2471 628 amabis
2535 586 2618 637 ea,
2669 582 3006 640 quaecunque
3060 565 3231 637 paulo
3306 568 3439 617 ante
3500 560 3706 629 vidisti,

2102 681 2329 738 quaeque
2374 663 2601 718 miratus
2655 676 2748 715 es:
2813 673 2991 729 neque
3035 656 3183 710 ullus
3249 660 3451 709 contra
3486 659 3535 706 te
3564 652 3706 706 ulte—

2102 757 2217 812 rius
2245 753 2555 820 dimicabit,
2587 760 2682 806 aut
2712 749 3014 822 quidquam
3054 753 3283 800 tuorum
3346 743 3453 798 tibi
3503 741 3706 797 auferre

2103 846 2228 918 quis
2262 845 2498 916 poterit;
2533 857 2707 913 neque
2740 840 2915 894 aliena
2944 837 3265 901 collatione,
3339 849 3521 904 neque
3568 832 3708 887 alio—

2104 952 2224 992 rum
2259 934 2462 991 sudore
2495 930 2767 1004 pasceris;
2803 930 2911 984 eris
2941 927 3087 983 enim
3148 926 3205 980 in
3237 922 3507 979 omnibus
3536 921 3705 977 dives.

2104 1030 2173 1084 Et
2231 1026 2493 1100 quoniam
2544 1023 2855 1079 desiderare
2908 1029 2961 1076 te
3018 1019 3241 1087 scribis,
3303 1026 3366 1072 ut
3424 1016 3488 1071 in
3527 1016 3709 1088 aliquo

2104 1118 2207 1173 tibi
2256 1116 2502 1187 prosim:
2555 1130 2663 1168 non
2712 1110 3028 1167 invidemus
3072 1109 3189 1164 illis
3239 1109 3338 1182 qui
3385 1124 3517 1162 vere
3560 1108 3709 1179 pium

2105 1207 2395 1264 imitantur
2425 1206 2620 1260 Deum.
2676 1200 2995 1257 Universam
3039 1199 3191 1255 enim
3240 1197 3547 1253 humanam
3578 1195 3710 1251 ubi-

2105 1316 2209 1372 que
2230 1296 2788 1361 naturanrvolumus,
2822 1301 3087 1365 quantum
3120 1308 3218 1364 per
3240 1307 3343 1345 nos
3373 1288 3493 1345 ﬁeri
3516 1297 3709 1361 potest,

2105 1388 2391 1444 meliorem
2422 1386 2650 1442 evadere
2663 1429 2675 1441 .

2820 1473 3045 1545 (Aliqua
3075 1472 3244 1526 deesse
3273 1470 3571 1541 videntur.)

673 1764 1865 1854 PHILOSOPHORUM
1960 1758 2559 1859 ALIQUOT
2657 1754 3436 1858 EPISTOL/E,

1218 1924 1510 1995 QUORUM
1550 1922 1882 1979 HABETUR
1920 1919 2307 1977 INTERPBES
2346 1918 2400 1975 S.
2444 1914 2859 1984 AMBROSIUS,

443 2053 704 2119 Gilberli
738 2053 1014 2135 Cognati
1056 2052 1364 2116 Nozerem'
1404 2066 1601 2132 opera
1644 2050 1717 2109 in
1759 2048 2201 2190 studilnso-ruqil,
2242 2061 2461 2118 mum,
2499 2043 2652 2122 jam
2695 2042 2856 2105 olim
2900 2059 3055 2105 cum
3096 2041 3254 2106 aliis
3296 2039 3673 2103 multorum

1731 2130 1926 2190 ϐοὶ-ςιο
1957 2131 2034 2190 is.
2078 2144 2147 2189 co
2203 2134 2368 2188 001.2.

1731 2142 2034 2210 epistom,
2078 2142 2368 2189 cometae.

934 2413 1124 2471 Thales
1161 2408 1466 2482 Pherecydi.

414 2544 422 2553 ’
471 2522 654 2580 Audio
689 2531 740 2579 te
768 2521 1009 2595 primum
1042 2523 1261 2587 Ionum,
1292 2518 1360 2573 de
1386 2515 1596 2574 divinis
1628 2514 1809 2582 rebus,
1853 2512 1997 2585 apud

400 2613 621 2669 Graecos
671 2612 849 2684 palam
905 2609 1170 2665 disserere
1228 2623 1435 2679 parare.
1505 2605 1711 2660 Verum
1763 2602 1998 2674 jusliore

405 2706 634 2763 fortasse
680 2705 976 2773 sententia,
1026 2705 1171 2759 inter
1198 2703 1401 2759 amicos
1442 2716 1505 2755 ea
1538 2716 1656 2773 quae
1689 2698 1997 2770 scripseris,

402 2797 564 2867 leges,
611 2811 773 2869 quam
807 2794 1006 2866 passim
1040 2792 1459 2866 quibuscunque
1488 2788 1794 2860 permittes,
1842 2786 1999 2841 nullo

400 2884 513 2940 illis
548 2886 924 2939 emolumento
964 2883 1171 2937 futura.
1223 2880 1493 2951 Equidem
1548 2878 1592 2932 si
1634 2876 1736 2932 tibi
1784 2884 1995 2948 gratum

400 2989 729 3045 cognovero,
778 2972 906 3025 volo
938 2972 1195 3027 conscius
1233 2986 1422 3025 eorum
1466 2984 1588 3039 quae
1628 2966 1825 3023 scribis
1860 2983 1993 3021 esse.

400 3064 480 3118 Ac
508 3060 781 3133 siquidem
806 3057 994 3130 jubes,
1027 3059 1095 3115 ad
1125 3067 1177 3113 te
1208 3066 1420 3113 mature
1451 3056 1785 3129 proﬁciscar.
1816 3057 1998 3128 Neque

400 3152 550 3208 enim
590 3151 725 3207 adeo
756 3158 1001 3206 amentes
1037 3165 1100 3206 ac
1130 3148 1320 3205 stolidi
1352 3165 1564 3216 sumus,
1611 3163 1709 3217 ego
1748 3155 1801 3201 et
1830 3146 1995 3201 Solon

402 3241 778 3310 Atheniensis,
827 3250 890 3297 ut
946 3258 1073 3297 cum
1132 3238 1353 3309 navigio
1409 3239 1624 3296 Cretam
1676 3237 1997 3310 petierimus

402 3331 617 3389 visendi
649 3333 841 3406 gratia,
861 3332 1271 3404 Egyptumque
1290 3329 1479 3383 itidem
1506 3326 1996 3399 penetraverimus,

396 3429 459 3477 ut
492 3422 616 3478 istic
642 3420 1020 3478 sacerdotibus
1059 3428 1113 3475 et
1157 3418 1489 3475 astronomis
1519 3416 1997 3487 congrederemur,

394 3510 462 3565 ad
516 3518 569 3565 te
628 3526 739 3563 non
795 3508 914 3579 pari
957 3508 1143 3562 studio
1192 3506 1503 3577 navigaturi
1557 3505 1748 3560 simus.
1799 3505 2000 3561 Veniet

396 3595 544 3652 enim
574 3601 629 3649 et
658 3595 825 3647 Solon
857 3593 991 3663 ipse,
1044 3595 1090 3647 si
1121 3609 1353 3648 annuas.
1400 3593 1585 3664 Neque
1613 3601 1674 3647 tu
1704 3593 1813 3649 loci
1845 3593 1998 3648 illius

396 3701 583 3741 amore
610 3684 886 3751 detentus,
906 3697 1028 3736 raro
1061 3682 1121 3736 in
1154 3682 1364 3737 Ioniam
1396 3681 1617 3748 transis,
1641 3698 1817 3753 neque
1846 3699 1997 3754 pere-

2023 2405 2069 2465 B
2102 2403 2227 2459 dem
2258 2404 2458 2459 melius
2495 2409 2804 2471 servantur,
2839 2418 3001 2476 quam
3052 2410 3300 2475 possent,
3353 2403 3406 2459 si
3451 2404 3711 2460 multitu-

2107 2496 2258 2551 dinis
2288 2494 2523 2567 imperio
2554 2508 2640 2550 res
2678 2502 2947 2567 ageretur.
2993 2496 3264 2551 Permitto
3312 2496 3466 2551 enim
3509 2496 3708 2552 nemini

2107 2586 2368 2658 injuriam
2409 2585 2528 2640 ﬁeri
2565 2604 2576 2642 :
2619 2601 2681 2642 ac
2709 2594 2980 2657 tyrannus
3008 2603 3108 2658 ego
3156 2595 3361 2658 praeter
3386 2586 3707 2657 dignitatem

2108 2685 2160 2734 et
2191 2678 2457 2732 honorem
2488 2676 2628 2731 nihil
2659 2692 2691 2730 a
2716 2676 2876 2747 plebe
2902 2675 3118 2743 differo,
3149 2677 3287 2732 solis
3313 2677 3400 2731 eis
3426 2675 3709 2747 stipendiis

2107 2775 2421 2833 contentus,
2452 2781 2573 2838 quae
2596 2766 2664 2820 iis
2691 2782 2930 2838 quoque,
2963 2766 3057 2837 qui
3094 2773 3224 2820 ante
3262 2782 3351 2820 me
3393 2773 3705 2837 regnarunt,

2108 2856 2472 2913 debebantur.
2508 2856 2756 2927 Denique
2784 2856 3211 2911 Atheniensium
3239 2856 3448 2927 singuli
3475 2855 3711 2910 decimas

2111 2948 2327 3019 frugum
2387 2962 2609 3001 suarum
2667 2954 2939 3016 separant,
3008 2963 3119 3001 non
3182 2948 3239 3002 in
3309 2963 3447 3002 usus
3500 2953 3710 3001 nostros

2107 3036 2529 3103 consumendus,
2562 3051 2755 3089 verum
2788 3034 3079 3090 sacriﬁciis
3108 3034 3355 3106 publicis
3385 3035 3711 3091 commodis-

2108 3144 2213 3201 que
2242 3126 2669 3185 communibus:
2703 3134 2756 3181 et
2795 3125 2843 3181 si
2872 3126 3091 3198 quando
3132 3127 3342 3181 bellum
3388 3134 3583 3182 contra
3613 3142 3710 3183 nos

2110 3224 2401 3294 ingruerit,
2453 3223 2512 3277 in
2555 3230 2810 3292 sumptus
2844 3221 3207 3293 deputandas.
3268 3221 3397 3277 Tibi
3455 3220 3710 3293 equidem

2108 3314 2249 3369 nihil
2277 3329 2594 3380 succenseo,
2627 3311 2773 3385 quod
2812 3320 3050 3367 mentem
3081 3327 3256 3365 meam
3302 3311 3710 3384 consiliumque

2108 3404 2420 3461 detexeris:
2469 3403 2669 3475 quippe
2726 3402 2820 3473 qui
2860 3400 2911 3456 id
2948 3400 3132 3473 potius
3172 3400 3499 3471 reipublicae
3533 3400 3711 3456 studio

2106 3494 2373 3563 civitatis,
2430 3509 2595 3566 quam
2653 3491 2759 3547 mei
2790 3491 2919 3546 odio
2978 3489 3295 3545 detexeris:
3360 3507 3425 3546 ac
3453 3499 3710 3562 praeterea

2107 3584 2254 3657 quod
2286 3585 2563 3653 ignorares
2592 3581 2903 3653 cujusmodi
2936 3597 3035 3652 ego
3083 3596 3183 3635 rex
3239 3580 3470 3636 futurus
3517 3596 3705 3635 essem.

2107 3671 2168 3728 Id
2206 3672 2353 3727 enim
2386 3672 2431 3727 si
2461 3671 2776 3738 didicisses,
2811 3686 2970 3741 aequo
3000 3670 3190 3725 animo
3219 3679 3275 3726 et
3302 3677 3535 3726 conatus
3563 3684 3709 3724 meos

400 3772 681 3847 grinorum
711 3772 1003 3829 hominum
1034 3771 1308 3846 desiderio
1336 3771 1596 3843 tangeris.
1645 3771 1850 3827 Verum
1897 3774 1995 3828 uni
2031 3766 2073 3826 C
2108 3762 2251 3818 forte
2281 3762 2590 3828 ῐοιθτδεδθε,
2619 3770 2673 3835 εἰ
2703 3768 2757 3815 te
2780 3761 2922 3830 ΐιιςω
2943 3758 3375 3831 haudquaquam
3407 3759 3704 3815 εοωωίδίε·

399 3871 639 3934 tantum,
688 3873 750 3921 ut
775 3880 955 3937 spero,
1012 3861 1289 3921 scribendi
1319 3862 1540 3935 negotio
1570 3861 1863 3918 incumbis.
1924 3864 1996 3920 At

398 3973 518 4025 nos,
556 3955 650 4029 qui
680 3954 823 4011 nihil
855 3954 1170 4023 scribimus,
1217 3951 1504 4020 Graeciam,
1537 3951 1834 4026 Asiamque
1864 3970 1997 4026 per-

398 4063 673 4120 agramus.
708 4046 865 4103 Vale.

973 4145 1163 4202 Thales
1213 4143 1416 4201 Soloni.

470 4237 706 4295 Athenis
761 4238 807 4293 si
871 4241 1126 4309 excedas,
1181 4243 1380 4312 Mileti,
1437 4250 1500 4299 ut
1546 4242 1801 4317 equidem
1848 4260 1993 4312 reor,

397 4329 845 4390 commodissime
901 4331 1148 4389 habitare
1195 4335 1417 4405 poteris.
1478 4337 1578 4392 Est
1619 4337 1765 4392 enim
1816 4346 1998 4394 vestra

397 4420 637 4489 colonia,
685 4420 1019 4494 patiarisque
1051 4438 1212 4493 grave
1242 4423 1405 4478 nihil.
1457 4425 1616 4492 Quod
1657 4427 1704 4482 si
1755 4435 1809 4484 et
1853 4429 1997 4501 apud

396 4510 639 4569 Milesios
667 4512 967 4567 exsecraris
999 4511 1383 4585 tyrannidem,
1424 4530 1579 4587 aeque
1609 4516 1758 4571 enim
1791 4518 1996 4591 ubique

396 4609 663 4675 tyrannos
712 4601 943 4659 infestos
972 4600 1160 4670 habes,
1215 4609 1271 4657 at
1315 4619 1439 4658 cum
1470 4604 1665 4661 amicis
1704 4605 1993 4663 nobiscum

397 4693 585 4751 vivere
630 4694 735 4749 erit
760 4692 1249 4765 jucundissimum.
1302 4692 1535 4766 Scripsit
1566 4694 1636 4750 ad
1663 4702 1716 4751 te
1745 4696 1890 4766 Bias,
1935 4706 1997 4754 ut

397 4781 658 4839 Prienam
685 4783 1085 4856 proﬁciscaris:
1136 4799 1254 4839 eam
1295 4791 1356 4839 tu
1389 4782 1581 4839 urbem
1630 4784 1675 4840 si
1728 4785 1995 4844 libentius

398 4872 821 4945 inhabitaveris,
851 4884 905 4933 et
937 4875 1041 4949 ipsi
1073 4892 1138 4931 eo
1169 4874 1237 4931 ad
1270 4882 1321 4931 te
1348 4875 1757 4935 advolabimus.

906 4984 1228 5040 Pisistratus
1269 4984 1475 5041 Soloni.

465 5091 655 5189 iusque
682 5093 834 5189 solus
852 5090 1166 5149 Graecon
1190 5091 1551 5189 tyrannidem
1573 5092 1802 5165 arripui,
1817 5108 1994 5189 neque
2025 5130 2072 5189 Β

398 5180 540 5236 mihi
584 5196 699 5237 rem
746 5181 983 5238 alienam
1029 5182 1315 5254 usurpavi,
1363 5183 1565 5255 quippe
1602 5199 1773 5255 genus
1816 5200 1848 5240 a
1894 5184 1990 5240 Ce-

401 5286 567 5342 crope
596 5269 758 5326 duco.
789 5271 851 5327 Id
881 5271 1030 5326 enim
1061 5272 1199 5328 mihi
1230 5289 1383 5329 mero
1405 5271 1530 5343 jure
1557 5274 1805 5342 vindico,
1842 5274 1992 5346 quod

398 5361 765 5418 Athenienses
810 5362 944 5418 olim
992 5379 1121 5418 cum
1162 5364 1221 5419 in
1269 5362 1631 5436 jurejurando
1683 5365 1992 5423 ﬁrmassent

401 5454 608 5523 Codro,
693 5457 957 5528 illiusque
1016 5458 1162 5527 genti
1218 5459 1566 5532 prmbituros,
1638 5461 1990 5533 postmodum

398 5542 763 5601 abstulerant.
786 5547 1054 5604 Caeterum
1085 5549 1143 5603 in
1174 5548 1327 5616 deos,
1356 5549 1444 5603 vel
1476 5548 1535 5603 in
1566 5548 1819 5604 homines
1848 5547 1990 5604 nihil

401 5633 539 5688 alias
566 5648 748 5702 pecco.
774 5636 968 5706 Leges,
990 5651 1124 5705 quas
1152 5638 1267 5709 ipse
1299 5636 1736 5692 Atheniensibus
1766 5637 1990 5703 dedisti,

399 5719 632 5787 servari,
689 5729 852 5795 atque
879 5726 1177 5783 secundum
1207 5742 1297 5783 eas
1326 5728 1513 5781 vivere
1538 5725 1706 5796 jubeo
1741 5735 1830 5782 :et
1857 5728 1993 5799 qui-

2105 3868 2208 3907 ses.
2240 3853 2476 3906 Domum
2511 3851 2682 3922 igitur
2708 3849 2853 3905 bona
2881 3849 2989 3904 ﬁde
3019 3848 3163 3917 redi,
3210 3848 3352 3904 mihi
3384 3857 3441 3903 et
3471 3848 3705 3920 injurato

2105 3942 2351 4009 credens,
2410 3940 2551 4006 nihil
2605 3956 2720 3997 esse
2772 3940 3005 4012 periculi
3055 3955 3087 3995 a
3146 3940 3440 3995 Pisistrato
3500 3938 3703 3995 Soloni.

2104 4030 2260 4089 Nosti
2293 4030 2443 4085 enim
2474 4030 2751 4085 neminem
2782 4028 2946 4086 etiam
2970 4046 3039 4083 ex
3068 4029 3429 4084 inimicorum
3452 4044 3700 4094 numero,

2105 4121 2234 4175 mali
2269 4119 2556 4193 quippiam
2588 4136 2618 4175 a
2639 4135 2727 4176 me
2761 4135 3099 4193 perpessum.
3132 4117 3389 4191 Denique
3417 4119 3463 4175 si
3495 4120 3705 4191 placue-

2106 4210 2181 4264 rit
2210 4216 2395 4264 nostra
2423 4209 2669 4265 amicitia
2698 4208 2830 4275 frui,
2891 4207 3036 4263 inter
3088 4208 3298 4280 primos
3346 4208 3460 4263 eris
3500 4225 3513 4262 :
3565 4206 3706 4262 nihil

2106 4299 2253 4354 enim
2289 4300 2346 4355 in
2386 4307 2439 4354 te
2470 4296 2701 4365 fraudis,
2746 4296 3062 4369 perﬁdiazve
3108 4297 3421 4369 conspicio.
3470 4297 3625 4363 Quod
3661 4297 3706 4353 si

2106 4388 2312 4461 alioqui
2346 4387 2594 4444 habitare
2640 4386 2876 4442 Athenis
2923 4385 3192 4454 nolueris,
3227 4402 3329 4458 pro
3353 4385 3586 4442 arbitrio
3613 4393 3710 4442 tuo

2109 4478 2165 4533 id
2194 4478 2361 4534 facies
2385 4496 2397 4533 :
2430 4484 2645 4533 tantum
2677 4494 2746 4533 ne
2774 4477 2950 4533 nostri
2979 4492 3167 4542 causa,
3198 4477 3378 4549 patria
3406 4477 3707 4536 excederis.

2108 4567 2262 4623 Vale.

2642 4646 2805 4702 Solon
2845 4647 3167 4703 Periandro.

2176 4734 2384 4791 Scribis
2431 4734 2535 4793 tibi
2565 4734 2834 4805 plurimos
2863 4734 3119 4791 insidiari
3152 4753 3167 4802 ;
3201 4740 3257 4790 at
3289 4741 3370 4803 tu,
3431 4734 3706 4809 siquidem

2106 4841 2297 4881 omnes
2343 4841 2374 4881 θ
2425 4824 2609 4881 medio
2661 4824 2876 4891 tuleris,
2942 4840 3010 4879 ne
3063 4824 3147 4880 sic
3172 4823 3400 4897 quidem
3430 4824 3708 4897 proﬁcies.

2108 4914 2463 4972 Insidiabitur
2482 4913 2629 4969 enim
2653 4912 2758 4969 tibi
2778 4912 3051 4984 quispiam
3084 4930 3152 4969 ex
3171 4912 3279 4980 his,
3307 4930 3450 4986 quos
3478 4914 3709 4971 minime

2106 5011 2383 5076 suspectos
2405 5001 2592 5069 habes,
2628 5002 2829 5073 partim
2858 5000 2965 5057 sibi
3006 5001 3232 5073 quidem
3264 5012 3544 5071 metuens,
3570 5019 3707 5074 par-

2104 5095 2207 5151 tim
2241 5104 2294 5152 te
2321 5092 2747 5166 reprehendens,
2790 5092 2939 5164 quod
2977 5094 3167 5149 omnia
3194 5093 3481 5163 formidas,
3519 5095 3702 5151 nihil-

2100 5201 2206 5259 que
2235 5200 2345 5241 non
2375 5191 2586 5240 metuas
2622 5202 2632 5239 :
2673 5184 2872 5255 partim
2935 5184 3069 5239 item
3121 5184 3340 5240 civitati
3400 5183 3705 5256 gratiﬁcari

2099 5277 2345 5349 cupiens.
2382 5278 2537 5331 Esset
2569 5291 2697 5347 ergo
2725 5276 3000 5347 optimum
3055 5275 3337 5332 abstinere
3381 5277 3701 5350 tyrannide,

2101 5374 2162 5423 ut
2189 5382 2379 5423 causas
2404 5365 2585 5421 omnis
2616 5372 2793 5421 metus
2810 5364 3096 5421 evaderes.
3127 5365 3289 5432 Quod
3333 5366 3379 5422 si
3414 5365 3700 5439 tyrannidi

2101 5458 2327 5513 omnino
2353 5456 2719 5512 insistendum
2747 5472 2957 5523 censes,
2986 5473 3273 5528 compares
3325 5458 3452 5526 tibi,
3489 5473 3700 5515 necesse

2102 5556 2201 5613 est,
2238 5555 2490 5602 externas
2527 5546 2672 5601 vires
2724 5556 2778 5602 et
2835 5545 3127 5617 peregrina
3176 5548 3415 5614 auxilia,
3477 5547 3699 5604 urbanis

2101 5636 2317 5692 viribus
2351 5634 2581 5705 majora,
2608 5644 2668 5691 ut
2708 5635 2823 5708 jam
2852 5637 2953 5693 tibi
2989 5637 3177 5694 nullus
3231 5638 3479 5696 infestus
3527 5641 3618 5707 sit,
3648 5644 3699 5693 et

2103 5734 2163 5785 tu
2190 5725 2470 5783 neminem
2499 5734 2775 5784 extorrem
2806 5742 2951 5799 agas.
2986 5728 3142 5785 Vale.
3187 5760 3192 5766 -
