3880 6204
153 280 303 340 1185

722 410 881 466 Solon
914 410 1237 481 Epimenidi.

225 501 429 571 Neque
470 500 614 573 leges
651 517 785 557 meze
833 502 1080 573 profecto
1110 503 1543 562 Atheniensibus
1573 504 1774 578 profu—

154 597 304 646 turae
337 590 584 645 multum
614 597 767 645 erant
793 607 804 645 :
838 608 1011 665 neque
1038 600 1097 647 tu
1126 596 1205 650 eis
1233 595 1532 668 antiquatis
1558 595 1772 652 civitati

150 679 315 737 fuisti
367 681 765 737 emolumento.
819 683 963 755 Deus
1006 683 1174 751 enim,
1232 701 1295 740 ac
1340 687 1540 742 latores
1589 687 1769 758 legum

149 787 267 825 non
294 773 406 827 soli
432 771 627 843 juvare
655 771 908 828 civitates
940 783 1187 845 possunt,
1211 776 1303 831 sed
1334 777 1427 848 qui
1463 778 1771 833 multitudi-

147 876 279 916 nem
312 869 512 931 agunt,
544 861 602 916 in
644 876 1030 933 Quamcunque
1062 865 1391 920 sententiam
1427 866 1643 923 volunt.
1675 868 1772 924 His

146 947 329 1016 enim,
361 949 409 1003 si
444 959 587 1005 recte
614 966 728 1004 rem
759 949 1170 1017 administrent,
1202 955 1350 1007 Deus
1380 970 1443 1009 ac
1479 946 1622 1025 leges
1648 955 1771 1009 uti-

146 1037 229 1093 les
278 1045 466 1092 sunt:
522 1038 608 1093 sin
654 1047 835 1095 autem
884 1041 1045 1107 male,
1096 1042 1237 1096 nihil
1286 1052 1533 1113 prosunt.
1586 1044 1770 1118 Neque

146 1143 283 1183 sane
354 1144 493 1183 mea:
536 1128 680 1201 leges
725 1146 787 1185 ac
828 1128 973 1200 jura,
1024 1146 1144 1203 quae
1198 1133 1414 1203 scripsi,
1465 1134 1768 1206 quidquam

145 1217 494 1290 profuerunt
527 1237 538 1274 :
587 1220 680 1276 sed
716 1220 809 1293 qui
848 1220 971 1276 illas
1020 1222 1341 1294 transgressi
1391 1230 1542 1290 sunt,
1575 1240 1769 1295 magna

150 1309 491 1381 reipublicae
538 1311 800 1366 invexere
848 1312 1197 1381 detrimenta,
1239 1314 1333 1386 qui
1361 1314 1666 1381 Pisistrato,
1699 1330 1767 1369 ne

153 1398 525 1472 tyrannidem
566 1400 869 1470 invaderet,
901 1419 1011 1457 non
1042 1403 1392 1459 obstiterunt.
1424 1404 1609 1476 Neque
1639 1421 1768 1459 vero

146 1490 347 1546 futura
377 1488 701 1561 praedicenti
730 1490 869 1545 mihi
900 1490 1036 1547 ﬁdes
1066 1491 1388 1548 habebatur.
1423 1494 1523 1549 Ille
1551 1493 1768 1549 ﬁdelior

145 1577 590 1633 existimabatur
634 1578 1068 1634 Atheniensibus
1112 1579 1422 1648 blandiens,
1471 1596 1632 1652 quam
1668 1597 1766 1652 ego

146 1688 281 1727 vera
337 1674 701 1745 proloquens.
766 1673 966 1728 Positis
1018 1673 1187 1745 igitur
1241 1675 1407 1730 armis
1448 1692 1546 1746 pro
1590 1676 1763 1744 curia,

1318 283 1904 345 PHILOSOPHOBUM
1943 285 2327 346 EPISTOLAE.

1805 421 1851 478 Α
1889 413 2119 469 Veniam
2151 422 2331 471 tamen
2371 414 2438 471 ad
2479 424 2551 485 te,
2585 423 2646 472 ut
2674 424 2769 473 tuo
2790 418 2905 475 ‘vel
2936 418 3180 492 hospitio
3212 423 3481 496 tantisper

3349 292 3486 355 1186

1884 507 2057 563 fruar.

2437 617 2588 674 Chilo
2620 618 2940 675 Periandro.

1952 712 2116 768 Jubes
2140 714 2221 769 uti
2255 715 2455 770 militia
2487 733 2696 784 vacem,
2721 717 3066 790 extorrisque
3097 735 3250 792 agam
3276 738 3287 775 :
3320 720 3477 792 quasi

1881 809 1941 857 tu
1965 802 2023 858 in
2048 811 2170 860 tuto
2203 804 2422 861 futurus
2450 808 2543 862 sis.
2579 809 2745 881 Atqui
2782 826 2880 880 ego
2910 812 3223 867 monarchae
3252 829 3352 869 nec
3380 830 3479 869 sua

1883 900 1998 947 tuta
2026 910 2141 949 esse
2187 903 2319 966 puto
2351 914 2361 950 :
2396 897 2721 969 felicemque
2768 916 2891 953 eum
2926 908 3222 971 tyrannum
3254 906 3471 971 censeo,

1879 982 1970 1038 cui
2000 982 2058 1038 in
2107 1000 2204 1039 sua
2247 983 2410 1040 domo
2440 985 2642 1059 absque
2690 988 2955 1060 sanguine
2985 991 3277 1062 contigerit
3311 993 3475 1048 mori.

2444 1105 2680 1160 Pittacus
2713 1107 2911 1162 Crwso.

1947 1201 2112 1258 Iubes
2141 1218 2227 1259 me
2257 1203 2316 1259 in
2336 1203 2567 1276 Lydiam
2599 1205 2808 1272 venire,
2841 1213 3143 1277 spectatum
3173 1223 3303 1278 opes
3339 1215 3476 1265 tuas.

1878 1295 1993 1365 Ego
2021 1296 2121 1351 etsi
2150 1296 2273 1352 illas
2320 1297 2549 1354 minime
2572 1299 2783 1370 aspexi,
2815 1300 2956 1355 nihil
2988 1300 3209 1373 ambigo
3237 1303 3481 1374 Alyattis

1875 1381 2077 1449 ﬁlium,
2132 1401 2319 1455 regum
2375 1387 2623 1443 omnium
2670 1402 2784 1442 esse
2829 1388 3331 1459 opulentissimum,
3360 1408 3480 1463 ‘au-

1877 1496 2047 1552 roque
2100 1482 2542 1540 refertissimum.
2611 1485 2797 1558 Neque
2852 1500 2984 1542 vero
3033 1486 3274 1558 amplius
3321 1489 3479 1561 quid-

1876 1587 2038 1643 quam
2092 1572 2339 1629 habituri
2388 1592 2598 1644 sumus,
2649 1576 2694 1631 si
2745 1576 2963 1633 Sardeis
3023 1577 3092 1633 ad
3141 1585 3194 1633 te
3245 1594 3479 1637 accesse-

1875 1670 2066 1728 rimus.
2123 1674 2275 1730 Auro
2321 1675 2467 1730 enim
2514 1675 2619 1746 ipsi
2674 1692 2785 1731 non
2840 1676 3171 1746 indigemus,
3230 1678 3477 1733 contenti

145 1760 234 1816 bis
304 1761 538 1834 quidem
597 1762 691 1833 qui
750 1763 1095 1817 Pisistratum
1154 1763 1350 1834 gestire
1412 1765 1762 1835 tyrannidem
1794 1783 1839 1842 Β
1876 1770 2092 1827 modico
2137 1771 2267 1828 vitae
2314 1773 2610 1845 stipendio,
2642 1785 2907 1846 quantum
2949 1777 3080 1831 satis
3128 1775 3200 1831 sit
3231 1776 3393 1843 mihi,
3420 1785 3475 1831 et

146 1868 262 1908 non
314 1852 788 1921 animadvertunt,
845 1854 1280 1925 sapientiorem:
1338 1855 1418 1910 eis
1471 1873 1606 1911 vero
1666 1857 1763 1929 qui

147 1942 466 1998 libertatem
540 1942 881 2013 reipublicze
927 1959 1165 1998 asserere
1236 1953 1565 2014 metuerent,
1638 1945 1765 2001 for—

147 2032 350 2089 tiorem
408 2048 498 2087 me
559 2048 673 2088 esse
730 2032 893 2098 dixi;
927 2043 981 2088 at
1034 2033 1118 2087 illi
1172 2033 1392 2089 Solonis
1426 2035 1764 2107 interpreta-

145 2122 357 2179 bantur
410 2123 703 2180 insaniam.
738 2124 980 2178 Tandem
1032 2122 1108 2177 i'a
1139 2125 1367 2195 patriam
1403 2134 1759 2193 contestatus,

145 2214 363 2271 excessi
402 2230 413 2267 :
449 2216 493 2268 0
527 2214 721 2283 patria,
769 2214 862 2268 hic
894 2213 1115 2285 quidem
1146 2214 1312 2270 Solon
1342 2215 1436 2270 ille
1467 2217 1568 2272 tibi
1602 2232 1759 2287 opem

143 2302 307 2370 ferre,
364 2311 424 2357 et
470 2301 616 2357 facto
666 2308 720 2356 et
750 2301 921 2370 dicto,
974 2312 1260 2373 promptus
1303 2312 1625 2374 et‘paratus
1658 2313 1759 2373 est,

143 2400 415 2448 czeterum
448 2390 597 2447 hisce
624 2399 677 2445 et
706 2391 946 2446 insanire
968 2391 1182 2448 videor.
1205 2394 1415 2465 Itaque,
1448 2403 1499 2449 te
1529 2393 1756 2467 deserta,

147 2481 494 2553 proﬁciscor,
551 2481 701 2559 solus
729 2496 800 2536 ex
846 2482 1107 2537 omnibus
1147 2482 1417 2538 Pisistrati
1451 2482 1711 2539 inimicus
1744 2500 1755 2537 :

148 2570 240 2627 isti
261 2588 403 2627 vero
424 2578 477 2626 et
498 2570 678 2625 favere
705 2578 758 2626 et
785 2570 1013 2643 obsequi
1044 2573 1218 2643 parati
1246 2581 1394 2629 sunt.
1425 2573 1578 2628 Nosti
1611 2572 1758 2627 enim

151 2662 440 2719 hominem
474 2662 667 2730 amice,
700 2672 907 2735 quanto
937 2662 1033 2723 ille
1061 2671 1204 2729 astu,
1236 2681 1343 2736 quo
1373 2663 1615 2735 ingenio,
1653 2680 1759 2736 qua

148 2759 262 2808 arte
317 2751 675 2824 tyrannidem
708 2752 992 2808 invaserit.
1029 2753 1167 2809 Nam
1205 2753 1373 2824 coepit
1402 2753 1601 2809 blande
1631 2754 1761 2824 ple-

149 2840 273 2897 bem
321 2843 558 2910 illicere,
607 2841 806 2897 deinde
853 2842 960 2898 sibi
1010 2842 1175 2897 etiam
1224 2843 1451 2898 vulnera
1497 2842 1751 2898 inﬂixit:

144 2949 206 2989 ac
254 2949 581 3005 progressus
619 2932 681 2987 in
729 2933 1033 3003 publicum,
1084 2950 1253 3005 eaque
1309 2950 1365 2989 se
1407 2935 1473 2990 ab
1506 2932 1757 2991 hostibus

147 3022 428 3095 accepisse
476 3021 804 3089 vociferans,
874 3024 1064 3079 orabat
1110 3023 1539 3096 quadringentos
1580 3024 1756 3080 robu-

141 3110 418 3167 stissimos
461 3109 694 3182 juvenes
740 3112 847 3166 sibi
875 3113 1129 3168 custodes
1182 3114 1394 3170 darent.
1424 3116 1496 3171 At
1526 3114 1633 3183 illi,
1668 3132 1751 3172 me
1785 3142 1827 3202 ρ

144 3200 369 3272 quidem
448 3202 751 3256 reluctante
809 3210 863 3257 et
916 3202 1269 3271 reclamante,
1330 3205 1744 3277 acquieverunt.

143 3290 318 3346 Erant
347 3298 537 3345 autem
569 3290 624 3345 hi
674 3290 872 3345 armati
907 3290 1109 3346 validis
1138 3291 1377 3348 fustibus
1408 3311 1421 3360 ;
1459 3294 1546 3349 bis
1572 3295 1754 3367 itaque

145 3380 402 3450 stipatus,
436 3388 639 3436 statum
667 3379 981 3451 reipublicae
1010 3380 1228 3435 evertit.
1262 3383 1513 3454 Dumque
1551 3384 1634 3438 illi
1660 3401 1753 3456 spe

145 3470 297 3527 inani
334 3488 603 3545 pauperes
649 3487 797 3540 suos,
830 3487 898 3527 ne
937 3472 1184 3527 mercede
1217 3472 1488 3528 servirent
1522 3473 1753 3530 liberare

145 3561 390 3629 student,
441 3578 631 3617 omnes
658 3577 768 3618 una
813 3561 915 3618 sub
938 3559 1135 3634 jugum
1181 3561 1335 3617 missi
1363 3568 1512 3631 sunt,
1547 3563 1752 3636 unique

145 3651 393 3708 serviunt
424 3650 736 3707 Pisistrato.

721 3751 885 3807 Solon
908 3751 1216 3808 Pisistrato.
1228 3820 1241 3838 κ

214 3839 411 3917 Credo
433 3840 687 3914 equidem
730 3842 874 3899 nihil
933 3861 1020 3901 me
1057 3844 1154 3900 abs
1194 3852 1248 3900 te
1278 3860 1564 3917 passurum
1596 3847 1747 3902 mali.

144 3927 276 3985 Nam
324 3937 453 3986 ante
502 3931 855 4004 tyrannidem
909 3933 1011 3989 tibi
1060 3934 1270 3991 amicus
1298 3950 1468 4003 eram,
1504 3952 1573 3991 ne
1602 3952 1751 3992 nunc

144 4019 364 4090 quidem
398 4022 571 4092 magis
621 4018 891 4094 infensus,
923 4041 1087 4098 quam
1118 4025 1260 4082 alius
1289 4026 1473 4098 quivis
1503 4025 1749 4082 Atheni—

143 4109 380 4178 ensium,
430 4109 528 4182 qui
568 4113 919 4181 tyrannidem
964 4132 1074 4170 non
1123 4122 1330 4171 ament.
1380 4115 1511 4171 Sive
1564 4124 1748 4171 autem

145 4195 309 4250 unius
357 4197 589 4269 imperio
632 4199 768 4269 regi,
799 4200 915 4255 sive
962 4202 1182 4272 publice
1213 4220 1327 4257 rem
1371 4201 1748 4258 administrari

146 4282 255 4340 illis
302 4283 502 4340 utilius
548 4284 641 4354 sit,
688 4303 760 4341 ex
808 4304 905 4343 sua
938 4289 1169 4360 quisque
1217 4292 1493 4346 sententia
1522 4299 1743 4348 statuat.

149 4370 302 4429 Certe
324 4383 691 4445 tyrannorum
722 4381 775 4430 te
803 4378 1053 4432 omnium
1084 4394 1198 4433 esse
1231 4381 1745 4450 praestantissimum

148 4460 338 4519 fateor.
387 4462 632 4519 Athenas
675 4472 857 4519 autem
908 4466 1086 4521 redire
1135 4466 1274 4522 mihi
1322 4469 1456 4524 utile
1489 4486 1599 4525 non
1631 4486 1744 4525 esse

149 4565 435 4625 cognosco,
470 4570 539 4609 ne
577 4554 701 4625 quis
732 4571 825 4619 me,
840 4552 988 4625 juste
1022 4558 1403 4627 reprehendat,
1439 4560 1532 4631 qui
1562 4560 1745 4615 Athe-

150 4641 431 4698 niensibus
476 4644 681 4698 dudum
734 4644 1128 4715 rempublicam
1176 4663 1243 4701 ex
1276 4665 1431 4720 aequo
1470 4649 1745 4705 adminis-

150 4732 396 4804 trandam
468 4732 823 4801 tradideram,
892 4751 1233 4809 praesensque
1290 4738 1528 4793 oblatam
1606 4739 1743 4794 mihi

149 4822 495 4889 tyrannidem
527 4830 717 4893 sponte
740 4822 1168 4889 declinaveram,
1202 4826 1362 4882 modo
1395 4827 1609 4884 rediens
1637 4828 1743 4886 fac-

149 4913 263 4964 tum
297 4918 454 4967 tuum
485 4911 667 4969 subita
693 4913 1017 4985 poenitentia
1044 4914 1272 4986 probare
1304 4916 1510 4973 videar.

749 5026 910 5080 Solon
944 5027 1139 5082 Crwso.

218 5108 534 5184 Amplector
574 5112 807 5171 miriﬁce
836 5123 988 5170 tuam
1020 5116 1077 5170 in
1124 5132 1226 5171 nos
1256 5115 1696 5173 benevolentiam
1728 5135 1739 5174 z

154 5203 204 5251 et
242 5214 335 5269 per
376 5201 505 5259 deos
550 5204 908 5273 immortales,
962 5206 1069 5261 nisi
1100 5205 1247 5279 apud
1291 5223 1375 5262 me
1415 5206 1743 5280 jampridem

154 5287 454 5347 statuissem
497 5292 574 5348 ibi
604 5293 787 5349 sedem
838 5294 1037 5351 habere
1065 5295 1158 5350 ubi
1196 5295 1505 5369 respublica
1549 5296 1621 5351 sit
1650 5296 1746 5352 .li—

154 5369 298 5445 hera,
354 5382 571 5437 mallem
623 5383 767 5456 apud
800 5392 868 5454 te,
903 5386 962 5440 in
1007 5393 1100 5442 tuo
1144 5403 1310 5459 regno
1358 5387 1549 5454 vitam,
1583 5403 1743 5467 quam

157 5465 383 5527 Athenis
410 5489 584 5546 agere,
634 5477 907 5534 violenter
943 5477 1297 5550 tyrannidem
1331 5485 1621 5535 exercente
1650 5465 1745 5532 Pi?

156 5551 387 5646 sistrato.
421 5563 627 5621 Verum
655 5566 752 5622 .ibi
782 5569 1008 5625 suavius
1027 5585 1116 5626 .ex
1146 5569 1403 5626 instituto
1431 5575 1619 5647 nostro
1650 5567 1747 5650 vi.-

158 5646 352 5722 \imus,
401 5656 493 5713 ubi
543 5668 671 5716 sunt
706 5662 963 5719 omnibus
992 5679 1143 5736 requa
1175 5663 1575 5721 et'communia
1597 5647 1741 5734 jura.

1873 1867 2086 1924 amicis.
2119 1870 2349 1925 Veniam
2400 1878 2606 1939 tamen,
2659 1880 2719 1926 ut
2766 1873 2868 1927 tibi
2911 1873 3253 1944 perhumano
3281 1882 3336 1930 et
3366 1875 3480 1930 ho-

1874 1958 2059 2030 spitali
2088 1958 2210 2015 viro
2238 1959 2529 2015 familiaris
2558 1961 2782 2016 elIiciar.
2816 1962 2972 2018 Vale.

2437 2070 2715 2125 Cleobulus
2748 2070 2950 2127 Soloni.

1944 2166 2127 2223 Amici
2153 2167 2373 2241 quidem
2405 2167 2508 2223 tibi
2542 2176 2670 2223 sunt
2699 2167 2979 2239 permulti,
3009 2166 3351 2242 singulisque
3381 2168 3477 2225 do-

1873 2273 1994 2311 mus
2040 2264 2157 2312 est:
2205 2272 2397 2311 verum
2429 2274 2526 2327 ego
2573 2258 2762 2313 Soloni
2793 2258 3298 2314 commodissimam
3358 2259 3478 2315 fore

1871 2345 1938 2399 ad
1989 2344 2431 2412 inbabitandum,
2467 2346 2705 2400 Lindum
2754 2362 2970 2415 censeo,
3002 2344 3287 2403 civitatem
3320 2347 3475 2404 libe-

1870 2448 2007 2487 ram.
2041 2433 2246 2505 Estque
2278 2432 2458 2487 insula
2492 2434 2789 2500 maritima,
2831 2435 2924 2490 ubi
2959 2435 3005 2489 si
3039 2437 3241 2491 morari
3271 2440 3477 2496 volue-

1870 2522 1965 2591 ris,
2011 2522 2152 2578 nihil
2200 2540 2231 2578 a
2258 2524 2543 2579 Pisistrato
2574 2525 2705 2579 mali
2735 2525 3080 2596 formidabis,
3115 2537 3280 2603 atque
3317 2532 3387 2588 ad
3422 2541 3476 2590 te

1868 2612 2035 2669 amici
2063 2613 2308 2688 undique
2338 2614 2638 2671 conﬂuent.
2674 2615 2831 2672 Vale.

2321 2734 2617 2790 Periander
2649 2735 3005 2806 Sapientibus.

1938 2833 2151 2890 Gratias
2196 2836 2535 2891 immortales
2564 2853 2664 2908 ago
2692 2837 2893 2908 Pythio
2923 2837 3192 2909 Apollini,
3227 2838 3375 2911 quod
3404 2841 3464 2896 in

1865 2940 2039 2979 unum
2086 2932 2303 2982 coactos
2351 2927 2597 2996 epistolae
2642 2944 2774 2983 mea;
2828 2936 3168 2999 repererunt,
3223 2928 3463 3001 ipsasque

1865 3012 2216 3082 Corinthum,
2251 3024 2311 3070 ut
2354 3015 2591 3083 conﬁdo,
2627 3015 2944 3087 perducent.
2980 3018 3251 3088 Exspecto
3280 3016 3464 3091 itaque

1864 3118 1981 3173 vos.
2031 3102 2189 3159 Certe
2229 3104 2331 3173 ipsi
2376 3105 2652 3174 videbitis,
2686 3123 2846 3178 quam
2884 3107 3127 3163 civiliter
3174 3123 3272 3161 vos
3301 3107 3466 3163 exci—

1864 3191 2030 3263 piam.
2099 3193 2253 3248 Sicut
2326 3194 2493 3264 igitur
2543 3211 2689 3250 anno
2745 3196 3022 3266 praeterito
3100 3195 3339 3263 Sardeis,
3405 3196 3464 3251 in

1864 3280 2097 3352 Lydiam
2138 3281 2411 3338 venistis:
2463 3282 2539 3337 ita
2583 3299 2752 3351 nunc,
2800 3300 2918 3352 oro,
2955 3299 3021 3338 ne
3068 3283 3247 3355 pigeat
3274 3284 3344 3340 ad
3372 3301 3462 3343 me

1863 3388 2079 3444 quoque
2124 3372 2422 3443 proﬁcisci,
2481 3372 2732 3431 Corinthi
2782 3381 3131 3446 tyrannum;
3185 3374 3459 3434 videbunt

1864 3465 2011 3520 enim
2046 3481 2145 3521 vos
2175 3481 2284 3520 non
2308 3464 2425 3520 sine
2454 3465 2817 3537 gratulatione
2843 3464 3142 3535 Corinthii,
3171 3466 3457 3525 Periandri

1863 3552 2091 3610 domum
2120 3553 2403 3611 adeuntes.

2386 3672 2681 3730 Periander
2705 3672 2916 3729 Proclo.

1932 3772 2102 3829 Nobis
2164 3772 2386 3845 quidem
2450 3788 2578 3829 non"
2620 3788 2691 3827 ex
2755 3769 3025 3827 sententia
3098 3770 3204 3827 fuit
3263 3772 3460 3829 uxoris

1862 3862 2073 3918 scelus:
2127 3870 2186 3918 tu
2214 3872 2394 3918 autem
2438 3872 2628 3933 sponte
2674 3860 2792 3916 ﬁlio
2822 3862 3034 3933 ingrato
3063 3861 3111 3916 si
3141 3860 3277 3933 quid
3323 3878 3457 3932 ege—

1861 3951 1957 4017 ris,
2016 3965 2223 4021 peccas.
2301 3952 2412 4007 Aut
2466 3951 2637 4021 igitur
2692 3951 3095 4006 immanitatem
3152 3950 3211 4005 in
3270 3948 3451 4005 ﬁlium

1860 4054 2159 4109 compesce,
2206 4047 2302 4094 aut
2346 4055 2445 4111 ego
2486 4040 2573 4095 illi
2617 4055 2775 4111 opem
2820 4040 3028 4095 feram:
3081 4054 3209 4096 nam
3257 4045 3311 4095 et
3339 4038 3458 4110 ipse

1858 4127 1992 4183 satis
2019 4127 2117 4183 diu
2146 4134 2334 4200 pmnas
2361 4128 2535 4184 dedit.

2310 4243 2672 4314 Thrasybulus
2700 4243 3022 4301 Periandro.

1928 4344 2171 4402 Praeconi
2198 4343 2419 4417 quidem
2451 4351 2546 4399 tuo
2574 4342 2716 4398 nihil
2738 4342 3107 4411 dissimulavi,
3141 4341 3236 4398 sed
3263 4341 3444 4414 ipsum

1858 4438 1917 4493 in
1965 4417 2205 4508 segetem.
2249 4433 2537 4499 inducens,
2599 4432 2988 4488 eminentiores
3031 4431 3204 4503 spicas
3251 4430 3452 4488 bacillo
3526 4450 3529 4455 '

1773 4509 1821 4567 D
1855 4526 2079 4594 faciens,
2111 4523 2475 4590 decutiebam,
2498 4522 2859 4593 subsequente
2888 4522 2984 4576 illo
3009 4540 3022 4589 ;
3051 4521 3277 4593 tibique,
3302 4519 3347 4575 si
3366 4521 3450 4575 in-

1852 4625 2172 4688 terrogares,
2210 4614 2433 4669 referret
2456 4610 2724 4685 quidquid
2746 4610 2831 4664 vel
2856 4609 3055 4664 viderit
3084 4610 3168 4664 vel
3210 4607 3452 4666 audierit

1852 4725 1883 4764 a
1914 4724 2019 4764 me.
2054 4708 2136 4761 Tu
2166 4722 2292 4777 ergo
2319 4705 2397 4760 sic
2429 4703 2613 4769 facito,
2645 4699 2914 4773 siquidem
2946 4700 3299 4772 tyrannidem
3335 4708 3453 4758 tuto

1853 4807 2036 4855 tenere
2060 4798 2234 4868 cupis,
2266 4804 2426 4867 atque
2452 4795 2509 4848 in
2535 4809 2596 4848 ea
2624 4790 2986 4847 constabiliri.
3021 4789 3274 4846 Civitatis
3303 4791 3454 4861 prin-

1851 4890 2001 4961 cipes
2045 4889 2196 4954 tolle,
2226 4887 2342 4942 sive
2372 4884 2455 4939 illi
2497 4881 2679 4950 amici,
2721 4882 2837 4937 sive
2864 4880 3081 4936 inimici
3114 4880 3445 4937 videantur:

1853 4979 2053 5052 quippe
2082 4986 2318 5050 tyranno
2345 4975 2509 5030 amici
2539 4988 2753 5046 quoque
2792 4987 2932 5043 saepe
2961 4971 3197 5043 suspecti
3227 4978 3376 5027 sunt.

2367 5094 2695 5151 Anacharsis
2749 5094 2950 5150 Crmso.

1922 5206 2059 5278 Ego,
2110 5205 2389 5278 Lydorum
2440 5221 2559 5272 rex,
2594 5203 2652 5258 in
2682 5201 2944 5259 Graeciam
2985 5200 3204 5271 adveni,
3239 5200 3452 5257 Graeco.

1853 5313 1977 5351 rum
2010 5311 2187 5351 mores
2216 5304 2268 5352 et
2307 5296 2491 5353 studia
2518 5303 2572 5351 et
2601 5293 2857 5351 instituta
2886 5298 3260 5365 percepturus.
3298 5292 3452 5346 Auro

1850 5392 2034 5453 autem
2081 5386 2223 5441 nihil
2260 5402 2409 5457 egeo,
2434 5385 2693 5457 satisque
2742 5382 2880 5438 mihi
2911 5390 2993 5437 est
3023 5389 3083 5436 ut
3120 5380 3189 5437 ad
3217 5379 3452 5451 Scythas

1854 5477 2070 5534 redeam
2117 5478 2313 5534 melior
2378 5486 2541 5550 atque
2585 5476 2823 5543 doctior.
2873 5474 3105 5531 Veniam
3152 5479 3335 5527 tamen
3378 5469 3449 5526 ad

1852 5577 1906 5626 te
1980 5568 2218 5635 Sardeis,
2287 5568 2512 5641 plurimi
2580 5567 2789 5631 faciens
2844 5565 2949 5621 tibi
3004 5563 3335 5634 familiarem
3393 5568 3448 5633 et

1853 5657 2087 5716 amicum
2121 5657 2260 5713 ﬁeri.
