3880 6204
417 206 551 287 1187

919 353 1254 427 Epimenides
1285 351 1488 409 Soloni.

488 470 736 540 Conﬁdo,
780 486 813 526 o
840 470 1014 526 amice
1047 471 1058 526 l
1101 469 1156 525 Si
1205 469 1352 524 enim
1395 468 1484 522 vel
1515 465 1724 522 servire
1753 463 2008 532 assuetis,

416 562 506 618 vel
550 578 664 618 non
710 559 848 616 bene
897 557 1168 615 institutis
1218 554 1651 611 Atheniensibus
1695 553 2018 610 Pisistratus

418 651 754 715 immineret,
802 647 1093 718 imperium
1136 643 1380 714 profecto
1424 641 1750 699 diuturnum
1797 641 2017 698 habuis-

417 753 518 800 set.
565 743 832 800 Caeterum
880 738 1030 792 viros
1072 734 1220 792 haud
1267 751 1396 791 sane
1427 736 1618 803 malos,
1667 744 1761 794 aut
1792 735 2018 806 ignavos

418 834 623 890 servire
668 828 936 899 compulit
970 827 1097 884 :sed
1147 827 1241 900 qui
1292 828 1632 884 monitorum
1661 828 1878 885 Solonis
1911 843 2018 883 me-

419 936 618 987 mores,
672 934 781 990 prre
822 917 1029 988 pudore
1092 915 1470 988 ingemiscant,
1518 916 1726 973 servire
1774 917 2021 990 tyranni-

419 1010 474 1067 di
525 1007 735 1065 diutius
783 1005 1205 1079 haudquaquam
1255 1006 1449 1061 ferent.
1500 1007 1706 1063 Verum
1754 1006 1854 1063 etsi
1887 1006 2022 1063 Pisi-

420 1105 622 1154 stratus
665 1094 944 1152 civitatem
995 1095 1298 1166 occuparit,
1351 1111 1460 1149 non
1520 1103 1704 1151 tamen
1747 1095 1815 1152 ad
1869 1095 2022 1152 illius

421 1187 623 1244 liberos
689 1183 981 1256 imperium
1039 1199 1200 1256 spero
1253 1183 1656 1241 deducendum.
1715 1185 1828 1246 Est.
1871 1183 2019 1240 enim

421 1273 746 1350 perdifﬁcile
797 1272 1119 1328 hominibus
1168 1271 1374 1341 liberis,
1431 1272 1813 1345 praeclarisque
1865 1272 2022 1328 insti—

423 1366 559 1422 tutis
633 1363 864 1435 legibus,
925 1362 1027 1418 sub
1073 1363 1339 1418 servitute
1397 1362 1614 1420 durare.
1677 1365 1759 1420 Tu
1813 1371 2021 1431 autem,

424 1453 562 1523 noli,
615 1469 819 1526 quaeso,
879 1468 1049 1523 vagus
1091 1451 1198 1522 agi,
1230 1451 1324 1507 sed
1367 1451 1424 1507 in
1474 1452 1691 1510 Cretam
1739 1452 1928 1508 venire
1955 1451 2024 1507 ad

424 1558 525 1598 nos
556 1549 791 1609 matura,
823 1539 918 1596 ubi
952 1547 1221 1612 tyrannus
1263 1540 1452 1596 nullus
1479 1540 1733 1614 cuiquam
1764 1541 2026 1597 molestus

425 1639 525 1686 est.
575 1630 630 1686 Si
680 1645 812 1684 vero
858 1627 1010 1683 illius
1053 1627 1215 1684 amici
1266 1628 1428 1697 forte,
1483 1636 1546 1684 ut
1587 1628 1669 1697 ﬁt,
1719 1627 1777 1684 in
1829 1628 2024 1685 itinere

431 1718 758 1787 inciderint,
790 1727 976 1775 metuo
1005 1733 1072 1773 ne
1098 1717 1232 1791 quid
1259 1717 1469 1774 sinistri
1506 1718 1604 1775 tibi
1637 1718 1874 1775 eveniat.

941 1825 1259 1896 Pherecydes
1305 1826 1526 1882 Thaleti.

503 1932 649 1988 Bene
698 1930 972 2000 moriaris,
1025 1947 1150 1988 cum
1198 1929 1300 1985 tibi
1358 1929 1538 1987 fatalis
1591 1929 1710 1987 dies
1759 1945 2026 2002 superve-

431 2023 592 2082 nerit.
646 2024 869 2081 Morbus
913 2039 999 2079 me
1042 2023 1335 2090 invaserat,
1383 2040 1508 2080 cum
1552 2030 1673 2078 tuas
1705 2022 1887 2094 accepi
1924 2022 2029 2078 lit-

429 2121 591 2183 teras,
624 2112 892 2187 pediculis
919 2112 1259 2186 opperiebar,
1299 2121 1353 2168 et
1381 2111 1522 2168 febri
1552 2111 1835 2184 quatiebar
1853 2119 2022 2168 totus.

429 2203 682 2261 Mandavi
745 2205 926 2276 itaque
996 2202 1325 2275 quibusdam
1382 2218 1452 2256 ex
1513 2200 1902 2268 familiaribus,
1966 2208 2028 2256 ut

429 2309 554 2349 cum
599 2309 684 2349 me
733 2291 1066 2364 sepelierint,
1098 2291 1164 2346 ad
1219 2300 1270 2347 te
1322 2291 1598 2363 perferant
1629 2307 1750 2364 quae
1797 2291 2022 2363 scripsi.

431 2381 513 2437 Tu
554 2389 757 2450 autem,
808 2381 854 2437 si
899 2380 1123 2454 quidem
1183 2398 1244 2436 ea
1293 2380 1612 2452 probaveris
1659 2397 1784 2436 cum
1814 2380 2024 2451 sapien-

394 2535 400 2541 _
431 2471 580 2528 tibus
621 2472 869 2545 reliquis,
916 2471 993 2526 ita
1035 2471 1263 2543 legenda
1291 2471 1512 2528 demum
1544 2471 1727 2527 trades
1760 2488 1770 2525 :
1807 2469 1890 2525 sin
1921 2488 2032 2527 au—

432 2571 540 2618 tem
573 2561 994 2634 improbaveris,
1029 2562 1212 2617 nolito
1239 2561 1418 2617 edere.
1452 2559 1589 2616 Mihi
1620 2568 1764 2617 certe
1794 2560 2028 2617 necdum

432 2651 565 2708 satis
615 2650 922 2724 placebant,
973 2657 1056 2707 est
1114 2650 1191 2706 ibi
1239 2651 1459 2724 quidem
1517 2667 1628 2707 non
1676 2659 1818 2707 certa
1850 2668 2032 2706 rerum

433 2740 587 2797 ﬁdes.
636 2740 820 2813 Neque
870 2740 1018 2795 enim
1066 2739 1124 2794 id
1169 2741 1366 2812 recepi.
1417 2757 1592 2814 neque
1638 2739 1771 2813 quid
1815 2740 1885 2794 sit
1931 2756 2035 2796 ve-

433 2843 553 2882 rum
621 2845 708 2884 me
756 2828 895 2884 scire
944 2829 1220 2900 professus
1273 2845 1413 2884 sum.
1465 2830 1625 2885 Forte
1669 2826 1914 2902 quaedam
1967 2828 2034 2884 de

433 2914 730 2986 Theologia
810 2916 1106 2983 reservavi,
1173 2926 1367 2973 caetera
1438 2917 1740 2989 intelligere
1798 2924 2031 2988 oportet.

432 3003 632 3060 Omnia
678 3004 878 3075 quippe
919 3002 1111 3074 judico
1157 3006 1357 3076 potius,
1403 3021 1566 3077 quam
1611 3006 1814 3078 aperio.
1845 3006 2036 3068 Morbo

1420 204 1514 280 Ai)
1554 222 1789 281 censa
1829 222 1883 280 s.
1934 217 2273 281 msnosn
2315 205 2692 278 APPENDIX.

2053 359 2102 418 Α
2129 339 2282 406 nulla
2321 350 2482 406 nobis
2530 365 2650 421 spes
2697 346 2888 404 salutis
2923 346 3014 403 sit.
3047 345 3297 415 Quonam
3350 345 3534 418 igitur
3561 344 3739 401 animo

3614 203 3741 271 um

2124 441 2294 516 possit
2345 440 2716 496 Anaximenes
2764 438 2886 495 coeli
2941 445 3147 493 secreta
3195 435 3421 503 rimari,
3469 435 3567 491 cui
3603 433 3739 506 jngis

2123 539 2218 587 aut
2249 528 2441 585 mortis
2471 537 2562 584 aut
2592 527 2876 586 servitutis
2905 526 3178 582 incumbit
3209 533 3395 582 metus
3419 525 3451 580 ?
3484 524 3659 596 Atqui
3687 532 3736 579 tu

2125 618 2458 677 Crotoniatis
2485 626 2646 690 atque
2684 617 2837 673 Italis
2867 614 3081 672 caeteris
3111 622 3297 687 gratus
3328 623 3505 685 atque
3542 613 3604 667 in
3633 630 3739 685 pre-

2125 708 2204 764 tio
2227 725 2307 778 es,
2340 724 2501 782 quem
2532 705 2799 764 accedunt
2827 714 2880 761 et
2921 720 2989 760 ex
3019 703 3211 760 Sicilia
3240 701 3489 759 studiosi
3519 703 3733 776 quique.

2644 821 2908 890 Archyta:
2937 819 3214 891 Dionysio.

2197 913 2477 972 Missimus
2533 927 2724 968 omnes
2771 909 3016 966 Platonis
3069 909 3365 964 necessarii
3399 907 3735 976 Lamiscum,

2127 1011 2183 1061 et
2229 1002 2544 1068 Photidam,
2573 1001 2755 1057 virum
2787 998 2945 1055 illum
2981 997 3077 1054 abs
3105 1005 3160 1053 te
3190 997 3470 1070 recepturi
3495 998 3626 1069 jure
3653 1015 3739 1054 an-

2129 1094 2295 1167 tiquae
2350 1102 2550 1151 nostra
2625 1090 2902 1147 amicitia.
2965 1089 3128 1145 Recte
3185 1087 3357 1160 igitur
3410 1088 3636 1156 feceris,
3695 1089 3740 1143 si

2130 1182 2448 1239 memineris
2487 1191 2695 1256 quanto
2751 1195 2786 1234 ι
2824 1177 2985 1235 nobis
3030 1176 3216 1234 studio
3261 1177 3578 1248 efﬂagitasti
3629 1178 3740 1233 Pla-

2131 1273 2278 1329 tonis
2323 1272 2392 1328 ad
2433 1279 2487 1327 te
2539 1269 2862 1338 adventum,
2913 1275 2978 1324 ut
3025 1283 3128 1324 nos
3174 1266 3333 1322 illum
3380 1267 3580 1322 venire
3622 1267 3741 1322 bor-

2130 1369 2396 1428 taremur,
2461 1359 2737 1417 facturum
2783 1365 2837 1413 te
2902 1355 3179 1429 spondens
3230 1353 3419 1411 omnia
3472 1355 3743 1429 illumque

2131 1451 2301 1508 libere
2371 1449 2626 1508 accedere
2690 1455 2744 1506 et
2809 1446 2960 1504 abire
3035 1447 3457 1520 permissurum.
3535 1445 3744 1502 Memor

2131 1549 2249 1597 esto
2297 1541 2483 1613 igitur,
2528 1540 2718 1615 quanti
2769 1539 2921 1596 illius
2973 1539 3274 1595 adventum
3324 1538 3544 1607 feceris,
3577 1536 3744 1612 quod~

2133 1648 2236 1705 que
2283 1633 2347 1688 eo
2389 1639 2634 1704 tempore
2679 1631 2802 1703 plus
2847 1631 3058 1687 caeteris
3109 1629 3409 1687 amaveris.
3463 1627 3650 1697 Quod,
3698 1628 3744 1685 si

2052 1718 2098 1778 B
2129 1737 2239 1795 qua
2282 1731 2401 1778 orta
2463 1721 2718 1777 simultas
2771 1726 2872 1787 est,
2932 1717 3234 1775 humanius
3292 1727 3348 1775 te
3402 1735 3562 1791 agere
3622 1734 3746 1773 cono

2134 1811 2310 1881 venit,
2384 1812 2651 1884 illumque
2718 1809 2880 1867 nobis
2937 1810 3226 1866 restituere
3302 1809 3562 1866 illaesum.
3624 1808 3746 1865 Haec

2135 1901 2279 1957 enim
2335 1900 2382 1957 si
2427 1899 2584 1970 facis,
2635 1899 2913 1972 justitiam
2965 1899 3131 1969 coles,
3179 1916 3244 1957 ac
3288 1898 3452 1956 nobis
3482 1898 3745 1972 gratiﬁca-

2133 1990 2300 2047 beris.

2587 2098 2898 2156 Arcesilaus
2935 2099 3284 2156 Thaumasia.

2208 2200 2556 2257 Testamenta
2585 2216 2706 2257 mea
2720 2199 2952 2273 Diogeni
2974 2199 3179 2256 tradidi
3217 2197 3285 2254 ad
3307 2205 3361 2254 te
3398 2197 3742 2270 perferenda.

2139 2290 2279 2359 Quia
2319 2290 2464 2346 enim
2527 2290 2727 2362 saepius
2775 2299 3001 2363 aegroto,
3049 2298 3105 2345 et
3159 2303 3390 2360 corpore
3440 2304 3553 2343 non
3605 2296 3743 2342 recte

2141 2380 2318 2447 valeo,
2363 2386 2754 2434 testamentum
2810 2378 3081 2435 conﬁcere
3141 2377 3354 2450 placuit
3387 2393 3400 2430 :
3433 2384 3500 2431 ut
3537 2375 3586 2430 si
3616 2375 3741 2448 quid

2140 2469 2424 2540 contingat
2467 2468 2838 2539 inopinatum,
2879 2467 2998 2523 sine
3048 2475 3146 2522 tua
3192 2465 3402 2537 injuria
3434 2464 3742 2537 proﬁciscar

2141 2574 2212 2613 ex
2255 2557 2392 2626 vita,
2441 2556 2536 2629 qui
2567 2572 2712 2612 unus
2761 2573 2832 2613 ex
2864 2557 3124 2614 omnibus
3156 2556 3404 2611 maximo
3435 2570 3524 2609 me
3553 2553 3741 2609 affectu

2142 2658 2461 2720 prosecutus
2510 2666 2586 2705 es.
2644 2649 3027 2707 Fidelissimus
3077 2655 3261 2703 autem
3319 2646 3598 2710 omnium,
3654 2642 3740 2715 qui

2145 2740 2236 2796 hic
2285 2749 2434 2808 sunt,
2483 2757 2609 2796 cum
2665 2740 2806 2796 mihi
2855 2755 3069 2811 semper
3117 2737 3311 2805 fueris,
3359 2735 3659 2808 diligenter
3693 2743 3742 2788 et

2144 2844 2362 2885 servare
2409 2827 2586 2897 stude,
2639 2835 2756 2884 tum
2812 2835 3036 2900 propter
3081 2834 3324 2894 aetatem,
3379 2833 3497 2880 tum
3529 2833 3744 2896 propter

2145 2917 2623 2975 necessitudinem.
2666 2913 2812 2975 Cura
2847 2916 3016 2988 igitur
3059 2931 3290 2984 memor,
3331 2921 3605 2987 quantum
3645 2922 3743 2967 tua

2145 3007 2272 3064 ﬁdei
2321 3008 2685 3076 committam,
2735 3015 2796 3063 ut
2824 3006 2973 3080 quod
3013 3005 3160 3079 apud
3196 3014 3250 3062 te
3297 3012 3482 3062 totum
3517 3004 3745 3076 depone-

432 3101 614 3149 autem
677 3072 933 3165 singulis
970 3072 1174 3149 diebus—
1220 3072 1608 3163 invalescente,
1644 3072 1853 3168 meque
1903 3112 2030 3151 me—
2065 3072 2115 3136 (ἶ
2146 3106 2254 3165 tur,
2304 3106 2570 3170 quantum
2625 3072 2684 3152 in
2739 3105 2793 3153 te
2831 3072 2933 3165 est,
2986 3072 3065 3151 δι’
3098 3095 3318 3168 negotia
3373 3110 3498 3150 mea
3526 3072 3746 3150 honeste

431 3180 683 3238 dicorum
787 3181 1121 3256 quempiam,
1223 3201 1398 3257 neque
1503 3184 1807 3240 amicorum
1867 3184 2037 3255 peni-

433 3279 523 3330 tus
575 3270 828 3330 admitto.
887 3271 1156 3329 Caeterum
1213 3274 1596 3331 assistentibus
1652 3291 1750 3348 pro
1799 3273 2034 3342 foribus,

433 3369 487 3418 et
543 3361 1007 3432 interrogantibus
1061 3379 1170 3436 quo
1223 3363 1280 3419 in
1339 3371 1485 3419 statu
1539 3364 1664 3431 sim,
1725 3363 1899 3436 digito
1944 3379 2038 3434 per

433 3449 565 3504 ostii
613 3451 851 3506 claustra
911 3448 1162 3516 dimisso,
1212 3467 1375 3522 quam
1427 3449 1704 3522 pestilenti
1756 3451 1901 3507 malo
1948 3459 2039 3507 te-

433 3551 583 3603 near,
619 3536 835 3590 ostendi
865 3553 877 3589 :
911 3535 1283 3609 admonuique
1313 3547 1374 3592 ut
1414 3537 1679 3608 postridie
1706 3541 2039 3596 conveniant

434 3624 501 3680 ad
531 3623 803 3679 solemnes
835 3623 1170 3695 Pherecydis
1210 3627 1453 3682 inferias.
1488 3627 1642 3683 Vale.

877 3732 1232 3790 Anaximenes
1257 3737 1588 3808 Pythagora.

507 3833 724 3904 Thales,
773 3833 842 3890 ab
873 3833 1050 3890 artatis
1092 3833 1246 3904 ﬂore,
1281 3835 1350 3892 ad
1397 3843 1754 3907 senectutem,
1785 3853 1881 3912 per
1909 3847 2038 3897 stu-

436 3924 529 3983 dia
600 3924 824 3981 virtutis
898 3923 1368 4000 humanitatisque
1443 3935 1751 4000 pervectus,
1829 3929 2040 4005 inclyta

438 4023 611 4072 morte
669 4014 1008 4089 defungitur.
1065 4016 1118 4072 Is
1175 4033 1323 4086 cum,
1382 4025 1445 4074 ut
1499 4027 1876 4088 consueverat,
1930 4037 2040 4076 una

437 4122 564 4162 cum
620 4105 900 4174 ancillula,
977 4106 1158 4163 sidera
1214 4107 1580 4180 inspecturus,
1641 4108 1780 4164 atrio
1843 4109 2041 4168 domus

440 4193 748 4248 matutinus
821 4195 1043 4264 exisset,
1104 4197 1396 4254 immemor
1452 4207 1514 4254 ut
1569 4213 1687 4254 sese
1744 4198 1846 4254 loci
1902 4199 2042 4256 situs

439 4278 685 4348 haberet,
722 4279 855 4334 dum
902 4281 1108 4337 aethera
1137 4300 1362 4340 securus
1394 4287 1669 4358 explorat,
1715 4287 1772 4342 in
1816 4286 2042 4360 subjec-

438 4374 552 4427 tam
598 4369 811 4426 foveam
865 4367 1084 4426 cecidit.
1142 4371 1339 4428 Milesii
1389 4374 1631 4431 siderum
1675 4377 2042 4436 observatoris

440 4456 588 4518 hunc
619 4460 781 4516 ﬁnem
816 4458 1061 4515 tradunt.
1107 4456 1376 4517 Caeterum
1427 4479 1546 4531 nos,
1586 4466 1679 4537 qui
1734 4466 2040 4524 litterarum

440 4572 623 4612 amore
702 4561 973 4620 tenemur,
1031 4554 1164 4610 tanti
1233 4555 1340 4610 viri
1395 4553 1602 4626 jugiter
1663 4558 2035 4632 meminimus,

440 4652 604 4718 atque
658 4644 714 4700 in
790 4643 943 4700 illius
1007 4643 1247 4702 maxime
1302 4642 1554 4703 doctrina
1616 4648 2039 4721 acquiescimus,

443 4729 775 4808 initiumque
867 4735 1138 4792 sermonis
1211 4735 1386 4792 nostri
1476 4733 1755 4794 Thaletem
1829 4756 2041 4814 semper

444 4823 807 4883 instituimus.

881 4933 1240 4990 Anaximenes
1269 4935 1600 5008 Pythagorae.

516 5026 833 5086 Consultius
881 5029 1041 5085 nobis
1073 5031 1254 5103 egisti,
1304 5040 1364 5088 ut
1416 5033 1634 5106 quietus
1678 5033 1913 5106 viveres,
1946 5039 2040 5111 qui

444 5131 512 5172 ex
564 5117 726 5174 Samo
785 5117 1079 5174 Crotonem
1139 5121 1534 5193 commigrasti.
1605 5123 1737 5179 Nam
1799 5125 2042 5184 JEacidae

443 5219 568 5263 cum
611 5206 734 5262 aliis
780 5205 966 5263 infesti
1029 5217 1178 5272 sunt,
1239 5216 1355 5264 tum
1407 5210 1632 5267 Milesiis
1683 5214 1900 5285 tyranni
1940 5214 2041 5270 do.

445 5292 746 5351 minantur.
796 5295 1077 5351 Medorum
1112 5297 1240 5352 item
1290 5314 1388 5353 rex
1421 5299 1580 5356 nobis
1625 5302 1824 5356 acriter
1855 5302 2042 5358 immi-

443 5391 559 5447 net,
613 5384 721 5439 nisi
771 5383 1006 5440 velimus
1065 5402 1180 5441 esse
1227 5385 1532 5444 tributarii.
1576 5388 1898 5464 Quanquam
1947 5393 2044 5449 vi-

443 5469 644 5526 dentur
714 5472 870 5527 Iones
917 5488 1016 5543 pro
1087 5473 1338 5530 libertate
1395 5476 1644 5531 omnium
1688 5494 1814 5533 cum
1871 5481 2044 5538 Medis

445 5557 728 5616 dimicare.
786 5562 866 5617 Ita
915 5562 1062 5618 enim
1120 5562 1203 5618 illi
1261 5581 1361 5622 nos
1423 5565 1670 5640 undique
1725 5578 1940 5643 urgent,
1981 5580 2045 5629 ut

2075 4435 2123 4493 D

2144 3187 2410 3259 disposita
2436 3186 2570 3244 sint.

2435 3298 2549 3352 Rea:
2581 3295 2879 3366 Antigonus
2906 3295 3102 3352 Zenoni
3125 3295 3465 3366 philosopho.

2216 3394 2332 3466 Ego
2387 3394 2609 3450 fortuna
2663 3410 2750 3450 me
2802 3393 3024 3467 quidem
3081 3401 3134 3449 et
3164 3393 3337 3466 gloria
3392 3393 3572 3450 vitam
3605 3403 3742 3450 tuam

2145 3484 2354 3540 anteire
2413 3484 2718 3540 existimo:
2764 3492 3020 3540 ceterum
3088 3483 3403 3556 disciplinis
3445 3483 3742 3557 studiisque

2147 3572 2487 3641 liberalibus,
2536 3580 2590 3628 et
2629 3573 2867 3645 perfecta
2927 3573 3206 3641 felicitate,
3251 3589 3415 3644 quam
3465 3581 3530 3628 tu
3571 3573 3742 3644 possi-

2146 3661 2241 3718 des
2289 3663 2448 3734 longe
2495 3662 2590 3718 abs
2628 3669 2680 3718 te
2710 3663 2951 3735 praecelli
2981 3662 3179 3719 sentio.
3213 3662 3486 3730 Quocirca
3515 3672 3568 3718 te
3597 3676 3741 3718 orare

2146 3752 2314 3810 statui
2348 3752 2432 3808 uti
2452 3751 2519 3808 ad
2542 3769 2628 3808 me
2645 3751 3032 3824 proﬁciscaris,
3063 3752 3119 3808 id
3144 3751 3284 3808 mihi
3315 3752 3664 3826 persuadens,
3695 3759 3741 3806 te

2145 3858 2332 3916 preces
2369 3857 2517 3898 meas
2563 3843 2789 3898 minime
2821 3842 3005 3899 irritas
3030 3842 3151 3899 ﬁeri
3181 3858 3491 3915 passurum.
3523 3843 3607 3898 'l‘u
3639 3842 3741 3914 igi-

2146 3938 2239 3986 tur
2267 3929 2446 3987 modis
2459 3931 2718 3988 omnibus
2739 3932 2966 4002 enitere,
2994 3941 3056 3989 ut
3095 3940 3193 3988 tuo
3212 3931 3580 3990 contubernio
3605 3931 3740 3986 frua-

2148 4037 2274 4076 mur
2301 4027 2450 4078 certo
2467 4019 2647 4078 sciens
2667 4037 2778 4077 non
2797 4022 2902 4077 mei
2927 4028 3165 4090 tantum,
3186 4021 3281 4078 sed
3312 4021 3563 4077 omnium
3583 4021 3740 4076 simul

2147 4110 2505 4168 Macedonum
2554 4111 2892 4168 eruditorem
2925 4111 3062 4168 fore.
3114 4112 3251 4168 Nam
3293 4110 3390 4184 qui
3417 4109 3741 4167 Macedonia!

2147 4215 2328 4271 regem
2361 4199 2543 4257 erudit
2572 4210 2734 4274 atque
2753 4201 2811 4257 in
2841 4201 3104 4257 virtutem
3135 4200 3358 4267 imbuit,
3392 4216 3518 4256 eum
3547 4206 3598 4256 et
3625 4197 3745 4254 sub-

2149 4287 2294 4344 dites
2340 4305 2582 4362 quosque
2639 4290 2914 4347 instruere
2963 4290 3032 4346 ad
3087 4289 3478 4346 fortitudinem
3529 4297 3580 4344 et
3628 4304 3747 4360 pro-

2148 4376 2374 4434 bitatem
2427 4385 2635 4434 certum
2695 4388 2794 4436 est.
2842 4379 2975 4435 Nam
3033 4378 3346 4450 cujusmodi
3403 4379 3573 4433 fuerit
3609 4375 3746 4440 dux,

2151 4471 2284 4527 tales
2310 4480 2372 4527 ut
2401 4471 2704 4543 plurimum
2734 4471 2988 4528 subditos
3020 4471 3140 4528 ﬁeri
3171 4487 3390 4528 necesse
3418 4479 3520 4528 est.
3555 4469 3712 4527 Vale.

2643 4579 2786 4635 Zeno
2814 4581 3076 4652 Antigono
3103 4579 3235 4651 regi.

2219 4673 2536 4747 Amplector
2589 4682 2748 4732 tuum
2807 4686 2917 4734 tam
2967 4676 3264 4734 vehemens
3319 4675 3569 4735 discendi
3623 4684 3752 4734 stu-

2149 4761 2323 4831 dium,
2379 4763 2528 4836 quod
2567 4781 2775 4836 veram,
2807 4765 3000 4822 utilem
3031 4774 3194 4840 atque
3222 4775 3606 4835 necessariam,
3643 4783 3750 4822 non

2148 4850 2463 4926 popularem
2506 4859 2560 4909 et
2606 4871 2726 4926 quae
2773 4856 2841 4912 ad
2887 4852 3276 4928 pervertendos
3324 4873 3504 4912 mores
3549 4856 3750 4921 tendit,

2148 4941 2514 5002 eruditionem
2561 4943 2967 5016 apprehendere
2999 4942 3265 5001 instituis.
3315 4943 3421 5012 Qui
3451 4943 3600 5001 enim
3635 4943 3754 5018 phi-

2151 5030 2418 5103 losophiae
2492 5048 2676 5088 amore
2728 5049 2791 5089 ac
2863 5033 3046 5091 studio
3103 5039 3342 5102 tenetur,
3403 5033 3753 5106 declinatque

2149 5120 2417 5178 celebrem
2464 5121 2614 5177 illam
2647 5131 2700 5178 et
2745 5123 3027 5196 vulgarem
3073 5123 3440 5195 voluptatem,
3471 5140 3594 5196 quae
3625 5138 3752 5195 quo-

2152 5209 2403 5266 rumdam
2462 5209 2993 5268 adolescentulorum
3029 5213 3245 5268 animos
3273 5213 3593 5268 effeminat:
3629 5229 3750 5268 eum

2152 5320 2263 5360 non
2322 5314 2518 5362 natura
2559 5307 2723 5363 modo
2792 5308 3134 5364 nobilitatem
3205 5307 3373 5376 tueri,
3422 5308 3518 5364 sed
3564 5324 3748 5364 verum

2150 5394 2372 5468 quidem
2403 5396 2628 5452 virtutis
2662 5412 2878 5470 quoque
2902 5397 3239 5463 institutum,
3266 5399 3628 5454 manifestum
3655 5404 3744 5454 est.

2151 5484 2320 5542 Porro
2349 5487 2563 5544 liberali
2587 5505 2652 5546 ac
2680 5488 2853 5545 nobili
2885 5489 3104 5562 ingenio
3130 5490 3175 5544 si
3209 5489 3514 5560 adjiciatur
3546 5489 3746 5546 modica

2154 5574 2496 5650 exercitatio,
2547 5595 2722 5654 neque
2749 5579 2890 5639 desit
2932 5580 3287 5654 praeceptoris
3329 5582 3514 5655 capia,
3549 5589 3746 5638 mature
