3880 6204
125 241 278 305 1189

1281 237 1871 304 PHlLOSOPHORUM
1910 245 2294 303 EPISTOLE.

3306 245 3441 308 1190

120 373 196 431 ad
225 372 530 446 perfectam
562 373 786 429 virtutis
813 369 998 428 evadit
1042 369 1275 442 frugem.
1307 370 1577 443 Equidem
1626 371 1733 427 nisi
1763 375 1812 431 A
1847 379 2048 426 runtur
2093 378 2272 426 autem
2314 370 2406 427 isti
2455 370 2584 438 viri,
2633 371 2826 442 Myrtei
2864 370 3033 428 fuisse
3087 389 3100 427 :
3150 371 3209 428 bi
3255 380 3439 429 autem

120 470 389 521 senectus
433 462 572 518 mihi
622 463 929 531 obsisteret,
962 478 1082 518 sum
1131 461 1279 517 enim
1333 463 1731 533 octogenarius,

119 568 444 626 corpusque
467 561 730 625 praeterea
760 553 1092 621 invalidum,
1130 554 1245 626 ipse
1283 554 1350 610 ad
1381 564 1432 610 te
1463 554 1733 624 venirem,

119 653 186 701 ut
211 645 405 716 jubes.
435 642 578 710 Quia
608 659 740 698 vero
778 641 833 697 id
880 641 1062 711 datur,
1099 643 1361 716 quosdam
1402 660 1471 699 ex
1527 651 1734 700 contu-

118 735 455 792 bernalibus
501 733 638 789 meis
683 732 749 788 ad
797 742 849 789 te
892 734 1075 800 mitto,
1109 735 1204 806 qui
1250 734 1420 789 animi
1457 734 1616 790 bonis
1646 750 1731 789 me

121 826 370 882 minime
413 825 701 882 inferiores
747 833 895 892 sunt,
950 831 1004 880 et
1058 825 1303 896 corporis
1359 826 1522 880 etiam
1568 841 1730 881 com-

119 916 314 972 modis
345 923 693 988 exsuperant.
746 914 842 969 llis
884 913 929 970 si
979 921 1037 970 tu
1083 915 1326 971 studiose
1355 913 1727 986 congrediare,

117 1005 270 1061 nihil
326 1006 475 1078 quod
531 1006 599 1060 ad
656 1004 952 1078 perfectam
1012 1003 1249 1076 pertinet
1306 1003 1726 1072 beatitudinem,

116 1094 488 1152 desiderabis.

577 1195 911 1266 Pythagoras
939 1191 1280 1248 Anaximeni.

190 1285 267 1340 At
321 1293 403 1352 tu,
453 1285 702 1340 virorum
761 1285 986 1356 optime,
1034 1282 1080 1338 si
1135 1281 1276 1336 nihil
1325 1279 1634 1353 Pythagora
1675 1286 1730 1335 et

113 1390 319 1444 genere
350 1381 408 1430 et
440 1373 614 1445 gloria
655 1373 1000 1444 przestantior
1033 1388 1198 1439 esses,
1246 1369 1491 1441 profecto
1522 1369 1588 1423 ad
1629 1384 1728 1423 nos

107 1461 224 1534 jam
275 1479 350 1518 ex
404 1463 591 1518 Mileto
641 1463 926 1534 migrasses
958 1481 969 1517 :
1004 1478 1151 1516 nunc
1193 1476 1325 1516 vero
1367 1466 1420 1513 te
1452 1456 1728 1514 continuit

110 1560 350 1626 paterna
406 1560 460 1607 et
504 1552 653 1608 avita
700 1551 892 1623 gloria,
941 1568 1062 1624 quae
1105 1559 1158 1606 et
1200 1567 1285 1606 me
1341 1548 1722 1615 continuisset,

109 1640 154 1695 si
186 1655 376 1696 essem
422 1640 754 1696 Anaximeni
804 1640 1024 1696 similis.
1074 1640 1343 1698 Czelerum
1396 1655 1494 1694 vos
1540 1637 1585 1693 si
1616 1653 1725 1692 au-

113 1731 276 1805 gurio
307 1730 479 1786 urbes
517 1731 798 1799 deseretis,
850 1731 928 1786 eis
972 1730 1194 1804 quidem
1234 1738 1461 1786 ornatus
1507 1729 1726 1784 adime-

114 1827 226 1888 tur,
282 1820 538 1893 Medique
588 1821 702 1876 illis
737 1820 994 1876 infestius
1042 1820 1345 1876 instabunt.
1385 1819 1570 1891 Neque
1599 1834 1731 1874 vero

115 1925 336 1983 semper
381 1911 642 1968 convenit
689 1919 962 1968 astrorum
1011 1928 1074 1968 ac
1131 1911 1258 1968 coeli
1315 1914 1583 1983 vestigare
1634 1925 1731 1964 ra-

116 1999 319 2057 tiones.
355 2000 585 2058 Praestat
633 2002 934 2071 interdum,
971 2001 1039 2058 ad
1088 2001 1318 2074 patriam
1371 2017 1529 2058 curas
1571 1999 1731 2072 cogi-

115 2089 470 2163 tationesque
513 2100 849 2148 convertere.
896 2091 1216 2164 Quanquam
1251 2108 1348 2162 ego
1381 2107 1489 2146 non
1519 2105 1732 2161 semper

115 2179 253 2234 meis
285 2197 429 2235 vaco
461 2179 680 2248 fabulis,
715 2197 905 2235 verum
949 2187 1003 2234 et
1032 2179 1192 2236 bellis
1219 2179 1498 2235 interdum
1529 2179 1731 2251 quibus

116 2267 262 2324 inter
295 2284 356 2324 se
397 2268 636 2325 invicem
668 2270 790 2324 Itali
822 2267 1112 2324 dissident.

661 2370 923 2440 Archytas
953 2370 1190 2425 Platoni.

185 2455 349 2511 Facis
397 2463 459 2512 tu
505 2457 726 2529 quidem
777 2466 942 2523 recte,
1007 2457 1156 2532 quod
1205 2458 1364 2514 nobis
1411 2467 1463 2516 te
1515 2479 1730 2519 conva-

119 2544 285 2600 luisse
319 2561 392 2601 ex
422 2546 746 2618 aegritudine
775 2547 1102 2619 significaris
1135 2567 1148 2616 ;
1200 2548 1267 2604 de
1311 2549 1564 2607 Damisco
1594 2552 1726 2608 item

119 2636 386 2691 certiores
435 2635 651 2692 feceris.
702 2638 778 2693 De
826 2636 1251 2694 Commentariis
1289 2645 1472 2694 autem
1513 2642 1727 2696 curavi-

118 2743 262 2795 mus,
296 2727 665 2801 venimusque
693 2728 761 2784 ad
811 2729 1079 2797 Lucanos,
1129 2729 1316 2804 ibique
1363 2733 1726 2792 convenimus

119 2815 327 2872 Occelli
385 2825 630 2887 nepotes.
690 2817 819 2884 Quae
882 2818 1049 2891 igitur
1102 2819 1169 2875 de
1243 2836 1430 2892 regno,
1491 2821 1721 2894 legibus,

113 2903 355 2974 justitia,
392 2905 752 2977 omniumque
789 2909 1157 2978 generatione,
1203 2919 1255 2965 et
1287 2909 1389 2982 ipsi
1437 2910 1721 2983 habemus,

118 3003 170 3050 et
221 3011 294 3050 ex
359 2993 450 3050 his
500 2995 746 3067 quaedam
796 2997 1066 3053 misimus.
1126 2999 1354 3071 Reliqua
1399 3001 1560 3056 modo
1630 3017 1725 3060 re-‘-

1843 475 1912 516 ex
1969 459 2080 514 illis
2138 458 2288 514 fuere
2354 457 2624 529 Trojanis,
2699 459 2795 531 qui
2869 475 2994 515 cum
3069 457 3440 517 Laomedonte

1843 549 2167 620 migrarunt,
2243 546 2351 601 viri
2404 546 2558 614 boni,
2633 554 2694 601 ut
2766 547 2832 602 de
2907 547 3021 602 illis
3099 546 3296 604 tradita
3367 549 3438 604 si-

1843 635 2124 706 gniﬁcant.
2203 635 2333 702 Quae
2407 636 2550 708 apud
2629 653 2714 692 me
2801 645 2931 694 sunt
3004 637 3432 707 Commentaria,

1841 722 1907 777 de
1981 725 2181 796 quibus
2255 724 2540 796 scripsisti,
2601 725 2847 780 nondum
2913 727 3047 782 satis
3119 728 3440 784 elucubrata

1841 824 1988 883 sunt,
2033 833 2209 889 neque
2249 833 2489 890 unquam
2531 816 2661 870 satis
2708 825 2870 871 erunt
2903 835 2915 881 ;
2949 833 3010 870 ea
3059 827 3237 874 tamen
3286 819 3430 875 misi.

1840 905 1918 960 De
1946 905 2196 960 custodia
2237 921 2367 960 vero
2396 905 2560 961 ambo
2603 904 2981 960 consentimus
3013 922 3025 959 :
3059 905 3200 960 nihil
3254 905 3438 980 itaque

1839 993 2221 1050 adhortatione
2249 1011 2385 1066 opus
2423 1002 2522 1050 est.
2557 994 2710 1049 Vale.

1839 1123 1954 1178 Rex
2006 1123 2232 1191 Darius,
2282 1122 2559 1193 Hystaspis
2607 1122 2772 1192 ﬁlius,
2857 1122 3182 1178 Heraclitum
3253 1125 3438 1194 Ephe-

2183 1212 2323 1266 sium
2349 1213 2632 1283 sapientem
2659 1212 2854 1280 virum,
2881 1215 3101 1268 salutat.

1910 1328 2133 1385 Librum
2185 1329 2251 1385 de
2306 1331 2511 1386 Natura
2557 1329 2827 1402 scripsisti
2877 1330 3194 1398 obscurum,
3243 1329 3436 1388 difﬁci-

1840 1418 2054 1491 lemque
2083 1420 2138 1475 in
2169 1421 2461 1494 plerisque,
2497 1421 2612 1494 qui,
2645 1421 2688 1478 si
2737 1419 2804 1478 ad
2844 1421 3072 1478 verbum
3105 1429 3433 1493 exponatur,

1838 1507 1950 1561 vim
1977 1509 2268 1580 quamdam
2289 1510 2682 1582 speculationis
2707 1509 2991 1568 continere
3007 1509 3228 1565 videtur
3243 1508 3438 1565 mundi

1837 1597 2028 1665 totius,
2081 1605 2134 1653 et
2179 1615 2298 1670 quae
2345 1599 2401 1654 in
2448 1617 2512 1658 eo
2561 1600 2703 1656 fiunt
2735 1600 3007 1667 omnium,
3057 1615 3176 1671 qua!
3213 1597 3438 1670 quidem

1839 1693 1970 1740 sunt
2001 1685 2057 1740 in
2087 1686 2281 1742 divino
2326 1695 2482 1743 motu
2529 1688 2847 1744 constituta.
2881 1690 2941 1744 ln
2971 1687 3172 1760 quibus
3211 1685 3436 1760 plurimi

1842 1773 2120 1832 haeserunt
2165 1777 2320 1845 adeo,
2350 1785 2411 1832 ut
2439 1786 2492 1832 et
2526 1778 2620 1850 qui
2667 1777 2953 1850 complura
3000 1778 3267 1848 legerunt,
3311 1791 3439 1830 am-

1840 1863 2050 1936 bigant,
2081 1883 2206 1922 cum
2246 1875 2392 1921 recta
2419 1866 2517 1922 abs
2547 1875 2599 1922 te
2647 1866 2891 1922 narratio
2924 1864 3233 1934 conscripta
3257 1863 3437 1918 videa-

1840 1962 1951 2010 tur.
2004 1955 2120 2010 Rex
2176 1954 2348 2026 igitur
2396 1955 2622 2022 Darius,
2673 1953 2960 2025 Hystaspis
3007 1951 3173 2020 filius,
3223 1949 3440 2005 auditor

1841 2059 1956 2099 esse
2013 2050 2140 2098 tuus
2194 2041 2368 2115 cupit,
2427 2043 2807 2115 particepsque
2857 2042 3056 2097 Graecas
3109 2038 3438 2095 eruditionis

1839 2135 1981 2192 fieri.
2031 2135 2236 2193 Venias
2285 2136 2469 2209 itaque
2513 2136 2919 2209 quamprimum
2968 2135 3036 2190 ad
3083 2141 3436 2206 conspectuin

1842 2239 2043 2292 meum,
2076 2241 2139 2280 ac
2177 2223 2377 2295 regiam
2427 2223 2676 2280 domum.
2726 2225 2899 2281 Grzeci
2939 2224 3110 2291 enim,
3166 2232 3228 2280 ut
3271 2223 3437 2296 pluri-

1840 2329 1990 2368 mum
2026 2313 2368 2385 sapientibus
2414 2314 2550 2370 viris
2595 2313 2955 2370 observandis
3007 2314 3194 2370 minus
3239 2313 3434 2382 dediti,

1837 2409 2200 2474 aspernantur
2228 2418 2288 2457 ea
2313 2418 2433 2473 qua:
2457 2402 2524 2457 ab
2553 2401 2639 2458 his
2665 2411 2808 2458 recte
2841 2401 3048 2458 fuerint
3075 2400 3398 2458 elucubrata
3421 2419 3433 2458 :

1837 2494 2053 2549 tametsi
2128 2492 2395 2565 ejusmodi
2464 2493 2597 2558 sint,
2672 2501 2763 2548 ut‘
2806 2493 3119 2548 eruditione
3192 2501 3247 2548 et
3321 2511 3436 2566 gra-

1837 2583 2008 2638 vitate
2038 2599 2148 2637 non
2179 2591 2415 2639 careant.
2446 2581 2609 2654 Apud
2647 2598 2732 2638 me
2757 2589 2940 2638 autem
2971 2581 3149 2637 aderit
3177 2582 3281 2638 tibi
3309 2600 3439 2638 om—

1836 2672 1924 2727 nis
1967 2672 2167 2738 honor,
2209 2672 2582 2745 primatusque
2623 2671 2821 2738 omnis,
2874 2671 3228 2744 quotidieque
3271 2672 3440 2727 solli-

1835 2763 1944 2818 cita
1997 2762 2328 2832 observatio,
2378 2770 2431 2818 et
2478 2769 2628 2835 grata
2678 2761 2997 2831 collocutio,
3053 2762 3280 2834 vitaque
3326 2762 3438 2818 tuis

1837 2851 2082 2907 moribus
2110 2851 2428 2924 probabilis.
2463 2851 2617 2908 Vale.

1905 2982 2205 3038 Heraclitus
2234 2983 2491 3054 Ephesius
2539 2982 2648 3054 regi
2694 2982 2886 3044 Dario.
2920 2980 3198 3053 Hystaspis
3229 2981 3360 3054 ﬁlio.

122 3083 298 3154 perire
343 3099 459 3137 non
508 3091 734 3156 possunt
780 3104 791 3142 :
855 3102 981 3141 cum
1030 3087 1254 3142 inventa
1298 3088 1525 3158 fuerint,
1568 3090 1636 3147 ad
1684 3101 1734 3152 te
1767 3101 1808 3161 Ο
1909 3097 2187 3170 Quotquot
2225 3098 2480 3153 mortales
2509 3097 2565 3152 in
2603 3097 2766 3153 terris
2796 3098 3014 3165 vivunt,
3046 3113 3077 3152 a
3108 3097 3337 3153 veritate
3375 3112 3439 3154 ac

122 3171 466 3229 deferentur.

701 3276 858 3330 Plato
898 3276 1160 3346 Archytae.

193 3360 328 3428 Quae
353 3361 457 3418 abs
498 3369 552 3418 te
581 3361 741 3419 nobis
773 3365 940 3420 allata
986 3375 1115 3421 sunt
1159 3366 1584 3437 Commentaria,
1618 3367 1728 3424 dici

127 3465 234 3506 non
299 3460 500 3524 potest,
562 3469 724 3526 quam
779 3454 1016 3511 libenter
1061 3456 1372 3528 accepimus
1425 3475 1438 3523 ;
1524 3459 1728 3530 quique

125 3538 221 3595 illa
269 3542 518 3614 scripsit,
569 3543 627 3598 in
671 3545 866 3616 primis
913 3545 1168 3602 admirati
1217 3563 1427 3603 sumus.
1478 3547 1731 3603 Ostendit

127 3630 271 3686 enim
332 3632 582 3704 profecto
641 3634 729 3688 vir
803 3633 917 3702 ille,
997 3634 1226 3706 dignum
1301 3652 1357 3691 se
1432 3635 1732 3707 majoribus

128 3720 238 3779 illis
293 3725 438 3792 suis,
498 3725 900 3800 antiquissimis
947 3737 1110 3801 atque
1156 3728 1382 3802 optimis
1429 3729 1587 3784 viris.
1636 3730 1730 3785 Fe-

417 4009 985 4097 EPISTOLE
1085 4012 1337 4098 DU/E
1438 4011 1580 4096 DE

1832 3187 2050 3261 justitia
2079 3189 2375 3257 abstinent,
2420 3189 2665 3245 avaritiae
2714 3197 2898 3246 autem
2948 3196 3002 3243 et
3051 3187 3203 3243 inani
3245 3187 3433 3260 gloria:

1839 3279 2249 3352 inexplebiliter
2279 3280 2594 3348 intendunt,
2647 3280 2874 3352 perditae
2917 3279 3207 3336 dementiae
3247 3297 3431 3336 causa.

1839 3372 1953 3443 Ego
1973 3381 2176 3439 autern,
2202 3371 2382 3426 omnis
2409 3371 2701 3425 immemor
2720 3369 3001 3442 nequitias,
3036 3367 3437 3442 fastidiumque

1838 3461 2089 3516 devitans
2117 3460 2298 3516 omnis
2329 3459 2552 3514 invidiae
2573 3458 2908 3527 domesticas,
2941 3475 3061 3530 quae
3087 3457 3433 3530 splendorem

1839 3549 2089 3607 comitari
2121 3551 2278 3617 solet,
2313 3563 2595 3622 nunquam
2633 3548 2691 3604 in
2723 3549 3014 3604 Persarum
3052 3549 3231 3603 solum
3259 3545 3438 3602 adve-

1839 3639 2038 3707 nirem,
2071 3638 2257 3711 paucis
2286 3644 2596 3707 contentus,
2629 3653 2748 3711 quae
2779 3643 2908 3693 sunt
2927 3635 3228 3693 secundum
3261 3651 3436 3691 meam

1841 3729 2190 3786 sententiam.

2268 3857 2340 3863 ι.-
2359 3857 2504 3864 ___—
2517 3853 2986 3862 __...._———..-—..-.-
3007 3851 3440 3861 —.——.‘—.~—.——-

1677 4007 2225 4096 MONACHO
2329 4004 3104 4093 ENERGUMENO
3123 4072 3141 4090 .

202 4284 270 4338 In
301 4280 600 4351 exemplari
617 4282 674 4336 S.
710 4281 958 4339 Germani
986 4287 1057 4340 ad
1079 4288 1304 4342 Pratum
1335 4285 1792 4353 Scholasticorum,
1819 4289 1939 4355 post
1980 4289 2081 4338 tres
2115 4278 2278 4338 libros
2321 4281 2382 4336 de
2424 4279 2646 4352 Officiis,
2679 4281 2759 4336 lue
2801 4279 2921 4335 duce
2950 4279 3206 4351 Epistola:
3249 4293 3440 4351 seque-

141 4369 357 4427 bantur.
391 4370 638 4426 Priorem
683 4387 788 4426 esse
821 4371 1088 4428 Ambrosii
1129 4376 1481 4445 persuadebat
1510 4374 1732 4430 materia
1779 4372 1849 4428 ad
1886 4369 2026 4428 illud
2058 4376 2254 4440 tempus
2283 4367 2680 4423 accommodata
2734 4367 2796 4421 de
2837 4366 3090 4434 Antonio,
3134 4367 3436 4436 Hilarione,

138 4459 441 4527 Machario,
479 4461 754 4530 Gervasio,
786 4463 1086 4531 Prothasio,
1120 4465 1181 4520 de
1209 4466 1592 4523 Mediolanensi
1617 4465 1827 4520 civitate
1855 4463 1908 4517 in
1935 4479 2042 4532 qua
2071 4459 2324 4530 scriptam
2353 4455 2517 4527 fuisse
2556 4463 2776 4512 constat.
2825 4458 2972 4513 Illud
3001 4463 3202 4512 tantum
3231 4463 3290 4512 ut
3327 4457 3439 4511 du—

141 4546 427 4606 bitaremus
455 4550 596 4621 fecit,
623 4552 765 4621 quod
787 4558 925 4606 vocet
973 4554 1309 4609 Germanicos
1340 4562 1387 4610 et
1416 4556 1689 4626 Angelicos
1720 4561 1767 4610 et
1810 4555 2042 4610 Italicos.
2090 4548 2363 4606 Posterior
2411 4548 2586 4602 minus
2627 4547 2779 4602 habet
2807 4547 3078 4602 Ambrosii
3107 4564 3118 4601 :
3153 4546 3239 4601 sed
3266 4552 3438 4602 tamen

141 4641 496 4708 oppressimus
525 4646 822 4710 utramque,
851 4640 977 4710 quia
1002 4647 1280 4712 utramque
1307 4644 1582 4714 antiquam
1613 4662 1715 4700 esse
1743 4650 1790 4699 et
1813 4643 1994 4697 utilem
2014 4639 2398 4710 j-udicavimus.

519 4823 533 4832 .
633 4780 972 4836 EPISTOLA
995 4780 1232 4835 PRIMA.

211 4865 313 4922 Vir
339 4867 565 4940 quidam
599 4869 886 4941 religiosus
916 4868 1158 4942 atquein
1191 4869 1513 4926 monachico
1544 4870 1736 4926 habitu

142 4954 474 5013 constitutus
507 4963 659 5025 tunc,
693 4966 882 5013 nostro
911 4965 1154 5029 tempore
1185 4973 1332 5013 nunc
1367 4957 1579 5032 antiqui
1611 4959 1736 5015 hos-

143 5039 211 5098 tis
238 5052 318 5100 est
344 5047 592 5102 inaudita
621 5049 926 5102 tentatione
956 5047 1220 5119 pulsatus,
1257 5047 1334 5102 ita
1362 5054 1423 5102 ut
1455 5047 1596 5102 idem
1631 5065 1738 5103 ma-

145 5126 322 5202 lignus
350 5135 581 5206 spiritus
602 5135 1060 5193 vestimentorum
1095 5135 1212 5208 ejus
1241 5136 1538 5208 particulas
1565 5143 1618 5192 et
1647 5153 1740 5191 ex-

145 5223 224 5274 tra
254 5221 412 5278 illum
445 5225 610 5280 etiam
641 5225 1053 5298 incompositas,
1110 5224 1396 5280 immunda
1425 5226 1740 5281 colluvione

145 5309 387 5369 crebrius
417 5314 662 5371 fedaret.
697 5317 829 5382 Qua:
877 5316 1151 5372 intantum
1183 5323 1298 5370 erat
1329 5315 1620 5383 horrenda,
1652 5316 1741 5370 fe-

149 5396 260 5454 tida
286 5411 339 5458 et
369 5406 555 5474 noxia,
591 5414 652 5461 ut
681 5423 807 5479 pars
837 5407 1072 5462 vestium
1105 5421 1267 5479 quam
1304 5402 1592 5476 tetigisset,
1621 5405 1740 5460 nul-

149 5481 252 5540 lius
299 5487 485 5561 [forte
529 5494 693 5562 nulli,
745 5503 841 5550 aut
880 5497 1091 5552 nullius
1129 5493 1256 5568 rei]
1301 5493 1558 5566 deinceps
1604 5501 1743 5550 esset

149 5579 266 5634 usui
314 5591 456 5654 apta,
508 5601 822 5658 quanquam
876 5588 1070 5646 fuisset
1116 5587 1320 5648 abluta.
1367 5589 1444 5646 De
1474 5603 1582 5660 qua
1615 5603 1741 5646 cum

1766 4787 1814 4844 D
1847 4781 2210 4854 interrogatus
2255 4780 2497 4848 fuissem,
2551 4793 2650 4834 cur
2695 4775 3043 4848 omnipotens
3078 4775 3236 4837 Deus
3274 4768 3438 4828 talem

1844 4877 2064 4926 versuto
2096 4869 2335 4943 serpenti
2368 4874 2687 4941 potestatem
2719 4865 2776 4921 in
2797 4881 2921 4921 eum
2945 4863 3204 4932 dedisset,
3238 4869 3298 4918 ut
3327 4877 3440 4918 coro

1847 4960 1932 5015 dis
1961 4960 2078 5032 ejus
2109 4959 2517 5016 immunditiam
2549 4959 2683 5014 foris
2725 4956 3052 5022 ostenderet,
3095 4950 3244 5028 quod
3291 4970 3444 5009 nun-

1848 5066 2010 5122 quam
2060 5049 2115 5104 in
2152 5049 2413 5104 exteriori
2446 5047 2639 5103 habitu
2686 5047 2924 5113 fecisset,
2977 5042 3084 5098 nisi
3122 5035 3443 5099 interiorem

1849 5139 2076 5194 omnino
2105 5139 2456 5210 corrupisset,
2499 5137 2713 5193 scilicet
2739 5143 2836 5191 aut
2867 5132 3194 5190 infidelitate
3222 5139 3275 5188 et
3304 5129 3447 5187 blas-

1850 5228 2087 5299 phemia,
2131 5236 2224 5284 aut
2257 5236 2402 5284 certe
2434 5227 2585 5282 inani
2615 5233 2669 5282 et
2700 5242 2839 5281 vana
2869 5225 3062 5296 gloria,
3113 5222 3371 5295 respondi
3430 5239 3444 5278 :

1849 5316 2040 5372 Sanies
2064 5316 2265 5388 quippe
2311 5317 2463 5370 intus
2511 5315 2567 5369 in
2619 5313 2783 5370 corde
2813 5314 2962 5370 foras
2992 5330 3088 5384 per
3121 5311 3450 5367 vestimenta

1852 5407 2113 5461 manavit.
2147 5407 2318 5471 Quem
2350 5405 2478 5476 quia
2501 5405 2657 5475 longe
2688 5403 2898 5475 positus
2927 5409 3061 5468 erat,
3095 5416 3192 5473 ego
3224 5398 3449 5471 quidem

1851 5511 1962 5551 non
1992 5493 2130 5562 vidi,
2166 5493 2258 5549 sed
2288 5501 2494 5562 tamen,
2547 5502 2607 5548 ut
2636 5492 2892 5558 arbitror,
2936 5489 3054 5544 haec
3089 5489 3146 5544 in
3197 5489 3293 5543 illo
3323 5501 3450 5542 vere

1850 5581 2102 5657 praevidi.
2133 5581 2289 5650 Quod
2339 5581 2386 5637 si
2430 5581 2506 5638 ita
2553 5595 2664 5636 non
2712 5585 2812 5648 est,
2847 5575 3119 5650 numquid
3150 5583 3331 5632 tamen
3363 5574 3450 5631 fa-
