3880 6204
481 225 616 294 1191

1488 243 1583 297 AD
1623 237 1858 298 OPERA
1896 241 1951 296 S.
1993 241 2325 300 AMBROSII
2361 233 2740 298 APPENDIX.

3663 237 3801 301 1192

479 369 595 418 tum
637 370 860 434 putatur
890 363 1008 418 sine
1049 379 1213 421 causa
1250 371 1303 420 et
1341 373 1627 436 propterea
1665 372 1899 435 gestum,
1931 373 1993 419 ut
2023 365 2078 420 in
2114 369 2164 428 Α
2195 366 2463 438 perfectos
2511 365 2814 422 ostendam.
2863 364 3102 422 Obsecro
3139 365 3324 438 itaque
3363 365 3499 420 illos
3549 365 3654 438 qui
3693 365 3808 422 haec

477 469 541 510 eo
567 454 898 510 munditiam
932 456 1115 512 cordis
1143 456 1361 511 foeditas
1385 455 1480 511 illa
1510 464 1773 525 servaret,
1803 473 1904 514 nec
1938 457 2084 515 hanc

473 543 709 602 callidus
753 545 930 600 hostis
966 545 1119 601 inani
1150 545 1323 617 gloria
1355 546 1583 601 foedaret
1616 565 1628 602 :
1668 547 1834 604 sicuti
1879 548 2084 604 Paulus

475 650 542 690 ne
573 634 640 692 de
673 634 1026 691 revelationis
1073 634 1451 705 magnitudine
1501 636 1739 705 timeret,
1790 638 2079 693 stimulum

472 724 654 779 carnis
682 723 911 794 accepit.
945 724 1000 778 Si
1033 724 1216 796 itaque
1245 723 1441 780 horum
1472 727 1778 798 quodlibet,
1811 735 1905 782 aut
1934 736 2081 784 certe

474 813 520 868 si
552 831 661 868 non
708 813 896 879 fuerit,
935 813 1206 885 numquid
1247 821 1432 870 tamen
1485 816 1626 888 quod
1665 817 1732 872 ad
1770 825 2078 873 extremum

473 904 754 974 positurus
779 919 900 957 sum
929 918 1118 957 verum
1147 919 1256 958 non
1286 903 1390 959 erit
1422 905 1449 960 ?
1482 906 1685 960 Verum
1715 913 1796 961 est
1826 907 2074 962 omnino.

471 993 678 1050 Verum
711 1001 792 1047 est
821 992 969 1065 quod
1013 993 1159 1062 dico,
1209 1011 1321 1050 non
1361 1013 1476 1051 esse
1520 997 1893 1053 colluvionem
1927 997 2077 1053 illam

473 1080 817 1137 extrinsecus
837 1082 1037 1137 animae
1063 1083 1310 1152 noxiam,
1345 1085 1390 1138 si
1421 1085 1536 1156 ipsa
1561 1102 1776 1142 servare
1806 1086 2080 1144 studuerit

471 1165 622 1224 intus
650 1170 833 1225 cordis
871 1171 1223 1228 munditiam.
1263 1174 1475 1229 Interea
1523 1175 1666 1231 sicut
1698 1182 1759 1230 tu
1791 1175 1904 1246 ipse
1929 1173 2076 1245 judi-

471 1275 596 1326 care
623 1259 850 1326 curasti,
884 1260 1051 1316 audio
1082 1262 1347 1334 quosdam
1378 1264 1522 1336 apud
1567 1281 1666 1320 vos
1703 1263 1885 1320 dicere
1919 1283 1930 1320 :
1958 1265 2077 1319 Non

471 1365 629 1420 posse
666 1349 906 1421 aliquem
955 1351 1012 1406 in
1055 1352 1231 1423 patria
1277 1371 1388 1409 sua:
1422 1354 1732 1410 nativitatis
1777 1353 2076 1426 perfectum

471 1453 607 1506 esse,
641 1437 782 1493 illud
812 1438 868 1493 in
901 1450 1287 1512 argumentum
1319 1453 1679 1512 assumentes,
1712 1443 1860 1516 quod
1891 1441 2077 1499 Domi-

471 1542 576 1582 nus
605 1526 754 1582 dixit
787 1545 799 1582 :
835 1528 1006 1584 Nemo
1030 1530 1297 1601 propheta
1325 1540 1579 1604 acceptus
1594 1541 1676 1588 est
1697 1533 1754 1588 in
1776 1531 1952 1605 patria
1981 1548 2077 1588 sua

473 1613 626 1684 (Luc.
679 1616 784 1686 Iv).
837 1616 983 1684 Quos
1024 1619 1264 1688 primum
1313 1629 1527 1692 oportet
1571 1621 1780 1677 ratione
1828 1621 2078 1678 veritatis

471 1703 672 1772 refelli,
706 1712 759 1759 et
806 1705 886 1761 sic
923 1706 1145 1762 demum
1176 1710 1414 1781 qualiter
1444 1710 1802 1782 intelligenda
1848 1711 1919 1765 sit
1951 1728 2068 1782 pro-
2104 1731 2147 1792 Β

469 1792 581 1848 lata
611 1795 884 1850 sententia
914 1795 1302 1854 demonstrari.
1333 1799 1580 1855 Audiant
1605 1800 1774 1873 igitur
1802 1801 2072 1873 patienter

471 1882 565 1954 qui
597 1882 714 1938 hanc
741 1883 956 1954 dicunt,
989 1886 1120 1958 quia
1149 1888 1280 1943 dum
1321 1907 1542 1946 sensum
1574 1907 1737 1946 sacrze
1769 1889 2066 1962 Scriptura:

468 1972 769 2044 prudenter
825 1992 936 2030 non
1003 1978 1372 2048 considerant,
1428 1997 1565 2052 pene
1615 1997 1806 2035 omnes
1853 1989 2070 2037 sanctos

466 2069 840 2118 contemnant.
874 2063 928 2118 Si
952 2065 1099 2121 enim
1131 2067 1208 2122 ita
1237 2077 1340 2137 est,
1363 2078 1425 2124 ut
1454 2078 1724 2138 asserunt,
1759 2087 1887 2141 ergo
1911 2079 2069 2142 quot-

463 2162 597 2226 quot
626 2170 695 2208 ex
726 2155 986 2210 Romanis
1024 2159 1297 2225 conversi,
1330 2159 1474 2230 apud
1506 2159 1781 2215 Romanos
1808 2161 2013 2231 degunt
2052 2177 2063 2215 :

463 2251 735 2316 quotquot
755 2260 823 2298 ex
845 2245 1068 2313 Grazcis,
1093 2247 1236 2318 apud
1269 2248 1485 2302 Graecos
1522 2266 1533 2303 :
1567 2257 1836 2322 quotquot
1863 2266 1931 2303 ex
1958 2249 2068 2304 Ita-

463 2331 553 2400 lis,
585 2332 728 2404 apud
777 2335 945 2390 Italos
981 2354 992 2390 :
1027 2344 1296 2409 quotquot
1339 2354 1406 2392 ex
1447 2338 1683 2407 lliberis,
1716 2337 1858 2410 apud
1891 2339 2066 2394 Ilibe—

463 2438 594 2477 ros:
633 2432 902 2496 quotquot
949 2441 1018 2480 ex
1060 2425 1422 2494 Germanicis,
1473 2427 1618 2498 apud
1659 2427 2012 2482 Germanicos
2051 2446 2062 2484 :

465 2519 735 2584 quotquot
771 2528 838 2566 ex
871 2511 1238 2584 Aquitanicis,
1292 2514 1435 2587 apud
1467 2516 1826 2588 Aquitanicos
1855 2535 1865 2572 :
1910 2524 2065 2589 quot-

466 2608 599 2673 quot
626 2618 694 2655 ex
724 2602 938 2674 Anglis,
971 2603 1114 2675 apud
1149 2604 1355 2674 Anglos
1393 2605 1646 2676 religiose
1685 2605 1904 2674 vivunt,
1949 2605 2066 2660 im—

467 2691 690 2762 perfecti
715 2699 896 2746 erunt.
925 2691 1062 2747 Ecce
1085 2693 1288 2748 Paulus
1317 2701 1370 2748 et
1396 2694 1673 2749 Antonius
1701 2711 1770 2750 ex
1791 2694 2062 2764 Thebaeis,

459 2780 604 2851 apud
630 2780 893 2836 Thebaaos
925 2783 1149 2852 perfecti
1182 2793 1329 2839 sunt.
1365 2785 1504 2840 Ecce
1529 2785 1778 2840 Hilarion
1800 2803 1864 2840 ex
1897 2785 2059 2840 Palae-

459 2868 644 2937 stinis,
674 2870 818 2941 apud
872 2871 1191 2927 Palaestinos
1222 2872 1494 2944 perfectus
1526 2882 1625 2928 est.
1659 2875 1799 2929 Ecce
1834 2873 2062 2930 Macha-

458 2959 574 3013 rius
621 2976 689 3015 ex
738 2960 1035 3031 Egyptiis,
1083 2962 1228 3032 apud
1285 2963 1580 3035 JEgyptios
1634 2965 1908 3036 perfectus
1951 2971 2054 3019 est.

455 3048 598 3103 Ecce
627 3049 1001 3121 Oxyrynchus
1049 3051 1248 3106 civitas
1289 3069 1358 3106 ex
1402 3053 1637 3124 propriis
1683 3053 1900 3108 civibus
1948 3061 2063 3108 tota
2101 3103 2140 3124 η

2189 455 2332 527 apud
2377 471 2476 510 vos
2517 455 2639 510 fieri
2682 471 2838 527 posse
2877 455 3167 525 denegant,
3199 462 3264 508 ut
3292 453 3566 526 vigilanti
3623 455 3802 511 studio

2189 543 2559 611 considerent,
2588 560 2688 599 cur
2727 560 2836 598 non
2861 543 3067 600 dixerit
3113 543 3392 599 Dominus
3424 561 3439 598 :
3477 543 3661 598 Nemo
3688 561 3802 616 pro-

2189 633 2351 706 pheta
2378 635 2650 706 perfectus
2676 642 2757 690 est
2785 635 2844 691 in
2873 633 3050 706 patria
3091 650 3213 702 sua,
3263 633 3361 690 sed
3397 651 3411 688 :
3447 635 3623 690 Nemo
3655 652 3801 689 acce-

2183 736 2309 802 ptus
2336 730 2492 786 estin
2519 731 2701 810 patria
2740 747 2840 786 sua
2879 731 3031 800 (Luc.
3079 747 3166 798 1v,
3209 729 3330 803 24).
3385 727 3504 786 Sed
3551 727 3632 785 ibi
3673 731 3800 802 quid

2188 820 2338 875 aliud
2393 819 2810 893 intelligendum
2859 829 2960 888 est,
3005 821 3112 876 nisi
3161 820 3294 892 quia
3349 836 3471 875 non
3517 828 3798 892 acceptum

2187 909 2354 976 dixit,
2385 927 2727 984 nequaquam
2757 918 3057 981 receptum.
3089 909 3252 976 Quod
3273 909 3347 965 de
3375 910 3637 982 antiquis
3667 927 3798 982 pro—

2189 997 2370 1071 phetis
2399 1007 2452 1055 et
2497 999 2674 1072 seipso
2725 998 2936 1055 dictum
2980 997 3219 1070 intelligi
3274 999 3484 1066 voluit,
3517 1000 3618 1072 qui
3663 998 3800 1070 apud

2187 1089 2500 1147 incredulos
2542 1092 2757 1148 Iudaeos
2791 1108 2901 1146 non
2943 1091 3171 1146 fuerunt
3199 1091 3438 1163 accepti,
3489 1089 3592 1147 sed
3635 1091 3802 1162 nugis

2187 1180 2376 1252 spreti,
2426 1179 2700 1252 Stephano
2747 1179 2815 1235 ad
2857 1195 2952 1236 eos
2991 1179 3211 1235 dicente
3245 1197 3257 1234 :
3313 1181 3486 1246 Quem
3518 1181 3802 1252 propheta-

2186 1285 2309 1324 rum
2338 1286 2444 1326 non
2471 1277 2593 1326 sunt
2615 1270 2878 1342 persecuti
2909 1269 3050 1341 (Act.
3087 1286 3190 1337 vn,
3218 1268 3316 1341 52)
3349 1271 3378 1325 Ῡ

2649 1394 2991 1450 EPISTOLA
3013 1393 3321 1450 ALTERA.

2258 1501 2594 1559 Praedicator
2624 1502 3020 1575 omnipotentis
3057 1501 3282 1558 Domini
3315 1502 3527 1558 Paulus
3577 1509 3804 1576 aposto-

2186 1593 2273 1650 lus
2320 1593 2497 1650 dicit:
2531 1593 2812 1648 Seniorem
2858 1609 2927 1648 ne
2971 1591 3345 1664 increpaveris
3389 1593 3534 1663 (Tit.
3581 1596 3668 1664 v).
3704 1594 3800 1650 Sed

2186 1685 2303 1742 haec
2331 1685 2448 1758 ejus
2477 1685 2747 1741 sententia
2781 1684 2837 1739 in
2868 1700 2930 1740 ea
2960 1701 3017 1740 re
3045 1684 3316 1739 servanda
3343 1693 3451 1749 est,
3482 1701 3614 1740 cum
3646 1687 3797 1758 culpa

2184 1773 2415 1830 senioris
2445 1775 2699 1846 exemplo
2742 1791 2840 1830 suo
2879 1790 2990 1829 non
3040 1773 3220 1832 tradat
3266 1772 3437 1847 [forte
3477 1775 3690 1849 trahat]
3737 1778 3798 1833 ad

2186 1863 2471 1919 interitum
2501 1863 2666 1919 corda
2689 1862 3000 1934 juniorum.
3024 1863 3128 1918 Ubi
3156 1872 3343 1919 autem
3366 1864 3560 1920 senior
3585 1864 3799 1936 juveni-

2182 1953 2286 2008 bus
2332 1953 2648 2024 exemplum
2697 1952 2766 2007 ad
2805 1952 3093 2008 interitum
3142 1953 3377 2026 praebet,
3417 1953 3502 2008 ibi
3549 1954 3798 2011 districta

2183 2041 2558 2112 increpatione
2594 2038 2877 2095 feriendus
2908 2045 3011 2105 est,
3043 2039 3173 2112 quia
3210 2039 3490 2111 scriptum
3521 2048 3603 2094 est
3637 2059 3649 2095 :
3683 2041 3796 2096 La-

2183 2130 2610 2202 queusjuuenum
2639 2146 2817 2184 omnes
2850 2146 2939 2183 vos
2973 2130 3106 2200 (Isa.
3139 2145 3278 2196 XLII,
3309 2129 3405 2200 22)
3447 2148 3462 2186 :
3497 2139 3551 2186 et
3577 2147 3790 2186 rursum

2184 2220 2448 2291 propheta
2471 2219 2609 2276 dicit
2643 2237 2654 2274 :
2688 2221 2762 2274 Et
2785 2225 3028 2290 peccator
3071 2224 3277 2273 centum
3312 2236 3588 2273 annorum
3629 2221 3795 2274 male-

2181 2312 2354 2366 dictus
2385 2310 2542 2381 (1εαί.
2566 2327 2696 2377 va,
2725 2309 2840 2380 20).
2864 2309 3038 2364 Tanta
3061 2316 3245 2363 autem
3271 2307 3527 2380 nequitia
3551 2307 3620 2362 ad
3639 2325 3790 2363 aures

2182 2416 2328 2455 meas
2356 2398 2423 2454 de
2457 2409 2552 2456 tua
2579 2405 2858 2456 senectute
2896 2397 3170 2470 pervenit,
3201 2406 3266 2452 ut
3294 2413 3415 2452 eam
3455 2396 3567 2452 nisi
3612 2385 3818 2454 adhuc‘

2182 2488 2480 2544 humanius
2509 2505 2882 2561 pensaremus,
2904 2487 3014 2542 fixa
3033 2486 3148 2558 jam
3181 2485 3580 2543 maledictione
3612 2485 3791 2542 ferire-

2182 2597 2326 2636 mus.
2378 2583 2600 2638 Dictum
2646 2580 2848 2653 quippe
2890 2587 2992 2644 est,
3040 2577 3190 2652 quod
3239 2577 3657 2633 dominicorum
3699 2577 3784 2633 die

2177 2671 2496 2744 priusquam
2538 2668 2827 2726 Missarum
2859 2668 3126 2726 solemnia
3164 2668 3500 2734 celebrares,
3537 2666 3608 2722 ad
3652 2683 3783 2722 exa-

2176 2760 2404 2816 randam
2458 2776 2689 2815 messem
2739 2759 2928 2815 latoris
2973 2759 3331 2830 praesentium
3366 2757 3657 2830 perrexisti
3686 2775 3699 2811 :
3731 2765 3782 2812 et

2177 2861 2298 2924 post
2327 2851 2699 2906 exarationem
2745 2848 2861 2921 ejus
2900 2847 3188 2904 Missarum
3233 2847 3513 2902 solemnia
3543 2845 3777 2902 celebra-

2176 2958 2280 2996 res.
2315 2942 2445 2996 Post
2483 2941 2769 2996 Missarum
2817 2938 3084 2994 solemnia
3128 2936 3298 2992 etiam
3349 2935 3614 2992 terminos
3643 2953 3777 3007 pos—

2174 3030 2480 3085 sessionum
2525 3029 2678 3085 illius
2705 3028 2982 3084 eradicare
3027 3025 3258 3081 minime
3299 3025 3560 3081 timuisti.
3611 3023 3778 3080 Dubii

642 3103 656 3104 κ
717 3103 738 3121 υ
785 3103 806 3120 .,
877 3103 908 3104 η
963 3103 990 3104 η
1403 3103 1635 3123 τμη--
1689 3103 1897 3108 ν-τ--η
1955 3103 2061 3108 πη
2127 3106 2140 3124 η
3013 3117 3022 3126 .
3699 3117 3709 3125 .

455 3141 694 3212 perfecta
723 3148 821 3196 est.
856 3141 1016 3209 Ecce,
1064 3150 1123 3197 ut
1153 3141 1220 3197 ad
1261 3103 1544 3214 proxnmds
1591 3150 1645 3198 et
1677 3143 1889 3198 vicinos
1921 3159 2058 3197 nos-
2099 3103 2141 3161 (λ
2171 3129 2351 3175 autem
2384 3120 2628 3214 fleféma
2657 3119 3140 3214 Ῐιδξδ-Ρθΐνθνδιξίξῖθ
3169 3116 3600 3214 ἶυοίξλξυυδχδθδ
3629 3115 3781 3172 ﬁlms

453 3234 566 3284 tros
607 3229 913 3295 veniamus,
947 3229 1264 3285 Prothasius
1309 3239 1362 3286 et
1407 3230 1700 3286 Gervasius
1731 3229 1786 3285 in
1837 3231 2056 3302 propria

453 3315 555 3388 hac
586 3317 980 3374 Mediolanensi
1013 3320 1261 3387 civitate,
1289 3319 1618 3391 prOpriaque
1645 3318 1810 3374 domo
1833 3334 2053 3374 manen-

453 3413 552 3472 tes,
585 3424 649 3462 ac
677 3424 772 3478 per
810 3409 999 3464 decem
1048 3427 1223 3464 annos
1255 3410 1654 3466 monachorum
1687 3411 1856 3468 vitam
1887 3427 2056 3466 exer-

448 3504 650 3560 centes,
683 3496 758 3549 ita
785 3497 1012 3564 perfecti
1045 3497 1288 3564 fuerunt,
1324 3508 1385 3553 ut
1416 3507 1685 3570 martyres
1715 3501 1930 3555 ﬁerent.
1965 3499 2052 3552 An

453 3581 596 3636 forte
621 3582 737 3634 sola
765 3589 952 3635 nostra
977 3585 1262 3652 provincia
1301 3593 1457 3640 extra
1486 3587 1631 3642 hanc
1661 3588 1904 3657 regulam
1945 3586 2054 3642 erit

448 3674 700 3737 excepta,
733 3673 935 3721 utnon
975 3675 1042 3723 de
1088 3669 1348 3740 propriis,
1399 3673 1493 3726 sed
1527 3681 1737 3729 tantum
1777 3673 1844 3729 de
1873 3685 2049 3732 extre-

444 3754 550 3810 mis
575 3753 737 3827 [forte
764 3756 1033 3830 externis]
1064 3757 1261 3814 habeat
1301 3759 1601 3814 monachos
1630 3761 1656 3816 ?
1685 3762 2047 3834 Satagendum

442 3844 614 3918 igitur
643 3848 817 3918 magis
839 3857 942 3916 est,
963 3859 1026 3905 ut
1041 3848 1134 3904 ubi
1155 3848 1278 3921 quis
1301 3847 1652 3920 fuerit,juxta
1668 3852 1908 3922 regulam
1932 3869 2048 3924 per-

442 3934 714 3992 tectorum
745 3937 918 4007 vivat,
957 3947 1028 3995 .et
1055 3955 1164 3994 non
1201 3947 1510 4010 parentum,
1545 3956 1655 3995 non
1692 3940 2046 4014 propinquo-

441 4040 587 4094 rum,
619 4043 731 4081 non
760 4026 1011 4083 aﬂinium
1034 4028 1310 4085 illecebris
1339 4045 1368 4083 a
1399 4028 1489 4083 via
1509 4030 1862 4101 perfectionis
1883 4031 2046 4087 decli-

444 4123 537 4169 net
583 4117 796 4184 (Matth.
843 4134 962 4186 xxx,
1014 4121 1131 4190 2i).
1182 4120 1271 4175 Sic
1324 4127 1490 4188 certe,
1538 4119 1702 4191 juxta
1746 4120 2046 4176 Salvatoris

439 4202 790 4269 sententiam,
814 4207 956 4273 patri
987 4210 1279 4280 matrique,
1325 4208 1591 4264 fratribus
1633 4208 2039 4283 sororibusque,

440 4287 730 4356 uxoribus,
765 4289 917 4358 ﬁliis,
950 4292 1230 4361 domibus,
1261 4295 1424 4366 agris,
1450 4305 1507 4352 et
1535 4297 1750 4353 cunctis
1770 4314 1889 4375 quae
1923 4314 2042 4370 pos-

437 4377 600 4446 sidet,
634 4381 953 4434 renuntiare
996 4382 1220 4436 valebit.
1263 4385 1376 4438 Hoc
1407 4394 1588 4440 autem
1622 4387 1746 4442 dico
1776 4403 1885 4441 non
1930 4404 2039 4459 quo

2169 3218 2355 3264 noster
2375 3209 2665 3276 Quiriacus
2693 3208 2860 3263 abbas
2887 3224 2918 3262 a
2947 3207 3106 3263 nobis
3135 3207 3439 3279 requisitus
3470 3205 3602 3260 dum
3629 3216 3778 3263 esset

2169 3297 2395 3363 Caralis,
2430 3297 2505 3352 ita
2536 3313 2592 3352 se
2621 3295 2944 3367 cognovisse
2995 3293 3299 3366 perhibuit.
3334 3295 3407 3350 Et
3437 3294 3568 3366 quia
3596 3293 3775 3350 adhuc

2167 3384 2318 3440 canis
2345 3384 2457 3440 tuis
2498 3383 2794 3456 parcimus,
2829 3383 3117 3439 hortamur
3161 3381 3468 3455 aliquando
3499 3382 3769 3454 resipisce,

2165 3489 2353 3541 senex,
2407 3482 2567 3545 atque
2609 3481 2819 3530 tantam
2869 3473 3148 3528 lenitatem
3195 3489 3418 3527 morum
3464 3480 3519 3527 et
3546 3490 3767 3544 operum

2165 3562 2577 3634 perversitatem
2608 3578 2891 3635 compesce
2927 3579 2939 3617 :
2978 3562 3072 3634 qui
3095 3569 3306 3634 quanto
3335 3564 3504 3618 morti
3535 3563 3764 3618 vicinior

2161 3657 2412 3726 eﬂiceris,
2444 3665 2599 3713 tanto
2625 3656 2746 3713 fieri
2774 3656 3070 3713 sollicitior
3105 3663 3274 3729 atque
3305 3656 3553 3713 timidior
3578 3657 3753 3712 deba.

2159 3745 2231 3799 Et
2261 3745 2484 3818 quidem
2517 3761 2688 3817 pcnnae
2730 3745 3002 3802 sententia
3035 3745 3089 3799 in
3121 3753 3176 3801 te
3205 3745 3392 3802 fuerat
3426 3744 3708 3816 jaculanda
3735 3764 3751 3812 ;

2159 3833 2255 3888 sed
2298 3834 2428 3906 quia
2473 3835 2886 3908 simplicitatem
2931 3841 3085 3890 tuam
3117 3851 3249 3890 cum
3283 3845 3559 3891 senectute
3585 3835 3754 3890 novi—

2158 3937 2300 3990 mus,
2347 3921 2572 3978 interim
2623 3931 2888 3980 tacemus.
2937 3924 3048 3978 Eos
3079 3939 3212 3978 vero
3251 3939 3488 3996 quorum
3518 3923 3750 3980 consiliis

2154 4012 2272 4070 haec
2317 4015 2496 4086 egisti,
2547 4015 2606 4071 in
2655 4013 2872 4072 duobus
2925 4013 3207 4071 mensibus
3255 4016 3749 4070 excommunicatos

2152 4105 2500 4164 decernimus
2533 4125 2545 4164 :
2581 4109 2658 4164 ita
2686 4115 2748 4163 ut
2787 4108 2834 4164 si
2875 4107 3010 4180 quid
3039 4108 3120 4163 eis
3149 4107 3299 4162 infra
3328 4106 3558 4163 duorum
3591 4123 3750 4162 men-

2151 4195 2292 4253 sium
2347 4199 2583 4272 spatium
2641 4197 2968 4255 humanitus
3023 4197 3295 4266 evenerit,
3371 4198 3750 4254 benedictione

2152 4286 2339 4342 viatici
2389 4303 2502 4343 non
2553 4287 2862 4360 priventur.
2911 4289 3182 4360 Deinceps
3219 4295 3412 4344 autem
3457 4288 3525 4344 ab
3565 4304 3748 4343 eorum

2147 4379 2398 4434 consiliis
2426 4388 2626 4435 cautus
2647 4380 2870 4447 exsiste,
2897 4389 3062 4452 teque
3088 4379 3370 4436 sollicitus
3395 4379 3608 4436 custodi
3642 4398 3654 4436 :
3685 4395 3750 4434 ne

437 4488 738 4528 secessores
785 4473 879 4546 qui
918 4473 986 4529 de
1032 4490 1201 4546 regno
1231 4475 1298 4530 ad
1337 4493 1588 4547 regnum,
1621 4477 1686 4532 de
1716 4479 1938 4550 publico
1969 4479 2038 4535 ad
2068 4459 2116 4518 Ι)
2151 4469 2198 4524 si
2227 4469 2306 4524 eis
2345 4470 2402 4524 in
2430 4471 2574 4524 malo
2609 4469 2918 4541 discipulus
2945 4470 3141 4538 fueris,
3173 4469 3384 4543 quibus
3413 4470 3668 4543 magister
3695 4470 3747 4525 in

433 4575 680 4617 eremum
712 4571 1017 4631 transeunt,
1067 4581 1281 4618 summa
1311 4564 1472 4619 laude
1517 4581 1627 4620 non
1659 4565 1854 4622 ducam
1889 4585 1901 4623 :
1935 4567 2028 4624 sed

434 4662 546 4721 quo
575 4651 741 4706 etiam
787 4651 913 4706 illos
941 4652 1036 4724 qui
1079 4654 1251 4724 magis
1291 4651 1578 4708 effectibus
1622 4652 1784 4725 [forte
1810 4656 2030 4711 affecti-

431 4736 560 4812 bus]
591 4741 820 4812 patriam
862 4742 1104 4814 fugiunt,
1133 4759 1297 4815 quam
1329 4742 1620 4815 gressibus,
1654 4743 1841 4801 felices
1867 4753 2029 4818 atque

2140 4557 2287 4614 bono
2316 4575 2430 4614 esse
2469 4559 2729 4628 debuisti,
2781 4574 2885 4616 nec
2913 4559 3265 4633 simplicitati
3305 4567 3420 4618 tum
3467 4578 3570 4619 nec
3607 4576 3747 4617 sene-

2138 4648 2277 4705 ctuti
2307 4656 2414 4705 tuae
2445 4649 2678 4706 ulterius
2706 4665 3017 4723 parcamus.
