3880 6204
137 317 285 376 1193

1395 323 1846 387 EXPLANATIO
1882 324 2205 390 SYMBOLI.

3287 346 3426 410 1191.

134 438 3426 505 W

400 630 1251 720 EXPLANATIO
1354 634 1946 725 SYMBOLI
2036 641 2200 725 AD
2287 643 3150 743 INlTIANDOS.

1166 907 1294 970 (Mar
1327 908 1515 971 Script.
1550 910 1647 960 vet.
1685 909 1893 961 ϐοηθεῖ.
1926 923 2071 978 nam,
2104 921 2238 969 tom.
2273 919 2406 980 Vll)

196 1016 495 1114 Celebrata
536 1018 800 1114 hactenus
840 1023 1103 1114 mysteria
1144 1025 1565 1114 scrutaminum.
1615 1026 1717 1114 In-
1742 1028 1793 1086 A
1819 1026 1951 1084 hinc
1979 1034 2322 1104 complevit.)
2360 1036 2474 1092 Hoc
2504 1037 2667 1097 habet
2693 1040 2975 1114 Scriptura
3002 1043 3216 1104 divina.
3250 996 3422 1107 Nun-

126 1105 412 1176 quisitum
442 1115 522 1163 est
555 1123 624 1162 ne
652 1108 1010 1165 immunditia
1040 1111 1097 1166 in
1129 1129 1355 1183 corpore
1376 1112 1609 1183 alicujus
1625 1113 1730 1168 hae-

126 1202 301 1250 reret.
336 1195 444 1250 Per
471 1197 840 1253 exorcismum
874 1200 955 1269 (1)
986 1208 1097 1255 non
1133 1201 1310 1256 solum
1342 1203 1605 1273 corporis,
1637 1201 1731 1257 sed

127 1282 299 1337 etiam
334 1284 539 1339 animas
573 1286 805 1357 quaesita
840 1295 894 1341 et.
927 1286 1182 1343 adhibita
1219 1297 1300 1343 est
1347 1288 1730 1345 sanctiﬁcatio.

125 1369 292 1425 Nunc
324 1377 548 1442 tempus
580 1380 662 1427 est
707 1380 762 1429 et
797 1373 916 1430 dies
954 1382 1017 1430 ut
1052 1375 1365 1448 symbolum
1414 1375 1725 1441 tradamus;

128 1460 279 1532 quod
311 1461 634 1531 symbolum
665 1470 747 1519 est
775 1463 1022 1534 spiritale
1048 1465 1412 1537 signaculum,
1435 1464 1617 1520 cordis
1635 1481 1730 1520 no-

125 1550 227 1604 stri
260 1550 581 1619 meditatio,
632 1560 687 1607 et
732 1554 886 1626 quasi
924 1570 1136 1627 semper
1177 1569 1414 1627 prasens
1458 1554 1726 1623 custodia,

124 1646 277 1695 certe
306 1639 608 1697 thesaurus
634 1643 873 1713 pectoris
901 1643 1098 1700 nostri.

196 1761 460 1821 Primum
493 1765 662 1839 igitur
686 1767 954 1824 rationem
984 1767 1228 1825 nominis
1261 1769 1434 1842 ipsius
1468 1768 1728 1826 debemus

127 1856 405 1929 accipere.
456 1858 780 1931 Symbolum
813 1863 998 1918 Graece
1036 1861 1263 1931 dicitur,
1314 1863 1506 1919 Latine
1544 1870 1725 1918 autem

126 1945 398 2003 collatio:
453 1956 508 2004 et
537 1949 775 2005 maxime
804 1949 1113 2021 symbolam
1143 1950 1509 2022 negotiatores
1546 1948 1726 2006 dicere

126 2042 498 2103 consuerunt,
553 2037 770 2109 quando
797 2038 1092 2095 conferunt
1129 2037 1418 2109 pecuniam
1446 2054 1622 2107 suam,
1674 2044 1729 2093 et

126 2125 285 2196 quasi
317 2142 393 2183 ex
423 2126 773 2198 singulorum
802 2127 1098 2185 collatione
1120 2129 1178 2184 in
1197 2145 1371 2186 unum
1401 2132 1724 2200 constipata,

126 2212 348 2286 integra
366 2224 426 2272 et
444 2215 787 2272 inviolabilis
816 2227 1190 2286 conservatur,
1208 2228 1270 2275 ut
1291 2235 1450 2275 nemo
1480 2219 1725 2274 fraudem

126 2303 423 2359 collationi
459 2303 637 2359 facere
664 2311 913 2370 conetur,
943 2320 1105 2359 nemo
1134 2305 1494 2377 negotiationi
1525 2322 1537 2359 :
1572 2304 1722 2360 deni-

1841 1117 1972 1186 quid
2005 1135 2167 1188 supra
2195 1125 2564 1187 apostolorum
2600 1127 2737 1182 fines
2766 1130 3017 1201 progredi
3045 1132 3246 1190 audaci
3270 1152 3419 1195 men-

1840 1210 1894 1259 te
1925 1206 2231 1264 debemus?
2269 1211 2533 1283 Nunquid
2562 1229 2662 1271 nos
2688 1232 2878 1274 sumus
2905 1220 3164 1290 apostolis
3198 1224 3420 1282 cautio—

1840 1307 1925 1348 res
1945 1294 1973 1349 7

1910 1380 2033 1449 Sed,
2066 1385 2205 1444 dicis
2233 1389 2394 1459 mihi,
2425 1401 2611 1464 postea
2639 1403 2977 1451 emerserunt
3003 1396 3250 1455 haereses.
3270 1399 3416 1468 Quid

1838 1472 2006 1561 ergo?
2036 1473 2161 1531 vide
2189 1479 2625 1551 simplicitatem,
2656 1482 2783 1538 vide
2809 1484 3119 1555 puritatem.
3149 1487 3416 1561 l’atripas-

1838 1555 1979 1611 siani
2009 1575 2135 1617 cum
2166 1566 2537 1636 emersissent,
2588 1578 2919 1642 putaverunt
2954 1573 3117 1628 etiam
3155 1555 3413 1635 catholici

1838 1643 1893 1699 in
1925 1645 2026 1704 hac
2058 1661 2209 1721 parte
2250 1655 2563 1713 addendum
2608 1658 2922 1715 inuisibilem
2947 1668 2994 1715 et
3022 1662 3411 1734 impassibilem,

1838 1734 1992 1803 quasi
2025 1737 2203 1795 Filius
2229 1742 2328 1797 Dei
2357 1744 2595 1799 visibilis
2626 1754 2681 1800 et
2705 1746 2981 1817 passibilis
3008 1749 3192 1805 fuerit.
3226 1750 3283 1805 Si
3306 1752 3415 1809 fuit

1837 1821 2078 1880 visibilis
2107 1827 2163 1882 in
2195 1846 2379 1899 carne,
2397 1848 2525 1887 caro
2545 1833 2642 1888 illa
2670 1834 2778 1889 fuit
2805 1836 3062 1900 visibilis,
3085 1853 3194 1894 non
3212 1837 3413 1895 divini-

1836 1915 1938 1967 tas.
1968 1913 2217 1987 Denique
2247 1918 2379 1989 quid
2406 1920 2553 1977 dicat
2590 1919 2755 1976 audi:
2787 1923 2954 1990 Deus,
3000 1925 3166 1991 Deus,
3210 1927 3416 1997 respice

1837 1999 1897 2056 in
1954 2018 2082 2071 me;
2125 2020 2291 2077 quare
2343 2024 2430 2064 me
2475 2009 2818 2081 dereliquisti
2844 2011 2872 2067 ?
2912 2012 2975 2067 In
3018 2014 3269 2084 passione
3312 2015 3418 2075 hoc

1836 2089 2010 2159 dicit;
2033 2094 2306 2152 Dominus
2330 2105 2516 2154 noster
2534 2099 2690 2155 Jesus
2706 2098 2958 2156 Christus
2985 2099 3091 2158 hoc
3114 2103 3415 2161 secundum

1836 2176 2117 2235 hominem
2155 2182 2371 2240 locutus
2400 2195 2503 2251 est,
2536 2186 2694 2258 quasi
2722 2204 2850 2244 caro
2876 2187 3023 2245 dicat
3050 2191 3119 2247 ad
3146 2192 3415 2248 Divinita-

1835 2273 1942 2322 tem
1970 2285 1982 2322 :
2006 2269 2183 2335 Quare
2214 2288 2300 2327 me
2329 2271 2671 2346 dereliquisti
2694 2275 2880 2347 ?Ergo
2913 2284 3054 2345 esto,
3082 2279 3282 2336 medici
3302 2281 3414 2337 fue-

128 2407 234 2465 que
264 2393 419 2450 inter
445 2392 592 2465 ipsos
621 2360 985 2465 negotiatores
1013 2393 1117 2449 ista
1147 2360 1235 2449 est
1258 2393 1615 2461 consuetudo,
1662 2399 1725 2449 ut
2244 2360 2436 2465 _':9s.tri
2462 2378 2495 2465 ἶ
2539 2362 2817 2465 vomeri?
2856 2363 3055 2465 adsere
3100 2367 3415 2465 Ῥετίθξᾶξηί

130 2480 174 2536 si
203 2482 330 2554 quis
360 2480 612 2537 fraudem
643 2482 851 2551 fecerit,
898 2482 1054 2555 quasi
1086 2482 1470 2538 fraudulentus
1499 2482 1723 2554 rejicia—

131 2577 240 2627 tur.
293 2571 486 2628 Sancti
542 2588 669 2644 ergo
724 2572 958 2644 apostoli
998 2572 1056 2627 in
1098 2588 1269 2628 unum
1313 2573 1720 2641 convenientes,

130 2659 475 2717 breviarium
516 2661 646 2718 ﬁdei
670 2661 941 2731 fecerunt,
992 2669 1056 2719 ut
1094 2663 1338 2719 breviter
1383 2662 1512 2719 ﬁdei
1552 2663 1722 2719 totius

132 2749 329 2804 seriem
363 2748 919 2820 comprehendamus.
942 2748 1191 2807 Brevitas
1219 2750 1520 2808 necessaria
1538 2758 1638 2819 est,
1659 2759 1723 2807 ut

132 2850 350 2908 semper
384 2837 654 2892 memoria
681 2844 737 2893 et
765 2837 1145 2894 recordatione
1176 2845 1446 2895 teneatur.
1493 2838 1617 2896 Scio
1663 2838 1721 2894 in

133 2925 386 2994 partibus
421 2925 660 2980 maxime
689 2925 952 2994 Orientis,
979 2927 1126 2998 quod
1155 2942 1219 2982 ea
1245 2943 1365 3000 quae
1394 2927 1573 2998 primo
1601 2934 1724 2983 tra-

132 3012 246 3070 dita
272 3021 408 3070 sunt
444 3030 476 3069 a
504 3012 803 3085 majoribus
837 3015 1039 3070 nostris
1060 3015 1167 3086 (2),
1188 3015 1319 3071 dum
1349 3017 1500 3088 quasi
1532 3016 1723 3072 fraude

132 3102 247 3171 alii,
267 3102 367 3158 alii
399 3101 708 3173 diligentia,
729 3102 919 3157 fraude
948 3102 1214 3171 haeretici,
1232 3102 1517 3175 diligentia
1538 3104 1721 3160 catho-

135 3189 225 3246 lici
250 3208 264 3257 ;
285 3191 422 3247 dum
444 3205 571 3261 ergo
589 3190 671 3245 illi
692 3190 1069 3246 fraudulenter
1083 3199 1353 3247 conantur
1370 3191 1722 3262 irrepere,ad-

133 3277 400 3336 diderunt
421 3277 568 3351 quod
598 3295 708 3334 non
737 3295 874 3351 Opus
903 3287 1018 3347 est;
1045 3278 1177 3334 dum
1205 3278 1297 3334 isti
1322 3278 1566 3335 fraudem
1590 3296 1720 3351 prae-

135 3383 327 3425 cavere
354 3365 719 3431 contendunt,
740 3366 878 3423 ﬁnes
905 3365 1176 3438 majorum
1208 3367 1360 3422 velut
1376 3367 1574 3439 pietate
1593 3385 1720 3442 qua-

133 3455 255 3512 dam
286 3463 342 3511 et
370 3454 588 3513 incuria
617 3454 879 3511 videntur
904 3470 1020 3511 esse
1047 3454 1434 3527 praetergressi.

200 3581 350 3653 Ergo
380 3580 614 3652 apostoli
648 3580 821 3637 sancti
851 3580 1241 3637 convenientes
1270 3579 1517 3637 fecerunt
1560 3598 1723 3654 sym-

133 3668 321 3725 bolum
360 3669 623 3725 breviter.
676 3669 895 3740 Signate
930 3686 1045 3726 vos.
1105 3670 1224 3737 Quo
1262 3670 1425 3738 facto,
1470 3678 1525 3726 et
1565 3670 1716 3727 dicto

133 3760 385 3828 symbolo
413 3776 425 3814 :
460 3758 518 3813 in
545 3757 650 3813 hoc
681 3758 934 3830 symbolo
961 3757 1226 3815 divinitas
1254 3758 1538 3815 Trinitatis
1564 3766 1714 3816 aeter-

133 3863 214 3904 nae
243 3847 659 3904 evidentissima
687 3847 1079 3919 comprehensa
1116 3855 1198 3904 est
1240 3848 1407 3905 unius
1436 3849 1717 3920 operatio-

132 3936 235 3993 nis.
280 3938 499 3993 Patrem
523 3943 570 3991 et
599 3937 800 3991 Filium
827 3943 875 3991 et
901 3937 1161 4007 Spiritum
1197 3945 1457 4006 sanctum,
1507 3941 1609 3995 hoc
1636 3948 1719 3997 est

132 4026 504 4083 venerabilem
535 4025 880 4083 Trinitatem.
934 4027 1009 4082 Et
1050 4027 1198 4099 quod
1237 4027 1373 4084 ﬁdes
1411 4036 1597 4084 nostra
1641 4028 1718 4086 ita

132 4116 223 4183 sit,
271 4123 337 4171 ut
367 4113 485 4185 pari
515 4128 707 4183 genere
746 4114 1034 4170 credamus
1062 4115 1121 4169 in
1150 4115 1367 4171 Patrem
1410 4126 1465 4171 et
1512 4116 1715 4173 Filium

130 4212 181 4260 et
208 4204 481 4276 Spiritum
512 4207 781 4254 sanctum.
814 4199 919 4255 Ubi
950 4202 1098 4255 enim
1130 4203 1285 4257 nulla
1318 4202 1578 4260 discretio
1607 4222 1716 4262 ma-

125 4291 339 4363 iestatis
383 4296 486 4356 est,
536 4303 637 4343 nec
666 4286 794 4341 ﬁdei
823 4287 984 4342 debet
1021 4303 1138 4344 esse
1175 4288 1454 4346 discretio.
1506 4292 1715 4351 Deinde

132 4381 448 4454 frequenter
497 4376 782 4445 admonui,
820 4375 966 4449 quod
1020 4377 1289 4434 Dominus
1336 4388 1521 4436 noster
1561 4381 1715 4438 Iesus

131 4467 384 4525 Christus
426 4466 601 4522 Filius
637 4464 738 4522 Dei
783 4466 933 4521 solus
975 4481 1193 4522 carnem
1238 4466 1397 4524 istam
1453 4469 1710 4543 suscepit,

130 4560 373 4632 corporis
400 4557 597 4613 forma.
647 4555 903 4628 Corporis
955 4556 1115 4614 istius
1151 4558 1379 4615 veritate
1428 4560 1603 4618 factus
1632 4568 1714 4618 est

130 4657 187 4703 ut
218 4650 383 4704 homo
408 4667 420 4705 :
470 4648 562 4704 sed
592 4645 756 4702 habet
786 4646 1060 4718 singulare
1086 4647 1436 4722 privilegium
1481 4667 1714 4722 genera-

133 4735 295 4791 tionis
314 4753 425 4791 sum
450 4753 461 4791 :
496 4751 603 4790 non
637 4734 784 4789 enim
815 4750 884 4790 ex
915 4734 1067 4789 virili
1098 4744 1256 4791 natus
1285 4746 1366 4793 est
1384 4739 1711 4807 semine,sed

130 4832 399 4889 generatus
441 4824 666 4894 Spiritu,
699 4822 899 4895 inquit,
932 4827 1108 4878 saneto
1152 4840 1217 4879 ea:
1260 4826 1441 4881 Maria
1489 4828 1707 4898 virgine.

131 4909 546 4983 Prmrogalivam
570 4910 807 4967 auctoris
828 4910 1064 4967 caelestis
1083 4912 1366 4983 agnoscis;
1391 4913 1567 4971 factus
1592 4915 1709 4987 qui-

133 4994 248 5051 dem
281 5007 341 5053 ut
370 4999 558 5067 homo,
606 5004 668 5052 ut
697 4996 1045 5053 inﬁrmitates
1079 5005 1293 5054 nostras
1334 4998 1392 5055 in
1424 5016 1521 5056 sua
1548 5019 1709 5059 carne

133 5087 543 5159 susciperet,scd
573 5104 697 5143 cum
730 5086 1021 5159 privilegio
1048 5088 1201 5144 venit
1231 5087 1530 5159 majestatis
1557 5100 1709 5147 arter-

134 5188 230 5230 nze.
279 5177 424 5248 Ergo
471 5178 719 5233 dicamus
747 5175 1081 5248 symbolum.
1133 5178 1227 5248 (Et
1279 5193 1403 5233 cum
1452 5177 1706 5249 dixisset,

205 5316 283 5385 (1)
322 5317 681 5373 Exorcismus
699 5317 900 5387 legitur
924 5316 982 5371 in
1005 5316 1280 5373 Ambrosii
1305 5316 1546 5373 editione
1561 5319 1707 5375 Mau-

138 5385 251 5440 rina
273 5394 313 5442 t.
342 5388 410 5460 ll,
439 5388 562 5460 ﬁn”
593 5385 841 5460 sumptus
863 5387 1123 5445 videlicet
1143 5405 1212 5444 ex
1233 5389 1500 5445 Vaticano
1521 5406 1707 5460 perve-

141 5461 248 5511 tere
275 5457 460 5515 codice
485 5458 580 5526 82,
621 5457 803 5515 saeculi
838 5476 914 5514 xi.

137 5527 285 5666 “$23
323 5528 423 5583 Par
453 5530 723 5586 sententia
764 5538 846 5584 est
881 5529 1024 5601 apud
1053 5530 1338 5597 Ruﬁnum,
1386 5530 1597 5589 Comm.
1648 5532 1710 5590 in

442 5696 684 5755 Panos.
722 5696 901 5754 XVII.

1833 2444 2121 2500 sanitatem
2137 2464 2158 2510 ;
2179 2446 2452 2503 medicina
2474 2464 2582 2503 non
2599 2450 2885 2520 quaeritur.
2912 2452 3057 2523 Ergo
3073 2454 3121 2509 si
3142 2456 3417 2514 medicina

1833 2548 1943 2588 non
1976 2532 2082 2587 fuit
2107 2549 2171 2588 eo
2202 2541 2444 2605 tempore
2476 2537 2798 2603 necessaria,
2841 2554 2951 2609 quo
2976 2548 3092 2595 erat
3119 2541 3415 2601 heretico-

1832 2635 1954 2674 rum
1985 2620 2346 2691 quorumdam
2375 2622 2553 2692 gravis
2582 2621 2849 2693 aegritudo
2876 2624 3185 2683 animorum
3211 2645 3224 2683 :
3265 2638 3322 2685 et
3363 2631 3414 2689 si

1833 2706 1941 2762 fuit
1988 2714 2121 2762 tunc
2158 2708 2420 2780 temporis
2471 2708 2784 2781 quaerenda,
2831 2726 2981 2767 nunc
3007 2728 3108 2768 nos
3139 2724 3241 2772 est.
3295 2716 3415 2783 Qua

1832 2794 2045 2850 ratione
2061 2796 2088 2851 ?
2102 2795 2264 2851 Fides
2295 2794 2504 2868 integra
2533 2798 2796 2854 adversus
2818 2798 3414 2860 Sabellianos.Exclusi

1833 2892 1965 2940 sunt
1991 2884 2286 2941 Sabelliani
2317 2885 2556 2940 maxime
2584 2883 2652 2940 de
2681 2886 2927 2957 partibus
2955 2887 3288 2946 Occidentis.
3323 2892 3412 2949 Ex

1832 2969 1929 3025 illo
1956 2970 2197 3026 remedio
2219 2971 2411 3027 Ariani
2432 2971 2763 3028 invenerunt
2777 2972 2883 3029 sibi
2904 2990 3073 3046 genus
3085 2977 3407 3036 calumnia:

1831 3066 1886 3114 et
1911 3060 2170 3130 quoniam
2199 3059 2513 3132 symbolum
2544 3061 2801 3118 Romanae
2831 3063 3089 3120 Ecclesia:
3121 3082 3220 3122 nos
3247 3074 3413 3125 tene-

1830 3163 1954 3201 mus
1978 3148 2083 3217 (3),
2106 3147 2229 3203 ideo
2256 3148 2534 3203 visibilem
2568 3157 2623 3204 et
2653 3149 2965 3221 passibilem
2995 3151 3210 3208 Patrem
3235 3154 3410 3211 omni-

1830 3242 2107 3307 potentem
2155 3234 2240 3289 illi
2286 3233 2623 3291 aestimarent
2669 3243 2723 3291 et
2764 3235 3043 3292 dicerent:
3098 3239 3254 3295 vides
3280 3240 3414 3312 quia

1829 3323 2143 3393 symbolum
2174 3322 2255 3378 sic
2283 3321 2505 3389 habent,
2534 3330 2597 3377 ut
2626 3321 2902 3377 visibilem
2934 3324 3137 3379 Filium
3165 3333 3219 3381 et
3243 3328 3409 3398 passi-

1829 3410 1996 3467 bilem
2028 3411 2420 3483 designarent?
2463 3411 2608 3479 Quid
2637 3411 2813 3483 ergo?
2856 3412 2961 3468 Ubi
3009 3412 3146 3469 ﬁdes
3192 3414 3407 3487 integra

1831 3509 1933 3567 est,
1954 3499 2237 3555 sufﬁciunt
2264 3508 2533 3571 praecepta
2562 3498 2953 3570 apostolorum.
2977 3498 3268 3558 Cautiones
3282 3501 3411 3559 licet

1830 3588 2170 3645 sacerdotum
2225 3604 2335 3644 non
2373 3587 2745 3661 requirantur.
2794 3585 3022 3654 Quare?
3062 3588 3191 3661 quia
3225 3589 3409 3648 tritico

1828 3675 2073 3733 immista
2094 3676 2303 3731 zizania
2329 3685 2478 3732 sunt.

1900 3764 2043 3820 Hinc
2063 3763 2398 3836 symbolum.
2430 3764 2598 3821 Credo
2618 3764 2830 3821 unicum
2847 3764 3133 3821 Dominum
3150 3771 3406 3824 nostrum.

1827 3853 1918 3910 Sic
1936 3852 2121 3908 dicite:
2148 3852 2348 3907 Filium
2372 3852 2488 3921 ejus
2506 3853 2737 3907 unicum.
2755 3853 2876 3908 Non
2895 3851 3094 3907 unicus
3111 3853 3411 3912 Dominus?

1828 3939 1982 3996 Unus
2012 3941 2158 3995 Deus
2198 3948 2300 4007 est,
2330 3956 2474 3996 unus
2500 3949 2557 3996 et
2593 3938 2898 3996 Dominus:
2957 3939 3049 3994 sed
3092 3955 3160 3995 ne
3205 3942 3408 3998 calum-

1828 4027 2052 4083 nientur
2085 4035 2139 4083 et
2176 4025 2382 4094 dicant,
2433 4026 2561 4099 quia
2590 4042 2700 4081 una
2727 4041 2965 4099 persona.
3004 4024 3110 4097 (4),
3161 4026 3410 4084 dicamus

1827 4115 2030 4171 Filium
2056 4119 2218 4169 etiam
2247 4114 2475 4170 unicum
2504 4112 2805 4168 Dominum
2833 4119 3106 4169 nostrum.
3154 4113 3294 4181 Quia
3340 4114 3410 4172 de

1826 4200 2118 4259 divinitate
2145 4199 2321 4255 Patris
2346 4208 2399 4257 et
2428 4198 2559 4255 Filii
2588 4199 2811 4256 venitur
2850 4199 2919 4256 ad
2968 4200 3408 4259 incarnationem

1826 4289 1999 4361 ipsius
2054 4288 2147 4358 qui
2190 4293 2346 4342 natus
2386 4293 2435 4342 et
2470 4287 2741 4359 sepultus:
2788 4286 2955 4343 habes
2998 4296 3053 4343 et
3101 4287 3406 4359 passionem

1826 4376 2018 4449 ipsius,
2067 4385 2118 4431 et
2148 4376 2505 4447 sepulturam.
2561 4375 2735 4432 Tertio
2763 4374 2847 4430 die
2871 4394 2907 4430 a
2934 4376 3196 4441 mortuis;
3238 4376 3408 4434 habes

1824 4474 1879 4523 et
1925 4464 2379 4521 resurrectionem
2417 4463 2552 4535 ejus.
2605 4462 2853 4519 Ascendit
2878 4470 2928 4519 et
2952 4465 3087 4520 sedet
3113 4465 3184 4520 ad
3221 4465 3408 4522 dexte-

1823 4574 1942 4613 ram
1971 4557 2171 4612 Putris.
2217 4555 2385 4613 Vides
2415 4572 2542 4628 ergo
2567 4555 2697 4627 quia
2728 4570 2855 4611 caro
2882 4553 3165 4611 divinitati
3207 4555 3407 4613 immi-

1823 4662 1991 4701 nuere
2020 4644 2099 4699 nil
2132 4645 2348 4717 potuit;
2400 4643 2511 4698 imo
2560 4642 2627 4697 de
2675 4642 3051 4699 incarnatione
3088 4642 3406 4716 triumphus

1824 4752 2053 4807 magnus
2083 4734 2343 4807 quaesitus
2368 4739 2451 4788 est
2478 4731 2719 4790 Christo.
2750 4730 2867 4798 Qua
2896 4731 3107 4787 ratione
3133 4732 3279 4788 enim
3308 4732 3404 4789 ubi

1823 4823 1891 4881 de
1920 4833 2093 4881 morte
2120 4823 2387 4891 ascendit,
2420 4821 2570 4878 sedet
2596 4820 2665 4876 ad
2692 4819 2972 4876 dexteram
2996 4820 3212 4877 Patris?
3238 4821 3405 4889 Quasi

1822 4915 1916 4987 qui
1966 4914 2111 4970 Patri
2151 4911 2400 4969 retulerit
2446 4911 2604 4967 bonae
2644 4908 2884 4965 fructum
2918 4909 3238 4965 voluntatis.
3284 4911 3406 4966 Duo

1822 5003 2021 5059 habes:
2083 5002 2322 5058 surrexit
2345 5019 2380 5057 α
2405 5007 2591 5068 morte,
2639 4999 2776 5055 sedet
2802 4999 2873 5054 ad
2902 4999 3172 5054 dexteram
3201 4999 3403 5055 Patris.

1822 5095 2049 5151 Nullum
2079 5110 2207 5166 ergo
2259 5093 2437 5164 potuit
2463 5091 2654 5147 aﬁ‘erre
2702 5105 2829 5147 caro
2859 5088 3176 5147 divinitatis
3219 5091 3405 5162 glorias

1821 5181 2234 5237 detrimentum.
2260 5182 2381 5236 Duo
2403 5178 2568 5235 habes
2600 5194 2611 5233 :
2636 5184 2731 5233 aut
2760 5176 2913 5249 quasi
2944 5176 3243 5234 secundum
3273 5194 3405 5249 prae-

1897 5323 1979 5393 (3)
2018 5322 2196 5377 Nullis
2226 5319 2615 5393 additamentis
2645 5316 3063 5393 fuisseauct'um
3094 5318 3403 5393 Romanum

1823 5388 2158 5464 symbolum,
2173 5399 2229 5446 et
2256 5391 2472 5464 publice
2502 5390 2570 5444 ab
2597 5388 3128 5464 initiandisreeitari
3155 5388 3402 5454 solitum,

1823 5458 2009 5542 narrat
2030 5458 2271 5518 Ruﬁnus
2284 5462 2388 5517 loc.
2410 5460 2531 5528 cit.,
2554 5460 2653 5533 qui
2675 5468 2857 5516 tamen
2876 5458 3227 5532 Aquileiense
3244 5471 3404 5514 suum

1824 5541 2183 5677 wiiitlgéd,
2214 5617 2377 5656 unum
2397 5600 2722 5673 passionum.

2632 5694 2635 5697 ’
3019 5690 3091 5748 38
