3880 6204
442 297 582 363 1198

1448 278 1543 338 ΑΙ)
1581 278 1814 337 ΟΡΕΒΑ
1849 276 1906 335 S.
1941 274 2271 336 AMBROSII
2306 267 2681 331 APPENDIX.

3596 272 3726 327 11ϋὸ

437 415 741 493 rogativatn
765 407 1080 473 divinitatis
1093 416 1146 469 et
1165 404 1485 468 substantiae
1517 400 1883 475 generationis
1904 416 2014 456 sua:
2048 404 2099 462 A
2136 397 2381 472 pecuniae
2420 397 2560 454 hanc
2601 390 2801 453 habent
2826 393 3022 466 legem,
3057 400 3134 493 .ut
3166 393 3213 449 si
3405 392 3727 493 symbolam

435 490 708 569 Dominus
734 510 920 561 noster
958 501 1114 557 Jesus
1138 496 1391 555 Christus
1417 492 1569 548 sedet
1605 490 1672 546 ad
1710 490 2015 556 dexteram,

437 611 472 654 a
502 602 677 654 morte
706 590 983 656 surrexit;
1014 592 1109 647 aut
1131 592 1277 642 certe
1296 579 1451 654 quasi
1478 576 1846 649 triumphator
1866 583 2015 631 aeter-

436 700 543 743 nus
572 682 668 757 qui
694 682 901 739 bonum
931 687 1161 746 regnum
1331 664 1863 757 Patricomparavit,
1884 678 2018 757 prie:

437 747 745 847 rogat-iram
782 764 890 822 sibi
928 776 1040 819 suae
1068 754 1317 818 victoriae
1342 752 1671 826 vindicavit,
1716 751 1908 814 sedens
1948 747 2019 807 ad

437 862 721 920 dexteram
748 850 946 910 Patris.

508 948 762 1005 Judicare
791 943 876 1016 (ὅ)
912 937 1059 997 vicos
1079 946 1131 997 et
1148 941 1403 998 mortuos.
1455 929 1624 1004 Audi,
1669 931 1855 991 homo.
1904 933 2023 990 De-

437 1036 536 1093 bes
563 1031 786 1106 quidem
822 1027 936 1087 cito
976 1027 1216 1086 credere.
1266 1023 1428 1083 Fides
1480 1023 1600 1096 ipsa
1642 1020 1711 1079 de
1755 1017 2025 1106 charitate

443 1105 748 1197 promatur.
819 1116 926 1186 Qui
980 1124 1145 1185 amat,
1201 1113 1282 1171 nil
1336 1111 1585 1185 derogat:
1637 1108 1868 1197 amicus,
1928 1105 2026 1179 qui

439 1196 681 1268 amicum
709 1214 877 1275 amat,
926 1204 1069 1263 nihil
1096 1203 1322 1275 derogat
1350 1220 1361 1258 :
1408 1200 1505 1275 qui
1529 1206 1676 1256 amat
1702 1196 2022 1265 Dominum,

439 1298 618 1355 multo
648 1294 821 1368 magis
848 1309 961 1350 non
990 1292 1152 1349 debet
1173 1291 1450 1362 derogare.
1480 1287 1659 1355 Quare
1687 1286 1813 1343 dico
1843 1284 1979 1339 sedet
1997 1283 2027 1339 9

440 1388 549 1457 Qui
596 1392 763 1453 amat,
812 1382 977 1440 habet
1023 1380 1158 1455 quid
1194 1380 1404 1437 timeat.
1451 1376 1606 1435 Unde
1654 1381 1705 1432 et
1745 1374 2025 1430 mortuos?

441 1476 564 1549 Ipse
589 1474 661 1531 de
687 1472 848 1530 nobis
871 1471 1221 1546 judicaturus
1245 1475 1347 1526 est.
1397 1466 1543 1527 Cave
1578 1480 1706 1537 ergo
1743 1461 2027 1521 detrahere

440 1562 518 1632 ei,
559 1576 722 1636 quem
760 1559 1006 1633 judicem
1034 1559 1325 1617 habiturus
1351 1573 1430 1616 es.
1473 1555 1652 1623 Quare
1679 1552 1785 1610 hoc
1812 1557 2027 1623 myste—

445 1650 593 1709 rium
617 1649 648 1706 γ
692 1647 956 1722 Nunquid
985 1663 1096 1704 non
1135 1661 1307 1703 unum
1332 1643 1606 1717 judicium
1650 1648 1733 1698 est
1760 1638 1936 1699 Patris
1971 1644 2027 1694 et

447 1739 580 1799 Filii
607 1747 662 1796 et
689 1738 931 1811 Spiritus
955 1734 1129 1792 sancti
1153 1733 1185 1795 'i
1209 1731 1470 1805 Nunquid
1498 1746 1607 1786 non
1637 1744 1748 1786 una
1772 1727 2029 1782 voluntas

2124 503 2285 545 suam
2314 484 2630 552 violaverit,
2663 485 2945 556 improbus
2972 489 3027 537 et
3055 479 3392 536 intestabilis
3432 478 3725 549 habeatur,

2126 579 2305 635 multo
2334 574 2507 649 magis
2535 573 2841 631 cavendum
2879 579 2963 631 est
2988 570 3169 641 nobis,
3219 585 3289 627 ne
3335 568 3409 627 de
3449 566 3725 640 majorum

2127 664 2381 738 symbolo
2410 662 2622 736 aliquid
2651 662 3009 719 detrahatur:
3063 675 3189 717 cum
3227 657 3440 715 habeas
3475 658 3539 713 in
3590 656 3726 713 libro

2127 753 2487 826 Apocalypsis
2532 750 2787 818 Joannis,
2837 750 2932 822 qui
2976 748 3197 804 libellus
3236 745 3631 813 canonizatur,
3675 753 3725 802 et

2130 841 2372 899 maxime
2418 839 2484 897 ad
2524 838 2651 896 ﬁdei
2682 838 2903 913 proﬁcit
2945 838 3414 894 fundamentum:
3469 834 3555 891 ibi
3583 835 3725 890 enim

2130 930 2414 986 evidenter
2441 927 2870 999 omnipotentem
2901 926 3199 982 Dominum
3235 934 3499 982 nostrum
3545 923 3729 979 Iesum

2134 1017 2411 1077 Christum
2443 1015 2786 1073 memoravit.
2837 1013 2992 1070 Licet
3018 1021 3073 1070 et
3099 1014 3159 1070 in
3187 1013 3317 1070 aliis
3346 1011 3514 1080 locis,
3547 1017 3729 1067 tamen

2136 1107 2192 1162 in
2222 1107 2339 1178 ipso
2370 1105 2557 1162 libello
2584 1122 2597 1160 :
2620 1104 2676 1161 Si
2706 1102 2853 1177 quis,
2888 1102 3091 1175 inquit,
3114 1100 3394 1157 addiderit
3423 1107 3525 1157 aut
3553 1099 3731 1155 detra-

2134 1196 2300 1263 xerit,
2341 1194 2614 1267 judicium
2657 1191 2763 1250 sibi
2806 1191 2984 1250 sumit
3026 1200 3083 1247 et
3124 1207 3368 1264 poenam.
3421 1190 3523 1248 Sic
3562 1190 3733 1246 unius

2136 1290 2369 1363 apostoli
2398 1288 2683 1362 scripturis
2711 1287 2854 1345 nihil
2882 1295 2964 1343 est
2992 1285 3423 1351 detrahendum,
3458 1283 3613 1341 nihil
3641 1283 3732 1339 ad-

2135 1381 2397 1449 dendum,
2428 1378 2889 1452 quemadmodum
2921 1392 3021 1432 nos
3048 1377 3304 1448 symbolo
3333 1374 3491 1448 quod
3520 1375 3733 1445 accepi-

2137 1486 2259 1525 mus
2286 1469 2354 1525 ab
2382 1467 2641 1541 apostolis
2674 1466 2938 1523 traditum
2965 1472 3129 1536 atque
3160 1463 3565 1535 compositum,
3590 1462 3734 1517 nihil

2136 1558 2397 1615 debemus
2424 1556 2728 1621 detrahere,
2762 1554 2901 1609 nihil
2932 1552 3248 1624 adjungere.
3280 1553 3402 1609 Hoc
3428 1561 3627 1608 autem
3657 1559 3737 1608 est

2136 1647 2448 1720 symbolum
2478 1644 2623 1717 quod
2654 1645 2896 1701 Romana
2922 1642 3172 1699 Ecclesia
3201 1648 3373 1707 tenet,
3394 1641 3499 1696 ubi
3521 1640 3737 1712 primus

2135 1737 2510 1809 apostolorum
2536 1733 2730 1792 Petrus
2759 1731 2920 1803 sedit,
2942 1739 2997 1791 et
3020 1744 3375 1795 communem
3393 1729 3733 1789 sententiam

443 1792 580 1886 est
606 1792 1013 1897 Nunquian
1039 1792 1471 1893 unaimajestas?
1488 1819 1665 1887 Quare
1686 1815 1790 1873 tibi
1819 1815 2023 1871 dicitur
2053 1792 2101 1854 Β
2134 1792 2200 1884 εξ)
2220 1792 2447 1886 again

444 1912 594 1989 quod
622 1913 800 1970 Filius
822 1911 1174 1983 judicaturus
1200 1916 1302 1977 est,
1344 1908 1452 1965 nisi
1481 1914 1544 1963 ut
1569 1904 1841 1976 intelligas
1878 1901 2023 1958 nihil

443 2001 589 2061 Filio
617 1998 989 2072 derogandum
1020 1998 1050 2054 τ
1094 1998 1240 2069 Ergo
1266 1994 1393 2053 vide
1419 2011 1433 2051 :
1481 1994 1670 2053 credes
1698 1993 1756 2048 in
1785 1993 2021 2057 Patrem,

442 2087 634 2149 credes
658 2094 716 2144 et
740 2087 799 2144 in
827 2085 1053 2143 Filium.
1081 2084 1154 2141 Et
1179 2082 1316 2157 quid
1345 2082 1511 2139 tertio
1528 2081 1560 2138 ?
1587 2088 1641 2137 et
1668 2081 1727 2136 in
1758 2079 2024 2151 Spiritum

446 2186 716 2236 sanctum.
766 2174 1119 2246 Quaecunque
1146 2170 1382 2244 accipies
1416 2176 1775 2236 sacramenta,
1822 2167 1881 2222 in
1924 2167 2028 2221 hac

445 2264 697 2324 trinitate
723 2261 978 2337 accipies.
1023 2261 1196 2320 Nemo
1224 2268 1279 2318 te
1306 2260 1480 2316 fallat.
1514 2258 1681 2316 Vides
1707 2271 1833 2327 ergo
1859 2254 2028 2310 unius

445 2352 803 2428 operationis,
835 2350 1005 2408 unius
1030 2346 1503 2415 sanctiﬁcationis,
1533 2346 1702 2402 unius
1732 2341 2026 2415 majestatis

444 2459 564 2503 esse
589 2440 965 2500 venerabilem
995 2438 1343 2495 Trinitatem.

519 2540 661 2599 Sane
679 2537 865 2610 accipe
892 2537 1162 2595 rationem
1193 2531 1654 2608 quemadmodum
1676 2530 1948 2590 credimus
1970 2532 2025 2585 in

452 2637 732 2689 auctorem
758 2645 774 2695 ;
808 2641 877 2683 ne
906 2625 1048 2682 forte
1076 2624 1249 2692 dicas,
1265 2622 1369 2679 Sed
1385 2623 1549 2681 habet
1570 2632 1626 2679 et
1642 2622 1700 2677 is
1717 2622 2025 2687 Ecclesium,

450 2717 546 2776 sed
572 2717 737 2775 habet
774 2722 831 2771 et
864 2714 924 2770 in
948 2712 1307 2770 missionem
1330 2718 1683 2783 peccatorum,
1730 2710 1824 2766 sed
1868 2708 2031 2764 habet

449 2814 505 2862 et
529 2805 587 2860 in
614 2802 1067 2860 resurrectionem.
1098 2800 1245 2869 Quid
1271 2816 1399 2874 ergo
1416 2800 1448 2857 ?
1496 2800 1598 2856 Par
1627 2814 1788 2855 causa
1811 2804 1910 2853 est.
1940 2796 2030 2852 Sic

447 2892 723 2950 credimus
775 2889 837 2945 in
893 2888 1198 2958 Christum,
1246 2889 1327 2947 sic
1366 2889 1642 2947 credimus
1688 2890 1747 2945 in
1794 2890 2027 2955 Patrem,

448 2973 913 3051 quemadmodum
938 2974 1217 3032 credimus
1243 2982 1298 3032 et
1325 2976 1383 3031 in
1414 2977 1735 3044 Ecclesiam,
1766 2985 1818 3033 et
1846 2977 1905 3032 in
1935 2991 2031 3032 re—

447 3063 766 3123 missionem
791 3067 1161 3135 peccatorum,
1182 3070 1239 3119 et
1263 3063 1323 3120 in
1350 3067 1531 3122 carnis
1555 3066 2027 3123 resurrectionem.

448 3155 581 3223 Qum
608 3152 752 3211 ratio
776 3150 905 3209 est?
948 3148 1091 3219 Quia
1112 3152 1208 3226 qui
1231 3153 1407 3211 credit
1437 3154 1495 3211 in
1524 3164 1821 3223 auctorem,
1853 3155 2031 3210 credit
2063 3144 2106 3204 Ο

445 3252 505 3304 et
529 3244 588 3301 in
617 3260 755 3319 opus
780 3242 1043 3303 auctoris.
1089 3243 1338 3319 Denique
1375 3261 1443 3302 ne
1471 3244 1577 3302 hoc
1607 3244 1812 3317 ingenii
1855 3244 2030 3300 nostri

446 3333 673 3407 putetis,
694 3333 928 3408 accipite
944 3332 1326 3392 testimonium
1354 3352 1365 3390 :
1390 3333 1449 3392 Si
1479 3333 1617 3390 mihi
1647 3349 1758 3389 non
1787 3333 2030 3400 creditis,

445 3423 537 3480 vel
582 3424 843 3498 operibus
881 3424 1108 3484 credite.
1148 3424 1294 3497 Ergo
1325 3424 1431 3482 hoc
1458 3424 1643 3483 habes.
1692 3425 1851 3484 Nunc
1900 3424 2033 3479 ﬁdes

444 3519 542 3567 tua
568 3510 807 3583 amplius
834 3511 1096 3580 elucebit,
1141 3511 1189 3567 si
1218 3513 1278 3567 in
1309 3529 1447 3585 opus
1473 3513 1712 3570 auctoris
1753 3514 1837 3569 tui
1867 3512 2030 3567 ﬁdem

443 3612 629 3652 veram
678 3603 736 3651 et
774 3596 1045 3667 integram
1092 3599 1372 3668 putaveris
1411 3600 1779 3657 deferendam.
1826 3602 1890 3655 In
1934 3603 2030 3655 Ec-

443 3681 656 3738 clesium
681 3686 937 3750 sanctam,
958 3689 1007 3738 et
1031 3682 1090 3737 in
1120 3682 1473 3739 remissionem
1490 3693 1842 3756 peccatorum.
1863 3687 2033 3744 Crede

446 3784 575 3843 ergo
597 3784 669 3826 ex
698 3768 829 3839 ﬁde,
877 3770 1009 3846 quia
1034 3769 1221 3828 omnia
1256 3770 1361 3828 tibi
1392 3781 1615 3847 peccata
1651 3774 2028 3834 remittuntur.

446 3857 624 3927 Quare
653 3858 837 3934 legisti
867 3860 925 3917 in
950 3860 1276 3935 Evangelio,
1304 3861 1520 3921 dicente
1550 3865 1824 3923 Domino:
1873 3867 2034 3924 Fides

440 3953 541 4004 tua
567 3955 623 4005 te
652 3948 869 4007 salvum
897 3948 1048 4009 fecit.
1083 3952 1551 4012 Resurrectionem.
1579 3954 1750 4015 Crede
1780 3958 1908 4032 quia
1937 3975 2034 4017 re-

444 4043 629 4109 surget
670 4046 726 4096 et
762 4055 909 4098 caro.
958 4040 1105 4110 Quid
1145 4043 1297 4102 enim
1339 4060 1477 4118 Opus
1502 4045 1630 4116 fuit,
1679 4055 1742 4103 ut
1783 4048 2032 4106 Christus

446 4137 668 4179 carnem
709 4127 1061 4201 susciperet?
1117 4130 1254 4206 quid
1308 4148 1446 4207 opus
1496 4135 1624 4204 fuit,
1671 4143 1733 4193 ut
1785 4136 2034 4195 Christus

444 4214 686 4298 mortem
707 4219 968 4282 gustaret,
1005 4217 1341 4289 sepulturam
1369 4222 1668 4293 susciperet
1696 4231 1750 4278 et
1779 4241 2033 4298 resurge-

444 4301 551 4363 ret,
581 4295 690 4353 nisi
715 4307 936 4373 propter
960 4308 1111 4361 tuam
1141 4308 1597 4367 resurrectionem
1620 4312 1649 4367 Ῥ
1700 4312 1895 4369 Totum
1928 4295 2032 4371 hoc

445 4390 847 4442 sacramentum
893 4393 1002 4444 tuae
1043 4396 1127 4445 est
1167 4396 1606 4454 resurrectionis.
1662 4399 1719 4454 Si
1779 4399 2030 4458 Christus

447 4485 558 4527 non
592 4473 913 4563 resurrexit,
944 4490 1086 4532 vana
1112 4485 1193 4535 est
1220 4478 1357 4537 ﬁdes
1383 4492 1602 4540 nostra:
1652 4487 1747 4543 sed
1776 4488 1904 4563 quia
1933 4505 2031 4545 re-
2056 4492 2107 4552 D

445 4559 705 4630 surrexit,
734 4560 858 4619 ideo
885 4562 1046 4621 ﬁrma
1070 4573 1154 4623 est
1180 4564 1315 4625 ﬁdes
1348 4578 1555 4629 nostra.

515 4657 661 4733 Ergo
696 4657 818 4716 dixi
864 4663 1139 4739 apostolos
1182 4663 1499 4744 symbolum
1533 4673 1922 4745 composuisse.
1974 4680 2027 4733 Si

443 4757 571 4816 ergo
626 4748 894 4807 mercium
943 4752 1173 4813 istarum
1221 4755 1588 4831 negotiatores
1642 4769 1696 4815 et
1742 4762 2031 4827 collatores

521 4903 604 4974 (ὅ)
644 4904 1018 4966 Ρτωιθιιωὶδεα
1058 4911 1116 4967 in
1152 4913 1342 4971 codice
1375 4915 1541 4975 verba
1585 4919 1744 4979 uncis
1780 4922 2025 4983 include.

2207 1915 2353 1989 Ergo
2377 1914 2836 1990 quemadmodum
2867 1909 3157 1976 duodecim
3185 1910 3448 1988 apostoli,
3493 1921 3553 1971 et
3584 1910 3739 1969 duo-

2138 2005 2310 2061 decim
2341 2006 2645 2063 sententiae.
2677 2006 2899 2079 Signate
2928 2021 3047 2063 vos.
3077 2005 3194 2073 Quo
3220 2004 3375 2062 facto
3400 2021 3414 2059 :
3450 2002 3630 2060 Credo
3653 2000 3741 2075 [in

2138 2095 2305 2151 Deum
2332 2095 2548 2152 Patrem
2573 2094 2993 2169 omnipotentem,
3012 2100 3296 2151 creatorem
3324 2091 3444 2148 ειεῑί
3470 2097 3518 2146 et
3542 2098 3738 2158 terrae,

2138 2190 2187 2238 et
2212 2184 2466 2240 inlesum
2497 2183 2767 2241 Christum
2790 2184 2991 2242 Filium
3026 2182 3140 2254 ejus
3185 2182 3394 2238 unicum
3430 2178 3737 2237 Dominum

2137 2283 2397 2344 nostrum,
2445 2278 2537 2348 qui
2561 2283 2828 2348 conceptus
2866 2282 2943 2333 est
2974 2276 3035 2332 de
3078 2274 3289 2347 Spiritu
3325 2278 3530 2338 sancto,
3570 2277 3733 2325 natas

2138 2383 2203 2422 ea:
2230 2365 2434 2439 Maria]
2464 2366 2665 2438 virgine
2691 2384 2712 2431 ;
2760 2364 2981 2440 [habes'
2998 2364 3213 2421 Patrem
3261 2365 3732 2433 omnipotentem,

2142 2455 2307 2512 habes
2350 2455 2553 2512 Filium
2584 2452 2835 2527 unicum]
2886 2452 3052 2509 habes
3096 2450 3536 2509 incarnationem
3573 2450 3731 2518 Filii,

2141 2543 2597 2617 quemadmodum
2646 2541 2787 2601 dixi.
2846 2542 2952 2600 Sub
2992 2541 3183 2599 Pontio
3222 2539 3406 2598 Pilato
3440 2555 3634 2611 passus
3683 2544 3731 2592 et

2140 2634 2407 2705 sepultas;
2475 2631 2638 2688 habes
2693 2629 2997 2702 passionem
3054 2637 3111 2685 et
3162 2629 3532 2700 sepulturam.
3590 2627 3729 2682 Ecce

2143 2729 2376 2795 quatuor
2405 2720 2522 2777 istae
2551 2720 2852 2777 sententias.
2886 2718 3186 2778 Videamus
3214 2719 3375 2776 alias.
3438 2716 3617 2775 Tertia
3650 2716 3731 2770 die

2145 2810 2465 2883 [resurrexit
2515 2828 2548 2865 a
2592 2808 2840 2877 mortuis,
2872 2808 3103 2864 ascendit
3148 2808 3222 2865 ad
3266 2808 3446 2873 castos,
3474 2806 3611 2861 sedet
3661 2805 3734 2861 ad.

2142 2900 2409 2955 dexteram
2442 2898 2539 2954 Dei
2566 2898 2770 2965 Patris,
2818 2897 2939 2954 inde
2975 2904 3225 2954 venturus
3265 2903 3341 2950 est
3359 2894 3608 2964 judicare
3640 2893 3731 2947 εἱ-

2142 2989 2256 3062 vos]
2298 2995 2346 3042 et
2371 2993 2624 3043 mortuos.
2674 2987 2818 3044 Ecce
2846 2987 2968 3043 alia;
2997 2994 3229 3059 quatuor
3258 2984 3573 3050 sententiae,
3626 2981 3734 3038 hoc

2142 3085 2221 3132 est
2266 3085 2389 3134 octo
2436 3076 2737 3133 sententiae.
2789 3075 3088 3133 Videamus
3118 3074 3304 3131 adhuc
3332 3074 3471 3129 alias
3492 3080 3733 3145 quatuor

2140 3165 2454 3221 sententias.
2503 3166 2576 3235 Et
2606 3166 2658 3219 in
2690 3164 2952 3235 Spiritum
2972 3171 3205 3222 sanctum
3238 3162 3508 3238 [sanctam
3533 3162 3729 3216 Eccle-

2139 3253 2293 3323 sium,
2343 3252 2692 3308 remissionem
2730 3259 3081 3325 peccatorum,
3118 3251 3323 3324 carnis]
3374 3250 3735 3308 resurrectio-

2140 3360 2276 3399 nem.
2326 3344 2467 3401 Ecce
2496 3343 2796 3400 secundum
2826 3342 3118 3401 duodecim
3147 3342 3451 3415 apostolos,
3495 3349 3550 3398 et
3582 3340 3733 3401 duo-

2142 3432 2319 3488 decim
2349 3432 2634 3489 sententias
2669 3431 3076 3503 comprehensas
3110 3439 3265 3489 sunt.

2214 3519 2359 3575 illud
2388 3537 2516 3576 sane
2545 3520 2783 3576 monitos
2814 3537 2911 3575 vos
2938 3521 3066 3575 volo
3096 3537 3233 3587 esse,
3273 3516 3541 3593 quoniam
3569 3534 3728 3591 sym—

2142 3608 2333 3665 bolum
2362 3626 2473 3665 non
2504 3609 2661 3665 debet
2692 3609 2879 3677 scribi,
2911 3611 3040 3682 quia
3067 3608 3293 3665 reddere
3318 3609 3465 3664 illud
3498 3608 3724 3663 habetis.

2144 3697 2248 3753 Sed
2277 3714 2437 3754 nemo
2465 3698 2685 3753 scribat.
2741 3697 2856 3763 Qua
2890 3698 3099 3753 ratione
3124 3697 3152 3752 7
3204 3698 3298 3753 Sic
3328 3697 3637 3769 accepimus
3668 3704 3726 3751 ut

2146 3802 2253 3842 non
2282 3786 2473 3842 debeat
2502 3786 2688 3844 scribi.
2709 3786 2811 3841 Sed
2840 3786 2975 3859 quid
2992 3787 3019 3841 ‘P
3039 3786 3256 3842 Teneri.
3282 3788 3389 3842 Sed
3410 3787 3544 3842 dicis
3564 3784 3720 3852 mihi,

2144 3875 2419 3951 quomodo
2450 3884 2627 3950 potest
2659 3876 2852 3943 teneri,
2890 3877 2934 3931 si
2966 3893 3076 3932 non
3106 3876 3373 3934 scribitur
3394 3877 3609 3947 ?Magis
3627 3891 3722 3953 po-

2142 3975 2249 4024 test
2268 3968 2464 4034 teneri,
2494 3968 2540 4023 si
2572 3985 2683 4025 non
2716 3966 3006 4024 scribatur.
3030 3967 3149 4034 Qua
3181 3968 3389 4023 ratione
3409 3966 3440 4023 ‘i
3462 3964 3718 4036 Accipite.

2144 4058 2299 4129 Quod
2335 4058 2481 4116 enim
2515 4058 2738 4126 scribes,
2770 4074 2993 4115 securus
3013 4057 3168 4130 quasi
3200 4056 3430 4129 relegas,
3461 4071 3569 4110 non
3597 4070 3722 4126 quo-

2143 4152 2352 4208 tidiana
2383 4152 2737 4209 meditatione
2768 4151 2975 4225 incipis
3000 4167 3283 4208 recensere
3311 4170 3322 4207 :
3377 4152 3522 4225 quod
3550 4158 3721 4205 autem

2144 4258 2252 4299 non
2282 4242 2495 4311 scribis,
2533 4241 2694 4299 times
2722 4257 2790 4297 ne
2821 4242 3065 4310 amittas,
3108 4239 3359 4315 quotidie
3392 4240 3590 4312 incipis
3635 4255 3725 4294 re-

2142 4347 2381 4388 censere.
2429 4331 2686 4405 Magnum
2715 4338 2897 4387 autem
2928 4340 3301 4388 tutamentum
3333 4339 3455 4390 est:
3492 4348 3727 4388 nascun-

2140 4430 2232 4478 tur
2259 4428 2506 4493 stupores
2538 4419 2713 4475 animi
2747 4430 2800 4478 et
2828 4422 3101 4492 corporis,
3153 4422 3392 4478 tentatio
3438 4422 3728 4479 adversarii

2142 4509 2234 4582 qui
2258 4525 2537 4582 nunquam
2562 4509 2813 4581 quiescit,
2838 4518 3048 4566 tremor
3064 4511 3270 4585 aliquis
3295 4515 3565 4587 corporis,
3589 4513 3729 4568 inﬁr~

2140 4598 2302 4653 mitas
2333 4597 2597 4653 stomachi
2624 4615 2637 4663 ;
2662 4597 2976 4668 symbolum
3010 4616 3234 4657 recense
3256 4602 3406 4658 intra
3424 4603 3730 4666 te,maxime

2141 4701 2357 4743 recense
2389 4685 2531 4739 intra
2560 4694 2611 4740 te
2642 4685 2842 4757 ipsum.
2868 4686 3053 4753 Quare
3083 4692 3543 4748 consuetudinem
3579 4694 3733 4749 facias

2141 4780 2195 4828 et
2220 4788 2346 4828 cum
2374 4772 2544 4839 solus,
2564 4770 2676 4848 [ut]
2697 4772 2897 4833 fortius
2926 4790 3222 4841 recenseas
3248 4781 3350 4842 ubi
3380 4792 3516 4843 sunt
3532 4780 3729 4841 ﬁdeles.
