3880 6204
1362 357 1697 412 ΕῙῚμζΊῚΗλΑ
1737 358 1829 410 DE
1873 356 2050 409 FEDE.

1078 615 1715 701 EPISTOLA
1796 614 1953 697 DE
2044 615 2337 697 FIDE

837 770 944 837 AD
996 767 1323 835 BEATUM
1383 767 1913 834 HIERONYMUM
1968 767 2574 837 PRESBYTERUM.

1542 890 1690 955 (MAI,
1731 888 1881 955 ibid.)

142 1135 459 1214 Apostolica
475 1142 663 1195 narrat
680 1134 978 1196 auctoritas
1000 1150 1013 1193 :
1037 1135 1167 1194 Sine
1186 1132 1294 1193 ﬁde
1314 1135 1653 1208 impossibile
1682 1142 1730 1199 A
1764 1144 1877 1193 tota
1922 1138 1982 1195 in
2023 1155 2119 1195 sua
2161 1141 2231 1197 sit
2272 1156 2488 1213 semper
2520 1139 2780 1209 essentia;
2812 1156 2915 1198 nec
2943 1141 3204 1200 damnum
3235 1143 3345 1202 sibi

8 1244 9 1253 ‘
75 1247 181 1289 esse
225 1238 286 1285 ut
333 1227 623 1301 quisquam
671 1228 883 1302 placeat
929 1228 1062 1286 Deo.
1100 1227 1210 1285 Nos
1252 1243 1377 1298 ergo
1421 1226 1656 1282 ﬁdeliter

8 1366 11 1369 -
71 1322 344 1381 credimus
364 1322 601 1388 Patrem,
617 1320 821 1378 Filium
838 1328 893 1377 et
912 1319 1176 1393 Spiritum
1196 1327 1468 1387 sanctum,
1482 1334 1653 1375 unum

10 1434 15 1443 -
78 1426 259 1467 verum
288 1409 468 1466 solum
492 1409 666 1465 Deum
692 1409 751 1464 in
770 1407 1047 1466 essentiali
1069 1408 1395 1474 substantia,
1427 1422 1491 1463 ac
1518 1422 1656 1462 san-

72 1509 209 1556 ctam
236 1505 293 1554 et
324 1496 670 1553 individuam
698 1496 1037 1569 personalem
1064 1497 1443 1553 aeternitatem.
1472 1496 1656 1552 Deitas

70 1586 211 1641 enim
238 1584 448 1644 Christi
481 1600 577 1657 par
605 1584 665 1639 in
694 1582 953 1642 omnibus
981 1593 1037 1640 et
1057 1583 1544 1641 consubstantialis
1573 1590 1656 1639 est

71 1674 232 1740 Patri,
276 1681 334 1731 et
381 1673 711 1745 sempiterna
751 1679 915 1745 atque
954 1673 1389 1746 intemporaliter
1417 1689 1525 1729 una
1553 1687 1654 1728 ea—

8 1806 13 1817 .
70 1763 296 1834 demque
325 1762 572 1835 potentia
604 1761 868 1834 genitoris
894 1769 949 1818 et
973 1761 1165 1836 geniti.
1203 1762 1425 1820 Creator
1453 1762 1654 1834 quippe

66 1851 313 1909 omnium
346 1859 689 1919 naturarum,
712 1849 972 1922 quoniam
994 1865 1089 1922 per
1110 1850 1287 1923 ipsum
1308 1848 1493 1905 omnia
1510 1848 1656 1905 facta

63 1946 206 2007 sunt,
238 1945 297 1995 et
326 1937 448 1995 sine
479 1939 598 2010 ipso
627 1938 833 1994 factum
864 1943 946 1994 est
971 1936 1139 2002 nihil,
1173 1938 1424 2010 superior
1437 1944 1521 1993 est
1538 1951 1653 1992 om-

63 2028 222 2087 nibus
263 2044 391 2103 quae
435 2029 665 2097 creavit,
689 2043 795 2086 nec
837 2042 1080 2101 unquam
1130 2028 1364 2088 creatori
1409 2043 1510 2084 suo
1540 2042 1653 2084 non

68 2119 289 2176 fuerunt
338 2117 588 2191 subjecta
623 2133 747 2192 quas
788 2116 1068 2186 condidit;
1125 2117 1217 2175 cui
1261 2118 1547 2190 proprium
1597 2123 1652 2173 et

63 2206 460 2277 sempiternum
510 2214 612 2273 est,
661 2220 763 2261 nec
794 2204 1023 2261 aliunde
1049 2219 1213 2276 quam
1246 2203 1311 2259 de
1344 2204 1521 2271 Patre,
1553 2218 1652 2257 nec

62 2294 226 2351 alium
274 2309 398 2350 esse
442 2307 606 2366 quam
652 2292 812 2350 Pater
846 2302 951 2352 est.
1002 2292 1144 2351 Huic
1190 2293 1235 2349 si
1280 2292 1465 2349 addita
1512 2298 1651 2347 esset

61 2391 320 2454 potestas,
356 2382 406 2438 si
446 2381 719 2437 illustrata
745 2381 1007 2454 dignitas,
1043 2382 1090 2437 si
1122 2380 1360 2436 exaltata
1387 2378 1652 2435 sublimi—

57 2479 157 2538 tas,
204 2471 396 2526 minor
436 2477 556 2525 erat
594 2469 928 2541 provehente
974 2470 1071 2543 qui
1106 2469 1335 2534 creavit,
1364 2484 1465 2524 nec
1490 2465 1649 2524 habe-

60 2559 149 2615 bat
169 2559 405 2616 divitias
434 2558 552 2630 ejus
572 2566 801 2626 naturae,
833 2557 995 2631 cujus
1022 2557 1259 2631 indiguit
1290 2557 1558 2630 largitate.

122 2671 183 2724 In
211 2685 280 2726 ea
310 2667 660 2741 plenitudine
687 2668 973 2741 temporis,
997 2683 1118 2743 quas
1146 2667 1481 2741 sempiterno
1508 2682 1651 2725 con—

62 2756 185 2813 silio
216 2759 405 2814 fuerat
428 2761 753 2830 praestituta,
774 2766 829 2814 et
858 2757 1176 2829 prophetica
1194 2756 1465 2813 dictorum
1489 2763 1652 2827 atque

56 2853 340 2916 gestorum
382 2844 783 2917 signiﬁcatione
825 2846 1110 2917 promissa,
1143 2844 1321 2900 factus
1362 2844 1511 2900 ﬁlius
1539 2843 1650 2899 ho-

59 2934 223 2990 minis
258 2948 381 2991 non
419 2948 529 2989 suae
560 2933 917 2989 conversione
958 2934 1298 3001 substantiae,
1327 2934 1420 2990 sed
1449 2939 1650 2989 nostras

58 3023 445 3098 assumptione
470 3031 699 3091 natura),
732 3022 888 3078 venit
917 3037 1157 3094 quaerere
1181 3031 1235 3077 et
1263 3027 1473 3081 salvare
1503 3022 1652 3097 quod

56 3112 317 3184 perierat.
356 3107 529 3167 Venit
552 3116 733 3166 autem
777 3123 889 3165 non
919 3109 1082 3166 locali
1130 3125 1346 3167 accessu
1385 3126 1482 3167 nec
1521 3126 1650 3166 mo-

52 3202 203 3259 tione
258 3213 551 3273 corporea,
603 3206 862 3272 tanquam
924 3212 1161 3269 praesens
1220 3197 1440 3253 futurus
1504 3197 1648 3254 unde

50 3291 349 3361 adfuisset,
396 3297 495 3348 aut
536 3287 694 3347 illinc
739 3301 1049 3345 recessurus
1077 3286 1223 3343 unde
1265 3287 1524 3355 venisset,
1554 3287 1649 3345 sed

56 3382 207 3438 venit
236 3396 343 3454 per
372 3379 481 3436 hoc
508 3378 655 3452 quod
683 3385 800 3435 erat
824 3376 1065 3435 visibilis
1090 3385 1145 3433 et
1171 3378 1387 3434 cunctis
1412 3393 1650 3435 cernen-

46 3469 200 3527 tibus
230 3466 626 3527 declarandus.
666 3466 971 3523 Humanam
1001 3466 1214 3523 scilicet
1238 3481 1457 3526 carnem
1485 3473 1648 3539 atque

45 3558 292 3617 animam
327 3560 394 3616 in
422 3554 729 3615 visceribus
770 3555 1006 3628 virginis
1033 3556 1224 3614 matris
1262 3556 1554 3627 accipiens,
1586 3564 1647 3612 nt

44 3661 278 3703 manens
324 3646 391 3702 in
436 3644 613 3699 forma
641 3644 762 3712 Dei,
790 3644 935 3699 servi
969 3643 1200 3701 formam
1248 3652 1561 3709 assumeret,
1593 3652 1648 3699 et

43 3734 101 3790 in
129 3731 520 3792 similitudine
538 3732 719 3789 carnis
739 3739 1081 3804 peccatorum
1111 3731 1339 3799 veniret,
1367 3746 1463 3804 per
1483 3746 1646 3804 quam

46 3838 157 3879 non
207 3823 503 3879 minueret
539 3820 733 3876 divina
759 3820 1037 3889 humanis,
1067 3821 1161 3877 sed
1189 3826 1409 3893 augeret
1440 3818 1649 3875 divinis

46 3904 316 3965 humana.
354 3905 505 3963 Talis
536 3906 684 3964 enim
733 3914 849 3962 erat
898 3906 1147 3963 omnium
1183 3922 1216 3963 a
1253 3905 1448 3977 primis
1482 3904 1646 3961 ducta

41 3997 404 4066 genitoribus
441 4011 603 4056 causa
645 3996 985 4064 mortalium,
1030 4003 1091 4052 ut
1124 3994 1379 4068 originali
1426 4002 1647 4065 peccato

42 4092 377 4145 transeunte
423 4100 518 4157 per
562 4092 824 4156 posteros,
855 4085 1045 4143 nullus
1085 4100 1300 4155 prunam
1330 4083 1648 4141 damnatio-

42 4178 126 4233 nis
173 4175 471 4239 evaderet,
515 4173 621 4227 nisi
676 4172 917 4228 Verbum
960 4189 1085 4229 caro
1115 4173 1268 4229 ﬁeret
1295 4182 1348 4228 et
1376 4173 1645 4230 habitaret

38 4266 95 4319 in
124 4266 319 4322 nobis.
358 4259 519 4328 Quod
548 4258 769 4315 deitatis
799 4267 900 4326 est,
930 4276 1056 4316 caro
1086 4276 1197 4314 non
1224 4260 1426 4315 minuit
1452 4281 1463 4327 ;
1498 4263 1643 4333 quod

34 4357 219 4413 carnis
270 4359 389 4420 est,
418 4348 594 4406 deitas
638 4363 751 4405 non
778 4347 1027 4421 peremit.
1060 4347 1209 4404 Idem
1249 4350 1395 4404 enim
1425 4357 1477 4403 et
1507 4366 1641 4405 sem-

35 4442 295 4510 piternus
346 4452 423 4496 ex
471 4437 662 4505 Patre;
711 4443 767 4493 et
790 4435 1110 4508 temporalis
1137 4452 1206 4493 ex
1235 4446 1428 4503 matre,
1458 4439 1516 4492 in
1546 4454 1643 4494 sua

33 4530 249 4589 virtute
292 4526 667 4594 inviolabilis,
699 4525 757 4583 in
784 4533 969 4582 nostra
997 4524 1316 4582 inﬁrmitate
1345 4525 1638 4598 passibilis.

32 4617 91 4672 In
114 4618 334 4674 deitate
362 4622 584 4670 tantum
608 4621 663 4672 et
686 4630 812 4672 cum
834 4614 991 4671 Patre
1009 4624 1201 4671 etcum
1223 4614 1431 4685 Spiritu
1454 4624 1641 4671 sancto

30 4708 201 4763 unius
251 4703 625 4777 ejusdemque
672 4712 915 4772 naturae;
961 4704 1018 4759 in
1072 4704 1414 4775 susceptione
1458 4712 1640 4760 autem

32 4794 312 4863 hominis,
349 4810 466 4852 non
497 4794 663 4851 unius
690 4793 1031 4859 substantias,
1060 4795 1154 4851 sed
1178 4796 1345 4851 unius
1372 4793 1640 4866 ejusdem-

30 4898 134 4954 que
183 4898 453 4956 personae
485 4900 497 4939 ε
534 4890 595 4937 ut
641 4881 783 4939 idem
833 4891 973 4938 esset
1012 4880 1169 4939 dives
1204 4882 1261 4938 in
1302 4892 1637 4955 paupertate,

27 4973 405 5044 omnipotens
448 4970 506 5027 in
547 4969 935 5038 submissione,
966 4971 1320 5043 impassibilis
1348 4972 1407 5027 in
1437 4976 1641 5045 suppli-

27 5059 136 5123 cio,
176 5058 526 5115 immortalis
557 5057 614 5113 in
661 5066 853 5116 morte.
882 5059 992 5115 Nec
1015 5060 1163 5115 enim
1191 5060 1434 5117 Verbum
1460 5070 1552 5117 aut
1580 5064 1637 5118 in

25 5162 256 5204 carnem
292 5153 401 5204 aut
430 5146 487 5202 in
517 5146 756 5203 animam
796 5148 981 5219 aliqua
1020 5149 1105 5204 sui
1135 5156 1284 5221 parte
1311 5165 1639 5206 conversum

1764 1228 2031 1299 recipiens
2052 1245 2151 1285 nec
2171 1238 2523 1302 augmentum
2544 1249 2556 1295 ;
2581 1233 2722 1289 etsic
2742 1241 3073 1303 assumptam
3094 1241 3347 1291 naturam

1762 1316 2100 1388 beatificans,
2132 1328 2195 1376 ut
2224 1320 2526 1390 gloriﬁcata
2555 1321 2612 1375 in
2643 1322 2982 1391 gloriﬁcante
3012 1332 3342 1392 permaneat.

1834 1406 1945 1463 Cur
1969 1415 2149 1463 autem
2173 1408 2567 1466 inconveniens
2597 1418 2692 1464 aut
2714 1410 3050 1481 impossibile
3071 1410 3345 1477 videatur,

1763 1500 1825 1549 ut
1871 1493 2113 1553 Verbum
2164 1505 2217 1552 et
2258 1512 2384 1553 caro
2413 1507 2573 1571 atque
2602 1498 2785 1554 anima
2812 1513 2955 1554 unus
2996 1499 3162 1555 homo
3190 1498 3347 1556 Chri-

1763 1588 1879 1637 stus
1918 1592 1973 1638 et
2013 1601 2156 1640 unus
2218 1586 2316 1641 Dei
2352 1586 2702 1659 hominisque
2748 1588 2821 1643 sit
2850 1588 3043 1655 Filius,
3066 1586 3113 1644 si
3144 1604 3272 1645 caro
3293 1594 3349 1644 et

1762 1669 1964 1739 anima,
1993 1688 2113 1745 quae
2141 1672 2500 1733 dissimilium
2547 1682 2864 1732 naturarum
2894 1684 3044 1739 sunt.
3077 1692 3243 1733 unam
3271 1675 3348 1733 fa-

1762 1762 1937 1830 ciunt,
1960 1766 2121 1820 etiam
2145 1764 2262 1820 sine
2282 1765 2448 1822 Verbi
2482 1767 2879 1835 incarnatione,
2906 1780 3191 1838 personam
3214 1767 3296 1837 (1)
3318 1765 3349 1823 ?

1763 1850 1901 1909 Cum
1931 1854 2107 1907 multo
2138 1852 2357 1910 facilius
2384 1854 2476 1921 sit,
2507 1864 2570 1912 ut
2599 1856 2743 1912 hanc
2774 1856 3040 1911 unitatem
3077 1855 3163 1911 sui
3186 1862 3350 1927 atque

1760 1938 2022 2006 hominis,
2053 1938 2276 1996 deitatis
2307 1949 2526 2011 praestet
2558 1951 2814 2013 potestas,
2842 1959 3005 2015 quam
3044 1951 3109 1998 ut
3142 1957 3262 1997 eam
3288 1942 3350 1996 in

1759 2026 2083 2082 substantiis
2132 2026 2246 2084 suis
2296 2028 2542 2085 obtineat
2587 2030 2759 2086 solius
2804 2029 3162 2086 humanitatis
3200 2027 3348 2084 inﬁr-

1759 2116 2057 2172 mitas.Nec
2077 2116 2322 2174 Verbum
2343 2119 2513 2191 igitur
2541 2118 2600 2175 in
2632 2135 2872 2185 carnem,
2898 2135 2998 2177 nec
3016 2119 3076 2175 in
3106 2118 3348 2175 Verbum

1762 2219 1885 2257 caro
1928 2209 2137 2258 mutata
2182 2213 2265 2261 est
2312 2224 2324 2261 :
2369 2206 2465 2262 sed
2509 2216 2806 2281 utrumque
2836 2208 2894 2262 in
2924 2224 3036 2262 uno
3064 2214 3265 2273 manet,
3295 2213 3349 2261 et

1760 2307 1904 2348 unus
1948 2293 2005 2347 in
2054 2301 2283 2366 utroque
2311 2305 2394 2350 est
2423 2314 2435 2351 :
2471 2312 2581 2352 non
2613 2297 2931 2353 diversitate
2973 2297 3204 2364 divisus,
3236 2313 3349 2352 non

1759 2381 2113 2452 permistione
2145 2383 2427 2453 confusus,
2460 2400 2561 2440 nec
2607 2386 2745 2440 alter
2790 2400 2858 2440 ex
2908 2386 3085 2453 Patre,
3116 2386 3252 2441 alter
3280 2401 3349 2440 ex

1762 2482 1966 2541 matre;
2014 2474 2107 2529 sed
2152 2474 2295 2530 idem
2340 2490 2411 2531 ex
2456 2476 2615 2531 Patre
2643 2483 2769 2531 ante
2796 2492 2959 2532 omne
2988 2476 3346 2548 principium,

1760 2570 1814 2619 et
1840 2562 1986 2619 idem
2019 2564 2074 2619 in
2108 2565 2216 2621 fine
2248 2566 2571 2622 saeculorum
2600 2576 2661 2621 ut
2688 2574 2831 2621 esset
2857 2566 3127 2622 mediator
3166 2568 3262 2621 Dei
3293 2575 3349 2622 et

1757 2650 2069 2720 hominum,
2118 2653 2282 2709 homo
2336 2655 2491 2711 Jesus
2538 2653 2790 2712 Christus
2834 2653 2894 2709 in
2928 2670 3040 2729 quo
3077 2655 3349 2712 habitaret

1759 2739 2043 2812 plenitudo
2072 2740 2400 2798 divinitatis.

1827 2828 2099 2884 Nativitas
2138 2830 2287 2885 enim
2316 2832 2537 2886 Domini
2570 2832 2871 2888 secundum
2902 2849 3121 2891 carnem
3159 2848 3345 2908 quam-

1759 2920 1845 2976 vis
1875 2920 2071 2977 habeat
2115 2922 2362 2996 quaedam
2412 2924 2651 2996 propria,
2683 2923 2882 2998 quibus
2922 2922 3175 2981 humanas
3204 2940 3347 2981 con-

1760 3010 1985 3066 ditionis
2016 3012 2175 3068 initia
2208 3015 2581 3081 transcendat,
2611 3015 2727 3071 sive
2771 3014 2916 3089 quod
2964 3014 3112 3071 solus
3156 3012 3222 3070 ab
3263 3014 3345 3071 in-

1760 3100 1963 3157 violata
1983 3101 2207 3173 Virgine
2237 3103 2355 3158 sine
2378 3090 2827 3175 concupiscentia
2862 3112 2945 3160 est
2971 3111 3265 3176 conceptus
3291 3106 3348 3161 et

1759 3200 1949 3257 natus;
1990 3192 2107 3248 sive
2134 3193 2279 3264 quod
2308 3194 2385 3247 ita
2412 3210 2442 3249 e
2467 3196 2771 3250 visceribus
2803 3194 2994 3249 matris
3023 3200 3104 3248 est
3139 3191 3339 3260 editus,

1758 3286 1821 3333 ut
1870 3279 2176 3335 fecunditas
2227 3288 2457 3351 pareret,
2511 3288 2566 3336 et
2619 3280 2909 3352 virginitas
2962 3287 3338 3350 permaneret;

1759 3380 1870 3422 non
1897 3365 2124 3422 alterius
2148 3375 2330 3423 tamen
2360 3375 2568 3424 naturae
2601 3378 2717 3424 erat
2754 3368 2871 3440 ejus
2901 3383 3025 3424 caro
3053 3383 3216 3439 qnam
3247 3382 3343 3422 no-

1759 3461 1871 3510 stra
1895 3462 1977 3510 est
2007 3473 2019 3510 :
2051 3470 2153 3512 nec
2184 3457 2294 3513 alio
2323 3456 2406 3511 illi
2439 3473 2602 3529 quam
2632 3457 2842 3513 caeteris
2867 3456 3185 3510 hominibus
3212 3454 3344 3510 ani-

1759 3558 1848 3598 ma
1891 3550 1973 3599 est
2028 3543 2290 3615 inspirata
2347 3544 2642 3617 principio,
2701 3559 2821 3615 quas
2885 3544 3176 3597 excelleret
3232 3558 3342 3599 non

1758 3630 2075 3689 diversitate
2112 3633 2345 3705 generis,
2397 3633 2491 3689 sed
2528 3632 2867 3689 sublimitate
2914 3631 3156 3686 virtutis.
3190 3631 3342 3687 Nihil

1759 3721 1904 3776 enim
1952 3722 2135 3778 carnis
2161 3739 2273 3779 suae
2302 3723 2539 3779 habebat
2565 3723 2856 3778 adversum
2883 3739 2896 3787 ;
2930 3735 3040 3774 non
3070 3720 3343 3775 discordia

1756 3814 2153 3871 desideriorum
2175 3814 2427 3885 gignebat
2446 3812 2925 3885 compugnantiam
2955 3811 3300 3879 voluptatum
3325 3826 3339 3878 ;

1756 3920 1946 3959 sensus
1989 3918 2236 3973 corporei
2284 3902 2543 3973 vigebant
2589 3903 2707 3956 sine
2753 3902 2866 3968 lege
2896 3898 3123 3967 peccati,
3160 3905 3214 3952 et
3250 3913 3344 3953 ve-

1757 3993 1890 4049 ritas
1934 3992 2283 4049 affectionum
2319 3996 2421 4048 sub
2453 3993 2827 4047 moderamine
2854 3990 3074 4045 deitatis
3102 3997 3155 4045 et
3196 4006 3342 4045 men-

1756 4085 1850 4149 tis,
1881 4096 1981 4138 nec
2007 4082 2320 4136 tentabatur
2344 4080 2639 4147 illecebris,
2671 4096 2774 4135 nec
2801 4078 3025 4134 cedebat
3053 4078 3110 4132 in
3140 4077 3295 4133 vitiis
3325 4092 3338 4134 :

1757 4187 1921 4227 verus
1951 4170 2116 4226 homo
2161 4186 2287 4224 vere
2341 4169 2531 4225 unitus
2573 4178 2656 4225 est
2696 4171 2808 4224 Deo
2849 4184 2862 4223 ε
2902 4184 3003 4225 nec
3041 4169 3341 4225 secundum

1757 4263 2105 4320 exsistentem
2140 4259 2290 4333 prius
2317 4260 2557 4315 animam
2587 4259 2856 4315 deductus
2888 4276 2918 4315 θ
2945 4259 3104 4327 coelo,
3134 4275 3234 4315 nec
3265 4274 3342 4315 se-

1754 4349 1995 4407 cundum
2022 4365 2239 4405 carnem
2270 4356 2485 4405 creatus
2512 4364 2584 4405 ex
2622 4348 2801 4402 nihilo
2832 4365 2844 4402 :
2878 4347 3120 4403 eamdem
3155 4364 3343 4417 gerens

1755 4439 1814 4494 in
1867 4438 2033 4495 Verbi
2072 4440 2273 4494 deitate
2310 4455 2617 4511 personam,
2664 4447 2720 4493 et
2762 4445 2954 4492 tenens
2995 4452 3340 4492 communem

1755 4526 2040 4583 nobiscum
2074 4529 2131 4583 in
2162 4544 2391 4601 corpore
2432 4528 2722 4599 animaque
2752 4534 3020 4581 naturam.
3046 4523 3168 4578 Non
3194 4524 3342 4578 enim

1754 4626 1892 4672 esset
1939 4617 2036 4671 Dei
2093 4615 2490 4687 hominumque
2538 4613 2827 4680 mediator,
2868 4612 2975 4667 nisi
3016 4611 3159 4666 idem
3200 4613 3344 4666 Deus

1755 4708 2009 4781 idemque
2038 4708 2205 4762 homo
2235 4707 2293 4763 in
2325 4715 2557 4777 utroque
2585 4712 2638 4760 et
2667 4718 2810 4758 unus
2840 4710 2978 4756 esset
3002 4709 3055 4757 et
3083 4716 3265 4755 verus.

1824 4798 2029 4853 Invitat
2084 4796 2305 4869 quidem
2366 4810 2465 4849 nos
2521 4794 2589 4849 ad
2646 4789 2992 4848 latitudinem
3043 4787 3345 4844 disserendi

1754 4887 1995 4943 materia
2043 4882 2395 4955 magnitudo;
2448 4883 2542 4938 sed
2584 4881 2728 4955 apud
2771 4878 3138 4935 eruditionem
3194 4885 3347 4933 tuam

1756 4993 1865 5031 non
1921 4982 2000 5031 est
2053 4975 2211 5045 copia
2265 4970 2570 5027 laborandi.
2622 4968 2784 5041 Apud
2832 4976 2882 5022 te
2922 4975 3003 5023 est
3042 4965 3345 5033 Bethleem,

1754 5065 1813 5119 in
1847 5082 1954 5137 qua
1981 5064 2229 5120 salutifer
2268 5060 2516 5133 Virginis
2548 5068 2734 5131 partus
2762 5056 2973 5124 illuxit,
3005 5071 3167 5128 quem
3192 5054 3347 5109 invo-

1755 5154 1933 5207 lutum
1974 5152 2189 5224 pannis,
2236 5149 2381 5206 inter
2419 5148 2698 5221 angustias
2746 5143 3061 5211 diversorii,
3109 5157 3350 5221 prtesepe

18 5245 139 5303 est;
196 5250 337 5293 cum
393 5233 629 5307 simplex
674 5241 730 5292 et
777 5233 1140 5292 immutabilis
1185 5246 1380 5294 natura
1418 5238 1640 5296 deitatis
1671 5229 1720 5289 D
1755 5242 2013 5313 suscepit.

1752 5463 1829 5518 Re
1858 5469 2039 5517 autem
2065 5474 2196 5515 vera
2223 5456 2345 5513 duae
2365 5464 2495 5513 sunt
2523 5456 2583 5513 in
2612 5455 2837 5513 homine
2866 5465 3076 5513 natura)
3098 5470 3194 5512 seu
3221 5453 3346 5510 sub-

1753 5531 2007 5601 stantiae;
2058 5530 2346 5601 spiritalis,
2395 5529 2582 5583 anima
2611 5548 2639 5601 ;_
2678 5530 2997 5601 materialis,
3036 5542 3196 5601 caro.
3252 5525 3347 5601 be-

1754 5613 1917 5673 gatur
1942 5595 2009 5654 de
2052 5595 2157 5654 hoc
2192 5600 2451 5673 exemplo
2484 5599 2742 5670 praeclara
2788 5596 3071 5654 Athanasii
3098 5595 3348 5652 doctrina

1754 5669 1844 5730 ed.
1868 5672 2041 5733 Maur.
2074 5677 2115 5732 t.
2146 5686 2189 5739 ι,
2220 5685 2274 5741 p.
2310 5669 2472 5727 1279.

62 5458 179 5535 χᾷ)
214 5454 559 5535 Rectissime
588 5454 911 5535 Ambrosius
931 5476 1230 5535 personam,
1257 5465 1638 5535 non‘nuturam

19 5524 182 5583 dieit.
222 5528 376 5582 Nam
411 5527 453 5579 si
486 5536 675 5583 contra
702 5545 811 5583 una
836 5524 1077 5583 hominis
1108 5524 1301 5586 natura
1329 5529 1554 5596 dicitur,
1576 5538 1638 5587 ut

18 5600 279 5676 plerique
317 5598 474 5676 loqui
507 5600 704 5665 solent,
739 5600 851 5676 hoc
864 5603 1122 5676 exemplo
1169 5604 1302 5656 mire
1331 5602 1640 5676 abutuntur

24 5669 470 5742 ‘.'o.iophysita3,
500 5677 561 5728 ut
600 5685 769 5728 unam
813 5669 1314 5732 Christi—naturam
1342 5674 1635 5732 aﬂirment.
