3880 6204
526 321 663 382 1199

1518 324 1615 381 AD
1648 323 1880 380 OPERA
1917 322 1973 378 S.
2013 318 2345 381 AMBROSII
2379 320 2756 379 APPENDIX.

3696 309 3813 376 12ῐῆ

590 445 754 517 Apud
801 455 855 503 te
890 456 972 503 est
1015 448 1288 504 declarata
1323 448 1390 502 ab
1420 447 1651 518 angelis,
1679 446 1903 503 adorata
1928 463 1960 501 a
1988 463 2099 502 ma-
2131 454 2182 511 Α
2215 453 2448 519 atraeque
2478 454 2706 513 naturae,
2750 461 2912 518 quem
2949 442 3113 518 primi
3142 441 3482 517 praejudicia
3522 457 3648 498 non
3689 452 3817 501 tene-

518 533 622 605 gis,
665 540 787 604 post
833 535 1133 589 multorum
1176 534 1474 589 infantium
1522 533 1589 588 ab
1629 533 1840 590 Herode
1870 543 2102 590 mortem

520 620 822 678 Salvatoris
850 619 1084 675 infantia
1110 629 1193 676 est
1229 627 1528 692 persecuta.
1564 620 1723 693 Apud
1752 628 1826 689 te,
1854 621 2099 693 inquam,

520 712 673 767 locus
715 715 817 778 est,
871 707 965 763 ubi
1015 707 1251 780 pueritia
1295 708 1559 776 adolevit,
1603 708 1699 765 ubi
1738 708 2105 767 adolescentia

520 796 839 864 maturavit,
888 803 943 851 et
983 811 1080 867 per
1122 796 1461 854 incrementa
1509 812 1770 869 corporea
1809 798 1866 854 in
1920 799 2104 854 virum

520 884 826 957 perfectum
877 882 996 939 veri
1036 883 1278 941 hominis
1324 893 1519 941 natura
1559 886 1811 957 profecit,
1841 902 1952 941 non
1986 884 2105 941 sine

521 972 647 1029 cibo
677 970 1018 1039 esuritionis,
1051 987 1162 1027 non
1191 972 1308 1028 sine
1347 988 1541 1029 somno
1583 973 1804 1045 quietis,
1848 989 1957 1029 non
1988 973 2105 1028 sine

520 1062 655 1117 ﬂetu
682 1058 1071 1128 miserationis,
1094 1076 1195 1116 nec
1221 1060 1340 1115 sine
1369 1076 1569 1131 pavore
1596 1060 1929 1116 formidinis.
1955 1061 2106 1116 Unus

520 1147 671 1204 enim
700 1154 862 1217 atque
892 1146 1035 1202 idem
1062 1156 1142 1202 est
1167 1147 1261 1219 qui
1292 1147 1351 1201 in
1380 1146 1479 1203 Dei
1506 1147 1682 1203 forma
1709 1155 1964 1219 operatur
1991 1146 2108 1202 mi-

520 1235 708 1293 racula
737 1250 943 1305 magnae
973 1234 1214 1290 virtutis.

593 1324 665 1380 Ut
703 1330 884 1377 autem
924 1329 1195 1393 repararet
1244 1323 1492 1379 omnium
1536 1325 1730 1392 vitam,
1760 1325 1966 1397 recepit
1994 1341 2108 1381 om-

524 1417 681 1474 nium
725 1431 942 1471 causam
976 1432 989 1470 :
1022 1424 1075 1470 et
1120 1416 1239 1471 vim
1288 1417 1491 1472 veteris
1540 1417 1912 1489 chirographi,
1962 1416 2107 1488 quod

521 1509 672 1564 solus
719 1506 862 1561 inter
904 1521 1095 1561 omnes
1138 1521 1251 1561 non
1296 1506 1507 1575 debuit,
1555 1523 1654 1578 pro
1691 1506 1950 1562 omnibus
1991 1505 2110 1561 sol-

522 1594 706 1650 vendo
749 1592 1005 1649 vacuavit
1038 1610 1050 1647 :
1082 1600 1145 1648 ut
1185 1593 1327 1650 sicut
1364 1609 1461 1665 per
1488 1593 1656 1650 unius
1685 1602 1895 1651 reatum
1922 1610 2110 1651 omnes

523 1682 655 1739 facti
686 1681 904 1737 fuerant
932 1689 1262 1753 peccatores,
1293 1682 1369 1738 ita
1398 1698 1495 1754 per
1525 1683 1691 1739 unius
1739 1683 2109 1741 innocentiam

523 1786 715 1827 omnes
751 1770 945 1826 ﬁerent
982 1771 1302 1828 innocentes
1335 1789 1347 1827 :
1379 1772 1507 1828 inde
1545 1772 1605 1828 in
1636 1772 1857 1829 homine
1892 1788 2111 1828 manen-
2142 1799 2187 1859 B

524 1866 577 1913 te
608 1857 845 1929 justitia,
889 1857 987 1913 ubi
1015 1865 1095 1913 est
1124 1867 1373 1931 suscepta
1407 1859 1647 1915 humana
1675 1869 1873 1915 natura
1904 1878 1917 1917 :
1958 1861 2111 1916 nulla

522 1945 673 2001 enim
721 1946 933 2001 ratione
972 1953 1127 2002 extra
1160 1946 1335 2002 nostri
1363 1947 1609 2018 corporis
1635 1947 1943 2004 veritatem.
1975 1948 2112 2003 Nam

526 2034 655 2105 quia
679 2033 1015 2105 captivitatis
1043 2043 1242 2090 nostra;
1266 2034 1556 2105 originalis
1585 2034 1807 2091 vincula
1836 2037 1981 2092 solvi
2002 2052 2113 2093 non

533 2130 805 2194 poterant,
852 2121 959 2177 nisi
1008 2122 1292 2178 exsisteret
1327 2120 1494 2177 homo
1540 2122 1715 2178 nostri
1762 2124 1974 2195 generis
2020 2140 2114 2180 no-

2212 542 2356 600 rent,
2385 541 2439 589 et
2466 532 2560 605 qui
2592 531 2942 589 immaculato
2972 532 3237 604 sanguine
3258 548 3363 588 sua
3386 529 3815 602 chirographum

2212 621 2413 677 lethale
2443 619 2696 689 dilueret,
2718 620 2861 678 sicut
2889 629 3005 677 erat
3023 620 3090 677 ab
3119 619 3291 676 initio
3316 618 3624 675 divinitus
3641 636 3818 691 prm-

2214 708 2496 776 dinatum;
2529 709 2608 765 ita
2646 717 2729 765 est
2779 707 2839 765 in
2868 708 3213 781 plenitudine
3242 706 3521 779 pmﬁniti
3569 709 3818 780 temporis

2214 799 2439 869 factum,
2470 807 2532 856 ut
2579 800 2770 857 multis
2813 799 2993 856 modis
3036 799 3349 871 signiﬁcata
3396 799 3708 872 promissio
3732 798 3815 855 dis

2214 897 2526 961 exspectato
2572 889 2784 946 veniret
2820 889 3053 956 effectu;
3098 905 3200 946 nec
3243 896 3435 961 posset
3488 904 3620 944 esse
3647 888 3818 943 ambi-

2215 994 2380 1051 guum
2459 977 2605 1050 quod
2676 977 2954 1034 continuis
3028 975 3555 1047 signiﬁcationibus
3620 991 3821 1047 semper

2214 1067 2392 1124 fuerat
2430 1066 2762 1123 nuntiatum.
2812 1067 2875 1121 In
2920 1080 3117 1136 magno
3164 1074 3351 1120 autem
3406 1064 3710 1135 sacrilegio
3738 1065 3823 1120 di-

2216 1172 2371 1213 versa
2416 1155 2794 1212 haereticorum
2827 1154 3079 1226 impietas
3110 1154 3524 1219 manifestatur,
3556 1170 3695 1210 cum
3717 1169 3823 1224 spe.

2216 1244 2298 1301 cie
2344 1243 2561 1299 deitatis
2607 1242 2960 1309 honorandae,
2988 1241 3248 1298 humanae
3290 1242 3479 1298 carnis
3510 1241 3575 1296 in
3608 1241 3820 1299 Christo

2217 1331 2477 1402 derogant
2504 1330 2823 1397 veritatem;
2874 1336 2927 1385 et
2973 1329 3229 1401 religiose
3262 1330 3547 1385 aestimant
3577 1329 3757 1397 credi,
3782 1328 3819 1383 si

2218 1418 2432 1474 dicatur
2478 1418 2537 1473 in
2584 1417 2866 1474 Salvatore
2913 1426 3103 1473 nostro
3132 1433 3326 1473 verum
3358 1433 3474 1472 non
3517 1433 3648 1473 esse
3683 1416 3820 1489 quod

2218 1506 2391 1561 salvat
2420 1523 2434 1572 ;
2466 1521 2593 1562 cum
2622 1506 2700 1562 ita
2726 1504 3029 1563 secundum
3063 1506 3489 1578 promissionem
3512 1505 3715 1561 omnia
3739 1522 3820 1560 sa-

2219 1595 2342 1651 cula
2387 1601 2806 1664 praecurrentem
2860 1594 3100 1651 mundus
3140 1596 3215 1651 sit
3262 1596 3375 1651 Deo
3425 1594 3820 1651 reconciliatus

2218 1682 2277 1737 in
2306 1681 2553 1751 Christo,
2603 1690 2665 1737 ut
2706 1681 2813 1738 nisi
2862 1682 3103 1739 Verbum
3143 1682 3469 1756 dignaretur
3497 1699 3639 1740 cam
3684 1681 3818 1749 ﬁeri,

2219 1770 2372 1826 nulla
2423 1786 2550 1826 caro
2592 1778 2775 1842 posset
2817 1770 3041 1827 salvari.
3081 1770 3446 1828 Enucleatius
3496 1779 3693 1827 autem
3738 1769 3820 1825 de-

2217 1858 2422 1914 clarare
2467 1856 2597 1913 ﬁdei
2646 1866 3065 1926 sacramentum,
3109 1866 3165 1915 et
3210 1857 3561 1916 confundere
3612 1857 3819 1914 haereti-

2218 1962 2338 2004 cam
2365 1946 2706 2018 {pravitatem
2753 1956 2911 2004 tuum
2957 1956 3059 2015 est,
3090 1946 3251 2003 Pater
3275 1948 3360 2021 (2)
3390 1949 3610 2021 optime
3638 1947 3821 2003 Hiero-

2219 2051 2407 2107 nyme.
2453 2035 2568 2092 Hoc
2604 2051 2779 2092 unum
2824 2052 2922 2093 oro
2958 2045 3014 2093 et
3040 2035 3324 2108 deprecor,
3356 2037 3464 2093 mei
3511 2046 3580 2093 ut
3613 2052 3820 2093 memor

2220 2124 2297 2185 sis
2345 2123 2709 2196 frequentius,
2754 2123 3119 2181 invictissime
3144 2124 3301 2180 miles
3333 2124 3562 2183 Christi.
3619 2125 3817 2180 Amen.

602 2254 683 2325 (2)
716 2255 830 2311 Hoc
855 2262 999 2312 certe
1028 2262 1218 2313 contra
1252 2270 1414 2313 usum
1450 2254 1623 2313 totius
1649 2256 1910 2316 Ecclesiae
1939 2261 2179 2334 antiqua
2206 2268 2270 2316 ut
2299 2259 2587 2331 episcopus
2615 2259 3001 2331 presbyterum
3031 2260 3079 2317 P
3106 2259 3246 2315 atris
3270 2257 3497 2314 nomine
3522 2261 3819 2331 compellet

531 2341 846 2412 (Fsssum)

1034 2629 1424 2687 ADMONITIO
1464 2630 1535 2687 IN
1573 2630 1860 2687 HYMNOS
1898 2628 2303 2696 SEQUENTES
2341 2628 2399 2685 S.
2440 2628 2796 2686 AMBROSIO
2835 2627 3291 2687 ATTRIBUTOS.

592 2878 701 2943 Hos
744 2887 961 2957 hymnos
1000 2888 1289 2959 reperimus
1326 2887 1384 2944 in
1427 2890 1721 2960 Hymnario
1765 2905 1936 2961 nuper
1963 2888 2117 2945 Halis
2163 2889 2436 2945 recensita.
2471 2888 2814 2945 Clarissimus
2856 2890 3033 2945 editor
3081 2890 3453 2959 Germanicus,
3479 2893 3567 2948 cui
3609 2910 3809 2950 nomen.

524 2973 849 3029 Adalbertus
900 2974 1115 3041 Daniel,
1164 2976 1437 3031 nonnullis
1478 2977 1539 3032 de
1576 2994 1673 3033 sua
1721 2976 1986 3033 Thesauri
2032 2975 2389 3047 hymnologie
2432 2976 2656 3055 editione
2696 2976 2983 3047 generatim
3028 2977 3303 3047 expositis,
3333 2980 3605 3049 sequentia
3641 2981 3813 3050 subji-

523 3060 596 3116 sit
630 3077 642 3114 :
685 3076 821 3129 quia,
874 3075 991 3114 cum
1038 3063 1110 3117 ad
1150 3063 1548 3135 intelligentiam
1598 3066 2003 3122 adnotationum
2046 3064 2254 3135 hymnis
2306 3064 2577 3121 Ambrosii
2620 3064 2972 3134 subjectarum
3016 3067 3260 3124 nonnihil
3298 3068 3545 3139 conferre
3582 3073 3808 3143 possint,

521 3149 605 3205 hic
631 3147 834 3219 referre
851 3149 1027 3219 juvat.
1064 3151 1247 3222 (Eorr.
1279 3152 1480 3224 Pun.)

593 3280 712 3337 Jam
746 3289 809 3337 ut
843 3282 1010 3339 etiam
1038 3282 1107 3339 de
1136 3282 1586 3341 adnotationibus
1608 3285 1789 3343 tribus
1816 3287 2000 3344 verbis
2028 3287 2112 3345 di-
2150 3287 2194 3348 C
2223 3289 2372 3360 genti
2404 3304 2571 3345 manu
2599 3305 2818 3347 versare
2845 3306 2957 3347 non
2985 3290 3163 3349 licuit.
3195 3292 3319 3361 Sed,
3353 3294 3415 3351 ni
3446 3295 3630 3363 fallor,
3654 3298 3808 3356 multi

526 3385 734 3436 camus,
764 3386 862 3441 pro
903 3371 1159 3428 instituti
1184 3374 1356 3430 nostri
1405 3373 1617 3431 ratione
1660 3376 1994 3432 exclusimus
2021 3392 2111 3432 eas

527 3473 648 3528 quae
677 3457 745 3511 ad
773 3466 1049 3512 auctorem
1083 3466 1138 3512 et
1165 3468 1381 3516 aetatem
1428 3462 1762 3533 hymnorum
1810 3466 2107 3536 pertinent,

526 3548 582 3596 et
618 3555 740 3609 quae
780 3540 1231 3611 lexicographici,
1262 3548 1477 3603 metrici
1522 3550 1609 3603 vel
1648 3548 1810 3605 etiam
1846 3567 2108 3620 gramma-

519 3623 617 3678 tici
672 3624 883 3692 generis
934 3633 1084 3692 sunt,
1115 3637 1399 3698 propterea
1447 3634 1592 3701 quod
1636 3634 1746 3688 illa
1793 3650 1877 3689 res
1918 3652 2108 3693 omnes

518 3708 580 3765 in
620 3710 879 3781 glossario
920 3718 1243 3770 tractantur.
1278 3717 1527 3787 Hymnos
1572 3727 1635 3774 ut
1662 3718 2108 3781 adnotationibus

518 3799 769 3856 asceticis
813 3801 1219 3861 illustraremus
1248 3804 1409 3861 nobis
1449 3806 1620 3863 suasit
1659 3807 1748 3863 vir
1784 3825 1997 3867 summe
2026 3829 2107 3870 re-

520 3888 792 3945 verendus
830 3890 1131 3949 Nickelius.
1162 3893 1235 3950 Et
1270 3893 1412 3951 illud
1452 3895 1676 3969 quidem
1718 3900 1998 3971 negotium
2038 3902 2109 3958 li-

516 3978 710 4035 benter
752 3979 1197 4052 suscepissemus,
1238 3981 1285 4037 si
1331 3983 1492 4041 nobis
1546 3985 1807 4043 licuisset.
1857 3988 1963 4045 Sed
1998 3989 2107 4046 nisi

515 4064 776 4121 brevitati
824 4084 1213 4143 usquequaque
1242 4072 1486 4129 maxime
1522 4074 1852 4132 studendum
1890 4076 2103 4149 fuisset,

517 4152 693 4239 multa
737 4168 857 4222 quae
894 4155 961 4210 ad
994 4156 1280 4214 historiam
1303 4160 1564 4219 Ecclesiae
1609 4171 1665 4218 et
1695 4164 1948 4237 dogmata
1989 4184 2106 4239 per-

517 4236 719 4301 tinent,
753 4240 1007 4308 copiosus
1052 4244 1337 4318 fusiusque
1375 4236 1899 4320 explanavissemus.
1932 4236 2105 4320 Quam

517 4320 706 4376 eadem
742 4321 801 4376 in
848 4340 904 4378 re
950 4328 1216 4385 rationem
1259 4334 1319 4388 in
1350 4339 1600 4407 sequenti
1632 4340 1915 4397 volumine
1956 4359 2106 4400 secu-

515 4406 630 4501 turi
672 4407 867 4477 simus,
920 4413 1165 4470 nondum
1220 4420 1381 4475 nobis
1424 4406 1658 4492 constat,
1686 4444 1810 4483 cum
1839 4438 2104 4501 quantum

514 4496 623 4553 sibi
677 4500 863 4570 gratia:
907 4517 1045 4572 opus
1084 4514 1334 4562 nostrum
1374 4513 1801 4571 conciliaturum
1853 4496 1930 4574 sit
1972 4536 2104 4576 non-

515 4583 649 4642 dum
679 4595 1018 4660 compertum
1043 4590 1359 4653 habeamus.

582 4675 700 4732 .lam
746 4693 859 4734 non
898 4678 1140 4737 alienum
1188 4684 1293 4739 erit
1325 4701 1563 4756 narrare,
1594 4691 1795 4762 quibus
1833 4712 1903 4750 ex
1938 4696 2103 4754 fonti-

509 4760 614 4818 bus
642 4762 986 4822 hauserimus
1029 4769 1336 4843 quibusque
1379 4760 1716 4833 auxiliis—usi
1748 4781 1939 4839 simus.
1972 4784 2101 4851 Qui-

509 4865 726 4944 cunque
756 4853 950 4910 harum
978 4872 1159 4913 rerum
1193 4861 1355 4931 periti
1374 4871 1525 4932 sunt,
1544 4863 1587 4919 ii
1617 4864 2101 4944 facileintelligent

507 4939 669 4995 nobis
718 4944 1125 5015 exspectatione
1172 4948 1413 5019 plurium
1462 4952 1701 5010 fontium
1745 4957 1956 5017 editum
1978 4939 2099 5020 esse

506 5025 837 5121 patefactum
870 5048 882 5086 :
913 5032 1059 5121 quod
1085 5034 1181 5089 vix
1210 5044 1263 5091 et
1285 5054 1351 5092 ne
1378 5038 1477 5095 vix
1507 5043 1726 5115 quidem
1757 5049 2095 5121 contigisset,

508 5111 616 5167 nisi
647 5115 947 5172 multorum
997 5119 1242 5178 virorum
1284 5111 1622 5198 benignitate
1665 5148 1727 5188 ac
1771 5111 2097 5195 liberalitate

509 5199 1065 5292 miruminAmodum
1096 5208 1269 5280 adjuti
1300 5228 1558 5273 essemus.
1592 5218 1714 5273 Non
1746 5222 1968 5292 quidem
1998 5226 2096 5283 du-

507 5281 626 5341 bito
649 5289 784 5360 quin
810 5289 987 5347 futuri
1017 5294 1147 5363 sint,
1180 5298 1379 5369 quibus
1411 5318 1674 5360 numerus
1701 5281 1957 5365 codicum
1985 5281 2094 5368 ma-

504 5388 691 5464 nuscr.
728 5392 836 5431 non
869 5380 1001 5436 satis
1036 5398 1263 5456 magnus
1298 5387 1572 5459 videatur,
1602 5400 1657 5447 et
1701 5394 1814 5464 ipse
1854 5400 2095 5458 maxime

503 5458 662 5517 doleo
692 5465 836 5535 quod
868 5468 925 5523 in
967 5470 1322 5530 bibliothecis
1361 5458 1775 5537 Vindobonensi
1811 5493 1865 5541 et
1912 5488 2094 5546 Mona-

502 5548 650 5601 censi
699 5552 1111 5625 antiquissimas
1152 5562 1496 5621 membranas
1556 5567 1824 5640 inspicere
1865 5581 1919 5630 et
1966 5575 2092 5632 dili-

2130 4634 2180 4693 D

2220 3378 2279 3434 in
2328 3379 2552 3451 hymnis
2594 3389 2739 3437 recte
2780 3382 3185 3439 constituendis
3220 3383 3378 3440 libris
3422 3389 3809 3459 manuscriptis

2219 3467 2455 3524 nimium
2501 3470 2773 3527 tribuunt.
2819 3472 2953 3527 Nam
3003 3471 3278 3528 breviaria
3312 3472 3645 3546 diceeesana,
3695 3494 3809 3550 qua

2218 3554 2365 3612 circa
2410 3572 2616 3613 annum
2658 3558 2795 3615 1500
2835 3560 2984 3632 typis
3016 3560 3289 3633 descripta
3330 3572 3490 3629 sunt,
3523 3580 3552 3619 e
3580 3565 3808 3637 diligen-

2217 3642 2431 3699 tissima
2456 3660 2667 3714 eorum,
2695 3647 2788 3719 qui
2818 3647 2875 3702 in
2905 3647 3127 3704 dioecesi
3159 3649 3472 3715 exstabant,
3501 3652 3666 3707 codd.
3701 3670 3807 3708 ma-

2217 3746 2401 3788 nuscr.
2434 3734 2842 3806 comparatione
2872 3737 3114 3807 profecta
3143 3746 3295 3804 sunt,
3328 3745 3391 3793 ut
3412 3738 3509 3795 bos
3536 3741 3686 3811 ipsos
3715 3758 3806 3797 au-

2216 3819 2468 3875 ctoritate
2490 3820 2535 3876 si
2567 3838 2675 3877 non
2698 3839 2974 3894 superare,
3005 3831 3149 3880 certe
3170 3840 3389 3897 aequare
3414 3825 3552 3880 mihi
3574 3827 3798 3883 videan-

2216 3914 2327 3963 tur.
2359 3908 2508 3964 Idem
2534 3909 2680 3965 valet
2707 3909 2773 3965 de
2802 3911 3047 3983 antiquis
3063 3919 3119 3967 et
3145 3913 3547 3970 recentioribus
3572 3914 3796 3987 hymno-

2216 4010 2338 4050 rum
2378 3995 2817 4067 collectionibus,
2855 4000 3030 4054 veluti
3073 3999 3373 4057 Cassander
3411 4002 3614 4058 multos
3639 4003 3793 4060 codd.

2216 4081 2535 4152 Germanos,
2567 4084 2937 4143 Clichtovaaus
2976 4085 3241 4158 Gallicos,
3273 4088 3598 4147 Thomasius
3638 4092 3797 4148 Italos

2217 4169 2477 4241 inspexit.
2708 4194 2727 4201 ο

2850 4267 2895 4321 Ι.
2922 4282 3163 4324 coerces.

2288 4349 2339 4404 1.
2371 4351 2518 4407 Anni
2551 4351 2687 4409 1839
2715 4362 2981 4409 autumno
3009 4371 3135 4411 cum
3164 4356 3389 4415 Dresde
3416 4375 3802 4429 commorarer,

2215 4435 2485 4492 breviaria
2515 4437 2572 4492 in
2602 4437 2935 4497 bibliotheca
2980 4441 3148 4512 Regia
3191 4451 3470 4499 asservata
3511 4444 3626 4501 adii
3657 4463 3802 4514 cum,

2215 4521 2379 4592 hujus
2425 4525 2503 4579 rei
2537 4528 2961 4598 exoptatissima;
3008 4530 3224 4587 occasio
3264 4530 3404 4587 mihi
3434 4532 3623 4589 oblata
3647 4545 3805 4592 esset.

2214 4609 2459 4666 Primum
2489 4613 2598 4668 adii
2648 4614 2982 4672 breviarium
3010 4617 3175 4685 illud,
3206 4618 3357 4692 quod
3379 4621 3663 4693 catalogus
3699 4640 3810 4680 ma-

2213 4713 2395 4754 nuscr.
2430 4700 2531 4756 sub
2562 4701 2724 4758 titulo
2751 4706 2820 4759 A.
2856 4704 2955 4760 147
2985 4705 3172 4775 habet,
3211 4723 3341 4763 cum
3371 4706 3428 4764 id
3456 4724 3528 4764 ex
3555 4720 3813 4767 accurata

2212 4788 2523 4845 narratione
2566 4791 2991 4849 Falckensteinii
3037 4794 3176 4850 mihi
3238 4809 3402 4852 antea
3453 4796 3811 4856 innotuisset.

2210 4874 2316 4929 Sed
2344 4883 2426 4931 est
2463 4875 2604 4933 illud
2634 4879 2924 4936 Horarium
2969 4882 3174 4953 potius,
3204 4900 3331 4940 cum
3365 4884 3531 4942 horas
3556 4886 3631 4943 de
3657 4888 3813 4946 beata

2212 4962 2463 5034 Virgine,
2508 4965 2575 5019 de
2621 4964 2832 5037 Spiritu
2879 4978 3088 5037 sancto,
3128 4979 3259 5038 etc.,
3304 4973 3611 5030 contineat.
3658 4977 3810 5032 ditas

2210 5047 2328 5119 ejus
2368 5050 2486 5105 sine
2533 5051 2703 5108 dubio
2751 5056 3011 5111 saeculum
3050 5073 3127 5113 xv
3159 5060 3248 5114 vel
3295 5074 3394 5115 xxv
3422 5077 3537 5117 non
3571 5074 3806 5135 superat,

2210 5138 2363 5209 origo
2398 5148 2579 5196 autem
2623 5142 2671 5196 si
2713 5158 2824 5198 non
2868 5144 2935 5199 ab
2966 5145 3084 5217 ipsa
3118 5144 3344 5204 dioecesi
3378 5150 3639 5220 Metensi,
3669 5162 3807 5208 certe

2208 5226 2276 5283 ab
2321 5229 2470 5285 aﬂini
2520 5231 2703 5304 aliqua
2755 5234 3045 5304 repetenda
3100 5235 3325 5292 videtur
3379 5255 3519 5296 esse.
3580 5242 3805 5298 Pictura

2209 5317 2537 5389 marginales
2586 5320 2787 5393 quibus
2815 5322 2989 5378 codex
3027 5324 3330 5397 insignitus
3358 5339 3445 5386 est
3469 5331 3651 5404 digna:
3684 5340 3805 5388 sunt

2210 5404 2276 5461 ad
2303 5423 2457 5479 quas,
2489 5408 2803 5482 quicunque
2850 5409 3047 5466 barum
3092 5427 3283 5470 rerum
3313 5419 3487 5487 periti
3518 5429 3669 5487 sunt,
3697 5420 3801 5474 ani-

2207 5508 2359 5551 mum
2391 5495 2698 5554 advertant.
2734 5500 2820 5567 (D.
2856 5499 2945 5567 1.)

2276 5580 2330 5640 2.
2359 5582 2563 5641 Eadem
2591 5584 2651 5641 in
2698 5584 3033 5644 bibliotheca
3058 5588 3305 5647 alterum
3355 5593 3557 5652 inveni
3590 5594 3802 5654 brevia-
