  <div class='ocr_page' id='page_1' title='image "/cluster/home/n/w/nwhite01/storage/ocr_20150623/17/uva.x000826553/608.png"; bbox 0 0 3880 6204; ppageno 0'>
   <div class='ocr_carea' id='block_1_1' title="bbox 116 281 267 339">
    <p class='ocr_par' dir='ltr' id='par_1_1' title="bbox 116 281 267 339">
     <span class='ocr_line' id='line_1_1' title="bbox 116 281 267 339; baseline 0 0"><span class='ocrx_word' id='word_1_1' title='bbox 116 281 267 339; x_wconf 74' lang='grc'><strong>1201</strong></span> 
     </span>
    </p>
   </div>
   <div class='ocr_carea' id='block_1_2' title="bbox 1195 297 2340 367">
    <p class='ocr_par' dir='ltr' id='par_1_2' title="bbox 1195 297 2340 367">
     <span class='ocr_line' id='line_1_2' title="bbox 1195 297 2340 367; baseline 0.014 -16"><span class='ocrx_word' id='word_1_2' title='bbox 1195 297 1419 354; x_wconf 79' lang='lat' dir='ltr'>HYMNI</span> <span class='ocrx_word' id='word_1_3' title='bbox 1457 301 1510 356; x_wconf 92' lang='lat' dir='ltr'><strong>S.</strong></span> <span class='ocrx_word' id='word_1_4' title='bbox 1556 304 1911 361; x_wconf 78' lang='lat' dir='ltr'><strong>AMBROSIO</strong></span> <span class='ocrx_word' id='word_1_5' title='bbox 1948 309 2340 367; x_wconf 81' lang='lat' dir='ltr'><strong>ATTRIBUTI.</strong></span> 
     </span>
    </p>
   </div>
   <div class='ocr_carea' id='block_1_3' title="bbox 3268 326 3410 387">
    <p class='ocr_par' dir='ltr' id='par_1_3' title="bbox 3268 326 3410 387">
     <span class='ocr_line' id='line_1_3' title="bbox 3268 326 3410 387; baseline 0.028 -4"><span class='ocrx_word' id='word_1_6' title='bbox 3268 326 3410 387; x_wconf 75' lang='grc'><strong>1202</strong></span> 
     </span>
    </p>
   </div>
   <div class='ocr_carea' id='block_1_4' title="bbox 113 408 3407 516">
    <p class='ocr_par' dir='ltr' id='par_1_4' title="bbox 113 408 3407 516">
     <span class='ocr_line' id='line_1_4' title="bbox 113 408 3407 516; baseline 0.015 -54"><span class='ocrx_word' id='word_1_7' title='bbox 113 408 298 516; x_wconf 55' lang='grc' dir='ltr'><strong>ξνξιιωζ</strong></span> <span class='ocrx_word' id='word_1_8' title='bbox 329 410 387 466; x_wconf 90' lang='lat' dir='ltr'><strong>in</strong></span> <span class='ocrx_word' id='word_1_9' title='bbox 416 410 599 512; x_wconf 75' lang='lat' dir='ltr'><strong>indice</strong></span> <span class='ocrx_word' id='word_1_10' title='bbox 618 413 718 471; x_wconf 88' lang='lat' dir='ltr'><strong>sub</strong></span> <span class='ocrx_word' id='word_1_11' title='bbox 734 415 802 471; x_wconf 83' lang='lat' dir='ltr'><strong>A.</strong></span> <span class='ocrx_word' id='word_1_12' title='bbox 825 415 931 516; x_wconf 54' lang='grc' dir='ltr'><strong>ξ28</strong></span> <span class='ocrx_word' id='word_1_13' title='bbox 949 426 1221 488; x_wconf 89' lang='lat' dir='ltr'><strong>notatum,</strong></span> <span class='ocrx_word' id='word_1_14' title='bbox 1242 438 1311 477; x_wconf 83' lang='lat' dir='ltr'><strong>ex</strong></span> <span class='ocrx_word' id='word_1_15' title='bbox 1338 424 1493 480; x_wconf 80' lang='lat' dir='ltr'><strong>libris</strong></span> <span class='ocrx_word' id='word_1_16' title='bbox 1514 428 1713 484; x_wconf 89' lang='lat' dir='ltr'><strong>Crusii.</strong></span> <span class='ocrx_word' id='word_1_17' title='bbox 1745 433 1797 491; x_wconf 85' lang='grc' dir='ltr'>Α</span> <span class='ocrx_word' id='word_1_18' title='bbox 1829 431 2000 488; x_wconf 90' lang='lat' dir='ltr'><strong>simus</strong></span> <span class='ocrx_word' id='word_1_19' title='bbox 2035 437 2372 506; x_wconf 81' lang='lat' dir='ltr'><strong>argumentis</strong></span> <span class='ocrx_word' id='word_1_20' title='bbox 2400 439 2530 495; x_wconf 90' lang='lat' dir='ltr'><strong>satis</strong></span> <span class='ocrx_word' id='word_1_21' title='bbox 2567 441 2782 499; x_wconf 80' lang='lat' dir='ltr'><strong>idoneis</strong></span> <span class='ocrx_word' id='word_1_22' title='bbox 2836 445 3206 516; x_wconf 82' lang='lat' dir='ltr'><strong>conﬁrmavit,</strong></span> <span class='ocrx_word' id='word_1_23' title='bbox 3260 453 3407 511; x_wconf 88' lang='lat' dir='ltr'><strong>nihil</strong></span> 
     </span>
    </p>
   </div>
   <div class='ocr_carea' id='block_1_5' title="bbox 116 496 1717 575">
    <p class='ocr_par' dir='ltr' id='par_1_5' title="bbox 116 496 1717 575">
     <span class='ocr_line' id='line_1_5' title="bbox 116 496 1717 575; baseline 0.011 -22"><span class='ocrx_word' id='word_1_24' title='bbox 116 496 246 555; x_wconf 84' lang='lat' dir='ltr'><strong>Hoc</strong></span> <span class='ocrx_word' id='word_1_25' title='bbox 280 498 643 569; x_wconf 82' lang='lat' dir='ltr'><strong>breviarium,</strong></span> <span class='ocrx_word' id='word_1_26' title='bbox 701 503 847 575; x_wconf 91' lang='lat' dir='ltr'><strong>quod</strong></span> <span class='ocrx_word' id='word_1_27' title='bbox 903 506 1084 562; x_wconf 86' lang='lat' dir='ltr'><strong>ordini</strong></span> <span class='ocrx_word' id='word_1_28' title='bbox 1137 510 1626 569; x_wconf 88' lang='lat' dir='ltr'><strong>Dominicanorum</strong></span> <span class='ocrx_word' id='word_1_29' title='bbox 1660 516 1717 570; x_wconf 92' lang='lat' dir='ltr'><strong>in</strong></span> 
     </span>
    </p>
   </div>
   <div class='ocr_carea' id='block_1_6' title="bbox 118 586 1718 668">
    <p class='ocr_par' dir='ltr' id='par_1_6' title="bbox 118 586 1718 668">
     <span class='ocr_line' id='line_1_6' title="bbox 118 586 1718 668; baseline 0.011 -27"><span class='ocrx_word' id='word_1_30' title='bbox 118 600 235 641; x_wconf 81' lang='lat' dir='ltr'><strong>usu</strong></span> <span class='ocrx_word' id='word_1_31' title='bbox 283 586 412 654; x_wconf 82' lang='lat' dir='ltr'><strong>fuit,</strong></span> <span class='ocrx_word' id='word_1_32' title='bbox 443 604 513 644; x_wconf 88' lang='lat' dir='ltr'><strong>ex</strong></span> <span class='ocrx_word' id='word_1_33' title='bbox 539 594 1058 651; x_wconf 43' lang='lat' dir='ltr'><strong>cosaemoratione</strong></span> <span class='ocrx_word' id='word_1_34' title='bbox 1086 600 1449 668; x_wconf 89' lang='lat' dir='ltr'><strong>quorumdam</strong></span> <span class='ocrx_word' id='word_1_35' title='bbox 1492 610 1718 657; x_wconf 89' lang='lat' dir='ltr'><strong>sancto-</strong></span> 
     </span>
    </p>
   </div>
   <div class='ocr_carea' id='block_1_7' title="bbox 113 676 1717 757">
    <p class='ocr_par' dir='ltr' id='par_1_7' title="bbox 113 676 1717 757">
     <span class='ocr_line' id='line_1_7' title="bbox 113 676 1717 757; baseline 0.012 -30"><span class='ocrx_word' id='word_1_36' title='bbox 113 688 272 741; x_wconf 84' lang='lat' dir='ltr'><strong>rum,</strong></span> <span class='ocrx_word' id='word_1_37' title='bbox 305 676 459 733; x_wconf 89' lang='lat' dir='ltr'><strong>velut</strong></span> <span class='ocrx_word' id='word_1_38' title='bbox 490 679 527 733; x_wconf 92' lang='grc'><strong>8</strong></span> <span class='ocrx_word' id='word_1_39' title='bbox 594 679 811 747; x_wconf 71' lang='lat' dir='ltr'><strong>~..halae,</strong></span> <span class='ocrx_word' id='word_1_40' title='bbox 842 691 1063 753; x_wconf 78' lang='lat' dir='ltr'><strong>apparet</strong></span> <span class='ocrx_word' id='word_1_41' title='bbox 1094 700 1164 740; x_wconf 91' lang='lat' dir='ltr'><strong>ex</strong></span> <span class='ocrx_word' id='word_1_42' title='bbox 1201 686 1419 757; x_wconf 83' lang='lat' dir='ltr'><strong>regione</strong></span> <span class='ocrx_word' id='word_1_43' title='bbox 1457 688 1717 746; x_wconf 88' lang='lat' dir='ltr'><strong>Rhenana</strong></span> 
     </span>
    </p>
   </div>
   <div class='ocr_carea' id='block_1_8' title="bbox 113 761 1711 835">
    <p class='ocr_par' dir='ltr' id='par_1_8' title="bbox 113 761 1711 835">
     <span class='ocr_line' id='line_1_8' title="bbox 113 761 1711 835; baseline 0.011 -21"><span class='ocrx_word' id='word_1_44' title='bbox 113 761 408 832; x_wconf 82' lang='lat' dir='ltr'><strong>superiore</strong></span> <span class='ocrx_word' id='word_1_45' title='bbox 440 770 708 835; x_wconf 54' lang='lat' dir='ltr'><strong>or-ginem</strong></span> <span class='ocrx_word' id='word_1_46' title='bbox 748 768 997 825; x_wconf 84' lang='lat' dir='ltr'><strong>traxisse.</strong></span> <span class='ocrx_word' id='word_1_47' title='bbox 1036 771 1196 828; x_wconf 88' lang='lat' dir='ltr'><strong>Hunc</strong></span> <span class='ocrx_word' id='word_1_48' title='bbox 1242 780 1423 829; x_wconf 88' lang='lat' dir='ltr'><strong>tamen</strong></span> <span class='ocrx_word' id='word_1_49' title='bbox 1469 775 1711 833; x_wconf 82' lang='lat' dir='ltr'><strong>codicem</strong></span> 
     </span>
    </p>
   </div>
   <div class='ocr_carea' id='block_1_9' title="bbox 114 848 1707 931">
    <p class='ocr_par' dir='ltr' id='par_1_9' title="bbox 114 848 1707 931">
     <span class='ocr_line' id='line_1_9' title="bbox 114 848 1707 931; baseline 0.012 -29"><span class='ocrx_word' id='word_1_50' title='bbox 114 848 227 904; x_wconf 82' lang='lat' dir='ltr'><strong>vix</strong></span> <span class='ocrx_word' id='word_1_51' title='bbox 255 849 477 906; x_wconf 87' lang='lat' dir='ltr'><strong>initium</strong></span> <span class='ocrx_word' id='word_1_52' title='bbox 503 853 691 908; x_wconf 65' lang='lat' dir='ltr'><strong>seaculi</strong></span> <span class='ocrx_word' id='word_1_53' title='bbox 718 870 796 910; x_wconf 89' lang='lat' dir='ltr'><strong>xv</strong></span> <span class='ocrx_word' id='word_1_54' title='bbox 825 858 1127 929; x_wconf 82' lang='lat' dir='ltr'><strong>transgredi</strong></span> <span class='ocrx_word' id='word_1_55' title='bbox 1167 874 1484 931; x_wconf 83' lang='lat' dir='ltr'><strong>persuasum</strong></span> <span class='ocrx_word' id='word_1_56' title='bbox 1515 862 1707 921; x_wconf 84' lang='lat' dir='ltr'><strong>habeo.</strong></span> 
     </span>
    </p>
   </div>
   <div class='ocr_carea' id='block_1_10' title="bbox 113 934 333 1009">
    <p class='ocr_par' dir='ltr' id='par_1_10' title="bbox 113 934 333 1009">
     <span class='ocr_line' id='line_1_10' title="bbox 113 934 333 1009; baseline 0.005 -17"><span class='ocrx_word' id='word_1_57' title='bbox 113 934 220 1005; x_wconf 82' lang='grc'><strong>(1).</strong></span> <span class='ocrx_word' id='word_1_58' title='bbox 252 936 333 1009; x_wconf 79' lang='lat'><strong>2.)</strong></span> 
     </span>
    </p>
   </div>
   <div class='ocr_carea' id='block_1_11' title="bbox 192 1031 1711 1119">
    <p class='ocr_par' dir='ltr' id='par_1_11' title="bbox 192 1031 1711 1119">
     <span class='ocr_line' id='line_1_11' title="bbox 192 1031 1711 1119; baseline 0.011 -32"><span class='ocrx_word' id='word_1_59' title='bbox 192 1031 250 1089; x_wconf 86' lang='lat'><strong>3.</strong></span> <span class='ocrx_word' id='word_1_60' title='bbox 297 1032 501 1090; x_wconf 88' lang='lat' dir='ltr'><strong>Eadem</strong></span> <span class='ocrx_word' id='word_1_61' title='bbox 550 1036 662 1093; x_wconf 85' lang='lat' dir='ltr'><strong>fere</strong></span> <span class='ocrx_word' id='word_1_62' title='bbox 707 1037 846 1095; x_wconf 85' lang='lat' dir='ltr'><strong>ratio</strong></span> <span class='ocrx_word' id='word_1_63' title='bbox 894 1047 976 1096; x_wconf 89' lang='lat' dir='ltr'><strong>est</strong></span> <span class='ocrx_word' id='word_1_64' title='bbox 1018 1039 1225 1098; x_wconf 82' lang='lat' dir='ltr'><strong>codicis</strong></span> <span class='ocrx_word' id='word_1_65' title='bbox 1271 1041 1563 1115; x_wconf 89' lang='lat' dir='ltr'><strong>chartacei,</strong></span> <span class='ocrx_word' id='word_1_66' title='bbox 1615 1046 1711 1119; x_wconf 85' lang='lat' dir='ltr'><strong>qui</strong></span> 
     </span>
    </p>
   </div>
   <div class='ocr_carea' id='block_1_12' title="bbox 110 1121 1710 1192">
    <p class='ocr_par' dir='ltr' id='par_1_12' title="bbox 110 1121 1710 1192">
     <span class='ocr_line' id='line_1_12' title="bbox 110 1121 1710 1192; baseline 0.009 -16"><span class='ocrx_word' id='word_1_67' title='bbox 110 1134 250 1176; x_wconf 78' lang='lat' dir='ltr'><strong>cum</strong></span> <span class='ocrx_word' id='word_1_68' title='bbox 298 1121 568 1192; x_wconf 88' lang='lat' dir='ltr'><strong>quondam</strong></span> <span class='ocrx_word' id='word_1_69' title='bbox 621 1124 678 1178; x_wconf 91' lang='lat' dir='ltr'><strong>in</strong></span> <span class='ocrx_word' id='word_1_70' title='bbox 729 1125 1061 1186; x_wconf 79' lang='lat' dir='ltr'><strong>bibliotheca</strong></span> <span class='ocrx_word' id='word_1_71' title='bbox 1104 1132 1419 1188; x_wconf 83' lang='lat' dir='ltr'><strong>monasterii</strong></span> <span class='ocrx_word' id='word_1_72' title='bbox 1459 1132 1515 1189; x_wconf 96' lang='grc'><strong>8.</strong></span> <span class='ocrx_word' id='word_1_73' title='bbox 1564 1133 1710 1190; x_wconf 91' lang='lat' dir='ltr'><strong>Petri</strong></span> 
     </span>
    </p>
   </div>
   <div class='ocr_carea' id='block_1_13' title="bbox 111 1206 1710 1283">
    <p class='ocr_par' dir='ltr' id='par_1_13' title="bbox 111 1206 1710 1283">
     <span class='ocr_line' id='line_1_13' title="bbox 111 1206 1710 1283; baseline 0.012 -23"><span class='ocrx_word' id='word_1_74' title='bbox 111 1206 393 1263; x_wconf 66' lang='lat' dir='ltr'><strong>Erfordiai</strong></span> <span class='ocrx_word' id='word_1_75' title='bbox 423 1220 813 1283; x_wconf 88' lang='lat' dir='ltr'><strong>asservaretur,</strong></span> <span class='ocrx_word' id='word_1_76' title='bbox 845 1229 994 1271; x_wconf 91' lang='lat' dir='ltr'><strong>nunc</strong></span> <span class='ocrx_word' id='word_1_77' title='bbox 1023 1232 1176 1273; x_wconf 89' lang='lat' dir='ltr'><strong>meus</strong></span> <span class='ocrx_word' id='word_1_78' title='bbox 1203 1226 1304 1274; x_wconf 91' lang='lat' dir='ltr'><strong>est.</strong></span> <span class='ocrx_word' id='word_1_79' title='bbox 1347 1220 1494 1276; x_wconf 88' lang='lat' dir='ltr'><strong>Inest</strong></span> <span class='ocrx_word' id='word_1_80' title='bbox 1520 1221 1580 1277; x_wconf 92' lang='lat' dir='ltr'><strong>in</strong></span> <span class='ocrx_word' id='word_1_81' title='bbox 1604 1221 1710 1278; x_wconf 90' lang='lat' dir='ltr'><strong>hoc</strong></span> 
     </span>
    </p>
   </div>
   <div class='ocr_carea' id='block_1_14' title="bbox 110 1296 1707 1382">
    <p class='ocr_par' dir='ltr' id='par_1_14' title="bbox 110 1296 1707 1382">
     <span class='ocr_line' id='line_1_14' title="bbox 110 1296 1707 1382; baseline 0.012 -33"><span class='ocrx_word' id='word_1_82' title='bbox 110 1296 310 1351; x_wconf 89' lang='lat' dir='ltr'><strong>codice</strong></span> <span class='ocrx_word' id='word_1_83' title='bbox 337 1299 497 1354; x_wconf 88' lang='lat' dir='ltr'><strong>Glosa</strong></span> <span class='ocrx_word' id='word_1_84' title='bbox 520 1316 680 1371; x_wconf 82' lang='lat' dir='ltr'><strong>super</strong></span> <span class='ocrx_word' id='word_1_85' title='bbox 717 1304 921 1370; x_wconf 84' lang='lat' dir='ltr'><strong>Y-nmos,</strong></span> <span class='ocrx_word' id='word_1_86' title='bbox 954 1320 1074 1375; x_wconf 68' lang='lat' dir='ltr'><strong>quae</strong></span> <span class='ocrx_word' id='word_1_87' title='bbox 1100 1314 1281 1363; x_wconf 89' lang='lat' dir='ltr'><strong>tamen</strong></span> <span class='ocrx_word' id='word_1_88' title='bbox 1319 1309 1389 1365; x_wconf 91' lang='lat' dir='ltr'><strong>ad</strong></span> <span class='ocrx_word' id='word_1_89' title='bbox 1425 1311 1707 1382; x_wconf 84' lang='lat' dir='ltr'><strong>explican-</strong></span> 
     </span>
    </p>
   </div>
   <div class='ocr_carea' id='block_1_15' title="bbox 108 1382 1707 1468">
    <p class='ocr_par' dir='ltr' id='par_1_15' title="bbox 108 1382 1707 1468">
     <span class='ocr_line' id='line_1_15' title="bbox 108 1382 1707 1468; baseline 0.012 -31"><span class='ocrx_word' id='word_1_90' title='bbox 108 1382 222 1439; x_wconf 90' lang='lat' dir='ltr'><strong>dos</strong></span> <span class='ocrx_word' id='word_1_91' title='bbox 247 1384 483 1457; x_wconf 90' lang='lat' dir='ltr'><strong>hymnos</strong></span> <span class='ocrx_word' id='word_1_92' title='bbox 511 1388 626 1442; x_wconf 83' lang='lat' dir='ltr'><strong>fere</strong></span> <span class='ocrx_word' id='word_1_93' title='bbox 660 1388 805 1444; x_wconf 87' lang='lat' dir='ltr'><strong>nihil</strong></span> <span class='ocrx_word' id='word_1_94' title='bbox 846 1393 1077 1448; x_wconf 83' lang='lat' dir='ltr'><strong>confert.</strong></span> <span class='ocrx_word' id='word_1_95' title='bbox 1126 1395 1267 1451; x_wconf 85' lang='lat' dir='ltr'><strong>Huic</strong></span> <span class='ocrx_word' id='word_1_96' title='bbox 1313 1398 1502 1468; x_wconf 73' lang='lat' dir='ltr'><strong>glossai</strong></span> <span class='ocrx_word' id='word_1_97' title='bbox 1545 1416 1707 1455; x_wconf 92' lang='lat' dir='ltr'><strong>com-</strong></span> 
     </span>
    </p>
   </div>
   <div class='ocr_carea' id='block_1_16' title="bbox 109 1474 1704 1559">
    <p class='ocr_par' dir='ltr' id='par_1_16' title="bbox 109 1474 1704 1559">
     <span class='ocr_line' id='line_1_16' title="bbox 109 1474 1704 1559; baseline 0.01 -33"><span class='ocrx_word' id='word_1_98' title='bbox 109 1474 421 1530; x_wconf 87' lang='lat' dir='ltr'><strong>mentarius</strong></span> <span class='ocrx_word' id='word_1_99' title='bbox 449 1476 516 1531; x_wconf 92' lang='lat' dir='ltr'><strong>de</strong></span> <span class='ocrx_word' id='word_1_100' title='bbox 546 1478 820 1533; x_wconf 87' lang='lat' dir='ltr'><strong>summula</strong></span> <span class='ocrx_word' id='word_1_101' title='bbox 848 1479 1163 1551; x_wconf 85' lang='lat' dir='ltr'><strong>Raymundi</strong></span> <span class='ocrx_word' id='word_1_102' title='bbox 1192 1482 1414 1540; x_wconf 89' lang='lat' dir='ltr'><strong>additus</strong></span> <span class='ocrx_word' id='word_1_103' title='bbox 1441 1492 1540 1541; x_wconf 90' lang='lat' dir='ltr'><strong>est.</strong></span> <span class='ocrx_word' id='word_1_104' title='bbox 1584 1486 1704 1559; x_wconf 90' lang='lat' dir='ltr'><strong>(E.)</strong></span> 
     </span>
    </p>
   </div>
   <div class='ocr_carea' id='block_1_17' title="bbox 189 1568 1707 1652">
    <p class='ocr_par' dir='ltr' id='par_1_17' title="bbox 189 1568 1707 1652">
     <span class='ocr_line' id='line_1_17' title="bbox 189 1568 1707 1652; baseline 0.009 -28"><span class='ocrx_word' id='word_1_105' title='bbox 189 1568 246 1624; x_wconf 75' lang='grc'><strong>4.</strong></span> <span class='ocrx_word' id='word_1_106' title='bbox 301 1571 761 1644; x_wconf 87' lang='lat' dir='ltr'><strong>Antiquissimum</strong></span> <span class='ocrx_word' id='word_1_107' title='bbox 793 1591 979 1632; x_wconf 89' lang='lat' dir='ltr'><strong>eorum</strong></span> <span class='ocrx_word' id='word_1_108' title='bbox 1013 1594 1148 1650; x_wconf 91' lang='lat' dir='ltr'><strong>quos</strong></span> <span class='ocrx_word' id='word_1_109' title='bbox 1177 1578 1520 1652; x_wconf 85' lang='lat' dir='ltr'><strong>inspeximus</strong></span> <span class='ocrx_word' id='word_1_110' title='bbox 1543 1584 1707 1641; x_wconf 90' lang='lat' dir='ltr'><strong>codi-</strong></span> 
     </span>
    </p>
   </div>
   <div class='ocr_carea' id='block_1_18' title="bbox 107 1661 1706 1739">
    <p class='ocr_par' dir='ltr' id='par_1_18' title="bbox 107 1661 1706 1739">
     <span class='ocr_line' id='line_1_18' title="bbox 107 1661 1706 1739; baseline 0.012 -24"><span class='ocrx_word' id='word_1_111' title='bbox 107 1674 242 1715; x_wconf 86' lang='lat' dir='ltr'><strong>cum</strong></span> <span class='ocrx_word' id='word_1_112' title='bbox 273 1661 532 1718; x_wconf 89' lang='lat' dir='ltr'><strong>debemus</strong></span> <span class='ocrx_word' id='word_1_113' title='bbox 565 1664 878 1723; x_wconf 85' lang='lat' dir='ltr'><strong>liberalitati</strong></span> <span class='ocrx_word' id='word_1_114' title='bbox 908 1669 1249 1739; x_wconf 83' lang='lat' dir='ltr'><strong>Rambachii,</strong></span> <span class='ocrx_word' id='word_1_115' title='bbox 1291 1673 1401 1729; x_wconf 90' lang='lat' dir='ltr'><strong>viri</strong></span> <span class='ocrx_word' id='word_1_116' title='bbox 1441 1674 1706 1733; x_wconf 86' lang='lat' dir='ltr'><strong>doctissi-</strong></span> 
     </span>
    </p>
   </div>
   <div class='ocr_carea' id='block_1_19' title="bbox 1826 522 3408 600">
    <p class='ocr_par' dir='ltr' id='par_1_19' title="bbox 1826 522 3408 600">
     <span class='ocr_line' id='line_1_19' title="bbox 1826 522 3408 600; baseline 0.016 -26"><span class='ocrx_word' id='word_1_117' title='bbox 1826 530 1907 576; x_wconf 90' lang='lat' dir='ltr'><strong>est</strong></span> <span class='ocrx_word' id='word_1_118' title='bbox 1948 522 2094 594; x_wconf 89' lang='lat' dir='ltr'><strong>quod</strong></span> <span class='ocrx_word' id='word_1_119' title='bbox 2147 540 2506 595; x_wconf 82' lang='lat' dir='ltr'><strong>exponamus,</strong></span> <span class='ocrx_word' id='word_1_120' title='bbox 2538 532 2730 600; x_wconf 85' lang='lat' dir='ltr'><strong>quanti</strong></span> <span class='ocrx_word' id='word_1_121' title='bbox 2782 531 2877 588; x_wconf 90' lang='lat' dir='ltr'><strong>hic</strong></span> <span class='ocrx_word' id='word_1_122' title='bbox 2907 534 3142 594; x_wconf 90' lang='lat' dir='ltr'><strong>Grimmi</strong></span> <span class='ocrx_word' id='word_1_123' title='bbox 3194 539 3334 598; x_wconf 89' lang='lat' dir='ltr'><strong>liber</strong></span> <span class='ocrx_word' id='word_1_124' title='bbox 3374 559 3408 599; x_wconf 86' lang='lat' dir='ltr'><strong>a</strong></span> 
     </span>
    </p>
   </div>
   <div class='ocr_carea' id='block_1_20' title="bbox 1825 608 2588 686">
    <p class='ocr_par' dir='ltr' id='par_1_20' title="bbox 1825 608 2588 686">
     <span class='ocr_line' id='line_1_20' title="bbox 1825 608 2588 686; baseline 0.01 -24"><span class='ocrx_word' id='word_1_125' title='bbox 1825 608 1985 665; x_wconf 90' lang='lat' dir='ltr'><strong>nobis</strong></span> <span class='ocrx_word' id='word_1_126' title='bbox 2014 612 2317 668; x_wconf 72' lang='lat' dir='ltr'><strong>mstimatus</strong></span> <span class='ocrx_word' id='word_1_127' title='bbox 2343 614 2434 669; x_wconf 88' lang='lat' dir='ltr'><strong>sit.</strong></span> <span class='ocrx_word' id='word_1_128' title='bbox 2468 615 2588 686; x_wconf 86' lang='lat'><strong>(0.)</strong></span> 
     </span>
    </p>
   </div>
   <div class='ocr_carea' id='block_1_21' title="bbox 1898 696 3406 772">
    <p class='ocr_par' dir='ltr' id='par_1_21' title="bbox 1898 696 3406 772">
     <span class='ocr_line' id='line_1_21' title="bbox 1898 696 3406 772; baseline 0.015 -21"><span class='ocrx_word' id='word_1_129' title='bbox 1898 696 1941 750; x_wconf 90' lang='grc'><strong>7.</strong></span> <span class='ocrx_word' id='word_1_130' title='bbox 1984 696 2119 754; x_wconf 90' lang='lat' dir='ltr'><strong>Cum</strong></span> <span class='ocrx_word' id='word_1_131' title='bbox 2152 699 2483 756; x_wconf 84' lang='lat' dir='ltr'><strong>audivissem</strong></span> <span class='ocrx_word' id='word_1_132' title='bbox 2513 703 2570 756; x_wconf 91' lang='lat' dir='ltr'><strong>in</strong></span> <span class='ocrx_word' id='word_1_133' title='bbox 2601 703 2936 764; x_wconf 90' lang='lat' dir='ltr'><strong>bibliotheca</strong></span> <span class='ocrx_word' id='word_1_134' title='bbox 2965 710 3255 770; x_wconf 73' lang='lat' dir='ltr'><strong>academiaa</strong></span> <span class='ocrx_word' id='word_1_135' title='bbox 3274 716 3406 772; x_wconf 87' lang='lat' dir='ltr'><strong>Her-</strong></span> 
     </span>
    </p>
   </div>
   <div class='ocr_carea' id='block_1_22' title="bbox 1821 780 3406 869">
    <p class='ocr_par' dir='ltr' id='par_1_22' title="bbox 1821 780 3406 869">
     <span class='ocr_line' id='line_1_22' title="bbox 1821 780 3406 869; baseline 0.015 -33"><span class='ocrx_word' id='word_1_136' title='bbox 1821 780 2142 853; x_wconf 66' lang='lat' dir='ltr'><strong>bipolitanaa</strong></span> <span class='ocrx_word' id='word_1_137' title='bbox 2187 786 2462 844; x_wconf 87' lang='lat' dir='ltr'><strong>breviaria</strong></span> <span class='ocrx_word' id='word_1_138' title='bbox 2507 790 2892 863; x_wconf 87' lang='lat' dir='ltr'><strong>antiquissima</strong></span> <span class='ocrx_word' id='word_1_139' title='bbox 2944 801 3231 869; x_wconf 87' lang='lat' dir='ltr'><strong>asservari,</strong></span> <span class='ocrx_word' id='word_1_140' title='bbox 3261 819 3406 860; x_wconf 90' lang='lat' dir='ltr'><strong>con-</strong></span> 
     </span>
    </p>
   </div>
   <div class='ocr_carea' id='block_1_23' title="bbox 1822 869 3405 959">
    <p class='ocr_par' dir='ltr' id='par_1_23' title="bbox 1822 869 3405 959">
     <span class='ocr_line' id='line_1_23' title="bbox 1822 869 3405 959; baseline 0.011 -33"><span class='ocrx_word' id='word_1_141' title='bbox 1822 869 1956 927; x_wconf 87' lang='lat' dir='ltr'><strong>ﬁsus</strong></span> <span class='ocrx_word' id='word_1_142' title='bbox 2003 873 2335 932; x_wconf 87' lang='lat' dir='ltr'><strong>liberalitate</strong></span> <span class='ocrx_word' id='word_1_143' title='bbox 2381 876 2679 949; x_wconf 86' lang='lat' dir='ltr'><strong>Ludwigii,</strong></span> <span class='ocrx_word' id='word_1_144' title='bbox 2727 880 2836 934; x_wconf 85' lang='lat' dir='ltr'><strong>viri</strong></span> <span class='ocrx_word' id='word_1_145' title='bbox 2881 880 3206 953; x_wconf 89' lang='lat' dir='ltr'><strong>doctissimi,</strong></span> <span class='ocrx_word' id='word_1_146' title='bbox 3247 888 3405 959; x_wconf 85' lang='lat' dir='ltr'><strong>cujus</strong></span> 
     </span>
    </p>
   </div>
   <div class='ocr_carea' id='block_1_24' title="bbox 1820 960 3406 1040">
    <p class='ocr_par' dir='ltr' id='par_1_24' title="bbox 1820 960 3406 1040">
     <span class='ocr_line' id='line_1_24' title="bbox 1820 960 3406 1040; baseline 0.012 -28"><span class='ocrx_word' id='word_1_147' title='bbox 1820 970 1965 1012; x_wconf 66' lang='lat' dir='ltr'><strong>cura:</strong></span> <span class='ocrx_word' id='word_1_148' title='bbox 1993 974 2057 1015; x_wconf 89' lang='lat' dir='ltr'><strong>ac</strong></span> <span class='ocrx_word' id='word_1_149' title='bbox 2084 962 2269 1017; x_wconf 69' lang='lat' dir='ltr'><strong>tutela:</strong></span> <span class='ocrx_word' id='word_1_150' title='bbox 2314 960 2651 1019; x_wconf 89' lang='lat' dir='ltr'><strong>bibliotheca</strong></span> <span class='ocrx_word' id='word_1_151' title='bbox 2710 965 2806 1019; x_wconf 90' lang='lat' dir='ltr'><strong>illa</strong></span> <span class='ocrx_word' id='word_1_152' title='bbox 2851 969 3141 1025; x_wconf 88' lang='lat' dir='ltr'><strong>commissa</strong></span> <span class='ocrx_word' id='word_1_153' title='bbox 3193 979 3295 1040; x_wconf 86' lang='lat' dir='ltr'><strong>est,</strong></span> <span class='ocrx_word' id='word_1_154' title='bbox 3350 982 3406 1031; x_wconf 88' lang='lat' dir='ltr'><strong>et</strong></span> 
     </span>
    </p>
   </div>
   <div class='ocr_carea' id='block_1_25' title="bbox 1818 1047 3402 1127">
    <p class='ocr_par' dir='ltr' id='par_1_25' title="bbox 1818 1047 3402 1127">
     <span class='ocr_line' id='line_1_25' title="bbox 1818 1047 3402 1127; baseline 0.011 -23"><span class='ocrx_word' id='word_1_155' title='bbox 1818 1047 2053 1120; x_wconf 79' lang='lat' dir='ltr'><strong>Reussii,</strong></span> <span class='ocrx_word' id='word_1_156' title='bbox 2110 1054 2219 1108; x_wconf 85' lang='lat' dir='ltr'><strong>viri</strong></span> <span class='ocrx_word' id='word_1_157' title='bbox 2272 1054 2631 1119; x_wconf 89' lang='lat' dir='ltr'><strong>ornatissimi,</strong></span> <span class='ocrx_word' id='word_1_158' title='bbox 2663 1056 2820 1127; x_wconf 85' lang='lat' dir='ltr'><strong>cujus</strong></span> <span class='ocrx_word' id='word_1_159' title='bbox 2864 1058 3259 1119; x_wconf 86' lang='lat' dir='ltr'><strong>humanitatem</strong></span> <span class='ocrx_word' id='word_1_160' title='bbox 3289 1080 3402 1122; x_wconf 91' lang='lat' dir='ltr'><strong>non</strong></span> 
     </span>
    </p>
   </div>
   <div class='ocr_carea' id='block_1_26' title="bbox 1819 1140 3401 1212">
    <p class='ocr_par' dir='ltr' id='par_1_26' title="bbox 1819 1140 3401 1212">
     <span class='ocr_line' id='line_1_26' title="bbox 1819 1140 3401 1212; baseline 0.012 -22"><span class='ocrx_word' id='word_1_161' title='bbox 1819 1151 2043 1207; x_wconf 90' lang='lat' dir='ltr'><strong>possum</strong></span> <span class='ocrx_word' id='word_1_162' title='bbox 2076 1140 2208 1196; x_wconf 89' lang='lat' dir='ltr'><strong>satis</strong></span> <span class='ocrx_word' id='word_1_163' title='bbox 2232 1143 2549 1212; x_wconf 71' lang='lat' dir='ltr'><strong>praedicare,</strong></span> <span class='ocrx_word' id='word_1_164' title='bbox 2580 1143 2787 1198; x_wconf 88' lang='lat' dir='ltr'><strong>almum</strong></span> <span class='ocrx_word' id='word_1_165' title='bbox 2819 1154 3068 1202; x_wconf 89' lang='lat' dir='ltr'><strong>senatum</strong></span> <span class='ocrx_word' id='word_1_166' title='bbox 3112 1151 3401 1209; x_wconf 71' lang='lat' dir='ltr'><strong>academia:</strong></span> 
     </span>
    </p>
   </div>
   <div class='ocr_carea' id='block_1_27' title="bbox 1819 1224 3505 1308">
    <p class='ocr_par' dir='ltr' id='par_1_27' title="bbox 1819 1224 3505 1308">
     <span class='ocr_line' id='line_1_27' title="bbox 1819 1224 3505 1308; baseline 0.01 -30"><span class='ocrx_word' id='word_1_167' title='bbox 1819 1224 1970 1279; x_wconf 87' lang='lat' dir='ltr'><strong>omni</strong></span> <span class='ocrx_word' id='word_1_168' title='bbox 1999 1242 2106 1298; x_wconf 89' lang='lat' dir='ltr'><strong>qua</strong></span> <span class='ocrx_word' id='word_1_169' title='bbox 2135 1242 2232 1298; x_wconf 89' lang='lat' dir='ltr'><strong>par</strong></span> <span class='ocrx_word' id='word_1_170' title='bbox 2276 1236 2357 1283; x_wconf 89' lang='lat' dir='ltr'><strong>est</strong></span> <span class='ocrx_word' id='word_1_171' title='bbox 2407 1229 2752 1286; x_wconf 79' lang='lat' dir='ltr'><strong>observantia</strong></span> <span class='ocrx_word' id='word_1_172' title='bbox 2801 1248 2967 1288; x_wconf 88' lang='lat' dir='ltr'><strong>ausus</strong></span> <span class='ocrx_word' id='word_1_173' title='bbox 3018 1251 3143 1290; x_wconf 90' lang='lat' dir='ltr'><strong>sum</strong></span> <span class='ocrx_word' id='word_1_174' title='bbox 3188 1253 3397 1308; x_wconf 89' lang='lat' dir='ltr'><strong>rogare,</strong></span> <span class='ocrx_word' id='word_1_175' title='bbox 3487 1226 3505 1249; x_wconf 60' lang='grc'>⁸</span> 
     </span>
    </p>
   </div>
   <div class='ocr_carea' id='block_1_28' title="bbox 1816 1314 3401 1383">
    <p class='ocr_par' dir='ltr' id='par_1_28' title="bbox 1816 1314 3401 1383">
     <span class='ocr_line' id='line_1_28' title="bbox 1816 1314 3401 1383; baseline 0.008 -14"><span class='ocrx_word' id='word_1_176' title='bbox 1816 1322 1880 1371; x_wconf 90' lang='lat' dir='ltr'><strong>ut</strong></span> <span class='ocrx_word' id='word_1_177' title='bbox 1930 1314 2182 1372; x_wconf 89' lang='lat' dir='ltr'><strong>codicum</strong></span> <span class='ocrx_word' id='word_1_178' title='bbox 2241 1317 2463 1374; x_wconf 89' lang='lat' dir='ltr'><strong>illorum</strong></span> <span class='ocrx_word' id='word_1_179' title='bbox 2524 1321 2958 1377; x_wconf 86' lang='lat' dir='ltr'><strong>vetustissimum</strong></span> <span class='ocrx_word' id='word_1_180' title='bbox 3046 1324 3185 1380; x_wconf 89' lang='lat' dir='ltr'><strong>mihi</strong></span> <span class='ocrx_word' id='word_1_181' title='bbox 3253 1328 3401 1383; x_wconf 88' lang='lat' dir='ltr'><strong>mitti</strong></span> 
     </span>
    </p>
   </div>
   <div class='ocr_carea' id='block_1_29' title="bbox 1815 1402 3403 1477">
    <p class='ocr_par' dir='ltr' id='par_1_29' title="bbox 1815 1402 3403 1477">
     <span class='ocr_line' id='line_1_29' title="bbox 1815 1402 3403 1477; baseline 0.01 -21"><span class='ocrx_word' id='word_1_182' title='bbox 1815 1402 2159 1458; x_wconf 85' lang='lat' dir='ltr'><strong>concederet.</strong></span> <span class='ocrx_word' id='word_1_183' title='bbox 2193 1403 2299 1471; x_wconf 87' lang='lat' dir='ltr'><strong>Qui</strong></span> <span class='ocrx_word' id='word_1_184' title='bbox 2337 1422 2464 1461; x_wconf 90' lang='lat' dir='ltr'><strong>cum</strong></span> <span class='ocrx_word' id='word_1_185' title='bbox 2496 1407 2749 1477; x_wconf 87' lang='lat' dir='ltr'><strong>precibus</strong></span> <span class='ocrx_word' id='word_1_186' title='bbox 2804 1409 2939 1464; x_wconf 87' lang='lat' dir='ltr'><strong>meis</strong></span> <span class='ocrx_word' id='word_1_187' title='bbox 2984 1410 3249 1469; x_wconf 88' lang='lat' dir='ltr'><strong>benevole</strong></span> <span class='ocrx_word' id='word_1_188' title='bbox 3290 1432 3403 1471; x_wconf 83' lang='lat' dir='ltr'><strong>an-</strong></span> 
     </span>
    </p>
   </div>
   <div class='ocr_carea' id='block_1_30' title="bbox 1815 1491 3403 1569">
    <p class='ocr_par' dir='ltr' id='par_1_30' title="bbox 1815 1491 3403 1569">
     <span class='ocr_line' id='line_1_30' title="bbox 1815 1491 3403 1569; baseline 0.011 -26"><span class='ocrx_word' id='word_1_189' title='bbox 1815 1499 2031 1559; x_wconf 87' lang='lat' dir='ltr'><strong>nueret,</strong></span> <span class='ocrx_word' id='word_1_190' title='bbox 2062 1491 2268 1547; x_wconf 87' lang='lat' dir='ltr'><strong>factum</strong></span> <span class='ocrx_word' id='word_1_191' title='bbox 2323 1503 2405 1550; x_wconf 90' lang='lat' dir='ltr'><strong>est</strong></span> <span class='ocrx_word' id='word_1_192' title='bbox 2453 1503 2515 1550; x_wconf 93' lang='lat' dir='ltr'><strong>ut</strong></span> <span class='ocrx_word' id='word_1_193' title='bbox 2563 1495 2673 1551; x_wconf 88' lang='lat' dir='ltr'><strong>duo</strong></span> <span class='ocrx_word' id='word_1_194' title='bbox 2702 1497 3082 1569; x_wconf 89' lang='lat' dir='ltr'><strong>antiquissima</strong></span> <span class='ocrx_word' id='word_1_195' title='bbox 3127 1501 3403 1560; x_wconf 89' lang='lat' dir='ltr'><strong>breviaria</strong></span> 
     </span>
    </p>
   </div>
   <div class='ocr_carea' id='block_1_31' title="bbox 1817 1574 3398 1653">
    <p class='ocr_par' dir='ltr' id='par_1_31' title="bbox 1817 1574 3398 1653">
     <span class='ocr_line' id='line_1_31' title="bbox 1817 1574 3398 1653; baseline 0.011 -24"><span class='ocrx_word' id='word_1_196' title='bbox 1817 1574 2086 1648; x_wconf 88' lang='lat' dir='ltr'><strong>inspicere</strong></span> <span class='ocrx_word' id='word_1_197' title='bbox 2110 1595 2346 1650; x_wconf 91' lang='lat' dir='ltr'><strong>possem,</strong></span> <span class='ocrx_word' id='word_1_198' title='bbox 2373 1597 2607 1653; x_wconf 89' lang='lat' dir='ltr'><strong>quorum</strong></span> <span class='ocrx_word' id='word_1_199' title='bbox 2640 1599 2809 1639; x_wconf 89' lang='lat' dir='ltr'><strong>unum</strong></span> <span class='ocrx_word' id='word_1_200' title='bbox 2849 1593 2931 1640; x_wconf 89' lang='lat' dir='ltr'><strong>est</strong></span> <span class='ocrx_word' id='word_1_201' title='bbox 2976 1603 3045 1641; x_wconf 88' lang='lat' dir='ltr'><strong>ex</strong></span> <span class='ocrx_word' id='word_1_202' title='bbox 3090 1589 3398 1647; x_wconf 86' lang='lat' dir='ltr'><strong>celebratis-</strong></span> 
     </span>
    </p>
   </div>
   <div class='ocr_carea' id='block_1_32' title="bbox 1814 1663 3397 1744">
    <p class='ocr_par' dir='ltr' id='par_1_32' title="bbox 1814 1663 3397 1744">
     <span class='ocr_line' id='line_1_32' title="bbox 1814 1663 3397 1744; baseline 0.011 -26"><span class='ocrx_word' id='word_1_203' title='bbox 1814 1663 1956 1721; x_wconf 88' lang='lat' dir='ltr'><strong>simo</strong></span> <span class='ocrx_word' id='word_1_204' title='bbox 1992 1669 2325 1724; x_wconf 88' lang='lat' dir='ltr'><strong>monasterio</strong></span> <span class='ocrx_word' id='word_1_205' title='bbox 2367 1670 2683 1739; x_wconf 85' lang='lat' dir='ltr'><strong>Ebracensi,</strong></span> <span class='ocrx_word' id='word_1_206' title='bbox 2732 1682 2805 1740; x_wconf 91' lang='lat' dir='ltr'><strong>et,</strong></span> <span class='ocrx_word' id='word_1_207' title='bbox 2851 1673 2958 1729; x_wconf 90' lang='lat' dir='ltr'><strong>nisi</strong></span> <span class='ocrx_word' id='word_1_208' title='bbox 2986 1675 3169 1744; x_wconf 85' lang='lat' dir='ltr'><strong>fallor,</strong></span> <span class='ocrx_word' id='word_1_209' title='bbox 3198 1678 3397 1735; x_wconf 68' lang='lat' dir='ltr'><strong>saeculo</strong></span> 
     </span>
    </p>
   </div>
   <div class='ocr_carea' id='block_1_33' title="bbox 106 1748 1695 1837">
    <p class='ocr_par' dir='ltr' id='par_1_33' title="bbox 106 1748 1695 1837">
     <span class='ocr_line' id='line_1_33' title="bbox 106 1748 1695 1837; baseline 0.011 -35"><span class='ocrx_word' id='word_1_210' title='bbox 106 1748 218 1816; x_wconf 90' lang='lat' dir='ltr'><strong>mi,</strong></span> <span class='ocrx_word' id='word_1_211' title='bbox 246 1750 488 1821; x_wconf 87' lang='lat' dir='ltr'><strong>quicum</strong></span> <span class='ocrx_word' id='word_1_212' title='bbox 520 1753 729 1823; x_wconf 89' lang='lat' dir='ltr'><strong>primus</strong></span> <span class='ocrx_word' id='word_1_213' title='bbox 782 1755 932 1827; x_wconf 82' lang='lat' dir='ltr'><strong>(nam</strong></span> <span class='ocrx_word' id='word_1_214' title='bbox 986 1756 1103 1815; x_wconf 70' lang='lat' dir='ltr'><strong>haec</strong></span> <span class='ocrx_word' id='word_1_215' title='bbox 1157 1759 1275 1816; x_wconf 89' lang='lat' dir='ltr'><strong>laus</strong></span> <span class='ocrx_word' id='word_1_216' title='bbox 1333 1760 1451 1832; x_wconf 88' lang='lat' dir='ltr'><strong>ejus</strong></span> <span class='ocrx_word' id='word_1_217' title='bbox 1495 1779 1695 1837; x_wconf 75' lang='lat' dir='ltr'><strong>semper</strong></span> 
     </span>
    </p>
   </div>
   <div class='ocr_carea' id='block_1_34' title="bbox 1812 1748 2934 1837">
    <p class='ocr_par' dir='ltr' id='par_1_34' title="bbox 1815 1754 2934 1831">
     <span class='ocr_line' id='line_1_34' title="bbox 1815 1754 2934 1831; baseline 0.008 -24"><span class='ocrx_word' id='word_1_218' title='bbox 1815 1755 1978 1808; x_wconf 79' lang='lat' dir='ltr'><strong>tertio</strong></span> <span class='ocrx_word' id='word_1_219' title='bbox 2010 1754 2225 1811; x_wconf 88' lang='lat' dir='ltr'><strong>decimo</strong></span> <span class='ocrx_word' id='word_1_220' title='bbox 2262 1757 2528 1828; x_wconf 90' lang='lat' dir='ltr'><strong>scriptum</strong></span> <span class='ocrx_word' id='word_1_221' title='bbox 2558 1766 2658 1813; x_wconf 91' lang='lat' dir='ltr'><strong>est.</strong></span> <span class='ocrx_word' id='word_1_222' title='bbox 2703 1759 2819 1829; x_wconf 90' lang='lat' dir='ltr'><strong>(W.</strong></span> <span class='ocrx_word' id='word_1_223' title='bbox 2856 1761 2934 1831; x_wconf 88' lang='grc'><strong>1.)</strong></span> 
     </span>
    </p>
   </div>
   <div class='ocr_carea' id='block_1_35' title="bbox 108 1838 1704 1921">
    <p class='ocr_par' dir='ltr' id='par_1_35' title="bbox 108 1838 1704 1921">
     <span class='ocr_line' id='line_1_35' title="bbox 108 1838 1704 1921; baseline 0.012 -30"><span class='ocrx_word' id='word_1_224' title='bbox 108 1838 337 1909; x_wconf 88' lang='lat' dir='ltr'><strong>propria</strong></span> <span class='ocrx_word' id='word_1_225' title='bbox 364 1841 469 1896; x_wconf 93' lang='lat' dir='ltr'><strong>erit</strong></span> <span class='ocrx_word' id='word_1_226' title='bbox 505 1850 558 1897; x_wconf 92' lang='lat' dir='ltr'><strong>et</strong></span> <span class='ocrx_word' id='word_1_227' title='bbox 586 1846 867 1916; x_wconf 89' lang='lat' dir='ltr'><strong>mansura)</strong></span> <span class='ocrx_word' id='word_1_228' title='bbox 919 1846 977 1900; x_wconf 90' lang='lat' dir='ltr'><strong>in</strong></span> <span class='ocrx_word' id='word_1_229' title='bbox 1016 1846 1375 1921; x_wconf 86' lang='lat' dir='ltr'><strong>hymnologia</strong></span> <span class='ocrx_word' id='word_1_230' title='bbox 1412 1852 1558 1909; x_wconf 89' lang='lat' dir='ltr'><strong>viam</strong></span> <span class='ocrx_word' id='word_1_231' title='bbox 1586 1869 1704 1909; x_wconf 90' lang='lat' dir='ltr'><strong>mu-</strong></span> 
     </span>
    </p>
   </div>
   <div class='ocr_carea' id='block_1_36' title="bbox 112 1925 1706 2005">
    <p class='ocr_par' dir='ltr' id='par_1_36' title="bbox 112 1925 1706 2005">
     <span class='ocr_line' id='line_1_36' title="bbox 112 1925 1706 2005; baseline 0.011 -26"><span class='ocrx_word' id='word_1_232' title='bbox 112 1925 345 1995; x_wconf 86' lang='lat' dir='ltr'><strong>niverit,</strong></span> <span class='ocrx_word' id='word_1_233' title='bbox 369 1936 483 1983; x_wconf 91' lang='lat' dir='ltr'><strong>tum</strong></span> <span class='ocrx_word' id='word_1_234' title='bbox 504 1932 572 1988; x_wconf 89' lang='lat' dir='ltr'><strong>de</strong></span> <span class='ocrx_word' id='word_1_235' title='bbox 593 1930 751 1987; x_wconf 92' lang='lat' dir='ltr'><strong>nobis</strong></span> <span class='ocrx_word' id='word_1_236' title='bbox 777 1933 982 2005; x_wconf 89' lang='lat' dir='ltr'><strong>optime</strong></span> <span class='ocrx_word' id='word_1_237' title='bbox 1009 1936 1239 1992; x_wconf 89' lang='lat' dir='ltr'><strong>meritus</strong></span> <span class='ocrx_word' id='word_1_238' title='bbox 1258 1947 1360 2003; x_wconf 88' lang='lat' dir='ltr'><strong>est,</strong></span> <span class='ocrx_word' id='word_1_239' title='bbox 1389 1953 1516 1996; x_wconf 88' lang='lat' dir='ltr'><strong>cum</strong></span> <span class='ocrx_word' id='word_1_240' title='bbox 1544 1941 1706 1998; x_wconf 90' lang='lat' dir='ltr'><strong>nobis</strong></span> 
     </span>
    </p>
   </div>
   <div class='ocr_carea' id='block_1_37' title="bbox 106 2012 1704 2094">
    <p class='ocr_par' dir='ltr' id='par_1_37' title="bbox 106 2012 1704 2094">
     <span class='ocr_line' id='line_1_37' title="bbox 106 2012 1704 2094; baseline 0.011 -26"><span class='ocrx_word' id='word_1_241' title='bbox 106 2012 355 2070; x_wconf 88' lang='lat' dir='ltr'><strong>subsidia</strong></span> <span class='ocrx_word' id='word_1_242' title='bbox 384 2024 439 2071; x_wconf 93' lang='lat' dir='ltr'><strong>et</strong></span> <span class='ocrx_word' id='word_1_243' title='bbox 469 2018 747 2075; x_wconf 86' lang='lat' dir='ltr'><strong>rarissima</strong></span> <span class='ocrx_word' id='word_1_244' title='bbox 776 2031 829 2077; x_wconf 90' lang='lat' dir='ltr'><strong>et</strong></span> <span class='ocrx_word' id='word_1_245' title='bbox 844 2024 1258 2094; x_wconf 85' lang='lat' dir='ltr'><strong>exoptatissima</strong></span> <span class='ocrx_word' id='word_1_246' title='bbox 1276 2026 1345 2081; x_wconf 92' lang='lat' dir='ltr'><strong>ad</strong></span> <span class='ocrx_word' id='word_1_247' title='bbox 1367 2027 1704 2085; x_wconf 88' lang='lat' dir='ltr'><strong>Thesaurum</strong></span> 
     </span>
    </p>
   </div>
   <div class='ocr_carea' id='block_1_38' title="bbox 105 2106 1706 2183">
    <p class='ocr_par' dir='ltr' id='par_1_38' title="bbox 105 2106 1706 2183">
     <span class='ocr_line' id='line_1_38' title="bbox 105 2106 1706 2183; baseline 0.011 -28"><span class='ocrx_word' id='word_1_248' title='bbox 105 2109 360 2159; x_wconf 88' lang='lat' dir='ltr'><strong>nostrum</strong></span> <span class='ocrx_word' id='word_1_249' title='bbox 391 2106 845 2176; x_wconf 88' lang='lat' dir='ltr'><strong>suppeditaverit.</strong></span> <span class='ocrx_word' id='word_1_250' title='bbox 877 2110 977 2164; x_wconf 88' lang='lat' dir='ltr'><strong>Est</strong></span> <span class='ocrx_word' id='word_1_251' title='bbox 1011 2111 1103 2165; x_wconf 92' lang='lat' dir='ltr'><strong>ille</strong></span> <span class='ocrx_word' id='word_1_252' title='bbox 1135 2127 1295 2183; x_wconf 90' lang='lat' dir='ltr'><strong>quem</strong></span> <span class='ocrx_word' id='word_1_253' title='bbox 1326 2113 1576 2170; x_wconf 83' lang='lat' dir='ltr'><strong>diximus</strong></span> <span class='ocrx_word' id='word_1_254' title='bbox 1602 2132 1706 2174; x_wconf 91' lang='lat' dir='ltr'><strong>co-</strong></span> 
     </span>
    </p>
   </div>
   <div class='ocr_carea' id='block_1_39' title="bbox 101 2189 1705 2258">
    <p class='ocr_par' dir='ltr' id='par_1_39' title="bbox 101 2189 1705 2258">
     <span class='ocr_line' id='line_1_39' title="bbox 101 2189 1705 2258; baseline 0.009 -13"><span class='ocrx_word' id='word_1_255' title='bbox 101 2189 218 2246; x_wconf 86' lang='lat' dir='ltr'><strong>dex</strong></span> <span class='ocrx_word' id='word_1_256' title='bbox 247 2206 317 2246; x_wconf 87' lang='lat' dir='ltr'><strong>ex</strong></span> <span class='ocrx_word' id='word_1_257' title='bbox 344 2191 682 2251; x_wconf 89' lang='lat' dir='ltr'><strong>bibliotheca</strong></span> <span class='ocrx_word' id='word_1_258' title='bbox 718 2195 961 2252; x_wconf 88' lang='lat' dir='ltr'><strong>civitatis</strong></span> <span class='ocrx_word' id='word_1_259' title='bbox 1002 2197 1393 2256; x_wconf 67' lang='lat' dir='ltr'><strong>illustrissimai</strong></span> <span class='ocrx_word' id='word_1_260' title='bbox 1422 2201 1705 2258; x_wconf 87' lang='lat' dir='ltr'><strong>Hambur-</strong></span> 
     </span>
    </p>
   </div>
   <div class='ocr_carea' id='block_1_40' title="bbox 103 2279 1705 2358">
    <p class='ocr_par' dir='ltr' id='par_1_40' title="bbox 103 2279 1705 2358">
     <span class='ocr_line' id='line_1_40' title="bbox 103 2279 1705 2358; baseline 0.007 -25"><span class='ocrx_word' id='word_1_261' title='bbox 103 2279 311 2349; x_wconf 83' lang='lat' dir='ltr'><strong>gensis,</strong></span> <span class='ocrx_word' id='word_1_262' title='bbox 331 2294 491 2351; x_wconf 91' lang='lat' dir='ltr'><strong>quem</strong></span> <span class='ocrx_word' id='word_1_263' title='bbox 510 2280 883 2352; x_wconf 86' lang='lat' dir='ltr'><strong>Staphorstius</strong></span> <span class='ocrx_word' id='word_1_264' title='bbox 897 2284 1118 2354; x_wconf 84' lang='lat' dir='ltr'><strong>(Hamb.</strong></span> <span class='ocrx_word' id='word_1_265' title='bbox 1144 2285 1705 2358; x_wconf 86' lang='lat' dir='ltr'><strong>Kirchengeschichte</strong></span> 
     </span>
    </p>
   </div>
   <div class='ocr_carea' id='block_1_41' title="bbox 102 2366 1704 2445">
    <p class='ocr_par' dir='ltr' id='par_1_41' title="bbox 102 2366 1704 2445">
     <span class='ocr_line' id='line_1_41' title="bbox 102 2366 1704 2445; baseline 0.008 -24"><span class='ocrx_word' id='word_1_266' title='bbox 102 2366 214 2421; x_wconf 88' lang='lat' dir='ltr'><strong>Th.</strong></span> <span class='ocrx_word' id='word_1_267' title='bbox 245 2368 288 2433; x_wconf 92' lang='grc' dir='ltr'><strong>Ι,</strong></span> <span class='ocrx_word' id='word_1_268' title='bbox 319 2366 375 2423; x_wconf 90' lang='lat' dir='ltr'><strong>S.</strong></span> <span class='ocrx_word' id='word_1_269' title='bbox 407 2367 512 2424; x_wconf 86' lang='grc'><strong>310</strong></span> <span class='ocrx_word' id='word_1_270' title='bbox 540 2370 719 2442; x_wconf 87' lang='lat' dir='ltr'><strong>seqq.)</strong></span> <span class='ocrx_word' id='word_1_271' title='bbox 750 2371 964 2427; x_wconf 90' lang='lat' dir='ltr'><strong>decimo</strong></span> <span class='ocrx_word' id='word_1_272' title='bbox 991 2379 1156 2445; x_wconf 91' lang='lat' dir='ltr'><strong>atque</strong></span> <span class='ocrx_word' id='word_1_273' title='bbox 1173 2372 1310 2429; x_wconf 88' lang='lat' dir='ltr'><strong>adeo</strong></span> <span class='ocrx_word' id='word_1_274' title='bbox 1327 2390 1479 2430; x_wconf 88' lang='lat' dir='ltr'><strong>nono</strong></span> <span class='ocrx_word' id='word_1_275' title='bbox 1502 2378 1704 2434; x_wconf 67' lang='lat' dir='ltr'><strong>saeculo</strong></span> 
     </span>
    </p>
   </div>
   <div class='ocr_carea' id='block_1_42' title="bbox 100 2455 1701 2536">
    <p class='ocr_par' dir='ltr' id='par_1_42' title="bbox 100 2455 1701 2536">
     <span class='ocr_line' id='line_1_42' title="bbox 100 2455 1701 2536; baseline 0.007 -24"><span class='ocrx_word' id='word_1_276' title='bbox 100 2455 380 2527; x_wconf 87' lang='lat' dir='ltr'><strong>ascripsit.</strong></span> <span class='ocrx_word' id='word_1_277' title='bbox 439 2456 644 2513; x_wconf 86' lang='lat' dir='ltr'><strong>Contra</strong></span> <span class='ocrx_word' id='word_1_278' title='bbox 688 2460 1057 2518; x_wconf 84' lang='lat' dir='ltr'><strong>Rambachius</strong></span> <span class='ocrx_word' id='word_1_279' title='bbox 1084 2463 1256 2519; x_wconf 89' lang='lat' dir='ltr'><strong>Anth.</strong></span> <span class='ocrx_word' id='word_1_280' title='bbox 1288 2464 1332 2531; x_wconf 92' lang='grc' dir='ltr'><strong>Ι,</strong></span> <span class='ocrx_word' id='word_1_281' title='bbox 1365 2481 1419 2536; x_wconf 92' lang='lat' dir='ltr'><strong>p.</strong></span> <span class='ocrx_word' id='word_1_282' title='bbox 1457 2465 1545 2534; x_wconf 79' lang='lat'><strong>23,</strong></span> <span class='ocrx_word' id='word_1_283' title='bbox 1576 2482 1701 2524; x_wconf 89' lang='lat' dir='ltr'><strong>cum</strong></span> 
     </span>
    </p>
   </div>
   <div class='ocr_carea' id='block_1_43' title="bbox 101 2544 1703 2627">
    <p class='ocr_par' dir='ltr' id='par_1_43' title="bbox 101 2544 1703 2627">
     <span class='ocr_line' id='line_1_43' title="bbox 101 2544 1703 2627; baseline 0.007 -28"><span class='ocrx_word' id='word_1_284' title='bbox 101 2545 167 2599; x_wconf 83' lang='lat' dir='ltr'><strong>in</strong></span> <span class='ocrx_word' id='word_1_285' title='bbox 197 2544 386 2601; x_wconf 86' lang='lat' dir='ltr'><strong>codice</strong></span> <span class='ocrx_word' id='word_1_286' title='bbox 414 2545 469 2602; x_wconf 90' lang='lat' dir='ltr'><strong>S.</strong></span> <span class='ocrx_word' id='word_1_287' title='bbox 501 2546 810 2605; x_wconf 78' lang='lat' dir='ltr'><strong>Catharinae</strong></span> <span class='ocrx_word' id='word_1_288' title='bbox 860 2552 1067 2608; x_wconf 90' lang='lat' dir='ltr'><strong>mentio</strong></span> <span class='ocrx_word' id='word_1_289' title='bbox 1109 2552 1251 2608; x_wconf 83' lang='lat' dir='ltr'><strong>facta</strong></span> <span class='ocrx_word' id='word_1_290' title='bbox 1291 2554 1380 2621; x_wconf 89' lang='lat' dir='ltr'><strong>sit,</strong></span> <span class='ocrx_word' id='word_1_291' title='bbox 1434 2570 1533 2611; x_wconf 91' lang='lat' dir='ltr'><strong>suo</strong></span> <span class='ocrx_word' id='word_1_292' title='bbox 1576 2553 1703 2627; x_wconf 89' lang='lat' dir='ltr'><strong>jure</strong></span> 
     </span>
    </p>
   </div>
   <div class='ocr_carea' id='block_1_44' title="bbox 99 2632 1702 2711">
    <p class='ocr_par' dir='ltr' id='par_1_44' title="bbox 99 2632 1702 2711">
     <span class='ocr_line' id='line_1_44' title="bbox 99 2632 1702 2711; baseline 0.007 -25"><span class='ocrx_word' id='word_1_293' title='bbox 99 2632 369 2688; x_wconf 82' lang='lat' dir='ltr'><strong>saeculum</strong></span> <span class='ocrx_word' id='word_1_294' title='bbox 400 2635 625 2689; x_wconf 88' lang='lat' dir='ltr'><strong>tertium</strong></span> <span class='ocrx_word' id='word_1_295' title='bbox 677 2635 950 2693; x_wconf 91' lang='lat' dir='ltr'><strong>decimum</strong></span> <span class='ocrx_word' id='word_1_296' title='bbox 993 2654 1103 2695; x_wconf 92' lang='lat' dir='ltr'><strong>non</strong></span> <span class='ocrx_word' id='word_1_297' title='bbox 1150 2638 1539 2711; x_wconf 90' lang='lat' dir='ltr'><strong>egrediendum</strong></span> <span class='ocrx_word' id='word_1_298' title='bbox 1586 2657 1702 2698; x_wconf 88' lang='lat' dir='ltr'><strong>esse</strong></span> 
     </span>
    </p>
   </div>
   <div class='ocr_carea' id='block_1_45' title="bbox 98 2722 1700 2802">
    <p class='ocr_par' dir='ltr' id='par_1_45' title="bbox 98 2722 1700 2802">
     <span class='ocr_line' id='line_1_45' title="bbox 98 2722 1700 2802; baseline 0.004 -27"><span class='ocrx_word' id='word_1_299' title='bbox 98 2722 320 2777; x_wconf 89' lang='lat' dir='ltr'><strong>statuit.</strong></span> <span class='ocrx_word' id='word_1_300' title='bbox 353 2722 457 2778; x_wconf 90' lang='lat' dir='ltr'><strong>Sed</strong></span> <span class='ocrx_word' id='word_1_301' title='bbox 494 2724 552 2779; x_wconf 91' lang='lat' dir='ltr'><strong>in</strong></span> <span class='ocrx_word' id='word_1_302' title='bbox 590 2725 860 2795; x_wconf 90' lang='lat' dir='ltr'><strong>ejusmodi</strong></span> <span class='ocrx_word' id='word_1_303' title='bbox 890 2727 1181 2783; x_wconf 90' lang='lat' dir='ltr'><strong>breviariis</strong></span> <span class='ocrx_word' id='word_1_304' title='bbox 1208 2729 1415 2801; x_wconf 80' lang='lat' dir='ltr'><strong>duplex</strong></span> <span class='ocrx_word' id='word_1_305' title='bbox 1440 2746 1565 2802; x_wconf 89' lang='lat' dir='ltr'><strong>pars</strong></span> <span class='ocrx_word' id='word_1_306' title='bbox 1591 2731 1700 2788; x_wconf 87' lang='lat' dir='ltr'><strong>dis-</strong></span> 
     </span>
    </p>
   </div>
   <div class='ocr_carea' id='block_1_46' title="bbox 101 2810 1701 2892">
    <p class='ocr_par' dir='ltr' id='par_1_46' title="bbox 101 2810 1701 2892">
     <span class='ocr_line' id='line_1_46' title="bbox 101 2810 1701 2892; baseline 0.008 -27"><span class='ocrx_word' id='word_1_307' title='bbox 101 2810 410 2882; x_wconf 86' lang='lat' dir='ltr'><strong>tinguenda</strong></span> <span class='ocrx_word' id='word_1_308' title='bbox 448 2812 713 2868; x_wconf 88' lang='lat' dir='ltr'><strong>videtur:</strong></span> <span class='ocrx_word' id='word_1_309' title='bbox 754 2830 864 2870; x_wconf 88' lang='lat' dir='ltr'><strong>una</strong></span> <span class='ocrx_word' id='word_1_310' title='bbox 899 2816 1204 2885; x_wconf 88' lang='lat' dir='ltr'><strong>primitiva,</strong></span> <span class='ocrx_word' id='word_1_311' title='bbox 1252 2819 1422 2874; x_wconf 91' lang='lat' dir='ltr'><strong>altera</strong></span> <span class='ocrx_word' id='word_1_312' title='bbox 1467 2835 1588 2892; x_wconf 60' lang='lat' dir='ltr'><strong>qua)</strong></span> <span class='ocrx_word' id='word_1_313' title='bbox 1630 2836 1701 2877; x_wconf 90' lang='lat' dir='ltr'><strong>ex</strong></span> 
     </span>
    </p>
   </div>
   <div class='ocr_carea' id='block_1_47' title="bbox 99 2899 1699 2972">
    <p class='ocr_par' dir='ltr' id='par_1_47' title="bbox 99 2899 1699 2972">
     <span class='ocr_line' id='line_1_47' title="bbox 99 2899 1699 2972; baseline 0.007 -17"><span class='ocrx_word' id='word_1_314' title='bbox 99 2899 407 2971; x_wconf 87' lang='lat' dir='ltr'><strong>posteriore</strong></span> <span class='ocrx_word' id='word_1_315' title='bbox 436 2907 680 2972; x_wconf 89' lang='lat' dir='ltr'><strong>tempore</strong></span> <span class='ocrx_word' id='word_1_316' title='bbox 709 2902 1086 2962; x_wconf 88' lang='lat' dir='ltr'><strong>additamenta</strong></span> <span class='ocrx_word' id='word_1_317' title='bbox 1112 2904 1296 2961; x_wconf 90' lang='lat' dir='ltr'><strong>habet.</strong></span> <span class='ocrx_word' id='word_1_318' title='bbox 1334 2906 1538 2962; x_wconf 88' lang='lat' dir='ltr'><strong>Eadem</strong></span> <span class='ocrx_word' id='word_1_319' title='bbox 1558 2909 1699 2966; x_wconf 90' lang='lat' dir='ltr'><strong>ratio</strong></span> 
     </span>
    </p>
   </div>
   <div class='ocr_carea' id='block_1_48' title="bbox 94 2988 1698 3063">
    <p class='ocr_par' dir='ltr' id='par_1_48' title="bbox 94 2988 1698 3063">
     <span class='ocr_line' id='line_1_48' title="bbox 94 2988 1698 3063; baseline 0.006 -21"><span class='ocrx_word' id='word_1_320' title='bbox 94 2988 329 3043; x_wconf 86' lang='lat' dir='ltr'><strong>videtur</strong></span> <span class='ocrx_word' id='word_1_321' title='bbox 357 3004 473 3045; x_wconf 90' lang='lat' dir='ltr'><strong>esse</strong></span> <span class='ocrx_word' id='word_1_322' title='bbox 502 2988 668 3060; x_wconf 89' lang='lat' dir='ltr'><strong>hujus</strong></span> <span class='ocrx_word' id='word_1_323' title='bbox 696 2989 902 3046; x_wconf 88' lang='lat' dir='ltr'><strong>codicis</strong></span> <span class='ocrx_word' id='word_1_324' title='bbox 935 3008 947 3045; x_wconf 91' lang='lat'>:</span> <span class='ocrx_word' id='word_1_325' title='bbox 996 2991 1194 3063; x_wconf 85' lang='lat' dir='ltr'><strong>hymni</strong></span> <span class='ocrx_word' id='word_1_326' title='bbox 1233 2994 1379 3050; x_wconf 90' lang='lat' dir='ltr'><strong>enim</strong></span> <span class='ocrx_word' id='word_1_327' title='bbox 1410 2995 1467 3051; x_wconf 91' lang='lat' dir='ltr'><strong>in</strong></span> <span class='ocrx_word' id='word_1_328' title='bbox 1497 2996 1698 3052; x_wconf 83' lang='lat' dir='ltr'><strong>festum</strong></span> 
     </span>
    </p>
   </div>
   <div class='ocr_carea' id='block_1_49' title="bbox 1883 1839 3398 1907">
    <p class='ocr_par' dir='ltr' id='par_1_49' title="bbox 1883 1839 3398 1907">
     <span class='ocr_line' id='line_1_49' title="bbox 1883 1839 3398 1907; baseline 0.007 -11"><span class='ocrx_word' id='word_1_329' title='bbox 1883 1839 1937 1896; x_wconf 93' lang='lat'><strong>8.</strong></span> <span class='ocrx_word' id='word_1_330' title='bbox 1969 1842 2223 1899; x_wconf 84' lang='lat' dir='ltr'><strong>Alterum</strong></span> <span class='ocrx_word' id='word_1_331' title='bbox 2250 1852 2332 1900; x_wconf 89' lang='lat' dir='ltr'><strong>est</strong></span> <span class='ocrx_word' id='word_1_332' title='bbox 2351 1843 2686 1900; x_wconf 89' lang='lat' dir='ltr'><strong>breviarium</strong></span> <span class='ocrx_word' id='word_1_333' title='bbox 2717 1845 3084 1904; x_wconf 78' lang='lat' dir='ltr'><strong>dimcesanum</strong></span> <span class='ocrx_word' id='word_1_334' title='bbox 3103 1867 3173 1905; x_wconf 88' lang='lat' dir='ltr'><strong>ex</strong></span> <span class='ocrx_word' id='word_1_335' title='bbox 3198 1850 3398 1907; x_wconf 83' lang='lat' dir='ltr'><strong>biblio-</strong></span> 
     </span>
    </p>
   </div>
   <div class='ocr_carea' id='block_1_50' title="bbox 1812 1929 3400 2010">
    <p class='ocr_par' dir='ltr' id='par_1_50' title="bbox 1812 1929 3400 2010">
     <span class='ocr_line' id='line_1_50' title="bbox 1812 1929 3400 2010; baseline 0.007 -26"><span class='ocrx_word' id='word_1_336' title='bbox 1812 1929 1975 1986; x_wconf 85' lang='lat' dir='ltr'><strong>theca</strong></span> <span class='ocrx_word' id='word_1_337' title='bbox 2013 1933 2332 1987; x_wconf 90' lang='lat' dir='ltr'><strong>monasterii</strong></span> <span class='ocrx_word' id='word_1_338' title='bbox 2363 1932 2867 2003; x_wconf 88' lang='lat' dir='ltr'><strong>Benedictinorum,</strong></span> <span class='ocrx_word' id='word_1_339' title='bbox 2900 1935 3047 2007; x_wconf 88' lang='lat' dir='ltr'><strong>quod</strong></span> <span class='ocrx_word' id='word_1_340' title='bbox 3073 1937 3128 1992; x_wconf 92' lang='grc'><strong>8.</strong></span> <span class='ocrx_word' id='word_1_341' title='bbox 3160 1938 3400 2010; x_wconf 91' lang='lat' dir='ltr'><strong>Stepha-</strong></span> 
     </span>
    </p>
   </div>
   <div class='ocr_carea' id='block_1_51' title="bbox 1813 2019 3399 2091">
    <p class='ocr_par' dir='ltr' id='par_1_51' title="bbox 1813 2019 3399 2091">
     <span class='ocr_line' id='line_1_51' title="bbox 1813 2019 3399 2091; baseline 0.006 -19"><span class='ocrx_word' id='word_1_342' title='bbox 1813 2033 1945 2073; x_wconf 92' lang='lat' dir='ltr'><strong>num</strong></span> <span class='ocrx_word' id='word_1_343' title='bbox 1976 2025 2266 2088; x_wconf 90' lang='lat' dir='ltr'><strong>patronum</strong></span> <span class='ocrx_word' id='word_1_344' title='bbox 2296 2019 2524 2074; x_wconf 90' lang='lat' dir='ltr'><strong>colebat.</strong></span> <span class='ocrx_word' id='word_1_345' title='bbox 2559 2020 2617 2074; x_wconf 90' lang='lat' dir='ltr'><strong>ln</strong></span> <span class='ocrx_word' id='word_1_346' title='bbox 2648 2036 2757 2091; x_wconf 89' lang='lat' dir='ltr'><strong>quo</strong></span> <span class='ocrx_word' id='word_1_347' title='bbox 2791 2037 2917 2076; x_wconf 88' lang='lat' dir='ltr'><strong>cum</strong></span> <span class='ocrx_word' id='word_1_348' title='bbox 2965 2024 3222 2079; x_wconf 90' lang='lat' dir='ltr'><strong>nonnulli</strong></span> <span class='ocrx_word' id='word_1_349' title='bbox 3273 2025 3399 2083; x_wconf 89' lang='lat' dir='ltr'><strong>festi</strong></span> 
     </span>
    </p>
   </div>
   <div class='ocr_carea' id='block_1_52' title="bbox 1814 2104 3394 2182">
    <p class='ocr_par' dir='ltr' id='par_1_52' title="bbox 1814 2104 3394 2182">
     <span class='ocr_line' id='line_1_52' title="bbox 1814 2104 3394 2182; baseline 0.006 -23"><span class='ocrx_word' id='word_1_350' title='bbox 1814 2104 1932 2160; x_wconf 88' lang='lat' dir='ltr'><strong>dies</strong></span> <span class='ocrx_word' id='word_1_351' title='bbox 1968 2106 2198 2160; x_wconf 86' lang='lat' dir='ltr'><strong>seriores</strong></span> <span class='ocrx_word' id='word_1_352' title='bbox 2227 2105 2297 2161; x_wconf 92' lang='lat' dir='ltr'><strong>ad</strong></span> <span class='ocrx_word' id='word_1_353' title='bbox 2334 2107 2545 2161; x_wconf 90' lang='lat' dir='ltr'><strong>cultum</strong></span> <span class='ocrx_word' id='word_1_354' title='bbox 2575 2107 2759 2163; x_wconf 66' lang='lat' dir='ltr'><strong>Marias</strong></span> <span class='ocrx_word' id='word_1_355' title='bbox 2807 2110 3142 2180; x_wconf 81' lang='lat' dir='ltr'><strong>pertinentes</strong></span> <span class='ocrx_word' id='word_1_356' title='bbox 3192 2111 3394 2182; x_wconf 91' lang='lat' dir='ltr'><strong>desint,</strong></span> 
     </span>
    </p>
   </div>
   <div class='ocr_carea' id='block_1_53' title="bbox 1812 2192 3397 2270">
    <p class='ocr_par' dir='ltr' id='par_1_53' title="bbox 1812 2192 3397 2270">
     <span class='ocr_line' id='line_1_53' title="bbox 1812 2192 3397 2270; baseline 0.006 -24"><span class='ocrx_word' id='word_1_357' title='bbox 1812 2200 1868 2247; x_wconf 91' lang='lat' dir='ltr'><strong>et</strong></span> <span class='ocrx_word' id='word_1_358' title='bbox 1894 2192 2096 2248; x_wconf 88' lang='lat' dir='ltr'><strong>festum</strong></span> <span class='ocrx_word' id='word_1_359' title='bbox 2126 2193 2385 2265; x_wconf 89' lang='lat' dir='ltr'><strong>Corporis</strong></span> <span class='ocrx_word' id='word_1_360' title='bbox 2423 2193 2629 2251; x_wconf 84' lang='lat' dir='ltr'><strong>Christi</strong></span> <span class='ocrx_word' id='word_1_361' title='bbox 2685 2212 2858 2251; x_wconf 90' lang='lat' dir='ltr'><strong>unum</strong></span> <span class='ocrx_word' id='word_1_362' title='bbox 2908 2198 3070 2255; x_wconf 88' lang='lat' dir='ltr'><strong>modo</strong></span> <span class='ocrx_word' id='word_1_363' title='bbox 3124 2198 3397 2270; x_wconf 88' lang='lat' dir='ltr'><strong>hymnum</strong></span> 
     </span>
    </p>
   </div>
   <div class='ocr_carea' id='block_1_54' title="bbox 1812 2277 3396 2352">
    <p class='ocr_par' dir='ltr' id='par_1_54' title="bbox 1812 2277 3396 2352">
     <span class='ocr_line' id='line_1_54' title="bbox 1812 2277 3396 2352; baseline 0.006 -18"><span class='ocrx_word' id='word_1_364' title='bbox 1812 2277 2030 2347; x_wconf 89' lang='lat' dir='ltr'><strong>habeat,</strong></span> <span class='ocrx_word' id='word_1_365' title='bbox 2062 2295 2173 2334; x_wconf 92' lang='lat' dir='ltr'><strong>non</strong></span> <span class='ocrx_word' id='word_1_366' title='bbox 2202 2279 2396 2335; x_wconf 86' lang='lat' dir='ltr'><strong>dubito</strong></span> <span class='ocrx_word' id='word_1_367' title='bbox 2430 2282 2566 2352; x_wconf 93' lang='lat' dir='ltr'><strong>quin</strong></span> <span class='ocrx_word' id='word_1_368' title='bbox 2621 2281 2797 2337; x_wconf 84' lang='lat' dir='ltr'><strong>codex</strong></span> <span class='ocrx_word' id='word_1_369' title='bbox 2842 2285 2944 2339; x_wconf 90' lang='lat' dir='ltr'><strong>sub</strong></span> <span class='ocrx_word' id='word_1_370' title='bbox 2996 2284 3165 2342; x_wconf 85' lang='lat' dir='ltr'><strong>ﬁnem</strong></span> <span class='ocrx_word' id='word_1_371' title='bbox 3209 2287 3396 2347; x_wconf 63' lang='lat' dir='ltr'><strong>saeculi</strong></span> 
     </span>
    </p>
   </div>
   <div class='ocr_carea' id='block_1_55' title="bbox 1810 2366 2569 2439">
    <p class='ocr_par' dir='ltr' id='par_1_55' title="bbox 1810 2366 2569 2439">
     <span class='ocr_line' id='line_1_55' title="bbox 1810 2366 2569 2439; baseline 0.001 -17"><span class='ocrx_word' id='word_1_372' title='bbox 1810 2381 1917 2423; x_wconf 85' lang='lat' dir='ltr'><strong>xm</strong></span> <span class='ocrx_word' id='word_1_373' title='bbox 1943 2367 2181 2439; x_wconf 87' lang='lat' dir='ltr'><strong>scriptus</strong></span> <span class='ocrx_word' id='word_1_374' title='bbox 2210 2366 2301 2423; x_wconf 89' lang='lat' dir='ltr'><strong>sit.</strong></span> <span class='ocrx_word' id='word_1_375' title='bbox 2335 2368 2454 2438; x_wconf 88' lang='lat' dir='ltr'><strong>(W.</strong></span> <span class='ocrx_word' id='word_1_376' title='bbox 2487 2368 2569 2439; x_wconf 83' lang='lat'><strong>2.)</strong></span> 
     </span>
    </p>
   </div>
   <div class='ocr_carea' id='block_1_56' title="bbox 2382 2547 2808 2603">
    <p class='ocr_par' dir='ltr' id='par_1_56' title="bbox 2382 2547 2808 2603">
     <span class='ocr_line' id='line_1_56' title="bbox 2382 2547 2808 2603; baseline 0.002 -2"><span class='ocrx_word' id='word_1_377' title='bbox 2382 2547 2452 2601; x_wconf 92' lang='lat' dir='ltr'><strong>II.</strong></span> <span class='ocrx_word' id='word_1_378' title='bbox 2489 2562 2808 2603; x_wconf 71' lang='lat' dir='ltr'><strong>nasvumra.</strong></span> 
     </span>
    </p>
   </div>
   <div class='ocr_carea' id='block_1_57' title="bbox 2291 2666 2909 2725">
    <p class='ocr_par' dir='ltr' id='par_1_57' title="bbox 2291 2666 2909 2725">
     <span class='ocr_line' id='line_1_57' title="bbox 2291 2666 2909 2725; baseline 0.005 -3"><span class='ocrx_word' id='word_1_379' title='bbox 2291 2666 2578 2722; x_wconf 84' lang='lat' dir='ltr'><strong>Breviaria</strong></span> <span class='ocrx_word' id='word_1_380' title='bbox 2606 2668 2909 2725; x_wconf 72' lang='lat' dir='ltr'><strong>ditecesana.</strong></span> 
     </span>
    </p>
   </div>
   <div class='ocr_carea' id='block_1_58' title="bbox 1880 2809 3392 2876">
    <p class='ocr_par' dir='ltr' id='par_1_58' title="bbox 1880 2809 3392 2876">
     <span class='ocr_line' id='line_1_58' title="bbox 1880 2809 3392 2876; baseline 0.005 -8"><span class='ocrx_word' id='word_1_381' title='bbox 1880 2812 1933 2868; x_wconf 84' lang='grc'><strong>1.</strong></span> <span class='ocrx_word' id='word_1_382' title='bbox 1967 2809 2356 2868; x_wconf 83' lang='lat' dir='ltr'><strong>Canonicarum</strong></span> <span class='ocrx_word' id='word_1_383' title='bbox 2385 2811 2643 2866; x_wconf 83' lang='lat' dir='ltr'><strong>horarum</strong></span> <span class='ocrx_word' id='word_1_384' title='bbox 2694 2813 2825 2867; x_wconf 85' lang='lat' dir='ltr'><strong>liber</strong></span> <span class='ocrx_word' id='word_1_385' title='bbox 2849 2814 3130 2871; x_wconf 86' lang='lat' dir='ltr'><strong>secundum</strong></span> <span class='ocrx_word' id='word_1_386' title='bbox 3153 2818 3392 2876; x_wconf 77' lang='lat' dir='ltr'><strong>ordinem</strong></span> 
     </span>
    </p>
   </div>
   <div class='ocr_carea' id='block_1_59' title="bbox 1807 2898 3388 2971">
    <p class='ocr_par' dir='ltr' id='par_1_59' title="bbox 1807 2898 3388 2971">
     <span class='ocr_line' id='line_1_59' title="bbox 1807 2898 3388 2971; baseline 0.004 -15"><span class='ocrx_word' id='word_1_387' title='bbox 1807 2899 2033 2956; x_wconf 73' lang='lat' dir='ltr'><strong>Rubriae</strong></span> <span class='ocrx_word' id='word_1_388' title='bbox 2060 2898 2287 2954; x_wconf 77' lang='lat' dir='ltr'><strong>Ecclesia</strong></span> <span class='ocrx_word' id='word_1_389' title='bbox 2313 2898 2770 2954; x_wconf 85' lang='lat' dir='ltr'><strong>Halberstadensis</strong></span> <span class='ocrx_word' id='word_1_390' title='bbox 2797 2901 3094 2971; x_wconf 86' lang='lat' dir='ltr'><strong>ordinatus,</strong></span> <span class='ocrx_word' id='word_1_391' title='bbox 3115 2905 3388 2962; x_wconf 85' lang='lat' dir='ltr'><strong>studiosis-</strong></span> 
     </span>
    </p>
   </div>
   <div class='ocr_carea' id='block_1_60' title="bbox 1806 2986 3393 3056">
    <p class='ocr_par' dir='ltr' id='par_1_60' title="bbox 1806 2986 3393 3056">
     <span class='ocr_line' id='line_1_60' title="bbox 1806 2986 3393 3056; baseline 0.005 -15"><span class='ocrx_word' id='word_1_392' title='bbox 1806 2988 1934 3042; x_wconf 86' lang='lat' dir='ltr'><strong>sime</strong></span> <span class='ocrx_word' id='word_1_393' title='bbox 1963 2986 2184 3050; x_wconf 81' lang='lat' dir='ltr'><strong>revisas,</strong></span> <span class='ocrx_word' id='word_1_394' title='bbox 2234 2992 2495 3041; x_wconf 86' lang='lat' dir='ltr'><strong>correctus</strong></span> <span class='ocrx_word' id='word_1_395' title='bbox 2542 2993 2588 3040; x_wconf 87' lang='lat' dir='ltr'><strong>et</strong></span> <span class='ocrx_word' id='word_1_396' title='bbox 2616 2988 2935 3056; x_wconf 89' lang='lat' dir='ltr'><strong>emendatus,</strong></span> <span class='ocrx_word' id='word_1_397' title='bbox 2987 2996 3036 3043; x_wconf 86' lang='lat' dir='ltr'><strong>et</strong></span> <span class='ocrx_word' id='word_1_398' title='bbox 3092 2992 3165 3045; x_wconf 86' lang='lat' dir='ltr'><strong>ad</strong></span> <span class='ocrx_word' id='word_1_399' title='bbox 3217 2994 3393 3051; x_wconf 86' lang='lat' dir='ltr'><strong>instar</strong></span> 
     </span>
    </p>
   </div>
   <div class='ocr_carea' id='block_1_61' title="bbox 92 3075 1695 3179">
    <p class='ocr_par' dir='ltr' id='par_1_61' title="bbox 92 3075 1695 3150">
     <span class='ocr_line' id='line_1_61' title="bbox 92 3075 1695 3150; baseline 0.009 -22"><span class='ocrx_word' id='word_1_400' title='bbox 92 3075 151 3130; x_wconf 87' lang='lat' dir='ltr'><strong>S.</strong></span> <span class='ocrx_word' id='word_1_401' title='bbox 190 3075 522 3145; x_wconf 73' lang='lat' dir='ltr'><strong>Catharinae,</strong></span> <span class='ocrx_word' id='word_1_402' title='bbox 553 3076 941 3150; x_wconf 89' lang='lat' dir='ltr'><strong>Conceptionis</strong></span> <span class='ocrx_word' id='word_1_403' title='bbox 967 3079 1151 3137; x_wconf 73' lang='lat' dir='ltr'><strong>Mariae</strong></span> <span class='ocrx_word' id='word_1_404' title='bbox 1184 3081 1308 3138; x_wconf 87' lang='lat' dir='ltr'><strong>aliis</strong></span> <span class='ocrx_word' id='word_1_405' title='bbox 1339 3083 1535 3139; x_wconf 88' lang='lat' dir='ltr'><strong>litteris</strong></span> <span class='ocrx_word' id='word_1_406' title='bbox 1573 3093 1695 3142; x_wconf 62' lang='lat' dir='ltr'><strong>aita-</strong></span> 
     </span>
    </p>
   </div>
   <div class='ocr_carea' id='block_1_62' title="bbox 1812 3075 3390 3179">
    <p class='ocr_par' dir='ltr' id='par_1_62' title="bbox 1812 3077 3390 3154">
     <span class='ocr_line' id='line_1_62' title="bbox 1812 3077 3390 3154; baseline -0.003 -20"><span class='ocrx_word' id='word_1_407' title='bbox 1812 3077 2311 3134; x_wconf 83' lang='lat' dir='ltr'><strong>correctissimorum</strong></span> <span class='ocrx_word' id='word_1_408' title='bbox 2338 3079 2720 3149; x_wconf 65' lang='lat' dir='ltr'><strong>exemplarium</strong></span> <span class='ocrx_word' id='word_1_409' title='bbox 2746 3082 2993 3147; x_wconf 87' lang='lat' dir='ltr'><strong>collatus,</strong></span> <span class='ocrx_word' id='word_1_410' title='bbox 3019 3100 3081 3136; x_wconf 91' lang='lat' dir='ltr'><strong>ac</strong></span> <span class='ocrx_word' id='word_1_411' title='bbox 3101 3100 3201 3154; x_wconf 85' lang='lat' dir='ltr'><strong>per</strong></span> <span class='ocrx_word' id='word_1_412' title='bbox 3232 3086 3390 3141; x_wconf 82' lang='lat' dir='ltr'><strong>Geor.</strong></span> 
     </span>
    </p>
   </div>
   <div class='ocr_carea' id='block_1_63' title="bbox 92 3167 3391 3244">
    <p class='ocr_par' dir='ltr' id='par_1_63' title="bbox 92 3167 3391 3244">
     <span class='ocr_line' id='line_1_63' title="bbox 92 3167 3391 3244; baseline 0.004 -24"><span class='ocrx_word' id='word_1_413' title='bbox 92 3173 209 3221; x_wconf 91' lang='lat' dir='ltr'><strong>tem</strong></span> <span class='ocrx_word' id='word_1_414' title='bbox 270 3167 625 3237; x_wconf 90' lang='lat' dir='ltr'><strong>posteriorem</strong></span> <span class='ocrx_word' id='word_1_415' title='bbox 683 3167 1058 3225; x_wconf 89' lang='lat' dir='ltr'><strong>indicantibus</strong></span> <span class='ocrx_word' id='word_1_416' title='bbox 1110 3170 1375 3242; x_wconf 85' lang='lat' dir='ltr'><strong>exscripti</strong></span> <span class='ocrx_word' id='word_1_417' title='bbox 1429 3179 1584 3238; x_wconf 90' lang='lat' dir='ltr'><strong>sunt;</strong></span> <span class='ocrx_word' id='word_1_418' title='bbox 1643 3181 1698 3229; x_wconf 88' lang='lat' dir='ltr'><strong>et</strong></span> <span class='ocrx_word' id='word_1_419' title='bbox 1729 3167 1770 3179; x_wconf 75' lang='grc'><em>“”</em></span> <span class='ocrx_word' id='word_1_420' title='bbox 1804 3170 1949 3239; x_wconf 86' lang='lat' dir='ltr'><strong>gium</strong></span> <span class='ocrx_word' id='word_1_421' title='bbox 2002 3169 2184 3225; x_wconf 87' lang='lat' dir='ltr'><strong>Stuchs</strong></span> <span class='ocrx_word' id='word_1_422' title='bbox 2233 3168 2542 3238; x_wconf 83' lang='lat' dir='ltr'><strong>Nurnberge</strong></span> <span class='ocrx_word' id='word_1_423' title='bbox 2582 3170 2883 3241; x_wconf 80' lang='lat' dir='ltr'><strong>impressus.</strong></span> <span class='ocrx_word' id='word_1_424' title='bbox 2943 3171 3099 3225; x_wconf 86' lang='lat' dir='ltr'><strong>Anno</strong></span> <span class='ocrx_word' id='word_1_425' title='bbox 3166 3174 3391 3244; x_wconf 79' lang='lat' dir='ltr'><strong>virginei</strong></span> 
     </span>
    </p>
   </div>
   <div class='ocr_carea' id='block_1_64' title="bbox 89 3254 1695 3328">
    <p class='ocr_par' dir='ltr' id='par_1_64' title="bbox 89 3254 1695 3328">
     <span class='ocr_line' id='line_1_64' title="bbox 89 3254 1695 3328; baseline 0.004 -19"><span class='ocrx_word' id='word_1_426' title='bbox 89 3269 224 3309; x_wconf 89' lang='lat' dir='ltr'><strong>cum</strong></span> <span class='ocrx_word' id='word_1_427' title='bbox 258 3254 363 3311; x_wconf 91' lang='lat' dir='ltr'><strong>hoc</strong></span> <span class='ocrx_word' id='word_1_428' title='bbox 391 3270 607 3328; x_wconf 90' lang='lat' dir='ltr'><strong>quoque</strong></span> <span class='ocrx_word' id='word_1_429' title='bbox 656 3256 899 3312; x_wconf 89' lang='lat' dir='ltr'><strong>notabile</strong></span> <span class='ocrx_word' id='word_1_430' title='bbox 945 3256 1037 3324; x_wconf 89' lang='lat' dir='ltr'><strong>sit,</strong></span> <span class='ocrx_word' id='word_1_431' title='bbox 1090 3256 1331 3328; x_wconf 90' lang='lat' dir='ltr'><strong>hymnos</strong></span> <span class='ocrx_word' id='word_1_432' title='bbox 1382 3258 1441 3313; x_wconf 87' lang='lat' dir='ltr'><strong>in</strong></span> <span class='ocrx_word' id='word_1_433' title='bbox 1494 3258 1695 3316; x_wconf 87' lang='lat' dir='ltr'><strong>festum</strong></span> 
     </span>
    </p>
   </div>
   <div class='ocr_carea' id='block_1_65' title="bbox 88 3343 1696 3415">
    <p class='ocr_par' dir='ltr' id='par_1_65' title="bbox 88 3343 1696 3415">
     <span class='ocr_line' id='line_1_65' title="bbox 88 3343 1696 3415; baseline 0.001 -14"><span class='ocrx_word' id='word_1_434' title='bbox 88 3343 355 3415; x_wconf 89' lang='lat' dir='ltr'><strong>Corporis</strong></span> <span class='ocrx_word' id='word_1_435' title='bbox 398 3343 604 3401; x_wconf 89' lang='lat' dir='ltr'><strong>Christi</strong></span> <span class='ocrx_word' id='word_1_436' title='bbox 662 3343 908 3400; x_wconf 89' lang='lat' dir='ltr'><strong>nondum</strong></span> <span class='ocrx_word' id='word_1_437' title='bbox 959 3344 1222 3412; x_wconf 86' lang='lat' dir='ltr'><strong>inveniri,</strong></span> <span class='ocrx_word' id='word_1_438' title='bbox 1271 3344 1420 3402; x_wconf 90' lang='lat' dir='ltr'><strong>haud</strong></span> <span class='ocrx_word' id='word_1_439' title='bbox 1469 3346 1583 3403; x_wconf 91' lang='lat' dir='ltr'><strong>scio</strong></span> <span class='ocrx_word' id='word_1_440' title='bbox 1624 3362 1696 3403; x_wconf 88' lang='lat' dir='ltr'><strong>an</strong></span> 
     </span>
    </p>
   </div>
   <div class='ocr_carea' id='block_1_66' title="bbox 88 3430 1694 3505">
    <p class='ocr_par' dir='ltr' id='par_1_66' title="bbox 88 3430 1694 3505">
     <span class='ocr_line' id='line_1_66' title="bbox 88 3430 1694 3505; baseline 0.002 -18"><span class='ocrx_word' id='word_1_441' title='bbox 88 3430 238 3487; x_wconf 89' lang='lat' dir='ltr'><strong>illud</strong></span> <span class='ocrx_word' id='word_1_442' title='bbox 267 3430 413 3503; x_wconf 89' lang='lat' dir='ltr'><strong>quod</strong></span> <span class='ocrx_word' id='word_1_443' title='bbox 440 3430 998 3487; x_wconf 88' lang='lat' dir='ltr'><strong>commemoravimus</strong></span> <span class='ocrx_word' id='word_1_444' title='bbox 1040 3433 1324 3503; x_wconf 89' lang='lat' dir='ltr'><strong>proprium</strong></span> <span class='ocrx_word' id='word_1_445' title='bbox 1353 3432 1422 3488; x_wconf 93' lang='lat' dir='ltr'><strong>de</strong></span> <span class='ocrx_word' id='word_1_446' title='bbox 1451 3442 1694 3505; x_wconf 89' lang='lat' dir='ltr'><strong>tempore</strong></span> 
     </span>
    </p>
   </div>
   <div class='ocr_carea' id='block_1_67' title="bbox 85 3517 1695 3590">
    <p class='ocr_par' dir='ltr' id='par_1_67' title="bbox 85 3517 1695 3590">
     <span class='ocr_line' id='line_1_67' title="bbox 85 3517 1695 3590; baseline 0.001 -15"><span class='ocrx_word' id='word_1_447' title='bbox 85 3518 423 3575; x_wconf 88' lang='lat' dir='ltr'><strong>duodecimo</strong></span> <span class='ocrx_word' id='word_1_448' title='bbox 455 3528 615 3590; x_wconf 86' lang='lat' dir='ltr'><strong>atque</strong></span> <span class='ocrx_word' id='word_1_449' title='bbox 662 3517 798 3574; x_wconf 88' lang='lat' dir='ltr'><strong>adeo</strong></span> <span class='ocrx_word' id='word_1_450' title='bbox 826 3518 1120 3577; x_wconf 91' lang='lat' dir='ltr'><strong>undecimo</strong></span> <span class='ocrx_word' id='word_1_451' title='bbox 1164 3520 1366 3577; x_wconf 64' lang='lat' dir='ltr'><strong>saeculo</strong></span> <span class='ocrx_word' id='word_1_452' title='bbox 1411 3520 1695 3579; x_wconf 86' lang='lat' dir='ltr'><strong>vindican-</strong></span> 
     </span>
    </p>
   </div>
   <div class='ocr_carea' id='block_1_68' title="bbox 86 3609 516 3681">
    <p class='ocr_par' dir='ltr' id='par_1_68' title="bbox 86 3609 516 3681">
     <span class='ocr_line' id='line_1_68' title="bbox 86 3609 516 3681; baseline -0.002 -16"><span class='ocrx_word' id='word_1_453' title='bbox 86 3609 226 3665; x_wconf 89' lang='lat' dir='ltr'><strong>dum</strong></span> <span class='ocrx_word' id='word_1_454' title='bbox 268 3609 359 3665; x_wconf 87' lang='lat' dir='ltr'><strong>sit.</strong></span> <span class='ocrx_word' id='word_1_455' title='bbox 394 3609 516 3681; x_wconf 89' lang='lat' dir='ltr'><strong>(H.)</strong></span> 
     </span>
    </p>
   </div>
   <div class='ocr_carea' id='block_1_69' title="bbox 160 3705 1692 3768">
    <p class='ocr_par' dir='ltr' id='par_1_69' title="bbox 160 3705 1692 3768">
     <span class='ocr_line' id='line_1_69' title="bbox 160 3705 1692 3768; baseline 0.005 -7"><span class='ocrx_word' id='word_1_456' title='bbox 160 3706 216 3762; x_wconf 80' lang='lat'><strong>5.</strong></span> <span class='ocrx_word' id='word_1_457' title='bbox 252 3705 594 3761; x_wconf 88' lang='lat' dir='ltr'><strong>Breviarium</strong></span> <span class='ocrx_word' id='word_1_458' title='bbox 627 3706 996 3765; x_wconf 73' lang='lat' dir='ltr'><strong>dioecesanum</strong></span> <span class='ocrx_word' id='word_1_459' title='bbox 1026 3709 1373 3767; x_wconf 88' lang='lat' dir='ltr'><strong>chartaceum</strong></span> <span class='ocrx_word' id='word_1_460' title='bbox 1405 3726 1475 3766; x_wconf 87' lang='lat' dir='ltr'><strong>ex</strong></span> <span class='ocrx_word' id='word_1_461' title='bbox 1492 3710 1692 3768; x_wconf 88' lang='lat' dir='ltr'><strong>biblio-</strong></span> 
     </span>
    </p>
   </div>
   <div class='ocr_carea' id='block_1_70' title="bbox 85 3795 1691 3876">
    <p class='ocr_par' dir='ltr' id='par_1_70' title="bbox 85 3795 1691 3876">
     <span class='ocr_line' id='line_1_70' title="bbox 85 3795 1691 3876; baseline 0.002 -25"><span class='ocrx_word' id='word_1_462' title='bbox 85 3796 256 3876; x_wconf 57' lang='lat' dir='ltr'><strong>theca</strong></span> <span class='ocrx_word' id='word_1_463' title='bbox 283 3795 415 3851; x_wconf 86' lang='lat' dir='ltr'><strong>Rev.</strong></span> <span class='ocrx_word' id='word_1_464' title='bbox 449 3796 676 3867; x_wconf 90' lang='lat' dir='ltr'><strong>capituli</strong></span> <span class='ocrx_word' id='word_1_465' title='bbox 709 3796 1038 3854; x_wconf 89' lang='lat' dir='ltr'><strong>cathedralis</strong></span> <span class='ocrx_word' id='word_1_466' title='bbox 1064 3799 1525 3872; x_wconf 86' lang='lat' dir='ltr'><strong>Merseburgensis</strong></span> <span class='ocrx_word' id='word_1_467' title='bbox 1559 3799 1691 3855; x_wconf 81' lang='lat' dir='ltr'><strong>libe-</strong></span> 
     </span>
    </p>
   </div>
   <div class='ocr_carea' id='block_1_71' title="bbox 85 3891 1692 3968">
    <p class='ocr_par' dir='ltr' id='par_1_71' title="bbox 85 3891 1692 3968">
     <span class='ocr_line' id='line_1_71' title="bbox 85 3891 1692 3968; baseline 0 -21"><span class='ocrx_word' id='word_1_468' title='bbox 85 3891 301 3947; x_wconf 89' lang='lat' dir='ltr'><strong>ralitati</strong></span> <span class='ocrx_word' id='word_1_469' title='bbox 332 3892 559 3964; x_wconf 90' lang='lat' dir='ltr'><strong>Frejeri,</strong></span> <span class='ocrx_word' id='word_1_470' title='bbox 589 3893 698 3948; x_wconf 90' lang='lat' dir='ltr'><strong>viri</strong></span> <span class='ocrx_word' id='word_1_471' title='bbox 729 3895 1088 3965; x_wconf 86' lang='lat' dir='ltr'><strong>ornatissimi,</strong></span> <span class='ocrx_word' id='word_1_472' title='bbox 1120 3896 1327 3964; x_wconf 92' lang='lat' dir='ltr'><strong>debeo;</strong></span> <span class='ocrx_word' id='word_1_473' title='bbox 1376 3896 1470 3968; x_wconf 90' lang='lat' dir='ltr'><strong>qui</strong></span> <span class='ocrx_word' id='word_1_474' title='bbox 1518 3892 1692 3951; x_wconf 91' lang='lat' dir='ltr'><strong>codex</strong></span> 
     </span>
    </p>
   </div>
   <div class='ocr_carea' id='block_1_72' title="bbox 84 3981 1691 4058">
    <p class='ocr_par' dir='ltr' id='par_1_72' title="bbox 84 3981 1691 4058">
     <span class='ocr_line' id='line_1_72' title="bbox 84 3981 1691 4058; baseline -0.001 -22"><span class='ocrx_word' id='word_1_475' title='bbox 84 3996 261 4036; x_wconf 90' lang='lat' dir='ltr'><strong>manu</strong></span> <span class='ocrx_word' id='word_1_476' title='bbox 287 3981 542 4052; x_wconf 88' lang='lat' dir='ltr'><strong>scriptus,</strong></span> <span class='ocrx_word' id='word_1_477' title='bbox 577 3982 679 4037; x_wconf 89' lang='lat' dir='ltr'><strong>etsi</strong></span> <span class='ocrx_word' id='word_1_478' title='bbox 708 3981 806 4037; x_wconf 90' lang='lat' dir='ltr'><strong>vix</strong></span> <span class='ocrx_word' id='word_1_479' title='bbox 835 3985 1093 4040; x_wconf 71' lang='lat' dir='ltr'><strong>saeculum</strong></span> <span class='ocrx_word' id='word_1_480' title='bbox 1127 3993 1381 4058; x_wconf 88' lang='lat' dir='ltr'><strong>quartum</strong></span> <span class='ocrx_word' id='word_1_481' title='bbox 1411 3982 1691 4039; x_wconf 89' lang='lat' dir='ltr'><strong>decimum</strong></span> 
     </span>
    </p>
   </div>
   <div class='ocr_carea' id='block_1_73' title="bbox 84 4067 1691 4142">
    <p class='ocr_par' dir='ltr' id='par_1_73' title="bbox 84 4067 1691 4142">
     <span class='ocr_line' id='line_1_73' title="bbox 84 4067 1691 4142; baseline 0.001 -17"><span class='ocrx_word' id='word_1_482' title='bbox 84 4067 418 4140; x_wconf 83' lang='lat' dir='ltr'><strong>egrediatur,</strong></span> <span class='ocrx_word' id='word_1_483' title='bbox 453 4071 625 4124; x_wconf 88' lang='lat' dir='ltr'><strong>multa</strong></span> <span class='ocrx_word' id='word_1_484' title='bbox 669 4079 852 4125; x_wconf 89' lang='lat' dir='ltr'><strong>tamen</strong></span> <span class='ocrx_word' id='word_1_485' title='bbox 900 4072 1148 4127; x_wconf 89' lang='lat' dir='ltr'><strong>continet</strong></span> <span class='ocrx_word' id='word_1_486' title='bbox 1197 4072 1436 4142; x_wconf 89' lang='lat' dir='ltr'><strong>propria.</strong></span> <span class='ocrx_word' id='word_1_487' title='bbox 1491 4072 1554 4126; x_wconf 89' lang='lat' dir='ltr'><strong>In</strong></span> <span class='ocrx_word' id='word_1_488' title='bbox 1602 4071 1691 4126; x_wconf 91' lang='lat' dir='ltr'><strong>his</strong></span> 
     </span>
    </p>
   </div>
   <div class='ocr_carea' id='block_1_74' title="bbox 84 4158 1689 4231">
    <p class='ocr_par' dir='ltr' id='par_1_74' title="bbox 84 4158 1689 4231">
     <span class='ocr_line' id='line_1_74' title="bbox 84 4158 1689 4231; baseline -0.001 -16"><span class='ocrx_word' id='word_1_489' title='bbox 84 4160 426 4231; x_wconf 88' lang='lat' dir='ltr'><strong>hymnorum</strong></span> <span class='ocrx_word' id='word_1_490' title='bbox 482 4158 725 4228; x_wconf 87' lang='lat' dir='ltr'><strong>paucitas</strong></span> <span class='ocrx_word' id='word_1_491' title='bbox 779 4166 833 4211; x_wconf 91' lang='lat' dir='ltr'><strong>et</strong></span> <span class='ocrx_word' id='word_1_492' title='bbox 894 4167 1255 4225; x_wconf 86' lang='lat' dir='ltr'><strong>octavarum;</strong></span> <span class='ocrx_word' id='word_1_493' title='bbox 1307 4176 1434 4214; x_wconf 90' lang='lat' dir='ltr'><strong>nam</strong></span> <span class='ocrx_word' id='word_1_494' title='bbox 1490 4159 1689 4214; x_wconf 88' lang='lat' dir='ltr'><strong>desunt</strong></span> 
     </span>
    </p>
   </div>
   <div class='ocr_carea' id='block_1_75' title="bbox 82 4246 1501 4317">
    <p class='ocr_par' dir='ltr' id='par_1_75' title="bbox 82 4246 1501 4317">
     <span class='ocr_line' id='line_1_75' title="bbox 82 4246 1501 4317; baseline -0.003 -13"><span class='ocrx_word' id='word_1_495' title='bbox 82 4248 222 4304; x_wconf 90' lang='lat' dir='ltr'><strong>adeo</strong></span> <span class='ocrx_word' id='word_1_496' title='bbox 244 4254 450 4302; x_wconf 77' lang='lat' dir='ltr'><strong>octavae</strong></span> <span class='ocrx_word' id='word_1_497' title='bbox 479 4246 802 4317; x_wconf 62' lang='lat' dir='ltr'><strong>Epiphaniae</strong></span> <span class='ocrx_word' id='word_1_498' title='bbox 833 4254 887 4301; x_wconf 89' lang='lat' dir='ltr'><strong>et</strong></span> <span class='ocrx_word' id='word_1_499' title='bbox 911 4246 1338 4317; x_wconf 84' lang='lat' dir='ltr'><strong>Assumptionis.</strong></span> <span class='ocrx_word' id='word_1_500' title='bbox 1376 4247 1501 4315; x_wconf 83' lang='grc' dir='ltr'><strong>(Μ.)</strong></span> 
     </span>
    </p>
   </div>
   <div class='ocr_carea' id='block_1_76' title="bbox 152 4339 1690 4414">
    <p class='ocr_par' dir='ltr' id='par_1_76' title="bbox 152 4339 1690 4414">
     <span class='ocr_line' id='line_1_76' title="bbox 152 4339 1690 4414; baseline -0.005 -11"><span class='ocrx_word' id='word_1_501' title='bbox 152 4348 207 4403; x_wconf 87' lang='grc'><strong>6.</strong></span> <span class='ocrx_word' id='word_1_502' title='bbox 244 4346 306 4401; x_wconf 93' lang='lat' dir='ltr'><strong>In</strong></span> <span class='ocrx_word' id='word_1_503' title='bbox 333 4344 488 4399; x_wconf 90' lang='lat' dir='ltr'><strong>libris</strong></span> <span class='ocrx_word' id='word_1_504' title='bbox 513 4358 679 4397; x_wconf 90' lang='lat' dir='ltr'><strong>manu</strong></span> <span class='ocrx_word' id='word_1_505' title='bbox 708 4342 947 4413; x_wconf 88' lang='lat' dir='ltr'><strong>scriptis,</strong></span> <span class='ocrx_word' id='word_1_506' title='bbox 982 4358 1120 4414; x_wconf 91' lang='lat' dir='ltr'><strong>quos</strong></span> <span class='ocrx_word' id='word_1_507' title='bbox 1148 4343 1237 4397; x_wconf 88' lang='lat' dir='ltr'><strong>Fr.</strong></span> <span class='ocrx_word' id='word_1_508' title='bbox 1287 4340 1484 4396; x_wconf 84' lang='lat' dir='ltr'><strong>Junius</strong></span> <span class='ocrx_word' id='word_1_509' title='bbox 1534 4339 1690 4395; x_wconf 77' lang='lat' dir='ltr'><strong>inde.</strong></span> 
     </span>
    </p>
   </div>
   <div class='ocr_carea' id='block_1_77' title="bbox 1799 3256 3387 3330">
    <p class='ocr_par' dir='ltr' id='par_1_77' title="bbox 1799 3256 3387 3330">
     <span class='ocr_line' id='line_1_77' title="bbox 1799 3256 3387 3330; baseline 0.006 -20"><span class='ocrx_word' id='word_1_510' title='bbox 1799 3263 1993 3328; x_wconf 85' lang='lat' dir='ltr'><strong>partus</strong></span> <span class='ocrx_word' id='word_1_511' title='bbox 2018 3256 2293 3312; x_wconf 87' lang='lat' dir='ltr'><strong>millesimo</strong></span> <span class='ocrx_word' id='word_1_512' title='bbox 2321 3258 2725 3328; x_wconf 84' lang='lat' dir='ltr'><strong>quingentesimo</strong></span> <span class='ocrx_word' id='word_1_513' title='bbox 2773 3261 3171 3330; x_wconf 86' lang='lat' dir='ltr'><strong>quintodecimo,</strong></span> <span class='ocrx_word' id='word_1_514' title='bbox 3203 3263 3387 3320; x_wconf 79' lang='lat' dir='ltr'><strong>Idibus</strong></span> 
     </span>
    </p>
   </div>
   <div class='ocr_carea' id='block_1_78' title="bbox 1803 3342 3034 3420">
    <p class='ocr_par' dir='ltr' id='par_1_78' title="bbox 1803 3342 3034 3420">
     <span class='ocr_line' id='line_1_78' title="bbox 1803 3342 3034 3420; baseline 0 -18"><span class='ocrx_word' id='word_1_515' title='bbox 1803 3344 2111 3402; x_wconf 80' lang='lat' dir='ltr'><strong>Novembris</strong></span> <span class='ocrx_word' id='word_1_516' title='bbox 2135 3342 2359 3414; x_wconf 78' lang='lat' dir='ltr'><strong>feliciter</strong></span> <span class='ocrx_word' id='word_1_517' title='bbox 2384 3345 2521 3417; x_wconf 83' lang='lat' dir='ltr'><strong>ﬁnit.</strong></span> <span class='ocrx_word' id='word_1_518' title='bbox 2544 3345 2724 3401; x_wconf 85' lang='lat' dir='ltr'><strong>Meum</strong></span> <span class='ocrx_word' id='word_1_519' title='bbox 2754 3353 2854 3401; x_wconf 85' lang='lat' dir='ltr'><strong>est.</strong></span> <span class='ocrx_word' id='word_1_520' title='bbox 2887 3348 3034 3420; x_wconf 86' lang='grc' dir='ltr'><strong>(ΗΙ.)</strong></span> 
     </span>
    </p>
   </div>
   <div class='ocr_carea' id='block_1_79' title="bbox 1874 3441 3384 3505">
    <p class='ocr_par' dir='ltr' id='par_1_79' title="bbox 1874 3441 3384 3505">
     <span class='ocr_line' id='line_1_79' title="bbox 1874 3441 3384 3505; baseline 0.005 -8"><span class='ocrx_word' id='word_1_521' title='bbox 1874 3441 1928 3497; x_wconf 81' lang='lat'><strong>2.</strong></span> <span class='ocrx_word' id='word_1_522' title='bbox 1970 3441 2362 3499; x_wconf 86' lang='lat' dir='ltr'><strong>Canonicarum</strong></span> <span class='ocrx_word' id='word_1_523' title='bbox 2387 3442 2647 3497; x_wconf 86' lang='lat' dir='ltr'><strong>horarum</strong></span> <span class='ocrx_word' id='word_1_524' title='bbox 2677 3442 2806 3498; x_wconf 82' lang='lat' dir='ltr'><strong>liber</strong></span> <span class='ocrx_word' id='word_1_525' title='bbox 2832 3445 3113 3499; x_wconf 86' lang='lat' dir='ltr'><strong>secundum</strong></span> <span class='ocrx_word' id='word_1_526' title='bbox 3147 3449 3384 3505; x_wconf 75' lang='lat' dir='ltr'><strong>ominem</strong></span> 
     </span>
    </p>
   </div>
   <div class='ocr_carea' id='block_1_80' title="bbox 1802 3529 3385 3601">
    <p class='ocr_par' dir='ltr' id='par_1_80' title="bbox 1802 3529 3385 3601">
     <span class='ocr_line' id='line_1_80' title="bbox 1802 3529 3385 3601; baseline 0.005 -17"><span class='ocrx_word' id='word_1_527' title='bbox 1802 3529 2012 3585; x_wconf 82' lang='lat' dir='ltr'><strong>rubrice</strong></span> <span class='ocrx_word' id='word_1_528' title='bbox 2052 3537 2225 3586; x_wconf 83' lang='lat' dir='ltr'><strong>sancte</strong></span> <span class='ocrx_word' id='word_1_529' title='bbox 2254 3531 2481 3586; x_wconf 75' lang='lat' dir='ltr'><strong>Ecclesia</strong></span> <span class='ocrx_word' id='word_1_530' title='bbox 2534 3532 3009 3601; x_wconf 82' lang='lat' dir='ltr'><strong>Magdeburgensis,</strong></span> <span class='ocrx_word' id='word_1_531' title='bbox 3054 3551 3254 3590; x_wconf 89' lang='lat' dir='ltr'><strong>summo</strong></span> <span class='ocrx_word' id='word_1_532' title='bbox 3280 3544 3385 3592; x_wconf 86' lang='lat' dir='ltr'><strong>stu-</strong></span> 
     </span>
    </p>
   </div>
   <div class='ocr_carea' id='block_1_81' title="bbox 1804 3616 3385 3692">
    <p class='ocr_par' dir='ltr' id='par_1_81' title="bbox 1804 3616 3385 3692">
     <span class='ocr_line' id='line_1_81' title="bbox 1804 3616 3385 3692; baseline 0.006 -21"><span class='ocrx_word' id='word_1_533' title='bbox 1804 3616 1892 3672; x_wconf 85' lang='lat' dir='ltr'><strong>dio</strong></span> <span class='ocrx_word' id='word_1_534' title='bbox 1920 3618 2124 3675; x_wconf 78' lang='lat' dir='ltr'><strong>revisas</strong></span> <span class='ocrx_word' id='word_1_535' title='bbox 2152 3626 2308 3690; x_wconf 87' lang='lat' dir='ltr'><strong>atque</strong></span> <span class='ocrx_word' id='word_1_536' title='bbox 2338 3619 2507 3674; x_wconf 84' lang='lat' dir='ltr'><strong>denuo</strong></span> <span class='ocrx_word' id='word_1_537' title='bbox 2535 3625 2816 3687; x_wconf 85' lang='lat' dir='ltr'><strong>correctus,</strong></span> <span class='ocrx_word' id='word_1_538' title='bbox 2872 3620 2925 3673; x_wconf 84' lang='lat' dir='ltr'><strong>in</strong></span> <span class='ocrx_word' id='word_1_539' title='bbox 2973 3622 3175 3692; x_wconf 70' lang='lat' dir='ltr'><strong>ofﬁcina</strong></span> <span class='ocrx_word' id='word_1_540' title='bbox 3230 3624 3385 3680; x_wconf 88' lang='lat' dir='ltr'><strong>Geor-</strong></span> 
     </span>
    </p>
   </div>
   <div class='ocr_carea' id='block_1_82' title="bbox 1802 3705 3387 3805">
    <p class='ocr_par' dir='ltr' id='par_1_82' title="bbox 1802 3705 3387 3805">
     <span class='ocr_line' id='line_1_82' title="bbox 1802 3705 3387 3805; baseline 0.006 -45"><span class='ocrx_word' id='word_1_541' title='bbox 1802 3705 1877 3777; x_wconf 84' lang='lat' dir='ltr'><strong>gii</strong></span> <span class='ocrx_word' id='word_1_542' title='bbox 1906 3706 2089 3762; x_wconf 81' lang='lat' dir='ltr'><strong>Stuchs</strong></span> <span class='ocrx_word' id='word_1_543' title='bbox 2135 3707 2264 3805; x_wconf 54' lang='lat' dir='ltr'><strong>cipis</strong></span> <span class='ocrx_word' id='word_1_544' title='bbox 2294 3706 2764 3777; x_wconf 83' lang='lat' dir='ltr'><strong>Nureorbergensis</strong></span> <span class='ocrx_word' id='word_1_545' title='bbox 2800 3707 3102 3777; x_wconf 83' lang='lat' dir='ltr'><strong>impressus.</strong></span> <span class='ocrx_word' id='word_1_546' title='bbox 3159 3712 3315 3767; x_wconf 82' lang='lat' dir='ltr'><strong>Anno</strong></span> <span class='ocrx_word' id='word_1_547' title='bbox 3350 3732 3387 3770; x_wconf 89' lang='lat' dir='ltr'><strong>a</strong></span> 
     </span>
    </p>
   </div>
   <div class='ocr_carea' id='block_1_83' title="bbox 1796 3796 3384 3867">
    <p class='ocr_par' dir='ltr' id='par_1_83' title="bbox 1796 3796 3384 3867">
     <span class='ocr_line' id='line_1_83' title="bbox 1796 3796 3384 3867; baseline 0.003 -16"><span class='ocrx_word' id='word_1_548' title='bbox 1796 3802 1965 3866; x_wconf 85' lang='lat' dir='ltr'><strong>partu</strong></span> <span class='ocrx_word' id='word_1_549' title='bbox 1990 3796 2221 3866; x_wconf 70' lang='lat' dir='ltr'><strong>virginis</strong></span> <span class='ocrx_word' id='word_1_550' title='bbox 2266 3796 2641 3866; x_wconf 78' lang='lat' dir='ltr'><strong>gloriosissime</strong></span> <span class='ocrx_word' id='word_1_551' title='bbox 2668 3796 2941 3851; x_wconf 85' lang='lat' dir='ltr'><strong>millesimo</strong></span> <span class='ocrx_word' id='word_1_552' title='bbox 2982 3798 3384 3867; x_wconf 84' lang='lat' dir='ltr'><strong>quingentesimo</strong></span> 
     </span>
    </p>
   </div>
   <div class='ocr_carea' id='block_1_84' title="bbox 1802 3881 3383 3955">
    <p class='ocr_par' dir='ltr' id='par_1_84' title="bbox 1802 3881 3383 3955">
     <span class='ocr_line' id='line_1_84' title="bbox 1802 3881 3383 3955; baseline 0.002 -18"><span class='ocrx_word' id='word_1_553' title='bbox 1802 3884 2228 3953; x_wconf 79' lang='lat' dir='ltr'><strong>quatuordecimo</strong></span> <span class='ocrx_word' id='word_1_554' title='bbox 2257 3881 2445 3936; x_wconf 87' lang='lat' dir='ltr'><strong>mensis</strong></span> <span class='ocrx_word' id='word_1_555' title='bbox 2500 3882 2734 3936; x_wconf 83' lang='lat' dir='ltr'><strong>Octobris</strong></span> <span class='ocrx_word' id='word_1_556' title='bbox 2786 3883 2869 3935; x_wconf 85' lang='lat' dir='ltr'><strong>die</strong></span> <span class='ocrx_word' id='word_1_557' title='bbox 2919 3882 3161 3949; x_wconf 85' lang='lat' dir='ltr'><strong>vigesimo</strong></span> <span class='ocrx_word' id='word_1_558' title='bbox 3204 3887 3383 3955; x_wconf 85' lang='lat' dir='ltr'><strong>primo</strong></span> 
     </span>
    </p>
   </div>
   <div class='ocr_carea' id='block_1_85' title="bbox 1802 3966 3274 4041">
    <p class='ocr_par' dir='ltr' id='par_1_85' title="bbox 1802 3966 3274 4041">
     <span class='ocr_line' id='line_1_85' title="bbox 1802 3966 3274 4041; baseline -0.001 -17"><span class='ocrx_word' id='word_1_559' title='bbox 1802 3971 1938 4041; x_wconf 82' lang='lat' dir='ltr'><strong>ﬁnit.</strong></span> <span class='ocrx_word' id='word_1_560' title='bbox 1972 3971 2058 4024; x_wconf 90' lang='lat' dir='ltr'><strong>Ex</strong></span> <span class='ocrx_word' id='word_1_561' title='bbox 2092 3969 2227 4023; x_wconf 87' lang='lat' dir='ltr'><strong>bibl.</strong></span> <span class='ocrx_word' id='word_1_562' title='bbox 2259 3967 2739 4039; x_wconf 88' lang='lat' dir='ltr'><strong>Orphanotrophei</strong></span> <span class='ocrx_word' id='word_1_563' title='bbox 2772 3966 3039 4021; x_wconf 83' lang='lat' dir='ltr'><strong>Iialensis.</strong></span> <span class='ocrx_word' id='word_1_564' title='bbox 3077 3969 3274 4041; x_wconf 85' lang='lat' dir='ltr'><strong>(Mgd.)</strong></span> 
     </span>
    </p>
   </div>
   <div class='ocr_carea' id='block_1_86' title="bbox 1873 4060 3382 4133">
    <p class='ocr_par' dir='ltr' id='par_1_86' title="bbox 1873 4060 3382 4133">
     <span class='ocr_line' id='line_1_86' title="bbox 1873 4060 3382 4133; baseline 0.003 -13"><span class='ocrx_word' id='word_1_565' title='bbox 1873 4065 1925 4120; x_wconf 92' lang='lat'><strong>3.</strong></span> <span class='ocrx_word' id='word_1_566' title='bbox 1958 4062 2299 4118; x_wconf 89' lang='lat' dir='ltr'><strong>Breviarium</strong></span> <span class='ocrx_word' id='word_1_567' title='bbox 2348 4060 2621 4115; x_wconf 88' lang='lat' dir='ltr'><strong>Misnense</strong></span> <span class='ocrx_word' id='word_1_568' title='bbox 2649 4062 2797 4130; x_wconf 85' lang='lat' dir='ltr'><strong>typis</strong></span> <span class='ocrx_word' id='word_1_569' title='bbox 2841 4062 3178 4133; x_wconf 86' lang='lat' dir='ltr'><strong>exscriptum</strong></span> <span class='ocrx_word' id='word_1_570' title='bbox 3236 4066 3382 4124; x_wconf 88' lang='lat' dir='ltr'><strong>circa</strong></span> 
     </span>
    </p>
   </div>
   <div class='ocr_carea' id='block_1_87' title="bbox 1801 4147 3377 4211">
    <p class='ocr_par' dir='ltr' id='par_1_87' title="bbox 1801 4147 3377 4211">
     <span class='ocr_line' id='line_1_87' title="bbox 1801 4147 3377 4211; baseline -0.001 0"><span class='ocrx_word' id='word_1_571' title='bbox 1801 4170 2007 4211; x_wconf 89' lang='lat' dir='ltr'><strong>annum</strong></span> <span class='ocrx_word' id='word_1_572' title='bbox 2038 4150 2195 4206; x_wconf 83' lang='grc'><strong>1510.</strong></span> <span class='ocrx_word' id='word_1_573' title='bbox 2245 4150 2333 4203; x_wconf 88' lang='lat' dir='ltr'><strong>Ex</strong></span> <span class='ocrx_word' id='word_1_574' title='bbox 2360 4147 2695 4203; x_wconf 89' lang='lat' dir='ltr'><strong>bibliotheca</strong></span> <span class='ocrx_word' id='word_1_575' title='bbox 2747 4148 3057 4206; x_wconf 77' lang='lat' dir='ltr'><strong>Academiae</strong></span> <span class='ocrx_word' id='word_1_576' title='bbox 3108 4151 3377 4209; x_wconf 87' lang='lat' dir='ltr'><strong>Halensis.</strong></span> 
     </span>
    </p>
   </div>
   <div class='ocr_carea' id='block_1_88' title="bbox 1830 4243 1966 4296">
    <p class='ocr_par' dir='ltr' id='par_1_88' title="bbox 1830 4243 1966 4296">
     <span class='ocr_line' id='line_1_88' title="bbox 1830 4243 1966 4296; baseline -0.015 0"><span class='ocrx_word' id='word_1_577' title='bbox 1830 4243 1966 4296; x_wconf 86' lang='lat' dir='ltr'><strong>Msn.</strong></span> 
     </span>
    </p>
   </div>
   <div class='ocr_carea' id='block_1_89' title="bbox 1804 4240 3379 4403">
    <p class='ocr_par' dir='ltr' id='par_1_89' title="bbox 1804 4240 3379 4403">
     <span class='ocr_line' id='line_1_89' title="bbox 1830 4243 1966 4296; baseline -0.015 0"><span class='ocrx_word' id='word_1_578' title='bbox 1830 4243 1966 4296; x_wconf 86' lang='lat' dir='ltr'><strong>Msn.</strong></span> 
     </span>
     <span class='ocr_line' id='line_1_90' title="bbox 1804 4240 3379 4403; baseline -0.001 -10"><span class='ocrx_word' id='word_1_579' title='bbox 1804 4242 1825 4312; x_wconf 74' lang='grc'>(</span> <span class='ocrx_word' id='word_1_580' title='bbox 1871 4337 1923 4391; x_wconf 71' lang='grc'><strong>4.</strong></span> <span class='ocrx_word' id='word_1_581' title='bbox 1968 4240 2156 4392; x_wconf 59' lang='lat' dir='ltr'><strong>i’iatici</strong></span> <span class='ocrx_word' id='word_1_582' title='bbox 2179 4349 2313 4403; x_wconf 88' lang='lat' dir='ltr'><strong>pars</strong></span> <span class='ocrx_word' id='word_1_583' title='bbox 2341 4332 2574 4388; x_wconf 86' lang='lat' dir='ltr'><strong>estivalis</strong></span> <span class='ocrx_word' id='word_1_584' title='bbox 2620 4331 2904 4386; x_wconf 86' lang='lat' dir='ltr'><strong>secundum</strong></span> <span class='ocrx_word' id='word_1_585' title='bbox 2928 4333 3199 4389; x_wconf 80' lang='lat' dir='ltr'><strong>rubricam</strong></span> <span class='ocrx_word' id='word_1_586' title='bbox 3232 4338 3379 4392; x_wconf 85' lang='lat' dir='ltr'><strong>eccle-</strong></span> 
     </span>
    </p>
   </div>
   <div class='ocr_carea' id='block_1_90' title="bbox 78 4418 1695 4519">
    <p class='ocr_par' dir='ltr' id='par_1_90' title="bbox 78 4430 1685 4519">
     <span class='ocr_line' id='line_1_91' title="bbox 78 4430 1685 4519; baseline -0.004 -27"><span class='ocrx_word' id='word_1_587' title='bbox 78 4438 229 4494; x_wconf 85' lang='lat' dir='ltr'><strong>fesso</strong></span> <span class='ocrx_word' id='word_1_588' title='bbox 258 4433 442 4489; x_wconf 89' lang='lat' dir='ltr'><strong>labore</strong></span> <span class='ocrx_word' id='word_1_589' title='bbox 470 4432 602 4489; x_wconf 87' lang='lat' dir='ltr'><strong>satis</strong></span> <span class='ocrx_word' id='word_1_590' title='bbox 631 4431 726 4486; x_wconf 93' lang='lat' dir='ltr'><strong>ille</strong></span> <span class='ocrx_word' id='word_1_591' title='bbox 770 4439 934 4486; x_wconf 89' lang='lat' dir='ltr'><strong>notus</strong></span> <span class='ocrx_word' id='word_1_592' title='bbox 974 4430 1235 4502; x_wconf 88' lang='lat' dir='ltr'><strong>possedit,</strong></span> <span class='ocrx_word' id='word_1_593' title='bbox 1276 4438 1460 4519; x_wconf 88' lang='lat' dir='ltr'><strong>postea</strong></span> <span class='ocrx_word' id='word_1_594' title='bbox 1505 4437 1685 4486; x_wconf 91' lang='lat' dir='ltr'><strong>autem</strong></span> 
     </span>
    </p>
   </div>
   <div class='ocr_carea' id='block_1_91' title="bbox 1812 4418 3374 4519">
    <p class='ocr_par' dir='ltr' id='par_1_91' title="bbox 1812 4418 3374 4490">
     <span class='ocr_line' id='line_1_92' title="bbox 1812 4418 3374 4490; baseline 0 -12"><span class='ocrx_word' id='word_1_595' title='bbox 1812 4423 1872 4478; x_wconf 64' lang='lat' dir='ltr'><strong>tie</strong></span> <span class='ocrx_word' id='word_1_596' title='bbox 1900 4421 2359 4490; x_wconf 86' lang='lat' dir='ltr'><strong>Merseburgensis.</strong></span> <span class='ocrx_word' id='word_1_597' title='bbox 2421 4421 2480 4474; x_wconf 89' lang='lat' dir='ltr'><strong>In</strong></span> <span class='ocrx_word' id='word_1_598' title='bbox 2536 4420 2681 4474; x_wconf 87' lang='lat' dir='ltr'><strong>calce</strong></span> <span class='ocrx_word' id='word_1_599' title='bbox 2708 4418 2838 4473; x_wconf 90' lang='lat' dir='ltr'><strong>tibri</strong></span> <span class='ocrx_word' id='word_1_600' title='bbox 2878 4435 2890 4473; x_wconf 89' lang='lat'><strong><em>:</em></strong></span> <span class='ocrx_word' id='word_1_601' title='bbox 2924 4420 3108 4475; x_wconf 86' lang='lat' dir='ltr'><strong>Finita</strong></span> <span class='ocrx_word' id='word_1_602' title='bbox 3159 4428 3235 4475; x_wconf 82' lang='lat' dir='ltr'><strong>est</strong></span> <span class='ocrx_word' id='word_1_603' title='bbox 3269 4424 3374 4478; x_wconf 84' lang='lat' dir='ltr'><strong>hec.</strong></span> 
     </span>
    </p>
   </div>
   <div class='ocr_carea' id='block_1_92' title="bbox 78 4518 1682 4592">
    <p class='ocr_par' dir='ltr' id='par_1_92' title="bbox 78 4518 1682 4592">
     <span class='ocr_line' id='line_1_93' title="bbox 78 4518 1682 4592; baseline -0.006 -11"><span class='ocrx_word' id='word_1_604' title='bbox 78 4523 422 4582; x_wconf 90' lang='lat' dir='ltr'><strong>bibliotheca</strong></span> <span class='ocrx_word' id='word_1_605' title='bbox 466 4521 797 4578; x_wconf 88' lang='lat' dir='ltr'><strong>Oxoniensis</strong></span> <span class='ocrx_word' id='word_1_606' title='bbox 830 4520 1144 4592; x_wconf 86' lang='lat' dir='ltr'><strong>acquisivit,</strong></span> <span class='ocrx_word' id='word_1_607' title='bbox 1195 4520 1339 4575; x_wconf 88' lang='lat' dir='ltr'><strong>inest</strong></span> <span class='ocrx_word' id='word_1_608' title='bbox 1378 4518 1543 4574; x_wconf 90' lang='lat' dir='ltr'><strong>etiam</strong></span> <span class='ocrx_word' id='word_1_609' title='bbox 1588 4534 1682 4573; x_wconf 88' lang='lat' dir='ltr'><strong>ve-</strong></span> 
     </span>
    </p>
   </div>
   <div class='ocr_carea' id='block_1_93' title="bbox 80 4607 1679 4682">
    <p class='ocr_par' dir='ltr' id='par_1_93' title="bbox 80 4607 1679 4682">
     <span class='ocr_line' id='line_1_94' title="bbox 80 4607 1679 4682; baseline -0.006 -11"><span class='ocrx_word' id='word_1_610' title='bbox 80 4621 235 4672; x_wconf 89' lang='lat' dir='ltr'><strong>tusta</strong></span> <span class='ocrx_word' id='word_1_611' title='bbox 302 4611 680 4682; x_wconf 85' lang='lat' dir='ltr'><strong>interpretatio</strong></span> <span class='ocrx_word' id='word_1_612' title='bbox 741 4609 1063 4664; x_wconf 87' lang='lat' dir='ltr'><strong>Germanica</strong></span> <span class='ocrx_word' id='word_1_613' title='bbox 1127 4624 1265 4664; x_wconf 78' lang='lat' dir='ltr'><strong>xxvr</strong></span> <span class='ocrx_word' id='word_1_614' title='bbox 1322 4607 1679 4680; x_wconf 82' lang='lat' dir='ltr'><strong>hymnorum-</strong></span> 
     </span>
    </p>
   </div>
   <div class='ocr_carea' id='block_1_94' title="bbox 77 4696 1680 4767">
    <p class='ocr_par' dir='ltr' id='par_1_94' title="bbox 77 4696 1680 4767">
     <span class='ocr_line' id='line_1_95' title="bbox 77 4696 1680 4767; baseline -0.006 -9"><span class='ocrx_word' id='word_1_615' title='bbox 77 4700 352 4759; x_wconf 88' lang='lat' dir='ltr'><strong>Nonnulli</strong></span> <span class='ocrx_word' id='word_1_616' title='bbox 393 4699 499 4754; x_wconf 89' lang='lat' dir='ltr'><strong>viri</strong></span> <span class='ocrx_word' id='word_1_617' title='bbox 529 4697 675 4753; x_wconf 92' lang='lat' dir='ltr'><strong>docti</strong></span> <span class='ocrx_word' id='word_1_618' title='bbox 708 4698 766 4752; x_wconf 88' lang='lat' dir='ltr'><strong>in</strong></span> <span class='ocrx_word' id='word_1_619' title='bbox 799 4696 1000 4752; x_wconf 90' lang='lat' dir='ltr'><strong>studiis</strong></span> <span class='ocrx_word' id='word_1_620' title='bbox 1039 4696 1107 4751; x_wconf 91' lang='lat' dir='ltr'><strong>ad</strong></span> <span class='ocrx_word' id='word_1_621' title='bbox 1150 4706 1389 4752; x_wconf 90' lang='lat' dir='ltr'><strong>veterem</strong></span> <span class='ocrx_word' id='word_1_622' title='bbox 1439 4697 1680 4767; x_wconf 86' lang='lat' dir='ltr'><strong>linguam</strong></span> 
     </span>
    </p>
   </div>
   <div class='ocr_carea' id='block_1_95' title="bbox 77 4782 1673 4857">
    <p class='ocr_par' dir='ltr' id='par_1_95' title="bbox 77 4782 1673 4857">
     <span class='ocr_line' id='line_1_96' title="bbox 77 4782 1673 4857; baseline -0.005 -13"><span class='ocrx_word' id='word_1_623' title='bbox 77 4786 465 4845; x_wconf 87' lang='lat' dir='ltr'><strong>Germanicam</strong></span> <span class='ocrx_word' id='word_1_624' title='bbox 521 4783 925 4857; x_wconf 86' lang='lat' dir='ltr'><strong>pertinentibus</strong></span> <span class='ocrx_word' id='word_1_625' title='bbox 983 4783 1087 4838; x_wconf 92' lang='lat' dir='ltr'><strong>hoc</strong></span> <span class='ocrx_word' id='word_1_626' title='bbox 1136 4782 1324 4839; x_wconf 90' lang='lat' dir='ltr'><strong>codice</strong></span> <span class='ocrx_word' id='word_1_627' title='bbox 1367 4782 1451 4838; x_wconf 90' lang='lat' dir='ltr'><strong>usi</strong></span> <span class='ocrx_word' id='word_1_628' title='bbox 1500 4788 1673 4837; x_wconf 85' lang='lat' dir='ltr'><strong>sunt:</strong></span> 
     </span>
    </p>
   </div>
   <div class='ocr_carea' id='block_1_96' title="bbox 75 4874 1678 4954">
    <p class='ocr_par' dir='ltr' id='par_1_96' title="bbox 75 4874 1678 4954">
     <span class='ocr_line' id='line_1_97' title="bbox 75 4874 1678 4954; baseline -0.003 -19"><span class='ocrx_word' id='word_1_629' title='bbox 75 4880 345 4954; x_wconf 88' lang='lat' dir='ltr'><strong>primum,</strong></span> <span class='ocrx_word' id='word_1_630' title='bbox 397 4887 674 4950; x_wconf 89' lang='lat' dir='ltr'><strong>quartum,</strong></span> <span class='ocrx_word' id='word_1_631' title='bbox 725 4875 983 4949; x_wconf 89' lang='lat' dir='ltr'><strong>quintum</strong></span> <span class='ocrx_word' id='word_1_632' title='bbox 1019 4882 1073 4929; x_wconf 90' lang='lat' dir='ltr'><strong>et</strong></span> <span class='ocrx_word' id='word_1_633' title='bbox 1105 4875 1364 4929; x_wconf 91' lang='lat' dir='ltr'><strong>ultimum</strong></span> <span class='ocrx_word' id='word_1_634' title='bbox 1407 4874 1678 4946; x_wconf 87' lang='lat' dir='ltr'><strong>hymnum</strong></span> 
     </span>
    </p>
   </div>
   <div class='ocr_carea' id='block_1_97' title="bbox 72 4963 1677 5037">
    <p class='ocr_par' dir='ltr' id='par_1_97' title="bbox 72 4963 1677 5037">
     <span class='ocr_line' id='line_1_98' title="bbox 72 4963 1677 5037; baseline -0.004 -13"><span class='ocrx_word' id='word_1_635' title='bbox 72 4970 188 5037; x_wconf 80' lang='lat' dir='ltr'><strong>iam</strong></span> <span class='ocrx_word' id='word_1_636' title='bbox 245 4966 534 5023; x_wconf 83' lang='lat' dir='ltr'><strong>Hickesius</strong></span> <span class='ocrx_word' id='word_1_637' title='bbox 584 4966 862 5037; x_wconf 88' lang='lat' dir='ltr'><strong>vulgarat;</strong></span> <span class='ocrx_word' id='word_1_638' title='bbox 910 4963 1111 5035; x_wconf 89' lang='lat' dir='ltr'><strong>reliqui</strong></span> <span class='ocrx_word' id='word_1_639' title='bbox 1159 4978 1350 5018; x_wconf 87' lang='lat' dir='ltr'><strong>omnes</strong></span> <span class='ocrx_word' id='word_1_640' title='bbox 1392 4963 1451 5017; x_wconf 89' lang='lat' dir='ltr'><strong>in</strong></span> <span class='ocrx_word' id='word_1_641' title='bbox 1499 4963 1677 5019; x_wconf 86' lang='lat' dir='ltr'><strong>lucem</strong></span> 
     </span>
    </p>
   </div>
   <div class='ocr_carea' id='block_1_98' title="bbox 72 5050 1678 5132">
    <p class='ocr_par' dir='ltr' id='par_1_98' title="bbox 72 5050 1678 5132">
     <span class='ocr_line' id='line_1_99' title="bbox 72 5050 1678 5132; baseline -0.004 -19"><span class='ocrx_word' id='word_1_642' title='bbox 72 5057 405 5132; x_wconf 88' lang='lat' dir='ltr'><strong>prodierunt</strong></span> <span class='ocrx_word' id='word_1_643' title='bbox 450 5072 579 5112; x_wconf 89' lang='lat' dir='ltr'><strong>cura</strong></span> <span class='ocrx_word' id='word_1_644' title='bbox 621 5062 674 5110; x_wconf 93' lang='lat' dir='ltr'><strong>et</strong></span> <span class='ocrx_word' id='word_1_645' title='bbox 718 5052 905 5110; x_wconf 89' lang='lat' dir='ltr'><strong>studio</strong></span> <span class='ocrx_word' id='word_1_646' title='bbox 944 5053 1055 5109; x_wconf 82' lang='lat' dir='ltr'><strong>Jac.</strong></span> <span class='ocrx_word' id='word_1_647' title='bbox 1090 5050 1366 5119; x_wconf 89' lang='lat' dir='ltr'><strong>Grimmii,</strong></span> <span class='ocrx_word' id='word_1_648' title='bbox 1399 5051 1505 5106; x_wconf 89' lang='lat' dir='ltr'><strong>viri</strong></span> <span class='ocrx_word' id='word_1_649' title='bbox 1539 5052 1678 5107; x_wconf 89' lang='lat' dir='ltr'><strong>mira</strong></span> 
     </span>
    </p>
   </div>
   <div class='ocr_carea' id='block_1_99' title="bbox 73 5139 1676 5219">
    <p class='ocr_par' dir='ltr' id='par_1_99' title="bbox 73 5139 1676 5219">
     <span class='ocr_line' id='line_1_100' title="bbox 73 5139 1676 5219; baseline -0.003 -19"><span class='ocrx_word' id='word_1_650' title='bbox 73 5144 314 5219; x_wconf 86' lang='lat' dir='ltr'><strong>quadam</strong></span> <span class='ocrx_word' id='word_1_651' title='bbox 345 5143 610 5198; x_wconf 66' lang='lat' dir='ltr'><strong>doctrina:</strong></span> <span class='ocrx_word' id='word_1_652' title='bbox 643 5142 802 5213; x_wconf 88' lang='lat' dir='ltr'><strong>copia</strong></span> <span class='ocrx_word' id='word_1_653' title='bbox 830 5139 1110 5207; x_wconf 84' lang='lat' dir='ltr'><strong>instructi,</strong></span> <span class='ocrx_word' id='word_1_654' title='bbox 1154 5156 1261 5211; x_wconf 88' lang='lat' dir='ltr'><strong>quo</strong></span> <span class='ocrx_word' id='word_1_655' title='bbox 1307 5155 1456 5195; x_wconf 90' lang='lat' dir='ltr'><strong>nunc</strong></span> <span class='ocrx_word' id='word_1_656' title='bbox 1503 5140 1676 5210; x_wconf 90' lang='lat' dir='ltr'><strong>patria</strong></span> 
     </span>
    </p>
   </div>
   <div class='ocr_carea' id='block_1_100' title="bbox 71 5227 1674 5303">
    <p class='ocr_par' dir='ltr' id='par_1_100' title="bbox 71 5227 1674 5303">
     <span class='ocr_line' id='line_1_101' title="bbox 71 5227 1674 5303; baseline -0.006 -12"><span class='ocrx_word' id='word_1_657' title='bbox 71 5240 266 5291; x_wconf 86' lang='lat' dir='ltr'><strong>nostra</strong></span> <span class='ocrx_word' id='word_1_658' title='bbox 290 5231 487 5303; x_wconf 87' lang='lat' dir='ltr'><strong>gaudet</strong></span> <span class='ocrx_word' id='word_1_659' title='bbox 510 5233 863 5303; x_wconf 76' lang='lat' dir='ltr'><strong>(Hgmnorum</strong></span> <span class='ocrx_word' id='word_1_660' title='bbox 901 5229 1097 5287; x_wconf 85' lang='lat' dir='ltr'><strong>Veteris</strong></span> <span class='ocrx_word' id='word_1_661' title='bbox 1133 5227 1381 5283; x_wconf 63' lang='lat' dir='ltr'><strong>Ecclesia:</strong></span> <span class='ocrx_word' id='word_1_662' title='bbox 1416 5244 1557 5282; x_wconf 70' lang='grc' dir='ltr'>χχιί</span> <span class='ocrx_word' id='word_1_663' title='bbox 1589 5229 1674 5283; x_wconf 89' lang='grc' dir='ltr'><strong><em>Ιη-</em></strong></span> 
     </span>
    </p>
   </div>
   <div class='ocr_carea' id='block_1_101' title="bbox 73 5315 1671 5392">
    <p class='ocr_par' dir='ltr' id='par_1_101' title="bbox 73 5315 1671 5392">
     <span class='ocr_line' id='line_1_102' title="bbox 73 5315 1671 5392; baseline -0.006 -13"><span class='ocrx_word' id='word_1_664' title='bbox 73 5321 382 5392; x_wconf 81' lang='lat' dir='ltr'><strong>terpretatio</strong></span> <span class='ocrx_word' id='word_1_665' title='bbox 419 5320 709 5383; x_wconf 80' lang='lat' dir='ltr'><strong>Theotisca,</strong></span> <span class='ocrx_word' id='word_1_666' title='bbox 747 5335 887 5373; x_wconf 85' lang='lat' dir='ltr'><strong>nunc</strong></span> <span class='ocrx_word' id='word_1_667' title='bbox 932 5318 1169 5389; x_wconf 87' lang='lat' dir='ltr'><strong>primum</strong></span> <span class='ocrx_word' id='word_1_668' title='bbox 1212 5317 1349 5371; x_wconf 82' lang='lat' dir='ltr'><strong>edita</strong></span> <span class='ocrx_word' id='word_1_669' title='bbox 1399 5315 1671 5386; x_wconf 67' lang='lat' dir='ltr'><strong>Gottingae,</strong></span> 
     </span>
    </p>
   </div>
   <div class='ocr_carea' id='block_1_102' title="bbox 74 5402 1669 5480">
    <p class='ocr_par' dir='ltr' id='par_1_102' title="bbox 74 5402 1669 5480">
     <span class='ocr_line' id='line_1_103' title="bbox 74 5402 1669 5480; baseline -0.004 -15"><span class='ocrx_word' id='word_1_670' title='bbox 74 5408 265 5480; x_wconf 88' lang='grc'><strong>1830).</strong></span> <span class='ocrx_word' id='word_1_671' title='bbox 298 5407 437 5464; x_wconf 90' lang='lat' dir='ltr'><strong>Cum</strong></span> <span class='ocrx_word' id='word_1_672' title='bbox 467 5414 519 5462; x_wconf 90' lang='lat' dir='ltr'><strong>et</strong></span> <span class='ocrx_word' id='word_1_673' title='bbox 547 5405 744 5478; x_wconf 87' lang='lat' dir='ltr'><strong>hymni</strong></span> <span class='ocrx_word' id='word_1_674' title='bbox 776 5404 959 5463; x_wconf 89' lang='lat' dir='ltr'><strong>Latini</strong></span> <span class='ocrx_word' id='word_1_675' title='bbox 1012 5412 1065 5461; x_wconf 90' lang='lat' dir='ltr'><strong>et</strong></span> <span class='ocrx_word' id='word_1_676' title='bbox 1110 5403 1291 5461; x_wconf 90' lang='lat' dir='ltr'><strong>versio</strong></span> <span class='ocrx_word' id='word_1_677' title='bbox 1328 5402 1669 5471; x_wconf 89' lang='lat' dir='ltr'><strong>Germanica,</strong></span> 
     </span>
    </p>
   </div>
   <div class='ocr_carea' id='block_1_103' title="bbox 73 5496 1671 5574">
    <p class='ocr_par' dir='ltr' id='par_1_103' title="bbox 73 5496 1671 5574">
     <span class='ocr_line' id='line_1_104' title="bbox 73 5496 1671 5574; baseline -0.006 -18"><span class='ocrx_word' id='word_1_678' title='bbox 73 5516 198 5574; x_wconf 70' lang='lat' dir='ltr'><strong>quae</strong></span> <span class='ocrx_word' id='word_1_679' title='bbox 228 5499 324 5554; x_wconf 92' lang='lat' dir='ltr'><strong>ille</strong></span> <span class='ocrx_word' id='word_1_680' title='bbox 355 5497 529 5554; x_wconf 87' lang='lat' dir='ltr'><strong>codex</strong></span> <span class='ocrx_word' id='word_1_681' title='bbox 558 5515 810 5555; x_wconf 88' lang='lat' dir='ltr'><strong>manusc.</strong></span> <span class='ocrx_word' id='word_1_682' title='bbox 858 5498 1263 5571; x_wconf 88' lang='lat' dir='ltr'><strong>complectitur,</strong></span> <span class='ocrx_word' id='word_1_683' title='bbox 1314 5496 1373 5550; x_wconf 90' lang='lat' dir='ltr'><strong>in</strong></span> <span class='ocrx_word' id='word_1_684' title='bbox 1418 5503 1671 5551; x_wconf 82' lang='lat' dir='ltr'><strong>octavum</strong></span> 
     </span>
    </p>
   </div>
   <div class='ocr_carea' id='block_1_104' title="bbox 75 5581 1672 5677">
    <p class='ocr_par' dir='ltr' id='par_1_104' title="bbox 75 5581 1672 5677">
     <span class='ocr_line' id='line_1_105' title="bbox 75 5581 1672 5677; baseline -0.003 -35"><span class='ocrx_word' id='word_1_685' title='bbox 75 5587 351 5646; x_wconf 74' lang='lat' dir='ltr'><strong>saeculum</strong></span> <span class='ocrx_word' id='word_1_686' title='bbox 380 5587 648 5655; x_wconf 85' lang='lat' dir='ltr'><strong>incidant,</strong></span> <span class='ocrx_word' id='word_1_687' title='bbox 670 5586 728 5643; x_wconf 89' lang='lat' dir='ltr'><strong>id</strong></span> <span class='ocrx_word' id='word_1_688' title='bbox 753 5586 900 5675; x_wconf 81' lang='lat' dir='ltr'><strong>quod</strong></span> <span class='ocrx_word' id='word_1_689' title='bbox 915 5584 1320 5677; x_wconf 82' lang='lat' dir='ltr'><strong>Prolegomenis</strong></span> <span class='ocrx_word' id='word_1_690' title='bbox 1346 5584 1435 5641; x_wconf 88' lang='lat' dir='ltr'><strong>vir</strong></span> <span class='ocrx_word' id='word_1_691' title='bbox 1458 5581 1672 5639; x_wconf 86' lang='lat' dir='ltr'><strong>doctis-</strong></span> 
     </span>
    </p>
   </div>
   <div class='ocr_carea' id='block_1_105' title="bbox 1794 4508 3380 4580">
    <p class='ocr_par' dir='ltr' id='par_1_105' title="bbox 1794 4508 3380 4580">
     <span class='ocr_line' id='line_1_106' title="bbox 1794 4508 3380 4580; baseline -0.003 -11"><span class='ocrx_word' id='word_1_692' title='bbox 1794 4514 1933 4569; x_wconf 88' lang='lat' dir='ltr'><strong>Pars</strong></span> <span class='ocrx_word' id='word_1_693' title='bbox 1962 4511 2193 4566; x_wconf 85' lang='lat' dir='ltr'><strong>estivalis</strong></span> <span class='ocrx_word' id='word_1_694' title='bbox 2214 4510 2392 4564; x_wconf 86' lang='lat' dir='ltr'><strong>viatici</strong></span> <span class='ocrx_word' id='word_1_695' title='bbox 2419 4508 2859 4577; x_wconf 83' lang='lat' dir='ltr'><strong>Merseburgensis</strong></span> <span class='ocrx_word' id='word_1_696' title='bbox 2885 4513 3040 4577; x_wconf 82' lang='lat' dir='ltr'><strong>atque</strong></span> <span class='ocrx_word' id='word_1_697' title='bbox 3063 4510 3380 4580; x_wconf 84' lang='lat' dir='ltr'><strong>imprussem</strong></span> 
     </span>
    </p>
   </div>
   <div class='ocr_carea' id='block_1_106' title="bbox 1784 4596 3378 4675">
    <p class='ocr_par' dir='ltr' id='par_1_106' title="bbox 1784 4596 3378 4675">
     <span class='ocr_line' id='line_1_107' title="bbox 1784 4596 3378 4675; baseline -0.004 -18"><span class='ocrx_word' id='word_1_698' title='bbox 1784 4602 2035 4675; x_wconf 80' lang='lat' dir='ltr'><strong>pervigili</strong></span> <span class='ocrx_word' id='word_1_699' title='bbox 2071 4617 2219 4655; x_wconf 86' lang='lat' dir='ltr'><strong>cura.</strong></span> <span class='ocrx_word' id='word_1_700' title='bbox 2253 4599 2385 4654; x_wconf 86' lang='lat' dir='ltr'><strong>Arte</strong></span> <span class='ocrx_word' id='word_1_701' title='bbox 2409 4605 2455 4653; x_wconf 88' lang='lat' dir='ltr'><strong>et</strong></span> <span class='ocrx_word' id='word_1_702' title='bbox 2484 4598 2688 4667; x_wconf 85' lang='lat' dir='ltr'><strong>ingenio</strong></span> <span class='ocrx_word' id='word_1_703' title='bbox 2722 4596 3029 4650; x_wconf 83' lang='lat' dir='ltr'><strong>industriosi</strong></span> <span class='ocrx_word' id='word_1_704' title='bbox 3075 4598 3378 4655; x_wconf 82' lang='lat' dir='ltr'><strong>Melchioris</strong></span> 
     </span>
    </p>
   </div>
   <div class='ocr_carea' id='block_1_107' title="bbox 1791 4683 3377 4756">
    <p class='ocr_par' dir='ltr' id='par_1_107' title="bbox 1791 4683 3377 4756">
     <span class='ocr_line' id='line_1_108' title="bbox 1791 4683 3377 4756; baseline -0.005 -10"><span class='ocrx_word' id='word_1_705' title='bbox 1791 4691 1968 4746; x_wconf 78' lang='lat' dir='ltr'><strong>Letter</strong></span> <span class='ocrx_word' id='word_1_706' title='bbox 1996 4688 2217 4745; x_wconf 82' lang='lat' dir='ltr'><strong>Ducalis</strong></span> <span class='ocrx_word' id='word_1_707' title='bbox 2238 4687 2384 4756; x_wconf 83' lang='lat' dir='ltr'><strong>opidi</strong></span> <span class='ocrx_word' id='word_1_708' title='bbox 2414 4685 2709 4755; x_wconf 84' lang='lat' dir='ltr'><strong>Liptzensis</strong></span> <span class='ocrx_word' id='word_1_709' title='bbox 2738 4683 2981 4738; x_wconf 84' lang='lat' dir='ltr'><strong>concivis.</strong></span> <span class='ocrx_word' id='word_1_710' title='bbox 3010 4683 3167 4738; x_wconf 86' lang='lat' dir='ltr'><strong>Anno</strong></span> <span class='ocrx_word' id='word_1_711' title='bbox 3190 4685 3377 4739; x_wconf 86' lang='lat' dir='ltr'><strong>saluti-</strong></span> 
     </span>
    </p>
   </div>
   <div class='ocr_carea' id='block_1_108' title="bbox 1787 4768 3373 4846">
    <p class='ocr_par' dir='ltr' id='par_1_108' title="bbox 1787 4768 3373 4846">
     <span class='ocr_line' id='line_1_109' title="bbox 1787 4768 3373 4846; baseline -0.004 -16"><span class='ocrx_word' id='word_1_712' title='bbox 1787 4775 1899 4846; x_wconf 86' lang='lat' dir='ltr'><strong>fere</strong></span> <span class='ocrx_word' id='word_1_713' title='bbox 1952 4774 2333 4830; x_wconf 85' lang='lat' dir='ltr'><strong>incarnationis</strong></span> <span class='ocrx_word' id='word_1_714' title='bbox 2380 4770 2659 4824; x_wconf 85' lang='lat' dir='ltr'><strong>millesimo</strong></span> <span class='ocrx_word' id='word_1_715' title='bbox 2711 4768 3114 4838; x_wconf 86' lang='lat' dir='ltr'><strong>quingentesimo</strong></span> <span class='ocrx_word' id='word_1_716' title='bbox 3161 4774 3373 4838; x_wconf 85' lang='lat' dir='ltr'><strong>quarto.</strong></span> 
     </span>
    </p>
   </div>
   <div class='ocr_carea' id='block_1_109' title="bbox 1789 4858 3372 4933">
    <p class='ocr_par' dir='ltr' id='par_1_109' title="bbox 1789 4858 3372 4933">
     <span class='ocr_line' id='line_1_110' title="bbox 1789 4858 3372 4933; baseline -0.004 -12"><span class='ocrx_word' id='word_1_717' title='bbox 1789 4867 1888 4922; x_wconf 89' lang='lat' dir='ltr'><strong>Die</strong></span> <span class='ocrx_word' id='word_1_718' title='bbox 1908 4866 2073 4933; x_wconf 78' lang='lat' dir='ltr'><strong>Iovis,</strong></span> <span class='ocrx_word' id='word_1_719' title='bbox 2111 4864 2295 4933; x_wconf 88' lang='lat' dir='ltr'><strong>quinta</strong></span> <span class='ocrx_word' id='word_1_720' title='bbox 2326 4861 2525 4916; x_wconf 86' lang='lat' dir='ltr'><strong>decima</strong></span> <span class='ocrx_word' id='word_1_721' title='bbox 2550 4858 2744 4912; x_wconf 86' lang='lat' dir='ltr'><strong>mensis</strong></span> <span class='ocrx_word' id='word_1_722' title='bbox 2773 4858 3018 4927; x_wconf 84' lang='lat' dir='ltr'><strong>Augusti.</strong></span> <span class='ocrx_word' id='word_1_723' title='bbox 3060 4858 3148 4912; x_wconf 88' lang='lat' dir='ltr'><strong>Ex</strong></span> <span class='ocrx_word' id='word_1_724' title='bbox 3175 4858 3372 4915; x_wconf 85' lang='lat' dir='ltr'><strong>biblio-</strong></span> 
     </span>
    </p>
   </div>
   <div class='ocr_carea' id='block_1_110' title="bbox 1789 4944 2771 5014">
    <p class='ocr_par' dir='ltr' id='par_1_110' title="bbox 1789 4944 2771 5014">
     <span class='ocr_line' id='line_1_111' title="bbox 1789 4944 2771 5014; baseline -0.01 -6"><span class='ocrx_word' id='word_1_725' title='bbox 1789 4952 1947 5009; x_wconf 88' lang='lat' dir='ltr'><strong>theca</strong></span> <span class='ocrx_word' id='word_1_726' title='bbox 1974 4951 2027 5007; x_wconf 93' lang='lat' dir='ltr'><strong>S.</strong></span> <span class='ocrx_word' id='word_1_727' title='bbox 2064 4951 2245 5007; x_wconf 76' lang='lat' dir='ltr'><strong>Maria:</strong></span> <span class='ocrx_word' id='word_1_728' title='bbox 2278 4948 2545 5004; x_wconf 85' lang='lat' dir='ltr'><strong>Halensis.</strong></span> <span class='ocrx_word' id='word_1_729' title='bbox 2583 4944 2771 5014; x_wconf 85' lang='lat' dir='ltr'><strong>(Msb.)</strong></span> 
     </span>
    </p>
   </div>
   <div class='ocr_carea' id='block_1_111' title="bbox 1805 5041 3380 5112">
    <p class='ocr_par' dir='ltr' id='par_1_111' title="bbox 1805 5041 3380 5112">
     <span class='ocr_line' id='line_1_112' title="bbox 1805 5041 3380 5112; baseline -0.004 -5"><span class='ocrx_word' id='word_1_730' title='bbox 1805 5091 1815 5099; x_wconf 82' lang='grc'><strong>.</strong></span> <span class='ocrx_word' id='word_1_731' title='bbox 1857 5052 1911 5107; x_wconf 82' lang='lat'><strong>5.</strong></span> <span class='ocrx_word' id='word_1_732' title='bbox 1951 5050 2285 5106; x_wconf 87' lang='lat' dir='ltr'><strong>Breviarium</strong></span> <span class='ocrx_word' id='word_1_733' title='bbox 2318 5044 2647 5103; x_wconf 81' lang='lat' dir='ltr'><strong>Pataviensis</strong></span> <span class='ocrx_word' id='word_1_734' title='bbox 2675 5044 2920 5098; x_wconf 74' lang='lat' dir='ltr'><strong>Ecclesiw</strong></span> <span class='ocrx_word' id='word_1_735' title='bbox 2944 5041 3085 5097; x_wconf 86' lang='lat' dir='ltr'><strong>mira</strong></span> <span class='ocrx_word' id='word_1_736' title='bbox 3103 5042 3380 5112; x_wconf 83' lang='lat' dir='ltr'><strong>formandi</strong></span> 
     </span>
    </p>
   </div>
   <div class='ocr_carea' id='block_1_112' title="bbox 1785 5130 3378 5210">
    <p class='ocr_par' dir='ltr' id='par_1_112' title="bbox 1785 5130 3378 5210">
     <span class='ocr_line' id='line_1_113' title="bbox 1785 5130 3378 5210; baseline -0.007 -15"><span class='ocrx_word' id='word_1_737' title='bbox 1785 5147 1901 5195; x_wconf 86' lang='lat' dir='ltr'><strong>arte</strong></span> <span class='ocrx_word' id='word_1_738' title='bbox 1930 5137 2279 5210; x_wconf 82' lang='lat' dir='ltr'><strong>pervigilique</strong></span> <span class='ocrx_word' id='word_1_739' title='bbox 2307 5152 2436 5189; x_wconf 85' lang='lat' dir='ltr'><strong>cura</strong></span> <span class='ocrx_word' id='word_1_740' title='bbox 2465 5131 2695 5186; x_wconf 84' lang='lat' dir='ltr'><strong>sollertis</strong></span> <span class='ocrx_word' id='word_1_741' title='bbox 2722 5130 2831 5184; x_wconf 88' lang='lat' dir='ltr'><strong>viri</strong></span> <span class='ocrx_word' id='word_1_742' title='bbox 2858 5131 3005 5185; x_wconf 87' lang='lat' dir='ltr'><strong>Petri</strong></span> <span class='ocrx_word' id='word_1_743' title='bbox 3034 5130 3378 5186; x_wconf 77' lang='lat' dir='ltr'><strong>Liclitenstein</strong></span> 
     </span>
    </p>
   </div>
   <div class='ocr_carea' id='block_1_113' title="bbox 1784 5218 3377 5301">
    <p class='ocr_par' dir='ltr' id='par_1_113' title="bbox 1784 5218 3377 5301">
     <span class='ocr_line' id='line_1_114' title="bbox 1784 5218 3377 5301; baseline -0.008 -17"><span class='ocrx_word' id='word_1_744' title='bbox 1784 5230 2019 5301; x_wconf 83' lang='lat' dir='ltr'><strong>impensa</strong></span> <span class='ocrx_word' id='word_1_745' title='bbox 2044 5244 2168 5281; x_wconf 87' lang='lat' dir='ltr'><strong>vero</strong></span> <span class='ocrx_word' id='word_1_746' title='bbox 2199 5223 2462 5281; x_wconf 85' lang='lat' dir='ltr'><strong>Leonardi</strong></span> <span class='ocrx_word' id='word_1_747' title='bbox 2491 5230 2537 5276; x_wconf 86' lang='lat' dir='ltr'><strong>et</strong></span> <span class='ocrx_word' id='word_1_748' title='bbox 2567 5221 2721 5275; x_wconf 74' lang='lat' dir='ltr'><strong>Luca:</strong></span> <span class='ocrx_word' id='word_1_749' title='bbox 2745 5219 2987 5273; x_wconf 88' lang='lat' dir='ltr'><strong>Allantse</strong></span> <span class='ocrx_word' id='word_1_750' title='bbox 3020 5218 3258 5288; x_wconf 82' lang='lat' dir='ltr'><strong>fratrum</strong></span> <span class='ocrx_word' id='word_1_751' title='bbox 3287 5219 3377 5273; x_wconf 88' lang='lat' dir='ltr'><strong>bi-</strong></span> 
     </span>
    </p>
   </div>
   <div class='ocr_carea' id='block_1_114' title="bbox 1784 5305 3375 5389">
    <p class='ocr_par' dir='ltr' id='par_1_114' title="bbox 1784 5305 3375 5389">
     <span class='ocr_line' id='line_1_115' title="bbox 1784 5305 3375 5389; baseline -0.01 -15"><span class='ocrx_word' id='word_1_752' title='bbox 1784 5318 2138 5389; x_wconf 84' lang='lat' dir='ltr'><strong>bliopalorum</strong></span> <span class='ocrx_word' id='word_1_753' title='bbox 2174 5313 2528 5368; x_wconf 85' lang='lat' dir='ltr'><strong>wieuensium.</strong></span> <span class='ocrx_word' id='word_1_754' title='bbox 2553 5309 2866 5364; x_wconf 85' lang='lat' dir='ltr'><strong>Absolutum</strong></span> <span class='ocrx_word' id='word_1_755' title='bbox 2888 5313 2963 5360; x_wconf 85' lang='lat' dir='ltr'><strong>est</strong></span> <span class='ocrx_word' id='word_1_756' title='bbox 2990 5305 3208 5363; x_wconf 85' lang='lat' dir='ltr'><strong>Vcnetiis</strong></span> <span class='ocrx_word' id='word_1_757' title='bbox 3233 5320 3375 5358; x_wconf 89' lang='lat' dir='ltr'><strong>anno</strong></span> 
     </span>
    </p>
   </div>
   <div class='ocr_carea' id='block_1_115' title="bbox 1783 5392 3377 5474">
    <p class='ocr_par' dir='ltr' id='par_1_115' title="bbox 1783 5392 3377 5474">
     <span class='ocr_line' id='line_1_116' title="bbox 1783 5392 3377 5474; baseline -0.011 -15"><span class='ocrx_word' id='word_1_758' title='bbox 1783 5404 2080 5474; x_wconf 85' lang='lat' dir='ltr'><strong>Salutigero</strong></span> <span class='ocrx_word' id='word_1_759' title='bbox 2130 5401 2269 5458; x_wconf 77' lang='grc'><strong>1515</strong></span> <span class='ocrx_word' id='word_1_760' title='bbox 2321 5400 2404 5454; x_wconf 86' lang='lat' dir='ltr'><strong>die</strong></span> <span class='ocrx_word' id='word_1_761' title='bbox 2450 5396 2520 5453; x_wconf 79' lang='lat'><strong>25</strong></span> <span class='ocrx_word' id='word_1_762' title='bbox 2567 5395 2702 5455; x_wconf 84' lang='lat' dir='ltr'><strong>Maii</strong></span> <span class='ocrx_word' id='word_1_763' title='bbox 2754 5392 2875 5448; x_wconf 87' lang='lat' dir='ltr'><strong>divo</strong></span> <span class='ocrx_word' id='word_1_764' title='bbox 2920 5408 2982 5447; x_wconf 91' lang='lat' dir='ltr'><strong>ac</strong></span> <span class='ocrx_word' id='word_1_765' title='bbox 3026 5407 3227 5461; x_wconf 87' lang='lat' dir='ltr'><strong>semper</strong></span> <span class='ocrx_word' id='word_1_766' title='bbox 3262 5405 3377 5443; x_wconf 81' lang='lat' dir='ltr'><strong>au-</strong></span> 
     </span>
    </p>
   </div>
   <div class='ocr_carea' id='block_1_116' title="bbox 1780 5474 3377 5571">
    <p class='ocr_par' dir='ltr' id='par_1_116' title="bbox 1780 5474 3377 5571">
     <span class='ocr_line' id='line_1_117' title="bbox 1780 5474 3377 5571; baseline -0.013 -24"><span class='ocrx_word' id='word_1_767' title='bbox 1780 5499 1928 5563; x_wconf 86' lang='lat' dir='ltr'><strong>gusto</strong></span> <span class='ocrx_word' id='word_1_768' title='bbox 1954 5489 2327 5550; x_wconf 72' lang='lat' dir='ltr'><strong>Maximiliano</strong></span> <span class='ocrx_word' id='word_1_769' title='bbox 2369 5486 2545 5557; x_wconf 84' lang='lat' dir='ltr'><strong>primo</strong></span> <span class='ocrx_word' id='word_1_770' title='bbox 2571 5481 2846 5571; x_wconf 76' lang='lat' dir='ltr'><strong>imperiale</strong></span> <span class='ocrx_word' id='word_1_771' title='bbox 2898 5474 3377 5571; x_wconf 45' lang='lat' dir='ltr'><strong>sceptrumnf&#39;auste</strong></span> 
     </span>
    </p>
   </div>
   <div class='ocr_carea' id='block_1_117' title="bbox 1782 5561 3375 5637">
    <p class='ocr_par' dir='ltr' id='par_1_117' title="bbox 1782 5561 3375 5637">
     <span class='ocr_line' id='line_1_118' title="bbox 1782 5561 3375 5637; baseline -0.014 -1"><span class='ocrx_word' id='word_1_772' title='bbox 1782 5561 1993 5635; x_wconf 74' lang='lat' dir='ltr'><strong>tenente.</strong></span> <span class='ocrx_word' id='word_1_773' title='bbox 2022 5577 2138 5633; x_wconf 91' lang='lat' dir='ltr'><strong>Hoc</strong></span> <span class='ocrx_word' id='word_1_774' title='bbox 2158 5574 2495 5635; x_wconf 86' lang='lat' dir='ltr'><strong>breviarium</strong></span> <span class='ocrx_word' id='word_1_775' title='bbox 2523 5584 2593 5624; x_wconf 85' lang='lat' dir='ltr'><strong>ex</strong></span> <span class='ocrx_word' id='word_1_776' title='bbox 2618 5564 2881 5625; x_wconf 89' lang='lat' dir='ltr'><strong>biblioth.</strong></span> <span class='ocrx_word' id='word_1_777' title='bbox 2915 5561 3192 5637; x_wconf 81' lang='lat' dir='ltr'><strong>gymnasii</strong></span> <span class='ocrx_word' id='word_1_778' title='bbox 3217 5561 3375 5616; x_wconf 86' lang='lat' dir='ltr'><strong>Zuie-</strong></span> 
     </span>
    </p>
   </div>
  </div>
