3880 6204
485 341 628 406 1203

1507 322 1605 377 ΑΙ)
1641 317 1876 376 OPERA
1913 318 1970 375 S.
2009 315 2340 375 AMBROSIT
2377 315 2750 372 APPENDIX.

3661 309 3783 367 1201

491 462 768 526 cavtensis
793 457 1067 518 Hertelius
1094 453 1182 508 vir
1197 451 1345 506 doct.
1380 445 1648 502 benevole
1683 440 2072 514 suppeditavit.
2102 443 2158 502 Α
2187 442 2396 504 Martii,
2425 441 2667 508 feliciter.
2711 441 2975 495 Praeterea
3015 438 3470 512 comparavimns
3521 439 3782 494 nonnulla

491 556 630 700 (Ρὲ.)
672 633 1014 694 Breviat‘iun‘.
1080 625 1339 682 Ecclesia
1407 618 1854 693 Salisburgensis,
1929 617 2076 690 quod

487 746 672 790 meum
727 732 830 782 est.
888 723 1004 776 Hoc
1031 717 1387 772 vehementer
1426 713 1585 768 doleo
1620 709 1680 766 in
1729 709 1910 764 fronte
1940 708 2074 763 etin

492 823 642 882 calce
674 829 789 872 esse
828 807 1089 866 mutilum
1126 811 1289 876 atque
1316 802 1501 858 deesse
1529 814 1728 856 nomen
1748 795 2074 869 typOgraphi

492 920 659 984 atque
683 915 912 961 annum.
941 896 1041 954 Est
1069 909 1196 951 sane
1227 891 1513 967 splendide
1542 890 1690 964 typis
1712 889 2070 960 exscriptum.

495 997 627 1144 ($37.?
669 1078 1004 1141 Breviarium
1055 1076 1150 1134 hoc
1199 1074 1365 1145 juxta
1415 1088 1568 1130 veras
1618 1070 1862 1127 rubricas
1914 1079 2078 1124 sacra:

501 1171 802 1247 Myndensis
835 1165 1081 1225 Ecclesia
1125 1164 1430 1219 ordinatum
1459 1161 1664 1217 sollerti
1721 1157 2078 1247 lucubratione

491 1246 696 1339 pravis
725 1274 888 1331 opera
919 1272 981 1312 ac
1004 1253 1248 1324 vigilanti
1273 1268 1406 1307 cura
1435 1247 1750 1306 industriosi
1785 1246 1891 1302 ciri
1919 1246 2078 1300 Geor-

502 1352 578 1425 gii
639 1349 819 1408 Stachs
873 1346 938 1400 de
983 1340 1294 1415 Sulczpach,
1339 1340 1483 1411 quod
1509 1338 1776 1410 splendide
1803 1341 2080 1425 exaratum

497 1421 640 1496 anno
667 1432 998 1506 nonagesimo
1047 1446 1215 1502 supra
1264 1427 1602 1484 millesimum
1637 1421 2080 1496 quadringmtesi-

496 1545 660 1592 mum,
679 1527 875 1582 decimo
901 1539 1025 1578 vero
1043 1536 1180 1576 nono
1203 1519 1556 1576 Calendarum
1583 1513 1833 1572 Januarii
1849 1513 2076 1582 explicil.

503 1615 566 1676 Id
599 1614 736 1673 mihi
766 1613 1009 1686 aliosque
1028 1607 1200 1664 libros
1219 1622 1288 1664 ex
1306 1605 1640 1663 bibliotheca
1658 1599 2079 1660 academiieGot-

502 1703 789 1777 tingensis,
821 1700 911 1757 cui
940 1712 1156 1755 summa
1173 1712 1300 1753 cum
1325 1695 1667 1751 humanitate
1684 1699 1744 1760 et.
1761 1689 2080 1777 liberalitate

2186 529 2295 586 alia
2318 529 2386 583 ab
2417 529 2527 584 illis
2557 528 2669 584 fere
2693 528 2833 583 nihil
2861 529 3246 599 discrepantia.
3279 528 3566 584 Primum.
3601 528 3782 596 Επρῶ

2187 617 2258 672 cit
2307 617 2632 673 breviarium
2693 617 2973 672 secundum
3025 618 3193 673 ordin.
3241 629 3269 648 “
3327 624 3511 672 sanae
3559 617 3782 672 Romam

2187 707 2416 765 Ecclesia
2434 723 2627 776 magna
2655 721 2773 760 cum
2792 706 3064 776 diligentia
3092 705 3266 760 reviso
3357 713 3410 761 et
3431 705 3587 776 ﬁdeli
3620 706 3778 759 stadie

2186 796 2530 853 emendatum.
2560 795 2726 864 quue
2748 795 2807 848 in
2831 795 3092 852 alemonia
3119 793 3295 865 regali
3319 823 3344 848 ι
3409 794 3541 849 itate
3566 793 3781 849 Νκηπιο

2187 885 2343 954 bergk
2363 883 2590 939 multum
2632 881 2842 952 famosa
2893 883 3208 953 impressum
3259 887 3381 936 arte
3433 887 3488 936 et
3537 880 3782 950 impensis

2187 975 2442 1033 Anthonii
2471 973 2737 1043 Koberger
2777 971 3020 1043 prce/“ala;
3061 972 3293 1028 civitatis
3332 972 3588 1027 incolam.
3633 974 3782 1026 Ante

2187 1066 2478 1122 incarnatus
2519 1061 2728 1120 deitatis
2772 1063 2949 1133 elapso
2999 1061 3160 1126 1486,
3209 1079 3270 1117 1v
3311 1061 3437 1117 idus
3465 1061 3779 1117 Decembris.

2187 1155 2368 1212 Meum
2407 1159 2506 1217 est.
2546 1149 2876 1208 Secundum.
2907 1151 2981 1206 Et
3019 1151 3092 1204 sic
3121 1150 3313 1220 ﬁnitur
3353 1150 3687 1204 breviarium
3712 1165 3782 1204 se

2151 1240 2158 1246 ”
2186 1246 2416 1302 cundum
2443 1258 2595 1299 usum
2622 1243 2854 1298 Romans
2878 1239 3022 1294 curie
3037 1243 3155 1294 arte
3181 1243 3232 1292 et
3258 1238 3560 1292 charactere
3590 1239 3783 1292 honesti

2187 1336 2299 1392 viri
2336 1331 2518 1390 Jacobi
2543 1331 2606 1385 de
2636 1329 2887 1402 pforcsen
2931 1328 3058 1383 civis
3103 1327 3422 1384 Basiliensis
3459 1327 3624 1382 ducta
3665 1343 3781 1380 om

2190 1423 2386 1495 fratris
2406 1419 2620 1476 Nicolai
2645 1417 2889 1472 oincentii
2909 1415 3112 1471 ordinis
3134 1416 3406 1471 minorum
3433 1416 3779 1471 elaboratus.

2192 1515 2347 1572 Anno
2375 1507 2667 1577 salutifera:
2694 1505 3088 1564 Incarnationis
3115 1505 3402 1560 millesimo
3430 1505 3780 1574 quadringen-

2194 1603 2372 1660 tesimo
2397 1597 2724 1669 nonagesimo
2768 1595 2937 1652 tertio.
2979 1595 3066 1650 Ex
3111 1593 3453 1650 bibliotheca
3504 1593 3561 1649 S.
3603 1593 3781 1648 Maria

2193 1693 2436 1752 Helensi.
2468 1690 2600 1748 Inde
2631 1690 2794 1745 etiam
2833 1688 3058 1744 tertium
3095 1687 3252 1743 aliud
3290 1687 3631 1744 breviarium
3663 1687 3784 1742 lor—

502 1776 698 1866 Ρηέθεῖ
731 1787 1023 1855 Βθηθιίίαδι
1068 1786 1156 1840 νίν
1207 1784 1376 1850 domu
1419 1782 1803 1837 Ηδνθῐηθιηηαθ
1829 1784 1883 1831 εί
1939 1776 2082 1866 ΠΨ·
2111 1795 2160 1858 Β
2189 1793 2333 1844 tasse
2361 1780 2666 1854 antiquius.
2700 1777 2806 1836 Sed
2831 1777 3032 1834 desunt
3077 1795 3258 1836 annus
3300 1786 3356 1834 et
3401 1794 3602 1834 nomen
3631 1785 3784 1848 typo-

500 1864 653 1946 iius,
703 1876 812 1933 viri
867 1875 1041 1943 doct.,
1105 1887 1242 1947 quos
1299 1886 1516 1930 summa
1565 1869 1689 1927 colo
1717 1864 2082 1932 observantia,

501 1967 772 2024 miserunt
798 1963 1079 2019 benevole.
1112 1961 1283 2033 (Md.)

569 2053 627 2112 8.
688 2051 1022 2110 Breviarium
1075 2050 1353 2106 secundum
1401 2045 1675 2106 rubricam
1738 2044 1937 2102 ecclesia
1965 2043 2084 2100 Ha-

499 2141 837 2213 oelbergensis
879 2141 1153 2211 diligenter
1203 2139 1541 2209 recognitum.
1574 2137 1637 2192 In
1693 2136 1838 2194 calce
1870 2151 1882 2189 :
1915 2131 2088 2202 Lipsie

500 2231 558 2287 in
586 2231 790 2304 oﬂlcina
814 2229 1112 2287 Mclchioris
1142 2227 1374 2284 Loltheri
1417 2229 1562 2297 longe
1599 2239 1759 2295 quam
1785 2228 1905 2278 ante
1939 2237 2085 2276 accu-

501 2318 676 2375 ratius
713 2323 761 2372 et
785 2317 1105 2374 emendatius
1146 2316 1302 2371 Anno
1331 2332 1366 2370 a
1393 2315 1567 2369 natali
1595 2312 1881 2368 christiano
1921 2311 2084 2365 mille-

503 2409 636 2466 simo
663 2407 1072 2479 quingentesimo
1097 2405 1290 2460 decimo
1343 2411 1542 2459 octavo.
1574 2401 1752 2458 Meum
1783 2407 1881 2456 est.
1924 2399 2084 2474 (Hv.)

572 2495 630 2552 9.
660 2494 1000 2551 Breviarium
1036 2492 1378 2546 dicendarum
1409 2490 1796 2546 Canonicarum
1832 2489 2086 2542 horarum

505 2583 792 2642 admorem
823 2580 1093 2640 Seueriani
1125 2577 1788 2651 CollegiiErphordiensis.
1811 2577 1875 2631 In
1901 2576 2045 2631 calce
2069 2593 2082 2630 :

508 2674 832 2743 Impressum
885 2677 935 2725 et
959 2670 1268 2740 coniplelum
1316 2674 1390 2722 est
1424 2683 1654 2738 prasens
1685 2666 2000 2720 breviarium
2029 2668 2086 2720 in

507 2760 675 2816 nobili
702 2759 1010 2828 famosaque
1039 2757 1166 2812 urbe
1188 2756 1518 2826 Moguntina,
1540 2754 1696 2822 hujus
1715 2756 1849 2808 artis
1876 2757 2086 2824 impres-

505 2847 644 2902 sarie
677 2845 960 2902 inventrice
980 2845 1200 2916 prima:
1244 2859 1342 2915 per
1384 2844 1649 2898 honestum
1705 2843 1877 2896 virum
1912 2843 2088 2897 Joan-

502 2950 622 2990 nem
677 2935 933 3004 Schaefer
984 2934 1144 2988 civem
1195 2932 1580 3002 Moguntinum.
1640 2933 1797 2988 Anno
1839 2932 2089 2988 dominice

501 3021 895 3078 incarnationis
921 3020 1196 3076 millesimo
1221 3021 1624 3091 quingentesimo
1662 3022 1858 3075 decimo
1887 3029 2084 3087 octauo,

2198 1875 2408 1950 graphi.
2439 1872 2654 1944 Pagina
2695 1870 2941 1926 numeris
2985 1867 3231 1924 nondum
3280 1875 3500 1926 notata.
3537 1870 3784 1940 Denique

2194 1968 2357 2024 etiam
2385 1964 2455 2020 sd
2484 1977 2679 2020 manus
2710 1967 2828 2017 erat
2871 1973 3058 2016 recens
3097 1957 3374 2014 Minorum
3421 1958 3783 2021 breviarium,

2196 2056 2342 2132 quod
2370 2053 2738 2110 amicissimus
2764 2048 2928 2105 nobis
2954 2046 3314 2114 Diedricbius,
3349 2047 3615 2118 magister
3629 2047 3785 2102 scho-

2197 2149 2266 2203 la
2301 2145 2508 2201 Latinas
2530 2142 2590 2196 in
2620 2136 3111 2213 Orphanotropheo
3139 2135 3373 2204 Halensi,
3408 2135 3574 2190 nobis
3607 2136 3788 2207 largi-

2197 2243 2287 2292 tus
2313 2241 2426 2291 est:
2459 2230 2797 2289 Breviarium
2825 2225 3446 2296 Romano-Seraphicum,
3475 2229 3576 2280 etc.
3620 2226 3789 2281 Cala-

2194 2325 2300 2381 nice
2326 2321 2635 2395 Agrippina:
2666 2317 2822 2375 1734.

2272 2423 2357 2480 13.
2384 2419 2608 2478 Ordinis
2631 2416 3117 2476 Dominicanorum
3139 2421 3220 2472 est
3235 2411 3782 2472 Breviariumbiblio-

2195 2512 2370 2570 thecae
2408 2508 2781 2578 Gottingensis
2820 2512 3116 2573 vetustum,
3161 2505 3309 2577 quod
3341 2512 3394 2560 et
3421 2503 3778 2574 Norimbergze

2199 2617 2342 2658 anno
2387 2598 2524 2656 1582
2571 2595 2781 2652 editum
2817 2603 2901 2650 est
2948 2593 3122 2666 (Pd.).
3169 2593 3492 2648 Breviarum
3542 2590 3780 2662 ejusdem

2201 2688 2411 2747 ordinis
2472 2683 2744 2743 recentius
2793 2682 3053 2738 debemus
3103 2679 3459 2738 bibliothecis
3509 2680 3781 2753 Orpbsno-

2197 2778 2434 2853 trophei.
2466 2774 2674 2832 Prodiit
2700 2773 2839 2830 illud
2868 2772 3091 2828 Parisiis
3119 2787 3170 2828 ε.
3207 2771 3366 2828 1643.

2271 2877 2354 2934 14.
2388 2875 2530 2932 Bibl.
2577 2873 2634 2930 S.
2683 2871 2862 2928 Mariae
2914 2871 3164 2927 Halensis
3207 2869 3370 2927 nobis
3415 2869 3780 2942 suppeditavit

2199 2973 2476 3023 vetustum
2517 2959 2726 3018 ordinis
2773 2959 2827 3015 S.
2878 2957 3162 3015 Benedicti
3207 2957 3592 3015 breviarium:
3643 2959 3784 3014 Finit

2195 3073 2325 3130 pars
2353 3052 2602 3123 hycmalis
2627 3047 2879 3105 breviarii
2912 3045 3318 3102 recerendorum
3333 3053 3556 3118 patrum
3582 3046 3782 3101 ordinis

503 3110 770 3207 “1.1.1de
794 3109 1138 3207 Febrtiaﬁils'
1197 3109 1574 3207 {Rmulibm
1615 3109 1882 3207 ῐξοεδίάίῗο·
1912 3109 2084 3207 βξ)
2118 3146 2161 3205 C
2195 3109 2304 3199 iliri
2335 3109 2598 3198 Benedicti
2623 3136 3039 3194 de‘observantia
3072 3152 3170 3207 per
3209 3109 3554 3192 Germaniam
3577 3136 3782 3190 unionis

580 3197 668 3256 10.
709 3198 861 3255 Meus
888 3205 970 3254 est
995 3197 1160 3253 etiam
1206 3195 1426 3252 libellus
1469 3197 1781 3254 rarissimus
1809 3198 1867 3254 in
1905 3197 2083 3255 Gallia

502 3288 658 3361 typis
683 3287 990 3361 exscriptus
1023 3303 1036 3343 :
1065 3287 1264 3343 Heures
1281 3283 1317 3339 a'
1338 3285 1531 3357 t'usags
1557 3286 1618 3341 de
1638 3286 1859 3358 Lengres
1878 3301 1950 3341 au
1966 3288 2084 3358 long

503 3392 630 3432 sane
652 3376 774 3432 rien
799 3375 1059 3446 requerir.
1092 3376 1344 3446 lmprime
1394 3391 1432 3428 a
1465 3376 1656 3445 Troyes
1688 3375 1806 3430 cbes
1851 3376 1983 3431 Jean
2041 3374 2086 3428 le

511 3462 620 3532 Caq
643 3463 787 3532 (sine
815 3477 962 3518 anno
991 3469 1046 3516 et
1073 3463 1319 3518 numeris
1341 3461 1649 3532 foliorum),
1676 3463 1772 3534 qui
1801 3463 1901 3518 sub
1922 3463 2084 3518 ﬁnem

507 3549 781 3602 solemnes
804 3562 902 3616 per
929 3553 1107 3601 totum
1139 3563 1346 3604 annum
1389 3548 1628 3619 hymnos
1660 3551 1926 3606 continet.
1955 3551 2087 3605 Pla-

509 3632 628 3688 cuit
643 3631 801 3686 nobis
828 3631 1029 3686 librum
1053 3632 1251 3688 litteris
1273 3634 1367 3702 Lg.
1391 3643 1600 3703 notare,
1623 3651 1748 3692 cum
1778 3636 1862 3691 illi
1893 3637 2086 3707 hymni

509 3718 629 3776 sine
647 3717 818 3774 dubio
835 3717 892 3773 in
907 3717 1128 3774 dioecesi
1149 3719 1480 3792 Lingonensi
1495 3722 1553 3776 in
1574 3737 1677 3778 usu
1692 3723 1914 3780 fuerint.
1937 3726 2084 3796 (ις.)

582 3807 672 3866 11.
702 3807 898 3878 Hymni
921 3807 1168 3864 Ecclesia
1206 3809 1438 3882 excerpti
1469 3825 1498 3865 e
1535 3811 1826 3867 Breviariis
1852 3815 2087 3872 Romano

509 3894 899 3955 Saﬁsburiensi
942 3895 1264 3954 Eboracensi
1311 3903 1361 3953 et
1411 3898 1626 3956 aliunde
1681 3902 1878 3958 Omonii
1919 3905 1967 3960 Ζ
1973 3947 1984 3961 .
2016 3906 2084 3962 Η.

505 3987 714 4046 Parker
751 3983 907 4047 1838.
948 3987 1153 4061 Hymni
1209 4005 1241 4046 ο
1285 3989 1440 4048 brev.
1499 3992 1744 4049 Romano
1789 3996 2020 4051 correcti
2055 4013 2087 4052 a

507 4084 700 4134 nostro
751 4077 985 4135 consilio
1017 4078 1184 4136 alieni
1230 4087 1406 4149 erant,
1453 4083 1852 4154 exoptatissimi
1907 4093 2086 4142 tamen

508 4171 664 4218 erant
724 4165 819 4234 qui
873 4181 944 4222 ex
994 4166 1151 4222 brev.
1207 4168 1600 4226 Sarisburiensi
1657 4179 1710 4228 et
1759 4173 2086 4230 Eboracensi

508 4247 784 4320 desumpti
821 4260 967 4306 sunt.
999 4253 1134 4308 Nam
1164 4257 1248 4310 uti
1277 4273 1347 4311 ex
1390 4259 1508 4327 illo,
1547 4259 1710 4332 cujus
1747 4262 1910 4318 modo
1941 4279 2086 4320 men-

507 4335 716 4392 tionem
744 4336 997 4405 fecimus,
1029 4338 1218 4395 libello
1253 4347 1505 4414 cognosci
1540 4355 1770 4417 poterat,
1800 4351 1894 4422 qui
1943 4352 2086 4423 apud

504 4423 888 4497 Francogallos
947 4423 1292 4482 usitatissimi
1343 4430 1578 4490 fuissent
1621 4433 1838 4507 hymni,
1896 4437 1976 4496 sic
2016 4454 2085 4495 ex

506 4513 611 4572 hoc
634 4514 730 4589 qui
757 4514 902 4588 apud
928 4513 1155 4588 Anglos.
1181 4515 1301 4589 (Sb.
1329 4517 1462 4591 Eb.)

974 4692 1256 4750 Breviaria
1291 4696 1600 4758 monastica.

576 4834 664 4893 12.
695 4834 1104 4893 Breviariorum
1134 4851 1254 4909 qua:
1291 4837 1502 4896 ordinis
1531 4839 1587 4898 S.
1632 4841 1908 4902 Francisci
1953 4847 2082 4906 fue-

500 4926 635 4976 runt
664 4921 961 4979 multorum
989 4922 1148 4980 nobis
1177 4927 1356 4997 patuit
1381 4926 1582 4986 aditus.
1619 4929 2077 5005 Antiquissimum

499 5017 582 5066 est
613 5009 960 5068 bibliothecae
990 5012 1242 5070 llalensis
1273 5015 1328 5070 S.
1386 5014 1571 5073 Mariae
1601 5034 1633 5074 a
1677 5019 1836 5076 nobis
1884 5023 2081 5080 litteris

497 5095 589 5154 Fr.
620 5106 889 5158 notatum.
939 5101 1003 5156 In
1039 5102 1187 5158 calce
1217 5103 1416 5175 legitur
1445 5121 1459 5158 :
1487 5107 1728 5177 Erplicit
1757 5109 2082 5168 breviarium

499 5186 781 5242 secundum
806 5203 1004 5244 morem
1045 5205 1261 5247 romane
1305 5191 1468 5248 curie.
1502 5195 1823 5266 Impressum
1863 5201 2080 5257 Venetiis

491 5289 594 5350 per
622 5276 967 5334 Fra-nciscum
1011 5280 1218 5337 Renner
1245 5282 1306 5337 de
1351 5283 1636 5341 Hailbrun.
1682 5288 1839 5343 Anno
1870 5290 2080 5346 Domini

496 5363 655 5422 1481.
687 5365 937 5424 Alterum
970 5367 1084 5440 (Fr.
1118 5369 1174 5441 2)
1199 5387 1228 5426 e
1256 5386 1375 5426 mea
1389 5381 1470 5428 est
1500 5373 2079 5448 bibliothecaLegitur

496 5451 557 5506 in
613 5452 758 5508 calce
809 5471 821 5508 :
879 5456 1122 5525 Explicit
1179 5457 1500 5514 breviarium
1573 5465 1852 5517 secundum
1918 5466 2078 5521 ritum

493 5535 790 5622 Romanum
852 5541 1070 5599 Venetiis
1139 5544 1452 5615 impressum
1539 5554 1654 5602 arte
1727 5556 1775 5604 et
1832 5552 2086 5622 imp/usis

494 5619 702 5675 Andree
754 5625 816 5678 de
851 5627 1130 5684 Toresanis
1179 5632 1242 5686 de
1293 5633 1466 5687 Asula
1526 5635 1680 5702 1495,
1727 5638 1810 5690 die
1860 5619 1977 5695 vero
2012 5642 2075 5696 14

2198 3229 2605 3302 Bursfeldensis.
2656 3225 2952 3283 Parrhisiis
3005 3224 3262 3296 impressa
3307 3241 3411 3297 per
3453 3225 3780 3281 Desiderium

2198 3323 2382 3378 malieu
2411 3322 2470 3376 in
2494 3318 2604 3374 vico
2632 3316 2800 3373 sancti
2835 3313 3016 3370 Jacobi
3042 3315 3415 3370 commorantis
3445 3317 3541 3370 sub
3571 3316 3782 3370 intersi-

2199 3412 2317 3484 gnio
2336 3408 2503 3465 sancti
2541 3402 2751 3463 Nicolai
2795 3419 2960 3476 prope
3003 3405 3248 3474 templum
3289 3403 3464 3458 sancti
3503 3405 3778 3460 Benedicti.

2203 3499 2500 3570 Sumptibus
2529 3492 2812 3564 Gozlofridi
2839 3492 3072 3548 Hectoris
3096 3493 3294 3548 honesti
3319 3493 3781 3565 bibliopolr..-lnno

2199 3587 2468 3644 Dominice
2497 3579 2879 3638 incarnationis
2909 3579 3062 3636 1518.
3105 3581 3184 3636 De
3223 3581 3288 3635 i5
3321 3581 3513 3635 mensis
3538 3582 3782 3638 Januarii

2203 3675 2377 3748 (Bd.).
2425 3675 2630 3729 Recens
2673 3669 2915 3742 ejusdem
2953 3668 3164 3724 ordinis
3212 3668 3553 3725 Breviarium
3604 3686 3776 3727 meum

2201 3771 2300 3818 est.
2347 3759 2686 3818 Breviarium
2715 3757 3086 3813 monastico....
3117 3756 3518 3812 Benedictinum
3553 3757 3780 3828 quadri-

2196 3851 2472 3924 partitum.
2510 3849 2667 3920 Typis
2701 3845 3019 3920 principalis
3058 3846 3373 3901 monasterii
3412 3845 3772 3912 Einsidlensis,

2200 3957 2338 3996 anno
2371 3937 2504 3995 1743
2532 3951 2671 4007 seqq.

2275 4047 2359 4104 15.
2391 4045 2480 4102 Ex
2507 4044 2796 4102 breviariis
2824 4043 3190 4102 Eremitarum
3234 4043 3292 4100 S.
3336 4043 3630 4116 Augustini
3672 4041 3774 4102 duo

2201 4133 2578 4194 consuluimus
2607 4155 2618 4192 :
2650 4151 2822 4190 unum
2854 4151 2921 4189 ex
2943 4133 3079 4190 bibl.
3109 4133 3162 4190 S.
3188 4131 3377 4189 Mariae
3407 4135 3643 4201 Halensi,
3665 4136 3779 4191 sine

2199 4241 2344 4280 anno
2366 4233 2419 4280 et
2443 4224 2626 4290 titulo,
2646 4222 2738 4278 sed
2758 4223 2948 4294 procul
2977 4220 3146 4276 dubio
3177 4229 3552 4293 pervetustum
3569 4223 3780 4293 (Δίῃ),

2199 4315 2432 4368 alterum
2467 4328 2535 4366 ex
2560 4319 2747 4366 nostra
2769 4309 3129 4366 :Breviarium
3157 4309 3444 4364 secundum
3483 4309 3639 4363 ritum
3669 4327 3782 4364 san-

2198 4407 2272 4454 cte
2301 4404 2528 4456 Romane
2553 4400 2780 4455 Ecclesia
2803 4415 3006 4453 summa
3021 4415 3136 4453 cum
3162 4397 3442 4470 diligentia
3467 4401 3784 4452 mandatum

2114 4499 2162 4558 1)
2194 4496 2240 4547 et
2265 4489 2571 4559 castigatum
2608 4489 2662 4542 in
2707 4504 2809 4558 quo
2851 4488 3005 4542 etiam
3060 4487 3230 4541 multa
3273 4485 3618 4558 superaddita
3673 4491 3788 4540 sunt

2192 4593 2308 4648 qua:
2335 4577 2392 4630 in
2421 4576 2776 4631 consimilibus
2805 4576 3081 4631 breuiariis
3109 4592 3390 4645 nunquam
3413 4576 3556 4630 alias
3572 4575 3770 4644 fuemn

2191 4665 2448 4734 impressa
2477 4663 2701 4733 feliciter
2737 4664 2970 4735 cxplicit.
3005 4665 3072 4720 In
3109 4665 3257 4718 alma
3299 4664 3634 4720 Venetiarum
3671 4664 3794 4717 urbe

2186 4767 2284 4822 per
2347 4751 2599 4806 Jacobum
2646 4752 2707 4805 de
2761 4754 2926 4806 Leuco
3001 4751 3398 4805 accuratissime
3459 4751 3790 4820 impressum.

2193 4842 2348 4897 Anno
2379 4840 2656 4910 salutifera
2697 4841 2914 4898 Domini
2950 4840 3120 4894 nostri
3146 4841 3273 4896 Iesu
3304 4840 3507 4896 Christi
3535 4841 3797 4896 incarna-

2190 4929 2349 4986 tionis
2376 4929 2778 5000 quingentesimo
2818 4944 2984 5000 supra
3010 4928 3354 4984 millesimum
3379 4927 3536 4983 nonis
3561 4929 3796 4985 Octobris

2194 5017 2357 5089 (Aug.
2391 5018 2493 5087 2.).

2266 5117 2348 5172 l6.
2381 5117 2465 5171 Ex
2501 5116 2687 5172 eadem
2717 5115 2852 5172 bibl.
2879 5116 2933 5171 S.
2954 5113 3137 5173 Mariae
3160 5124 3244 5172 est
3264 5122 3654 5188 per-vetustum
3679 5117 3792 5174 Car-

2189 5203 2569 5260 thusianorum
2615 5203 2987 5258 Breviarium:
3031 5203 3383 5258 Breviarium
3412 5221 3565 5262 sam
3593 5206 3791 5276 religie-

2188 5293 2271 5346 nis
2305 5293 2566 5348 Cartusic.
2600 5292 2680 5346 Ab
2712 5291 3005 5362 exemplari
3049 5292 3439 5347 correctissimo
3485 5295 3790 5366 impressus:

2191 5379 2412 5433 Saluliis
2434 5395 2532 5450 per
2567 5378 2880 5449 ntagistrum
2923 5377 3182 5434 Simonem
3237 5379 3528 5452 beoelaqua
3575 5382 3791 5455 Papias.

2189 5483 2310 5521 sem.
2343 5468 2499 5521 Anno
2523 5467 2738 5523 Domini
2770 5466 2907 5522 1006
2933 5467 3016 5521 die
3043 5466 3113 5523 22
3138 5469 3377 5538 Aprilis.
3413 5469 3559 5543 (οι.)

2262 5563 2344 5619 17.
2380 5565 2463 5619 Ex
2511 5564 2799 5618 breviariis
2850 5565 3061 5621 ordinis
3100 5565 3496 5624 Cisterciensis
3533 5567 3787 5640 antiquis,

2191 5643 2244 5698 in
2279 5647 2476 5717 quibus
2502 5647 2696 5720 hymni
2723 5663 2871 5704 more
2901 5648 3166 5717 singulari
3197 5655 3255 5704 et
3277 5649 3514 5707 insolito
3537 5651 3786 5724 dispositi
