3880 6204
468 322 608 385 1207

1453 309 1550 366 AD
1589 306 1823 365 opum
1858 305 1914 361 s.
1955 304 2287 363 mnosu
2323 286 2703 362 APPENDIX.

3609 299 3767 361 1203

539 451 594 506 7.
625 442 815 505 Jodoci
844 436 1169 501 Clichtovai
1198 434 1378 509 operis
1405 434 1561 504 copia
1589 432 1853 487 doctrina
1876 431 2050 486 utilis-
2085 432 2137 491 Α
2166 430 2264 486 tati
2304 428 2436 497 sint,
2485 430 2649 486 tertio
2676 435 2887 485 tantum
2917 426 3059 485 libro
3081 427 3165 485 uti
3192 426 3389 495 licuit;
3436 426 3500 483 in
3540 427 3767 500 reliquis

464 537 593 598 simi
620 544 674 593 et
703 534 934 609 primam
968 538 1021 584 et
1047 524 1341 584 secundam
1376 522 1673 578 editionem
1705 521 1845 575 Ven.
1878 520 2053 576 Ram—

463 625 681 692 bachio,
712 621 869 692 cujus
897 616 1168 684 insignem
1209 609 1591 667 liberalitatem
1621 625 1731 664 non
1764 623 2051 679 possumus

460 730 576 774 non
605 709 922 785 praedicare,
954 702 1236 757 debemus.
1288 698 1720 755 Elucidatorium
1750 695 2050 750 ecclesiasti-

461 817 579 858 cum
612 784 687 853 ad
715 793 935 866 ofﬁcium
964 788 1184 843 ecclesia
1205 786 1522 858 pertinentia
1545 784 1764 855 planius
1791 801 2052 855 exponens

463 897 513 945 et
540 890 769 957 quatuor
803 880 963 935 libros
992 877 1345 946 complectens.
1377 904 1446 916 —
1472 874 1690 931 Primus
1722 874 1953 942 Hgmnos
1990 873 2053 927 de

466 982 694 1043 tempore
739 974 785 1022 et
831 966 1026 1021 sanctis
1060 980 1158 1035 per
1202 970 1362 1018 totum
1413 978 1632 1017 annum.
1680 991 1751 1001 —
1790 961 2052 1016 Secundus

461 1058 723 1117 nonnulla
762 1054 965 1110 cantica
992 1052 1335 1108 ecclesiastica
1375 1051 1689 1122 antiphonas
1734 1056 1781 1104 et
1824 1064 2052 1117 respon-

463 1148 631 1205 soria.
654 1176 723 1186 —
753 1144 956 1200 Tertius
986 1159 1045 1195 ea
1074 1157 1189 1211 qua
1219 1139 1293 1196 ad
1319 1139 1496 1197 Missa
1518 1138 1781 1208 pertinent
1808 1137 2050 1208 ofﬁcium,

458 1233 757 1310 prasertim
796 1228 1157 1301 prafationes.
1207 1257 1273 1268 —
1326 1228 1561 1293 Quartus
1602 1242 1793 1295 prosus
1836 1241 1950 1293 qua
1998 1224 2053 1277 in

465 1323 635 1380 sancti
676 1319 869 1376 altaris
916 1316 1174 1387 sacriﬁcio
1224 1315 1474 1370 dicuntur
1518 1313 1757 1368 continet.
1807 1312 2051 1366 Primum

463 1410 671 1487 prodiit
722 1407 861 1463 liber
913 1403 1137 1460 Parisiis
1194 1402 1353 1466 1515,
1401 1400 1600 1457 deinde
1644 1399 1865 1455 Basilece
1916 1399 2052 1454 1517

465 1507 520 1557 et
551 1497 707 1554 1519.
739 1494 889 1567 Opus
918 1490 1241 1550 Clichtovai
1273 1488 1676 1557 abbreviatum,
1697 1487 1788 1543 sed
1812 1487 1869 1541 in
1896 1486 2053 1558 hym-

464 1588 553 1645 nis
583 1592 802 1641 auctum
846 1580 1051 1654 prodiit
1090 1578 1307 1636 Venetiis
1339 1580 1395 1632 in
1421 1578 1535 1632 vico
1579 1579 1635 1633 S.
1689 1575 1877 1633 Maria
1925 1574 2054 1644 for-

463 1692 623 1733 mosa
649 1673 720 1729 ad
747 1672 949 1742 signum
978 1668 1087 1739 spei
1116 1668 1272 1723 1555.
1315 1667 1423 1735 Cl.,
1464 1683 1590 1724 cum
1622 1665 1909 1722 breviariis
1938 1666 2055 1721 Ita-

464 1763 554 1831 lis,
587 1758 811 1818 Gallicis
829 1766 883 1814 et
904 1756 1226 1828 Hungaricis
1245 1772 1376 1811 usus
1403 1756 1497 1823 sit,
1526 1771 1664 1826 opus
1691 1752 1809 1825 ejus
1837 1769 2052 1809 summo

464 1852 587 1908 loco
615 1858 697 1905 est
723 1845 1053 1903 habendum.
1085 1843 1291 1899 Multus
1318 1842 1539 1915 quidem
1589 1849 1671 1898 est
1714 1841 1773 1896 in
1814 1841 2053 1897 adnota-

463 1938 732 2004 tionibus,
762 1933 855 1989 sed
886 1949 997 1988 non
1023 1948 1205 2005 pauca
1234 1947 1421 1987 earum
1442 1932 1607 1987 utiles
1630 1938 1776 1985 sunt.
1794 1928 2049 2000 (Clicht.)

533 2036 586 2090 8.
628 2031 825 2103 Hymni
864 2028 1194 2085 ecclesiastici
1227 2028 1525 2099 praesertim
1571 2026 1664 2097 qui
1708 2024 2050 2082 Ambrosiani

462 2122 712 2176 dicuntur
754 2118 932 2172 multis
958 2117 1014 2171 in
1046 2116 1169 2171 locis
1205 2114 1454 2186 recogniti
1495 2118 1545 2168 et
1578 2114 1865 2168 multorum
1908 2114 2050 2182 hym-

461 2226 655 2267 norum
699 2207 985 2263 accessione
1013 2205 1329 2276 locupletati.
1366 2202 1495 2259 Cum
1530 2202 1749 2257 Scholiis
1794 2207 2049 2272 opportu-

461 2300 547 2353 nis
602 2298 661 2352 in
716 2296 839 2351 locis
892 2293 1107 2363 adjectis
1161 2299 1210 2347 et
1258 2292 1589 2362 Hymnorum
1625 2290 1793 2345 indice
1842 2287 2052 2359 Georgii

468 2384 779 2443 Cassandri.
821 2382 966 2439 Beda
1008 2382 1071 2437 de
1112 2381 1404 2440 Metrorum
1448 2379 1718 2450 generibus
1763 2395 1829 2432 ea
1870 2376 2046 2448 primo

466 2476 601 2531 libro
637 2473 698 2528 de
745 2489 802 2526 re
851 2470 1086 2525 metrica.
1147 2468 1379 2525 Colonia
1429 2484 1570 2522 anno
1631 2466 1786 2523 1556.
1846 2466 2046 2520 Iterum

464 2562 661 2636 hymni
691 2561 877 2617 excusi
924 2561 980 2615 in
1012 2557 1267 2630 operibus
1316 2555 1605 2614 Cassandri
1652 2572 1772 2627 qua
1819 2554 2049 2627 prodie-

460 2661 594 2709 runt
626 2649 844 2707 Parisiis
869 2646 1023 2703 1616.
1057 2646 1400 2717 Hymnorum
1433 2652 1669 2711 textum,
1724 2653 1785 2699 ut
1831 2642 1908 2697 ita
1949 2642 2047 2697 di-

461 2758 604 2809 cam,
635 2740 840 2812 optime
887 2736 1162 2792 recensuit
1209 2734 1401 2790 multis
1446 2731 1732 2788 breviariis
1775 2731 2049 2803 imprimis

464 2827 807 2884 Germanicis
834 2834 957 2897 apte
987 2824 1220 2881 collatis.
1247 2821 1400 2877 Nota
1424 2820 1664 2878 auctoris
1708 2835 1817 2875 non
1866 2818 2045 2890 magni

462 2915 795 2971 aestimandae
825 2921 991 2979 sunt;
1025 2928 1150 2967 nam
1191 2912 1301 2967 tere
1347 2924 1536 2968 omnes
1582 2917 1710 2965 sunt
1752 2908 2044 2980 dogmatici

460 3005 548 3059 vel
585 3004 840 3073 polemici
871 3003 1103 3074 generis.
1134 3002 1198 3057 In
1238 3002 1483 3059 Romana
1526 2999 1771 3057 Ecclesia
1799 2999 1941 3057 liber
1967 3006 2049 3055 est

461 3092 686 3149 vetitus.
711 3090 911 3163 (Cass.)

529 3191 583 3246 9.
636 3189 1001 3247 Collectiones
1053 3185 1389 3259 hymnorum
1444 3200 1564 3257 quae
1623 3184 1844 3257 quidem
1898 3185 2045 3241 circa

457 3277 688 3333 Lutheri
718 3287 963 3349 tempora
1003 3292 1035 3331 a
1077 3273 1403 3331 Lutheranis
1450 3273 1714 3329 institutae
1761 3282 1908 3342 sunt,
1948 3273 2042 3329 sed

456 3365 522 3422 ad
557 3367 947 3424 recensendum
981 3373 1192 3420 textum
1240 3379 1351 3419 non
1406 3364 1641 3418 multum
1691 3363 1876 3418 valent
1916 3376 2041 3418 cum

457 3456 730 3525 permulta
762 3455 817 3508 in
850 3453 921 3507 iis
952 3458 1158 3507 mutata
1183 3450 1660 3522 deprehenderim.
1702 3450 1788 3505 Ad
1819 3465 2041 3505 manum

455 3546 648 3595 erant:
681 3538 1010 3601 Psalmodia,
1040 3546 1172 3603 etc.,
1206 3554 1302 3606 per
1348 3537 1544 3591 Lucam
1592 3538 1828 3591 Lossium
1877 3538 2041 3592 Lune-

453 3623 745 3691 bergensem
780 3638 894 3674 cum
942 3620 1255 3688 prafatione
1299 3622 1442 3675 Phil.
1492 3624 1842 3677 Melanthonis
1893 3626 2042 3679 Wite-

452 3708 619 3778 berga
645 3705 789 3778 apud
817 3706 962 3761 Har.
997 3704 1207 3775 Georgii
1231 3706 1384 3760 Rhau
1416 3706 1544 3761 1561
1574 3709 1799 3777 (Loss.).
1825 3711 2041 3766 Cantica

451 3798 635 3853 selecto
676 3793 870 3850 ceteris
895 3792 1118 3863 novique
1154 3794 1464 3850 Testamenti
1492 3811 1607 3848 cum
1635 3796 1839 3866 hymnis
1866 3805 1914 3852 et
1940 3801 2040 3855 col-

454 3883 598 3941 lectis
635 3900 725 3938 seu
756 3880 1082 3938 orationibus
1122 3880 1432 3953 purioribus
1479 3897 1596 3952 qua
1644 3882 1701 3936 in
1748 3886 2043 3941 orthodoxa

449 3978 609 4043 atque
631 3972 884 4027 catholica
920 3970 1157 4027 Ecclesia
1192 3969 1401 4026 cantari
1428 3972 1610 4027 solent.
1643 3973 1839 4029 Addita
1870 3974 2041 4045 dispo-

450 4061 638 4116 sitione
661 4067 708 4115 et
735 4059 1009 4129 familiari
1048 4059 1369 4130 expositione
1412 4058 1776 4131 Christophori
1819 4062 2043 4117 Corneri

450 4149 646 4218 Lipsia
667 4164 785 4203 cum
804 4148 1081 4219 privilegio
1105 4148 1241 4205 1568
1269 4148 1509 4220 (Carm).
1543 4151 1761 4207 Cantica
1784 4168 1851 4206 ea:
1874 4152 2041 4207 sacris

453 4235 643 4289 litteris
694 4235 751 4286 in
802 4236 1037 4289 Ecclesia
1088 4237 1297 4291 cantari
1350 4238 1508 4293 solita
1565 4255 1680 4293 cum
1734 4240 1941 4309 hymnis
1993 4246 2042 4294 et

449 4320 698 4388 collectis,
728 4325 844 4386 etc.,
877 4323 1142 4390 recognita
1172 4330 1219 4376 et
1252 4331 1408 4379 aucta
1431 4342 1529 4396 per
1571 4327 1639 4382 D.
1693 4328 1877 4398 Georg.
1925 4329 2040 4385 Ma-

439 4407 617 4478 jorem
645 4422 785 4462 anno
813 4406 967 4462 1570.
999 4436 1070 4448 -
1100 4409 1397 4480 Witeberga
1425 4412 1742 4468 Laurentius
1770 4416 2041 4471 Schwenck

451 4474 799 4567 Eisfeldensis
844 4494 1146 4551 excutiebat.
1190 4525 1260 4538 —
1303 4474 1626 4555 Psalterium
1663 4502 1907 4567 Davidis,
1941 4510 2033 4560 etc.
2066 4474 2116 4533 Β

448 4602 563 4641 cum
626 4584 949 4641 lemmatibus
972 4600 1035 4639 ac
1060 4584 1198 4639 notis
1220 4584 1418 4640 Adami
1459 4587 1651 4645 Siberi.
1700 4591 2039 4646 Accesserant

449 4673 644 4744 Hgmni
671 4674 921 4737 festorum
949 4672 1155 4727 dierum
1182 4673 1487 4745 insignium.
1536 4676 1730 4748 Lipsia
1774 4680 2035 4735 Iohannes

448 4761 685 4817 Rhamba
708 4759 991 4816 excutiebat
1016 4776 1157 4816 anno
1188 4762 1323 4819 1577
1356 4762 1539 4836 (Sib.).
1583 4765 1770 4822 Palma
1808 4783 1878 4822 ex
1916 4784 2036 4823 mea

447 4849 719 4905 sententia
738 4848 1037 4906 tribuenda
1071 4858 1153 4906 est
1194 4851 1399 4910 Ludeci
1445 4855 1632 4926 operi:
1674 4856 1949 4927 Vesperale
1987 4863 2037 4911 et

444 4935 784 5001 Matutinale,
833 4941 928 4993 etc.
980 4937 1117 4994 1589
1172 4938 1385 5011 (Lud.),
1431 4942 1578 5014 quod
1620 4942 1767 5000 idem
1812 4945 1891 5000 eis
1936 4946 2033 5018 qui

444 5024 656 5079 cultum
682 5024 1007 5081 Lutheranae
1035 5027 1293 5084 Ecclesiae
1323 5032 1526 5088 veteris
1553 5048 1878 5105 cognoscere
1905 5043 2032 5092 stu-

445 5108 577 5166 dent
600 5111 855 5168 maxima
877 5112 1106 5170 utilitati
1135 5117 1261 5172 erit.

516 5208 959 5300 10.]Iymnorum
984 5214 1470 5274 Ecclesiasticorum
1495 5220 1561 5275 ab
1588 5222 1805 5300 Andrea
1838 5228 2031 5284 Ellin-

440 5309 564 5368 gero
610 5298 668 5354 ν.
703 5297 784 5354 Cl.
816 5300 1208 5356 emendatorum
1244 5304 1369 5360 libri
1402 5308 1516 5375 ‘III,
1551 5297 1645 5366 etc.
1676 5312 1813 5369 1578
1841 5315 2029 5371 Fran-

441 5380 640 5451 cofurti
682 5385 756 5439 ad
798 5386 1047 5445 Manum.
1078 5389 1241 5463 (Ell.)
1292 5393 1419 5450 Haec
1468 5397 1720 5454 collectio
1776 5403 2022 5459 omnium

2159 518 2374 574 duobus
2395 519 2658 591 Ellingeri
2712 519 3004 575 auctoritas
3051 516 3127 573 ibi
3174 525 3396 573 tantum
3450 533 3543 572 me
3571 520 3761 587 movit,

2159 606 2255 661 ubi
2298 606 2499 662 lineola
2551 607 2761 678 adjecta
2823 605 3036 663 notavit
3082 613 3325 663 veterem
3359 612 3419 660 et
3465 607 3761 677 genuinam

2161 695 2513 765 scriptionem
2552 696 2822 752 exhiberi.

2234 785 2319 838 11.
2350 785 2635 839 Poetarum
2666 792 2893 839 veterum
2916 784 3382 840 ecclesiasticarum
3409 801 3581 855 opera
3612 785 3761 841 Chri-

2160 871 2335 927 stiana
2357 879 2404 927 et
2429 890 2645 943 operum
2671 874 2906 944 reliquia
2924 879 3082 943 atque
3093 875 3424 943 fragmenta.
3458 873 3760 927 Thesaurus

2160 960 2423 1016 catholica
2450 968 2497 1015 et
2532 962 2834 1015 orthodoxa
2875 961 3121 1016 Ecclesia
3157 967 3206 1015 et
3252 960 3597 1029 antiquitatis
3640 961 3759 1017 reli-

2158 1047 2318 1117 giosa
2342 1049 2414 1103 ad
2462 1049 2737 1103 utilitatem
2756 1048 3047 1116 jurentutis
3074 1048 3450 1111 scholastisca,
3492 1050 3754 1115 collectus,

2160 1137 2479 1201 emendatus,
2506 1137 2729 1205 digestus
2749 1143 2795 1189 et
2818 1137 3188 1190 commentario
3237 1152 3443 1206 quoque
3487 1136 3757 1206 expositus

2161 1224 2429 1295 diligentia
2454 1233 2500 1281 et
2526 1227 2698 1280 studio
2722 1227 2930 1297 Georgii
2953 1227 3189 1282 Fabricii
3216 1226 3607 1282 chemnicensis.
3654 1227 3755 1282 Ba-

2162 1314 2304 1369 silea
2325 1331 2423 1385 per
2450 1315 2701 1369 Joannem
2734 1316 3023 1387 Oporinum
3056 1316 3437 1387 156's.(Fabr.)

2235 1404 2319 1459 12.
2356 1404 2494 1461 Ven.
2526 1404 2745 1459 Thiloni
2776 1405 2978 1460 debeo:
3021 1406 3284 1459 Diuorum
3317 1413 3539 1477 patrum
3569 1413 3616 1460 et
3666 1406 3753 1459 do.

2163 1496 2366 1546 ctorum
2408 1494 2648 1548 Ecclesia
2689 1496 2780 1563 qui
2807 1494 3047 1548 oratione
3089 1495 3255 1564 ligata
3282 1495 3611 1565 scripserunt
3638 1493 3754 1548 Pa-

2161 1581 2446 1650 raphrases
2473 1588 2519 1634 et
2556 1582 2919 1637 Meditationes
2966 1582 3023 1635 in
3060 1583 3351 1652 Evangelia
3407 1579 3751 1637 dominicalia

2166 1668 2248 1735 (in
2305 1669 2473 1724 altera
2539 1681 2689 1741 parte
2734 1672 2809 1725 :in
2860 1672 2982 1727 hist.
3053 1675 3377 1743 evangelicae
3433 1690 3554 1743 qua
3606 1671 3751 1739 festis

2164 1758 2479 1813 Sanctorum
2502 1760 2730 1830 publicis
2757 1760 3088 1815 conventibus
3115 1763 3475 1833 explicantur)
3509 1779 3534 1815 e
3580 1760 3751 1813 direr-

2160 1846 2232 1900 sis
2286 1848 2523 1919 ipsorum
2566 1851 2778 1920 scriptis
2824 1852 3046 1906 collecta
3088 1870 3121 1905 a
3176 1853 3252 1909 Μ.
3285 1853 3466 1907 Joach.
3511 1853 3750 1905 Zchnero

2160 1936 2405 1991 Ecclesia
2457 1936 2893 2008 Schleusingensis
2919 1946 3131 2009 pastore
3168 1947 3216 1993 et
3266 1940 3748 2011 superintendente.

2159 2024 2352 2093 Lipsia
2384 2023 2519 2079 1602
2538 2026 2831 2096 sumptibus
2867 2027 3073 2083 Thoma
3100 2029 3357 2085 Schureri.
3410 2031 3580 2085 Liber
3618 2027 3751 2083 uti-

2160 2110 2423 2179 lissimus,
2454 2112 2611 2183 cujus
2640 2122 2917 2169 auctorem
2946 2116 3002 2170 in
3036 2116 3245 2188 hymnis
3269 2118 3527 2173 Ecclesiae
3559 2116 3750 2174 Chri-

2158 2202 2349 2257 stiana
2394 2204 2594 2258 veteris
2650 2206 2781 2259 satis
2828 2214 3102 2261 versatum
3152 2224 3262 2263 esse
3305 2224 3411 2263 non
3440 2223 3744 2279 possumus

2157 2289 2291 2362 quin
2320 2288 2602 2361 fateamur,
2634 2294 2965 2368 omninoque
2993 2313 3064 2351 ex
3093 2297 3189 2352 illo
3219 2297 3358 2353 libro
3385 2305 3610 2370 apparet
3637 2297 3737 2353 illo

2157 2395 2372 2454 quoque
2422 2388 2665 2452 tempore
2716 2384 2858 2455 apud
2906 2384 3246 2441 Lutheranos
3310 2385 3738 2442 studiosissimos

2156 2467 2324 2523 fuisse
2353 2469 2685 2541 hymnorum
2716 2479 2961 2527 veterum
2986 2480 3273 2528 amatores.
3310 2474 3557 2545 (lehn.).

2228 2561 2313 2617 13.
2371 2563 2581 2632 Iosephi
2626 2563 2817 2618 Maria
2871 2564 3139 2619 Thomasii
3175 2566 3232 2620 S.
3272 2565 3338 2620 R.
3365 2566 3437 2620 E.
3479 2564 3736 2621 cardina-

2159 2650 2223 2705 lis
2241 2668 2401 2721 opera
2432 2652 2720 2708 omnia.....
2774 2653 2962 2708 Tomus
2990 2653 3245 2706 secundus
3283 2653 3551 2706 wntinens
3590 2655 3734 2708 Psal-

2157 2740 2365 2809 terium,
2416 2741 2577 2810 juxta
2628 2742 2885 2812 duplicem
2939 2742 3213 2798 editionem
3247 2743 3321 2797 ad
3368 2759 3493 2797 mss.
3543 2743 3733 2802 codices

2153 2830 2409 2885 recensuit
2447 2831 2685 2901 notisque
2712 2832 2865 2886 auxit
2890 2832 3019 2886 Ant.
3058 2832 3253 2888 Franc.
3295 2831 3508 2888 νεξεοεὶ
3539 2832 3731 2887 Cleric.

2154 2916 2437 2989 Regularis
2464 2921 2642 2976 Roma
2672 2920 2826 2975 1747.
2858 2920 3087 2991 (Hymni
3128 2920 3484 2976 continentur
3512 2936 3566 2990 p.
3595 2919 3732 2974 351-

2154 3006 2305 3073 434.)
2336 3007 2436 3063 Hic
2463 3007 2601 3062 liber
2646 3008 2704 3062 in
2735 3008 3025 3064 Germania
3052 3008 3183 3064 satis
3219 3022 3377 3062 rarus
3415 3014 3517 3072 est,
3549 3006 3640 3061 sed
3671 3021 3732 3060 eo

2154 3110 2337 3152 carere
2365 3097 2517 3151 nullo
2545 3107 2704 3169 pacto
2734 3106 2909 3168 potest
2940 3098 3269 3170 hymnorum
3304 3112 3581 3153 sacrorum
3610 3095 3733 3151 edi-

2150 3190 2255 3238 tor.
2288 3183 2637 3255 Comparavit
2675 3185 2998 3243 Thomasius
3025 3188 3239 3243 codices
3279 3186 3563 3242 Vaticana
3602 3185 3731 3240 anti-

2151 3272 2445 3340 quissimos
2503 3274 2836 3347 omninoque
2894 3276 3094 3330 multos
3152 3275 3407 3340 Italicos;
3473 3289 3638 3345 quare
3686 3274 3729 3327 si

2150 3362 2274 3436 quis
2303 3362 2539 3432 hymnos
2568 3363 2824 3418 Ecclesia
2856 3364 3053 3419 veteris
3081 3379 3254 3436 usque
3275 3363 3342 3418 ad
3363 3363 3613 3418 seculum
3641 3380 3730 3417 vni

2150 3450 2477 3521 investigare
2520 3451 2886 3521 constituerit,
2936 3451 2987 3507 ei
3028 3468 3097 3507 ex
3145 3452 3242 3507 illo
3286 3451 3429 3508 libro
3478 3460 3730 3523 tanquam

2149 3538 2301 3594 fonte
2330 3537 2589 3609 primario
2624 3539 2988 3596 hauriendum
3014 3539 3139 3595 erit.
3175 3540 3422 3611 (Thom.)
3510 3544 3525 3557 '

2225 3638 2309 3693 14.
2365 3640 2675 3709 Anthologie
2737 3641 3062 3695 christlicher
3124 3641 3363 3711 Gesange
3430 3659 3530 3696 aus
3594 3643 3729 3696 allen

2150 3727 2573 3782 Jahrhunderten
2646 3729 2740 3783 der
2814 3730 3027 3784 Kirche.
3098 3731 3247 3784 Nach
3324 3730 3417 3783 der
3482 3728 3728 3797 Zeitfolge

2149 3799 2389 3868 geordnet
2434 3799 2542 3852 und
2588 3800 2684 3853 mit
2726 3801 2888 3869 gesch.
2934 3801 3321 3870 Bemerkungen
3365 3801 3591 3869 begleitet
3634 3815 3725 3852 ron

2149 3889 2286 3957 Aug.
2327 3888 2441 3942 Jac.
2475 3889 2737 3943 Rambach
2772 3890 3027 3959 Prediger
3054 3890 3131 3944 bei
3158 3890 3235 3945 St.
3267 3890 3426 3944 Jacob
3460 3890 3513 3942 in
3566 3890 3724 3943 Ham-

2150 3976 2298 4046 burg.
2333 3975 2524 4031 Erster
2552 3978 2728 4035 Band.
2776 3979 2875 4035 Die
2925 3979 3335 4048 vorziiglichsten
3364 3979 3721 4047 griechisehen,

2151 4064 2479 4121 lateinischen
2539 4067 2649 4121 und
2696 4068 3044 4122 altdeutschen
3082 4068 3478 4122 Kircsenlieder
3528 4068 3724 4121 eulhal-

2150 4152 2284 4207 tend.
2322 4154 2519 4209 Altona
2561 4172 2615 4209 τι.
2650 4156 2884 4226 Leipzig,
2917 4155 3248 4210 Hammerich
3286 4154 3445 4210 1817.
3484 4154 3724 4210 Thesau—

2147 4256 2241 4295 rus
2270 4248 2453 4296 noster
2480 4242 2718 4298 ostendit
2746 4243 2957 4315 quoties
2985 4250 3362 4315 quantumque
3376 4243 3559 4298 studia
3588 4258 3726 4314 prae-

2146 4329 2291 4385 clara
2320 4330 2640 4387 Rainbachii
2688 4331 2747 4386 in
2785 4348 2944 4387 usum
2982 4339 3233 4387 nostrum
3274 4333 3722 4389 converterimus.

2148 4418 2393 4489 (Bamb)

2218 4516 2302 4572 15.
2344 4516 2559 4572 Corolla
2593 4520 2919 4588 Hgmnorum
2939 4537 3215 4575 sacrorum
3227 4522 3457 4592 publica
3475 4520 3729 4576 devotioni

2144 4602 2550 4661 inservientium.
2634 4608 2830 4663 Veteres
2904 4608 3065 4673 electi,
3120 4609 3211 4663 sed
3290 4610 3496 4664 mendis
3548 4609 3728 4679 quibus

2141 4692 2349 4748 iteratis
2394 4694 2450 4748 in
2511 4695 2823 4751 editionibus
2880 4698 3143 4752 scatebunt
3201 4699 3414 4766 detersi,
3493 4699 3728 4768 Strophis

2140 4781 2372 4836 adaucti.
2422 4783 2557 4838 Novi
2597 4785 2873 4855 assumpti,
2947 4791 3169 4839 recentes
3212 4786 3454 4855 primum
3524 4786 3725 4841 inserti.

2146 4870 2378 4927 Cotonia
2403 4873 2717 4945 Agrippina
2733 4874 2887 4931 1806.
2925 4874 3079 4945 Typis
3098 4875 3372 4930 Hareduti
3413 4876 3723 4948 Schauberg.

2142 4957 2243 5015 Hic
2269 4959 2535 5016 Walraﬂii
2566 4961 2722 5030 liber,
2754 4977 2914 5034 quem
2941 4962 3078 5017 Ven.
3112 4963 3369 5034 Augusti,
3415 4972 3598 5019 morte
3635 4965 3725 5019 ille

2140 5046 2338 5103 litteris
2390 5065 2563 5121 nuper
2612 5058 2849 5122 ereptus,
2909 5051 3066 5106 nobis
3116 5051 3368 5119 donavit,
3425 5054 3723 5124 plurimum

2139 5135 2360 5207 prodest
2413 5136 2503 5203 iis,
2545 5138 2640 5211 qui
2699 5138 2756 5194 in
2821 5139 3063 5211 hymnis,
3131 5155 3267 5211 quos
3313 5148 3439 5213 post
3502 5141 3724 5198 Lutheri

2138 5233 2348 5281 atatem
2387 5228 2617 5298 protulit
2660 5228 2925 5294 Ecclesia,
2972 5229 3367 5301 cognoscendis
3398 5231 3587 5288 studia
3623 5248 3722 5305 po-

2135 5322 2380 5370 suerunt.

2207 5412 2292 5468 16.
2326 5413 2488 5470 Liber
2515 5412 2756 5483 Bjomii:
2788 5416 2983 5486 Hymni
3009 5420 3237 5471 veterum
3262 5424 3558 5488 poetarum
3578 5420 3719 5478 Chri-

748 5475 1141 5576 copiosissima,
1280 5496 1406 5538 cum
1422 5482 1481 5576 in
1508 5484 1725 5542 duobus
1748 5488 2024 5559 prioribus
2133 5497 2426 5552 stianorum
2496 5471 2740 5555 Ecclesia
2794 5471 2997 5556 Latina
3047 5503 3239 5559 selecti.
3262 5471 3714 5576 ‘Hafnil—emi—S'lé.

440 5554 600 5612 libris
628 5556 821 5633 hymni
849 5571 1069 5639 propter
1095 5568 1349 5627 metricas
1374 5572 1611 5630 rationes
1639 5554 1859 5649 prorsus
1887 5595 2021 5636 mu-
2130 5585 2194 5645 In
2221 5587 2408 5667 paucis
2434 5554 2661 5646 tantum
2678 5554 2777 5646 nos
2795 5554 3025 5672 adjuvit.
