3880 6204
181 270 335 329 1209

1261 273 1487 333 ΗΥΜΝΙ
1522 272 1578 334 S.
1619 273 1972 333 AMBROSIO
2010 274 2401 332 A'I‘TRIBUTI.

3325 281 3464 341 1210

255 396 353 451 17.
422 395 747 453 Lateinische
795 396 1106 469 Anthologie
1157 412 1256 454 aus
1309 398 1407 453 den
1452 398 1781 455 christlichen
1806 413 1859 473 Α
1886 397 2079 471 primis
2107 399 2288 471 operis
2315 398 2492 456 initiis
2519 417 2616 474 per
2645 410 2822 460 totum
2852 416 3034 463 meum
3060 405 3300 464 laborem
3328 420 3461 465 con-

172 483 451 540 Dichtern
481 486 568 540 des
598 487 949 543 Mittetalters.
991 487 1106 542 Fur
1152 486 1468 557 Gymnasien
1511 488 1620 542 und
1664 488 1780 558 Ly-

170 586 302 626 ceen
366 575 775 645 herausgegeben
819 575 931 631 und
970 575 1067 629 mit
1105 575 1506 647 Anmerhmgen
1558 576 1782 645 begleitet

169 687 283 726 oon
340 673 537 743 Ioseph
601 672 847 738 Kehrein,
913 671 1109 727 Lehrer
1152 689 1241 728 am
1302 672 1643 743 Gymnasium
1708 689 1781 728 zu

174 757 404 816 Μαίης.
465 761 657 814 Erster
712 759 876 814 Theil.
932 759 1030 813 Die
1071 760 1192 815 acht
1235 766 1405 814 ersten
1449 761 1778 816 christlichen

172 844 603 901 Jaisrhunderte.
654 846 957 917 Frankfurt
1007 866 1042 902 a
1086 849 1163 906 M.
1211 848 1578 905 Sauerlcender
1616 847 1773 904 1840.

170 934 403 991 Auctor
433 935 538 991 hoc
565 935 858 992 consilium
888 937 1138 1009 sequitur
1160 945 1223 992 ut
1259 938 1511 993 alumnos
1539 953 1776 1009 gymna-

172 1024 404 1081 siorum
435 1024 834 1082 catholicorum
873 1025 944 1081 ad
984 1026 1319 1098 hymnorum
1349 1043 1624 1084 sacrorum
1673 1043 1776 1084 co-

170 1115 496 1186 gnitionem
546 1118 813 1175 adducat:
867 1135 987 1191 quas
1033 1135 1120 1175 res
1159 1118 1208 1175 si
1253 1126 1397 1176 recte
1440 1119 1771 1188 succederet,

171 1204 555 1263 vehementer
599 1209 976 1278 gauderemus.
1035 1207 1431 1264 Adnotationes
1490 1206 1775 1263 Kehreinii

170 1290 244 1347 ad
295 1292 607 1366 discipulos
656 1296 927 1366 pertinere
969 1295 1068 1352 vix
1112 1303 1195 1351 est
1239 1295 1384 1368 quod
1435 1312 1769 1364 moneamus,

171 1394 505 1454 quanquam
555 1384 753 1455 passim
797 1384 960 1440 etiam
1000 1382 1159 1439 nobis
1199 1383 1470 1441 nonnulla
1507 1384 1567 1439 in
1611 1399 1772 1440 nsum

168 1478 442 1525 nostrum
470 1480 789 1527 convertere
817 1471 995 1528 licuit.
1029 1472 1251 1545 (Kebr.)

244 1557 372 1613 1am
421 1560 756 1616 enumeratis
799 1559 888 1616 bis
930 1560 1196 1616 subsidiis
1246 1562 1469 1631 nostris,
1522 1569 1771 1619 nostrum

166 1653 253 1702 est
283 1646 484 1702 animo
515 1657 666 1719 grato
695 1664 788 1704 eos
812 1647 962 1704 viros
994 1664 1423 1707 commemorare
1450 1651 1545 1723 qui
1576 1650 1768 1707 consi-

1887 487 2014 543 silio
2041 495 2094 543 et
2124 502 2288 559 opera
2316 487 2454 544 mihi
2483 488 2797 548 adfuerunt:
2830 496 2973 566 Aug.
3002 495 3247 569 Voigtio,
3276 512 3463 554 mune-

1887 572 1963 629 ris
2013 574 2327 631 scholastici
2357 574 2612 632 societate
2653 577 2790 631 mihi
2819 576 3188 649 junctissimo,
3233 595 3289 638 et
3327 581 3458 639 Chr.

1886 662 2172 728 Diedrich,
2219 680 2379 736 quem
2409 673 2463 721 et
2491 664 2761 721 curriculi
2791 665 3104 724 scholastici
3142 669 3373 726 societas
3409 677 3463 725 et

1886 752 2087 807 veteris
2113 751 2370 808 amicitiae
2388 752 2672 809 vinculum
2698 769 2913 809 mecum
2935 755 3129 811 intime
3148 758 3459 829 conjunxit.

1886 839 2090 894 Horum
2119 840 2363 896 virorum
2401 857 2563 912 opera
2602 851 2764 914 atque
2789 842 3059 898 industria
3094 844 3152 899 in
3184 845 3337 902 vitiis
3363 865 3459 904 ex-

1884 928 2181 1000 stirpandis
2234 938 2289 985 et
2339 928 2692 986 emendandis
2746 930 2992 986 maxime
3044 930 3262 1003 adjutus
3315 952 3456 1005 sum,

1884 1033 2194 1090 quanquam
2221 1026 2277 1074 et
2303 1034 2390 1075 me
2417 1027 2471 1076 et
2500 1019 2626 1075 illos
2654 1017 3028 1077 emendatores
3061 1023 3332 1090 nonnulla
3361 1024 3459 1079 fu-

1883 1106 2061 1178 gerint
2090 1106 2304 1165 menda.

1940 1201 2101 1258 Faxit
2127 1210 2306 1258 autem
2336 1201 2607 1259 Dominus
2633 1203 2894 1261 Ecclesia
2927 1203 3252 1282 Christianae
3270 1204 3336 1262 Ο.
3357 1205 3455 1276 Μ.,

1881 1288 2038 1361 cujus
2066 1289 2329 1346 honorem
2360 1307 2551 1347 omnes
2579 1291 2775 1363 hymni
2806 1291 3105 1358 celebrant,
3131 1309 3291 1365 quem
3319 1310 3458 1349 can-

1879 1377 1989 1433 tica
2015 1378 2314 1449 praedicant
2346 1387 2401 1434 et
2430 1379 2728 1453 sequentia
2758 1396 2885 1436 cum
2911 1380 3232 1453 antiphonis
3271 1381 3457 1439 laudi-

1877 1464 1982 1522 bus
2025 1468 2274 1523 certatim
2317 1469 2614 1537 extollunt,
2671 1475 2735 1524 ut
2784 1467 2877 1541 hic
2939 1470 3105 1526 etiam
3149 1470 3456 1527 studiorum

1878 1566 2191 1616 nostrorum
2225 1561 2436 1617 fructus
2471 1560 2541 1616 ad
2572 1560 2802 1617 salutem
2841 1559 3098 1618 Ecclesiae
3135 1559 3457 1618 Christianas

1878 1647 2074 1702 valeat.
2133 1647 2429 1704 Olferimus
2470 1664 2607 1720 opus
2655 1656 2903 1704 nostrum
2945 1655 3204 1720 tanquam
3249 1648 3455 1704 donum

166 1734 250 1792 lio
282 1743 485 1792 nostro
514 1735 775 1805 fautores,
800 1737 1080 1794 laboribus
1109 1737 1388 1809 adjutores
1415 1740 1764 1795 exstiterunt.
1795 1765 1842 1824 Β
1877 1734 2133 1791 omnibus
2162 1735 2477 1808 quicunque
2514 1751 2715 1791 nomen
2756 1736 2964 1794 Christi
3010 1746 3195 1794 sancte
3219 1738 3409 1793 colunt
3436 1756 3452 1804 ;

163 1828 230 1884 In
262 1828 378 1884 hoc
404 1845 639 1884 numero
668 1829 908 1900 primum
935 1830 1117 1886 locum
1148 1829 1401 1885 obtinent
1420 1829 1559 1887 Ven.
1582 1830 1765 1898 Thilo,

165 1917 335 1989 cujus
369 1917 513 1973 mihi
551 1917 846 1974 auctoritas
874 1932 1000 1974 cum
1030 1916 1155 1973 aliis
1186 1917 1245 1972 in
1273 1917 1457 1984 rebus,
1500 1927 1617 1975 tum
1662 1918 1767 1975 hoc

162 2004 225 2061 in
254 2020 434 2077 opere
464 2006 763 2077 plurimum
794 2004 971 2060 valuit
998 2022 1012 2072 ;
1036 2003 1177 2062 Ven.
1219 2005 1577 2075 Tholuckius,
1609 2006 1766 2078 cujus

162 2094 419 2150 multum
457 2093 718 2150 intererat
747 2094 960 2149 labores
988 2100 1204 2148 nostros
1240 2109 1495 2165 prospere
1535 2094 1760 2162 cedere;

160 2183 531 2239 Hermannus
577 2182 884 2253 Dryander,
924 2181 1014 2236 vir
1067 2181 1405 2253 hymnorum
1444 2184 1765 2241 Latinorum

157 2288 277 2329 non
337 2271 539 2326 minus
591 2286 754 2343 quam
807 2270 1255 2327 Germanicorum
1300 2271 1536 2343 peritus;
1588 2274 1648 2328 F.
1692 2275 1762 2329 A.

160 2357 561 2426 Ecksteinius,
578 2358 784 2430 collega
815 2357 1264 2425 litteratissimus,
1288 2359 1383 2431 qui
1414 2374 1475 2414 ea
1503 2375 1612 2432 qua
1628 2362 1767 2417 solet

165 2446 528 2505 humanitate
557 2447 703 2503 haud
732 2446 1084 2503 mediocriter
1112 2463 1199 2503 me
1223 2446 1460 2520 adjuvit.
1516 2450 1765 2522 Denique

167 2551 285 2593 non
318 2551 548 2608 possum
598 2535 731 2607 quin
770 2534 968 2607 gratias
1004 2549 1157 2607 agam
1190 2534 1407 2592 duobus
1433 2534 1569 2592 viris
1612 2538 1768 2610 quia

1878 1826 2156 1880 otl‘erimus
2202 1826 2550 1881 sanctissimo
2595 1825 2945 1897 Redemptori
2991 1842 3090 1897 pro
3125 1826 3336 1881 unitate
3377 1833 3456 1882 at-

1876 1929 1982 1986 que
2010 1913 2232 1969 amabili
2261 1914 2521 1970 Ecclesiae
2549 1915 2845 1971 concordia
2875 1913 3237 1982 sacriﬁcium;
3280 1931 3456 1987 neque

1874 2001 2026 2057 aliud
2054 2001 2187 2075 quid
2222 2016 2292 2057 ex
2326 2002 2527 2057 intimo
2555 2002 2742 2057 animo
2769 2018 3074 2074 precamur,
3125 2002 3232 2058 nisi
3260 2012 3323 2059 ut
3350 2004 3451 2074 ipsi

1875 2104 2091 2161 quoque
2114 2088 2417 2145 sentiamus
2438 2089 2579 2144 illud
2600 2088 2745 2161 quod
2769 2089 2836 2145 de
2856 2090 3199 2148 sanctissimo
3214 2092 3454 2164 patriar-

1873 2177 1977 2233 cha
2003 2178 2268 2249 scriptum
2297 2179 2567 2251 legimus:
2622 2179 2871 2250 Respexit
2911 2180 3175 2237 Dominus
3217 2180 3292 2236 ad
3341 2196 3453 2237 mu-

1871 2280 2003 2320 nera
2028 2281 2162 2335 ejus.
2872 2282 2879 2287 ·

2101 2361 2416 2419 Scribebam
2447 2363 2599 2419 Halis
2626 2364 2682 2419 in
2713 2365 3033 2438 Psedagogio
3056 2365 3226 2438 Regio

2408 2452 2498 2509 die
2533 2451 2599 2508 21
2626 2453 2736 2510 Mai
2768 2453 2926 2511 1841.

653 2813 1087 2898 HYMNI
1187 2812 1291 2899 s.
1392 2770 2099 2905 AMBROSIO
2190 2821 2980 2908 ATTRIBUTI.

686 3094 731 3150 Ι.
1289 3098 1573 3177 _C_hristu_ni
1603 3117 1860 3177 canamus
1888 3103 2213 3177 principem,

1288 3171 1488 3228 Natum
1513 3171 1697 3230 Marias
1723 3171 1973 3246 virginis.

1295 3268 1545 3341 Gaudete
1563 3269 1839 3341 quidquid,
1862 3271 2128 3341 gentium,

1290 3338 1499 3406 Iudaea,
1526 3338 1698 3395 Roma
1716 3338 1785 3394 et
1814 3338 2040 3409 Graecia,

1292 3409 1550 3482 Egypte,
1582 3410 1785 3478 Thrax,
1816 3411 1996 3479 Persa,
2027 3412 2253 3485 Scytha,

169 3215 421 3285 Hymnus
502 3211 565 3265 de
645 3210 932 3267 Nativitate
999 3209 1236 3269 Domini.

172 3345 222 3400 A
254 3343 393 3399 solis
421 3349 575 3397 ortus
600 3340 822 3396 cardine

172 3415 246 3471 Et
274 3428 454 3485 usque
486 3420 642 3467 terrae
674 3410 906 3467 limitem

2398 3106 2517 3165 Rex
2542 3122 2687 3165 unus
2715 3121 2906 3165 omnes
2930 3105 3189 3180 posside»

2401 3202 2639 3275 Laudate
2668 3211 2909 3259 vestrum
2936 3203 3241 3275 principem

2309 3273 2349 3329 ὅ
2400 3274 2601 3329 Omnes
2630 3274 2772 3329 beati
2800 3288 2864 3344 ac
2890 3271 3138 3344 pérditif
3166 3343 3169 3344 ν
3382 3271 3456 3328 10

2402 3343 2553 3411 Vivi,
2587 3343 2850 3399 imbecilli
2879 3343 2942 3399 ac
2972 3343 3204 3399 mortuis

2400 3414 2518 3469 Jam
2548 3429 2709 3470 nemo
2736 3421 2858 3487 post
2882 3413 3000 3471 haec
3026 3422 3296 3471 mortuus.

240 3541 286 3595 Ι.
342 3566 423 3619 -τε
471 3534 743 3619 Descripsi
781 3549 999 3619 carmen
1016 3550 1099 3616 ex
1126 3534 1749 3619 hymnario_Thomasii,
1783 3535 1827 3597 C
1856 3543 2167 3619 ptpra_ctim
2198 3537 2375 3619 lapide
2394 3539 2709 3619 comparari
2749 3539 2881 3619 satis
2908 3548 3131 3619 notum:
3170 3537 3314 3619 Eph.
3363 3556 3432 3619 r_r_,

170 3626 336 3683 quem
369 3606 429 3663 id
460 3604 741 3683 merito’in
762 3604 1264 3683 _Ambrosianorum
1297 3606 1541 3683 catalogo
1571 3622 1750 3683 recen-

169 3676 372 3745 s'uisse,
404 3694 507 3732 suo
537 3677 658 3731 loco
689 3676 960 3733 evincam.
1005 3676 1145 3732 Sane
1173 3692 1304 3731 vero
1337 3676 1395 3730 in
1425 3676 1763 3731 ecClesiasti-

168 3767 302 3808 cum
332 3765 496 3804 usum
516 3757 804 3818 receptum
833 3755 915 3802 est
942 3755 1154 3802 tantum
1185 3747 1549 3817 fragmentum
1590 3746 1762 3818 hym-

170 3820 228 3877 ni
259 3837 318 3877 ν.
377 3817 559 3884 13ο24,
616 3817 702 3872 Fit
754 3824 912 3888 porta
961 3818 1159 3873 Christi
1177 3818 1396 3941 vpervia
1453 3817 1762 3941 isolemniis

172 3889 579 3941 nuriﬁcationis
605 3888 786 3941 Marim
821 3888 910 3941 vel
939 3888 1064 3941 aliis
1093 3888 1147 3941 S.
1230 3889 1425 3941 irainis
1476 3888 1761 3941 estivitati-

210 3889 579 3946 uriﬁcationis
605 3886 786 3943 Marias
821 3888 910 3959 vel
939 3888 1064 3945 aliis
1093 3888 1147 3943 S.
1177 3886 1425 3959 Virginis
1453 3886 1761 3959 festivitati-

212 3978 278 4016 us
325 3960 657 4027 cantatum),
700 3958 846 4029 quod
892 3968 954 4015 ut
998 3975 1217 4015 carmen
1269 3950 1541 4029 integrum
1586 3966 1641 4013 et
1694 3957 1763 4013 ab

171 4029 474 4086 Ambrosio
521 4029 824 4097 profectum
875 4036 1099 4085 tuentur
1136 4029 1371 4084 editores
1409 4029 1664 4083 Maurini.
1693 4056 1765 4067 -—

174 4102 289 4157 1-4.
324 4096 535 4168 Eadem
564 4096 675 4168 fere
710 4097 879 4168 verba
924 4106 1247 4168 repetuntur
1287 4100 1346 4168 in
1400 4099 1620 4168 Hymno
1665 4097 1761 4168 Sej-

172 4168 318 4225 dulii
348 4164 734 4237 alphabetico:
768 4165 815 4218 Α
857 4164 1160 4237 solis—ortus
1186 4167 1421 4237 cardine,
1453 4164 1547 4236 qui
1572 4167 1761 4237 procul

171 4239 347 4296 dubio
387 4234 600 4307 poetam
649 4240 900 4288 nostrum
942 4234 1186 4288 imitatus
1215 4244 1314 4307 est.
1360 4234 1490 4300 Quae
1523 4234 1763 4291 consue-

172 4309 313 4365 tudo
345 4305 609 4378 paulatim
640 4319 855 4378 serpere
882 4319 945 4359 ac
972 4305 1258 4378 propagari
1282 4312 1590 4378 coeptaest,
1635 4321 1761 4361 cum

182 4321 313 4365 tudo
345 4321 609 4378 paulatim
644 4321 855 4374 serpere
882 4321 945 4359 ac
967 4321 1258 4429 propagari
1286 4321 1461 4375 coepta
1490 4321 1590 4370 εει,
1635 4321 1761 4361 cum

182 4376 597 4451 hymnographi
630 4375 772 4451 fetus
799 4391 927 4429 suos
1008 4374 1073 4451 de
1101 4374 1222 4429 ibus
1267 4374 1335 4451 de
1378 4375 1764 4451 m_eliore_nota

178 4444 568 4517 commenda—re
600 4445 1275 4517 studerentpantiquorum
1304 4444 1513 4517 lumina
1531 4452 1585 4499 et
1603 4444 1762 4501 ﬂores

178 4518 527 4576 carminibus
554 4516 881 4587 intexentes.
899 4516 1167 4587 Exemplo
1197 4522 1258 4570 ut
1278 4523 1432 4587 utar,
1456 4516 1513 4570 in
1541 4532 1760 4571 sexcen-

178 4589 253 4661 tis
282 4586 930 4661 hymnorumiexordiis,
960 4585 1237 4661 exiuiium
1272 4585 1412 4661 iliud
1453 4586 1759 4661 Fortunati,

179 4655 358 4730 Pange
389 4659 569 4730 lingua
599 4657 838 4730 gloriosi,
890 4655 1053 4728 primi
1083 4673 1271 4730 versus
1316 4658 1495 4712 locum
1528 4656 1758 4730 obtinet.

182 4729 233 4785 1.
259 4728 347 4785 Ps.
380 4728 515 4809 CXlI,
534 4728 568 4784 3
589 4746 600 4784 :
682 4728 821 4809 falis
841 4734 963 4809 ortu
984 4742 1145 4809 usque
1156 4728 1227 4781 ad
1235 4744 1481 4809 occas-am
1497 4728 1763 4809 laudabile

179 4815 389 4868 nomen,
411 4808 515 4856 etc.
552 4828 609 4838 —
647 4797 825 4853 13-16.
850 4797 1106 4868 Respexit
1129 4805 1286 4868 poeta
1302 4797 1369 4852 ad
1385 4797 1582 4855 Ezech.
1605 4814 1759 4866 xuv,

1870 3607 1973 3674 20;
2022 3609 2199 3665 ICor.
2233 3607 2317 3676 1h,
2350 3610 2449 3676 11;
2505 3607 2701 3666 I—Petr.
2734 3627 2794 3679 ιι,
2824 3609 2878 3666 4.
2928 3611 3065 3666 Item
3115 3607 3174 3664 in
3219 3607 3337 3679 ipso
3376 3610 3445 3667 N.

1870 3679 1933 3732 T.
1966 3680 2067 3752 Isa:
2101 3696 2302 3752 x_xvnr,
2341 3680 2427 3747 16,
2457 3689 2511 3736 et
2542 3680 2629 3752 Ps.
2667 3677 2951 3752 cxvir,22,
2983 3677 3263 3752 typiceiad
3290 3677 3447 3752 Chri-

1871 3756 2015 3804 stum
2043 3749 2461 3821 Redemptorem
2493 3750 2805 3821 referuntur
2834 3748 3143 3821 (Romiix,
3157 3748 3267 3821 33;
3304 3751 3445 3821 _Act.

1871 3835 1951 3892 iv,
1984 3820 2085 3892 11;
2121 3818 2313 3892 Matth.
2339 3836 2458 3892 xxi,
2485 3819 2599 3892 42).
2633 3818 2977 3892 Nequeivero
3005 3818 3259 3892 Patrist
3300 3819 3450 3875 inter

1871 3887 1973 3960 hos
2022 3888 2167 3960 ﬁnes
2200 3887 2765 3960 subsistereplacuit.
2816 3888 3143 3960 Gregoriol
3191 3888 3443 3960 Reg.irv,

1874 3958 1971 4037 Ili;
2018 3974 2076 4024 v,
2111 3958 2197 4025 12,
2245 3959 2399 4037 Iesus
2439 3957 2557 4037 sub'
2584 3959 2827 4037 lapidum
2875 3957 3249 4037 ﬁguradatere
3296 3957 3446 4037 visus

1871 4036 1988 4098 est;
2036 4043 2144 4097 prae
2174 4026 2387 4098 ceteris
2412 4036 2595 4098 gratus
2622 4026 2738 4082 erat
2777 4026 3028 4098 mysticis
3057 4026 3446 4097 interpretibus

1871 4097 2023 4152 locus
2062 4099 2198 4151 Dan.
2234 4114 2296 4163 II,
2333 4096 2433 4164 34,
2468 4104 2699 4167 apoeta
2739 4096 2926 4152 nostro
2972 4097 3030 4152 in
3074 4096 3234 4152 usum
3283 4114 3445 4154 suum

1870 4182 2200 4239 conversus;
2242 4167 2457 4239 Videbas
2504 4166 2834 4239 ita,_don_ec_
2866 4167 3156 4239 abscissus
3185 4174 3259 4222 est
3308 4169 3444 4239 lapis

1870 4239 1933 4318 de
1958 4243 2129 4318 monte
2155 4237 2264 4318 sine
2290 4237 2550 4318 manibus.
2576 4237 2716 4318 ANon
2734 4237 3018 4318 dubitant,
3067 4237 3201 4318 quin
3219 4254 3271 4318 Aa
3308 4237 3446 4318 pro-

1871 4307 2034 4379 pheta
2074 4315 2259 4380 partus
2304 4307 2922 4380 intemeratauvigginis
2963 4307 3325 4380 significatus
3346 4309 3442 4377 sit,

1908 4393 2030 4450 uiam
2061 4378 2258 4450 saepius
2287 4385 2528 4450 montem
2556 4378 2614 4450 in
2645 4378 2714 4435 V.
2746 4378 2826 4450 Τ.
2855 4379 3117 4450 appellari
3147 4378 3440 4450 afﬁrmant.

1921 4449 2050 4503 deis
2096 4447 2343 4503 eumdem
2389 4448 2709 4518 Gregorium
2765 4449 2832 4505 ad
2876 4447 3052 4518 verba;
3095 4448 3133 4518 I_
3155 4449 3284 4518 Reg.
3315 4463 3355 4513 ι,
3390 4448 3441 4515 1,

1870 4517 1978 4588 fuit
2002 4519 2087 4589 vir
2113 4518 2175 4572 de
2200 4524 2372 4573 monte
2400 4516 2703 4589 Epliraim:
2768 4540 2788 4564 ι
2817 4518 3006 4589 Potest,
3040 4516 3206 4589 hujus
3241 4516 3443 4589 montis

1870 4586 2092 4643 nomine
2114 4589 2175 4643 Β.
2198 4605 2410 4661 semper
2428 4586 2583 4660 virgo
2603 4589 2773 4645 Maria
2794 4589 2860 4643 D.
2889 4586 3127 4661 genitrix
3145 4586 3439 4657 designari:

1870 4660 2281 4731 monsuquippe
2304 4659 2449 4731 fiuit,
2506 4659 2626 4731 quae
2681 4673 2919 4731 omnem-
2946 4659 3130 4714 electae
3178 4666 3442 4731 creatura

1868 4727 2235 4785 altitudinem
2270 4727 2553 4800 electionis
2606 4745 2717 4800 suae
2771 4727 3036 4800 dignitate
3080 4727 3439 4800 transcendit.

1868 4801 1955 4856 An
1978 4816 2095 4871 non,
2112 4816 2266 4871 mons
2293 4799 2545 4871 sublimis
2573 4799 2645 4855 M.
2676 4814 2815 4871 quae,
2840 4798 2906 4853 ut
2932 4798 3001 4853 ad
3028 4798 3438 4871 conceptionem

187 4869 320 4926 1-3:
369 4871 523 4926 Dixit
555 4868 813 4940 Dominus
842 4869 914 4923 ad
940 4885 1055 4922 me:
1083 4868 1250 4940 Porta
1277 4868 1382 4922 hac
1403 4870 1588 4924 clausa
1618 4870 1754 4924 erit:
1785 4876 1833 4934 D
1863 4870 2051 4927 aeterni
2074 4870 2238 4925 Verbi
2270 4870 2616 4940 pertingeret,
2642 4868 2963 4940 meritorum
2989 4868 3250 4940 verticem
3279 4884 3441 4940 supra

181 4955 287 5021 non
314 4942 583 5021 aperieiar
609 4939 769 5021 πρὶν
796 4956 901 5021 non
931 4938 1178 4993 transibit
1202 4956 1299 5008 per
1325 4956 1460 5003 eam,
1504 4940 1758 5020 quoniam

185 5010 443 5089 Dominus
468 5012 625 5089 Deus
655 5011 827 5089 Israel
862 5010 1125 5089 ingressus
1164 5015 1242 5089 est
1263 5025 1362 5089 per
1399 5026 1533 5077 eam,
1559 5010 1757 5080 eritque

184 5081 366 5152 clausa
386 5080 639 5152 principi.
690 5080 944 5152 Princeps
970 5080 1081 5152 ipse
1107 5080 1298 5135 sedebit
1327 5080 1485 5152 inea,
1537 5089 1640 5152 etc.
1686 5111 1756 5122 —

186 5148 284 5232 14..
309 5148 442 5232 Luc.
470 5168 511 5218 ι,
544 5148 614 5207 28
638 5168 666 5232 ε.
684 5151 814 5216 Ave,
841 5148 1019 5232 giatia
1041 5152 1221 5232 plena.
1252 5149 1429 5232 —15_.
1459 5151 1755 5232 Inhyinnp

184 5216 218 5273 4
270 5220 413 5277 inter
458 5216 595 5294 quos
636 5216 983 5277 damus'ﬁne
1038 5216 1175 5276 torni
1221 5216 1759 5293 praecedentis'dixit

186 5303 396 5363 quoque
424 5308 566 5363 vers.
615 5292 681 5347 10
709 5310 722 5347 :
783 5293 1035 5348 Claustra
1062 5292 1286 5363 pudoris
1307 5297 1637 5363 permanent.
1686 5321 1758 5363 έ

218 5358 389 5433 _8._'In
434 5361 659 5433 hymno,
693 5378 856 5433 supra
887 5362 983 5419 cit.
1028 5377 1169 5417 vers.
1218 5358 1327 5433 13?
1370 5363 1658 5418 Procedens
1693 5362 1756 5433 de

187 5427 431 5503 thalamo.
478 5427 558 5473 '—
592 5432 691 5503 20.
724 5427 865 5489 Ibid.
893 5449 1034 5489 vers.
1070 5433 1166 5489 15:
1204 5432 1364 5503 Gigas
1383 5433 1598 5503 geminis
1624 5432 1755 5503 sub-

186 5502 524 5573 ffanﬁiwt—
576 5502 668 5559 21.
728 5503 889 5559 Fabr.
935 5504 1196 5573 honoret
1234 5502 1488 5573 parentis.
1542 5533 1614 5545 --
1663 5502 1751 5559 24.

185 5565 253 5643 ῌ.
292 5569 359 5630 Ε.
393 5570 480 5633 Ct.
507 5574 698 5629 resolv.
746 5602 817 5616 —
866 5573 1062 5631 25-28.
1109 5565 1391 5637 Christum
1424 5575 1484 5632 in
1511 5573 1567 5635 S.
1598 5574 1756 5638 Scri-

1865 4957 2055 4997 omnes
2088 4938 2402 5011 angelorum
2434 4938 2630 4995 choros
2662 4955 2833 5011 usque
2861 4938 2929 4995 ad
2969 4939 3169 5011 solium
3211 4938 3442 5011 Deitatis

1864 5011 2058 5067 erexit.
2098 5008 2239 5066 Hinc
2267 5010 2413 5065 enim
2443 5011 2647 5081 montis
2674 5008 3441 5081 praecellentissimamdigni-

1867 5025 2058 5067 erexrt.
2098 5025 2239 5066 tunc
2267 5026 2413 5065 enim
2443 5025 2647 5066 montis
2674 5025 3233 5081 praecenenussnmam
3262 5025 3441 5135 uigui-

1867 5089 2029 5138 tatem
2055 5082 2219 5137 Isaias
2247 5081 2552 5137 vaticinans
2580 5079 2691 5137 ait:
2742 5079 2869 5136 Erit
2894 5080 2953 5135 in
2978 5078 3278 5135 novissimis
3355 5083 3441 5134 ie-

1864 5152 1957 5208 bns
2017 5158 2358 5223 prwparatus
2436 5168 2606 5223 mons
2674 5151 2858 5223 domus
2920 5151 3138 5223 Domini
3207 5151 3265 5205 in
3326 5166 3442 5223 ver:

1866 5224 1959 5278 tice
2008 5221 2282 5278 montium.
2335 5252 2406 5263 —
2455 5221 2634 5278 33-36.
2680 5222 2749 5277 Is.
2799 5238 2932 5291 xw,
2977 5221 3043 5277 8:
3086 5223 3281 5277 Rorate
3327 5221 3443 5275 cali

1864 5294 2101 5368 desuper,
2152 5299 2199 5368 et
2225 5294 2382 5368 nubes
2406 5294 2600 5363 pluant
2615 5290 2823 5368 justum
2837 5309 2869 5368 ξ
2915 5290 3197 5368 aperiatur
3223 5298 3367 5345 terra
3392 5296 3443 5345 et

1862 5361 2113 5433 germinet
2155 5361 2503 5419 Salvatorem.
2548 5392 2620 5404 —
2662 5362 2751 5430 12,
2797 5361 2886 5419 43.
2940 5361 3023 5418 Cf.
3071 5361 3278 5433 hymn;
3314 5375 3437 5433 sup.

1864 5428 1959 5489 cit.
1991 5449 2135 5488 vers.
2170 5434 2196 5488 1
2224 5451 2236 5488 :
2278 5428 3004 5507 Veniuredemptor’genimm.
3027 5428 3214 5485 -⁷44.
3246 5428 3436 5507 sedit}.

1862 5509 1923 5557 ut
1947 5519 2341 5580 carneﬁcarnem
2370 5499 2695 5580 liberans—ne
2728 5499 3142 5580 perderetqu
3182 5499 3437 5580 condidit.

1861 5601 1935 5626 ’ψ-
1960 5572 2142 5630 45-48.
2186 5573 2403 5631 Divinas
2430 5570 2826 5634 incarnationis
2851 5570 3235 5640 admiratione,
3271 5575 3337 5627 ut
3359 5570 3440 5635 ita
