3880 6204
97 239 182 300 233

96 381 246 446 .urrus
266 365 379 446 jam
418 363 595 446 poscit
625 361 975 446 phosphorus

93 437 230 497 iadiis
257 435 500 508 rotisque
524 435 804 508 ilanimeis

93 508 199 575 ξιιοά
226 507 347 563 οωὶί
376 506 642 563 scandens
666 506 930 562 verticem

94 581 319 638 rofectus
346 595 556 634 moram
591 577 864 634 nesciens.

91 687 160 743 un
184 669 361 743 noctis
384 671 581 743 umbra
611 668 904 743 linquitur,

91 742 232 799 ’olum
262 740 436 810 caligo
465 741 688 810 deserit,

89 815 334 894 ypusque.
349 812 562 894 Christi
594 813 817 894 Lucifer

89 885 193 940 iiem
222 885 461 955 sopitum
488 885 780 941 suscitans.

87 974 165 1045 lies
191 972 401 1028 dierum
434 973 630 1045 hagius
659 989 716 1028 es

85 1044 303 1117 lucisque
331 1045 520 1100 lumen
556 1046 670 1116 ipse
704 1061 782 1113 es,

85 1115 434 1187 'num'potens
455 1132 551 1187 per
578 1115 785 1184 omnia,

86 1194 230 1243 otens
246 1186 314 1241 in
341 1186 512 1243 unum
544 1187 806 1244 Trinitas.

84 1278 117 1349 'e
139 1291 298 1349 nunc,
331 1274 602 1349 Salvator,
636 1291 953 1349 quasumus

87 1347 260 1419 ibique
286 1362 430 1417 genu
461 1347 753 1415 flectimus,

82 1418 241 1491 atrem
280 1434 407 1474 cum
434 1429 623 1475 sancto
651 1418 864 1491 Spiritu

82 1490 183 1545 ’otis
218 1506 474 1561 rogamus
504 1490 752 1548 vocibus.

80 1589 206 1647 ater,
241 1580 335 1653 qui
368 1582 537 1636 caelos
563 1581 836 1647 contines,

77 1658 322 1708 .antemus
357 1668 507 1709 nunc
537 1668 740 1708 nomen
768 1661 950 1720 tuum,

77 1721 298 1780 .dveniat
337 1739 569 1795 regnum
602 1733 761 1780 tuum

78 1794 251 1866 ‘iatque
281 1794 541 1853 voluntas
570 1803 683 1852 tua.

75 1883 173 1956 lagc,
201 1883 450 1956 inquam,
485 1886 745 1956 voluntas
768 1891 863 1941 tua

74 1953 192 2027 .'_obis
219 1953 429 2027 agenda
456 1955 716 2023 traditur,

74 2024 205 2081 imus
231 2024 421 2082 fideles
447 2027 666 2099 spiritu,

71 2104 185 2152 asto
212 2106 498 2155 manentes
527 2113 777 2170 corpore.

71 2192 218 2240 ‘anem
252 2196 506 2258 nostrum
535 2183 786 2258 quotidie

69 2262 109 2310 te
136 2257 480 2313 teedendum
513 2256 729 2322 tribue;

69 2328 254 2384 {emitte
282 2328 445 2383 nobis
474 2327 663 2384 debita

67 2397 98 2453 lt
123 2414 219 2455 nos
254 2398 462 2456 nostris
490 2398 853 2455 remittimus.

67 2485 347 2544 'entatione
373 2487 608 2544 subdola

65 2546 214 2614 nduci
251 2575 355 2616 nos
382 2575 452 2616 ne
477 2559 695 2626 siveris,

65 2628 130 2702 ed
154 2645 291 2701 puro
319 2630 483 2687 corde
507 2630 783 2702 supplices

65 2697 107 2754 'u
132 2697 230 2757 nos
254 2719 286 2759 a
314 2702 462 2760 malo
481 2697 674 2759 libera.

265 2818 837 2980 Hymnuiiiiiatutinus.

60 3001 255 3065 .‘emnus
295 3007 474 3065 noctis
500 3003 851 3065 surgentibus

59 3078 228 3133 .audes
253 3080 369 3135 Deo
394 3078 706 3136 dicentibus

59 3143 239 3223 ihijsto
258 3150 502 3223 _Jesuque
530 3147 769 3223 Domino

59 3230 85 3271 n
120 3217 623 3295 Trinitatis'gloria.

60 3303 222 3388 horus
252 3319 567 3388 sanctorum
585 3310 894 3388 psallimus,

60 3382 263 3438 ervices
291 3391 506 3439 nostras
535 3382 829 3449 flectimus,

63 3462 198 3505 enua
225 3453 628 3525 prosternimus

59 3524 239 3579 eccata
258 3524 655 3581 confitentibus

64 3622 239 3685 remus
266 3615 382 3694 Deo
400 3611 627 3739 jlliogiter,

66 3692 306 3738 ineamus
333 3699 390 3738 in
487 3700 558 3739 no
588 3699 627 3738 II

66 3683 306 3738 ineamus
333 3684 390 3738 in
408 3683 558 3739 bono
588 3683 817 3752 malum,

59 3762 144 3823 um
174 3752 360 3810 fructu
392 3754 729 3826 pcenitentiai

64 3826 209 3878 otum
240 3841 479 3897 perenne
519 3825 765 3883 reddere.

59 3903 563 3986 hristumrogemus
583 3922 637 3970 et
674 3915 889 3986 Patrem

59 3988 264 4059 luctum
292 3985 580 4059 Patrisque
610 3985 879 4058 Spiritum

60 4054 79 4128 ς
104 4049 193 4108 det
218 4055 380 4128 nobis
404 4049 699 4128 auiilium,

62 4124 310 4183 ineamus
346 4125 561 4182 hostem
593 4124 871 4181 invidum.

465 4240 608 4297 XLI.

236 4332 477 4404 Hymnus
501 4329 815 4387 matutinus.

59 4420 122 4504 iei
156 4426 278 4504 luce
304 4429 538 4499 reddita,

59 4497 199 4575 rimis
229 4511 352 4574 post
380 4497 636 4575 somnum
667 4499 900 4559 vocibus

59 4574 101 4647 pl
122 4585 389 4647 canamus
418 4574 668 4647 gloriam,

59 4632 209 4695 hristi
240 4632 458 4701 favente
493 4632 686 4717 gratia.

59 4738 105 4802 gr
134 4744 295 4801 quem
332 4732 556 4791 Creator
582 4732 834 4788 omnium

60 4808 160 4854 iem
190 4813 519 4877 noctemque
547 4803 819 4873 condidit,

79 4964 191 5024 XL.
221 5003 292 5016 —
331 4976 507 5032 Habet
536 4976 685 5031 solus
710 4973 843 5031 Cod.
879 4973 949 5029 Ο.

77 5034 214 5096 XLI.
246 5048 650 5119 __-7,Bepetitur
706 5047 765 5101 in
814 5044 1065 5119 Cod.__0.
1112 5050 1165 5098 et
1202 5043 1261 5119 i_n
1293 5043 1596 5113 Hymnario

59 5102 284 5171 homasii
325 5102 698 5173 disilsabbati.
730 5148 801 5158 —
826 5117 881 5171 4.
932 5113 1153 5179 Thom.,
1203 5102 1424 5182 fatentes
1460 5132 1597 5185 gra-
1708 5115 1797 5182 0.,

59 5192 152 5234 im.
182 5214 252 5258 ε
283 5188 367 5245 10.
398 5189 620 5258 Thom.,
653 5196 869 5243 (eterna.
901 5216 973 5226 —
1003 5185 1088 5258 11.
1125 5185 1345 5258 Thom.,
1388 5202 1479 5240 nec
1511 5202 1596 5240 or-

59 5256 382 5325 18_occidens.
410 5291 481 5301 —
508 5256 613 5316 21s.
652 5261 674 5316 Ι
717 5260 859 5316 Tim.
894 5276 972 5325 γι,
1021 5256 1118 5313 10;
1152 5256 1333 5313 Radix
1364 5258 1598 5312 omnium

59 5320 272 5402 ({ergm
299 5338 372 5386 est
399 5332 680 5402 cupiditas.

272 5432 344 5484 ἶ
386 5388 580 5458 Τιίοω.
616 5400 1076 5484 Hlynin.nethod:
1111 5402 1281 5484 O.'—
1309 5398 1399 5455 Al.
1419 5400 1481 5484 ll
1508 5399 1597 5484 in-

1030 433 1099 491 10

1032 812 1099 869 15

1027 1187 1097 1246 20

1011 2699 1082 2757 40

1004 3681 1071 3739 10

1002 4056 1068 4112 15

1099 235 1325 294 HYMNI
1362 235 1419 293 S.
1457 237 1815 297 AMBROSIO
1854 239 2271 300 ATTRIBUTI.

1156 367 1386 423 JEterna
1413 368 1529 438 lege
1557 367 1828 436 sanciens,

1157 438 1227 495 Ut
1253 437 1796 511 sempersuccedant
1825 437 1953 494 sibi.

1156 526 1239 582 Tn
1269 544 1401 583 vera
1433 529 1532 584 lux
1562 527 1835 595 ﬁdelium,

1155 598 1326 665 Quem
1359 600 1447 655 lex
1477 607 1702 655 veterna
1733 616 1842 653 non
1873 608 2041 669 tenet,
2156 601 2221 658 10

1155 670 1381 726 Noctem
1413 687 1512 727 nec
1543 680 1667 726 ortu
1697 670 1998 727 succedens

1154 742 1385 797 IEterno
1416 743 1631 814 fulgens
1659 742 1890 799 lumine.
2058 768 2061 771 η

1154 830 1391 898 Christe,
1423 847 1709 901 precamur
1737 847 1936 900 annue,

1153 902 1453 957 Orantihus
1482 903 1656 957 servis
1679 904 1791 958 tuis

1155 973 1424 1045 lniquitas
1455 972 1571 1028 haec
1592 974 1780 1030 saeculi
2152 978 2220 1033 15

1152 1045 1229 1099 Nc
1259 1053 1503 1101 nostram
1524 1046 1767 1118 captivet
1791 1046 1984 1105 fidem.

1152 1134 1273 1217 Non
1292 1135 1602 1217 cogitemus
1630 1136 1820 1217 impie,

1152 1205 1502 1261 Invideamus
1529 1205 1759 1274 nemini,

1151 1276 1287 1331 Lmsi
1326 1293 1396 1332 ne
1428 1277 1723 1349 reddamus
1753 1279 1956 1349 vicem,

1150 1349 1453 1406 Vincamus
1483 1350 1541 1404 in
1578 1348 1724 1405 bono
1760 1348 1993 1409 malum.
2144 1352 2216 1410 20

1150 1438 1310 1493 Absit
1337 1439 1541 1493 nostris
1570 1456 1638 1495 ex
1658 1439 1920 1499 cordibus

1150 1509 1253 1593 I‘r‘a,
1270 1508 1467 1591 Odolus,
1494 1510 1770 1593 superbia,

1025 1578 1096 1636 25
1149 1580 1395 1637 Absistat
1423 1578 1676 1650 avaritia,

1146 1653 1418 1709 Malorum
1448 1654 1606 1711 radix
1634 1656 1907 1713 omnium.

1147 1741 1357 1820 Vinum
1387 1752 1625 1800 mentem
1653 1762 1769 1820 non
1797 1757 2028 1820 occupet
2141 1748 2211 1806 25

1144 1813 1427 1887 Ebrietate
1458 1817 1688 1887 perpeti,

1021 1881 1092 1938 30
1144 1883 1249 1961 Sed
1277 1881 1681 1961 nostro—sensui»
1702 1897 2019 1961 competens

1144 1954 1320 2012 Tuum
1358 1956 1614 2014 bibamus
1638 1954 1922 2031 poculum.

1142 2039 1446 2116 Conservet
1470 2045 1619 2116 pacis
1648 2045 1853 2102 fcedera

1139 2111 1262 2185 Non
1280 2111 1545 2185 simulata
1572 2116 1831 2185 Charitas,
2139 2120 2208 2177 30

1141 2181 1246 2237 Sed
1274 2182 1489 2240 illibata
1516 2186 1741 2241 castitas

1142 2250 1477 2311 Credulitate
1498 2257 1728 2327 perpeti.

1016 2323 1088 2381 35
1138 2340 1423 2416 Addendis
1451 2323 1563 2399 'non
1592 2323 1664 2400 ἐίι
1702 2345 1922 2416 praediis

1139 2412 1449 2487 Malesnada
1478 2431 1692 2487 semper
1705 2412 1912 2486 fames,

1139 2483 1197 2539 Si
1220 2484 1451 2541 affluant
1476 2483 1709 2554 divitia,
1897 2483 1906 2486 ’
2133 2490 2204 2547 35

1139 2554 1423 2628 Propheta
1453 2574 1554 2613 nos
1582 2559 1824 2630 psalmus
1851 2568 2021 2633 regat.

1142 2644 1364 2717 Praesta,
1396 2646 1555 2702 Pater
1591 2647 1855 2717 ingenite,

1140 2715 1337 2790 Totum
1353 2717 1619 2790 ducamus
1640 2715 1848 2790 jugitcr

1141 2786 1361 2860 Christo
1393 2786 1667 2860 placentes
1699 2786 1850 2848 hunc
1878 2790 2024 2848 diem

1139 2857 1340 2917 Sancto
1367 2857 1563 2934 repleti
1591 2861 1824 2933 Spiritu.
2132 2862 2202 2921 40

1589 2996 1764 3054 XLII.

1375 3103 1619 3175 Hymnus
1642 3103 1958 3159 matutinus.

1133 3220 1279 3275 Deus
1312 3219 1503 3285 aeterni
1532 3219 1761 3274 luminis

1134 3289 1351 3347 Candor
1383 3290 1787 3357 inenarrabilis,

1132 3362 1413 3432 Venturus
1440 3360 1552 3416 diei
1574 3360 1749 3432 judex

1131 3431 1237 3500 Qui
1264 3433 1463 3488 mentis
1492 3429 1711 3489 occulta
1739 3429 1896 3486 vides
1925 3448 1939 3497 ;

1130 3520 1212 3575 Tu
1247 3536 1476 3591 regnum
1505 3520 1771 3591 calorum
1809 3527 1986 3588 tenes,
2158 3521 2194 3577 ὅ

1128 3592 1201 3647 Et
1229 3590 1378 3648 totus
1402 3591 1463 3646 in
1488 3590 1672 3647 Verbo
1702 3599 1763 3645 tu
1791 3607 1868 3659 es,

1128 3662 1232 3718 Per
1261 3662 1464 3719 Filium
1495 3669 1696 3718 cuncta
1724 3661 1887 3733 regis,

1129 3734 1329 3791 Sancto
1355 3733 1586 3805 Spiritui
1624 3734 1749 3788 fons
1777 3749 1854 3789 es.

1128 3824 1358 3880 Trinum
1385 3840 1586 3879 nomen
1615 3825 1726 3880 alta
1753 3823 1911 3881 vides

1126 3896 1308 3952 Unum
1338 3911 1435 3968 per
1460 3896 1649 3968 omnia
1674 3902 1888 3967 potens,
1982 3966 1990 3968 Α
2124 3897 2192 3952 10

1125 3966 1435 4039 Mirumque
1458 3983 1571 4039 per
1598 3966 1815 4038 signum
1844 3966 2023 4039 crucis

1126 4038 1209 4094 Tu
1238 4037 1417 4094 rector
1452 4037 1735 4093 immensae
1766 4038 1927 4094 lucis.

1126 4125 1208 4182 Tu
1239 4128 1430 4183 mundi
1458 4129 1790 4184 constitutor
1808 4142 1886 4183 es.

1126 4198 1225 4269 Tum
1240 4198 1295 4252 in
1325 4199 1575 4269 septimo
1597 4199 1800 4254 throno
1826 4197 2003 4265 sedes,

1125 4267 1304 4323 Iudex
1327 4266 1403 4323 ei
1425 4270 1538 4324 alto
1567 4268 1798 4324 humilis
2124 4266 2191 4323 15

1126 4338 1341 4395 Venisti
1372 4340 1486 4411 pati
1510 4355 1609 4411 pro
1633 4340 1814 4396 nobis.

1126 4427 1207 4483 Tu
1236 4426 1474 4484 Sabaoth
1514 4428 1887 4495 omnipotens,

1125 4499 1345 4555 Osanna
1372 4498 1575 4553 summi
1599 4498 1881 4565 culminis,

1127 4570 1251 4626 Tibi
1279 4571 1397 4625 laus
1426 4576 1509 4624 est
1538 4568 1830 4639 mirabilis,

1126 4641 1209 4697 Tu
1236 4657 1293 4697 es
1317 4641 1494 4713 prima
1523 4640 1806 4697 anastasis.

1125 4730 1206 4803 Tu
1228 4730 1376 4803 ﬁdei
1388 4731 1609 4803 adiutor
1627 4746 1684 4785 es

1124 4802 1196 4858 Et
1225 4801 1470 4858 humiles
1492 4811 1553 4858 tu
1585 4801 1833 4873 respicis,

3212 233 3350 293 1234

2281 367 2404 423 Tibi
2432 370 2546 425 alta
2570 369 2724 426 sedes
2759 369 3014 436 thronus,

2282 439 2403 494 Tibi
2425 440 2650 497 divinus
2679 448 2761 497 est
2789 442 2987 496 honor.

2279 528 2499 601 Christo
2528 538 2840 601 internoque
2869 530 3109 584 Domino
3270 525 3342 583 25

2278 600 2425 653 Patri
2462 617 2586 655 cum
2617 600 2804 655 sancto
2832 601 3042 670 Spiritu

2279 671 2421 726 Vita:
2442 672 2723 725 solvamus
2754 685 2982 724 munera

2276 741 2325 797 A
2360 742 2577 797 saeculis
2605 742 2664 797 in
2694 741 2912 797 saecula.

2717 853 2910 908 XLIII.

2508 944 2749 1010 Hymnus
2778 942 3089 998 matutinus.

2274 1042 2391 1097 Jam
2426 1043 2564 1098 lucis
2592 1042 2855 1114 splendor,
2876 1042 3068 1097 rutilat

2273 1114 2459 1186 Noctis
2490 1113 2689 1186 fugatis
2717 1113 2979 1181 tenebris,

2274 1185 2585 1242 Reddamus
2621 1186 2808 1241 laudes
2828 1185 3087 1253 Domino,

2272 1256 2377 1323 Qui
2412 1265 2593 1312 manet
2622 1267 2748 1314 ante
2772 1257 2989 1312 srecula.
3302 1259 3337 1314 5

2272 1346 2546 1402 Pellamus
2574 1363 2737 1403 omne
2761 1347 3014 1415 noxium,

2269 1418 2562 1474 Poscamus
2590 1436 2752 1475 omne
2784 1434 3124 1489 prosperum,

2270 1490 2537 1546 Defendat
2567 1507 2695 1546 suos
2732 1490 2965 1546 famulos

2269 1561 2463 1617 Virtus
2486 1570 2688 1619 aeterna
2710 1561 2935 1633 jugiter.

2270 1648 2338 1703 Ut
2367 1665 2459 1704 ore
2487 1650 2537 1704 ei
2571 1667 2816 1706 consono
3268 1650 3333 1704 10

2268 1720 2339 1775 Et
2367 1720 2530 1776 corde
2561 1721 2918 1777 devotissimo

2268 1790 2549 1864 Possimus
2578 1794 2730 1864 omni
2754 1801 3006 1864 tempore

2267 1861 2477 1919 Laudes
2506 1863 2707 1919 referre
2736 1861 2948 1919 debitas

2693 1982 2890 2038 XLIV.

2477 2077 2719 2148 Hymnus
2747 2078 2819 2134 ad
2846 2077 3112 2135 Primam.

2264 2171 2505 2244 Christe,
2546 2174 2813 2229 caelorum
2839 2174 3115 2244 conditor,

2263 2243 2406 2316 l_)_eus
2422 2243 2760 2316 dominator
2790 2246 3064 2316 omnium,

2260 2312 2551 2385 Placabilis
2580 2330 2680 2369 nos
2706 2316 2887 2385 aspice

2261 2382 2551 2440 Precantes
2578 2393 2703 2441 tuos
2731 2382 2988 2444 famulos.

2260 2471 2405 2544 Hora
2434 2473 2612 2543 prima
2632 2473 2938 2544 psallimus,

2255 2542 2471 2599 Laudes
2498 2545 2611 2599 Deo
2634 2542 2958 2613 referimus,

2258 2613 2365 2680 Qui
2402 2630 2600 2671 caecam
2632 2624 2849 2671 noctem
2882 2618 3120 2673 vicimus

2258 2683 2541 2742 Christum
2574 2703 2754 2759 regem
2786 2688 3139 2760 requirimus.

2255 2773 2371 2845 Deo
2399 2773 2548 2830 Patri
2571 2774 2644 2830 sit
2673 2776 2867 2845 gloria,

2256 2842 2499 2917 Ejusque
2526 2845 2629 2900 soli
2660 2839 2823 2914 Filio,

2258 2914 2395 2988 Cum
2409 2914 2636 2988 Spiritu
2665 2918 2935 2975 Paraclito
3252 2919 3317 2976 10

2256 2987 2327 3042 Et
2355 2987 2504 3043 nunc
2529 2996 2582 3043 et
2621 2988 2680 3043 in
2720 2998 3063 3061 perpetuum.

2285 3072 2474 3129 Gloria
2502 3074 2605 3129 tibi
2636 3075 2814 3144 Pater,

2306 3144 2445 3199 loria
2474 3145 2787 3216 Unigenito,

2254 3214 2375 3289 Una
2396 3232 2523 3289 cum
2549 3214 2739 3271 sancto
2762 3215 2975 3289 Spiritu
3154 3288 3165 3289 ί
3248 3218 3314 3272 15

2251 3284 2314 3340 In
2338 3287 2671 3357 sempiterna
2699 3284 2917 3342 saecula.
2946 3287 3173 3362 Amen.]

2639 3399 2646 3405 ’
2701 3401 2872 3458 XLV.

2475 3498 2715 3568 Hymnus
2738 3498 2813 3553 ad
2848 3498 3100 3555 Tertiam.

2247 3597 2366 3652 1am
2404 3598 2580 3669 surgit
2608 3598 2743 3654 hora
2770 3600 2934 3655 tertia

2247 3669 2320 3724 Et
2348 3684 2448 3724 nos
2473 3669 2675 3725 intenti
2706 3671 3004 3738 currimus,

2246 3739 2519 3813 Psallendi
2546 3757 2683 3813 opus
2700 3742 3011 3813 implemus,

2248 3809 2531 3867 Christum
2564 3809 2851 3868 laudemus
2878 3812 3200 3870 Dominum.

2247 3897 2393 3971 Hora
2424 3914 2642 3971 quoque
2661 3899 2776 3971 jam
2816 3900 2979 3954 tertia
3278 3902 3313 3956 5

2246 3967 2501 4041 Christus
2525 3967 2686 4041 cruce
2708 3986 3003 4041 suspensus
3032 3978 3133 4038 est,

2246 4039 2604 4111 Voluptatem
2634 4039 2821 4111 Patris:
2840 4040 3115 4111 implevit,

2245 4108 2438 4165 Mundi
2469 4118 2749 4181 peccatum
2776 4108 3026 4167 abstulit.

2246 4199 2580 4273 Conscendit
2607 4200 2791 4273 sedem
2821 4202 3119 4273 propriam,

2245 4269 2406 4327 Sedet
2442 4271 2511 4326 ad
2535 4271 2711 4327 Patris
2742 4269 3049 4340 dei—ueram,
3105 4269 3112 4271 ⁷
3246 4275 3311 4330 10

2246 4340 2577 4398 Collaudant
2604 4342 2791 4399 throni
2821 4344 3121 4400 Dominum

2245 4413 2418 4481 Quem
2449 4413 2642 4485 perfidi
2672 4422 3023 4487 negaverant.

2244 4501 2353 4557 Nos
2380 4500 2664 4558 Christum
2693 4504 2869 4558 Deum
2901 4501 3154 4570 colimus,

2244 4570 2602 4644 Iudicemque
2623 4587 2925 4644 speramus,

2246 4643 2416 4710 Quem
2448 4643 2726 4713 prophetae
2746 4643 3087 4711 cecinerunt,
3240 4645 3308 4701 15

2243 4713 2495 4784 Apostoli
2526 4713 2699 4769 secuti
2728 4723 2876 4770 sunt.

2244 4802 2502 4874 Egressus
2532 4803 2667 4858 hora
2693 4803 2875 4871 tertia,

1710 4974 1798 5045 0.,
1852 4974 1930 5028 Tu
1972 4990 2070 5027 rex
2102 4972 2327 5045 primus
2356 4973 2646 5041 anastasis,
2689 4974 2782 5030 sed
2825 4974 3103 5045 pertinent
3140 4975 3308 5032 verba

1708 5186 1927 5253 Thom.,
1958 5188 2084 5243 Deo.

1710 5044 1777 5099 ad
1832 5045 2002 5115 Apoc.
2052 5059 2149 5110 xx,
2198 5044 2251 5111 5,
2305 5044 2356 5101 6.
2392 5075 2461 5086 —
2491 5046 2554 5101 21
2595 5044 3091 5113 Τὴοω.,“αυάἰιον.
3122 5049 3299 5104 -23.

1860 5117 1997 5190 alue»
2028 5115 2164 5170 sedis
2202 5117 2443 5171 thronus.
2476 5147 2547 5158 —
2586 5116 2674 5174 24.
2729 5117 2819 5185 0.,
2854 5118 3067 5190 tibique.
3098 5150 3169 5161 —
3212 5120 3300 5175 23.

1780 5259 1973 5331 XLlll.
2005 5289 2076 5300 —
2106 5260 2194 5314 Ex
2223 5260 2502 5315 Thomasii
2533 5260 2858 5331 Hymnario.

1780 5330 1974 5385 xuv.
2021 5361 2091 5403 έ
2119 5332 2203 5385 Ex
2235 5332 2513 5403 Thomasii
2547 5330 2750 5403 Hymn.
2783 5333 2873 5388 Al.
2909 5332 2969 5387 ii
3004 5332 3259 5403 inscribit
3286 5352 3297 5388 ;

59 5460 252 5544 trihi‘tz-
290 5473 527 5544 Hymnus
579 5460 767 5544 quinta
821 5472 964 5543 feria
1018 5472 1283 5544 dicendas.
1315 5500 1386 5544 ἡ
1418 5469 1594 5544 8.__O.,
1708 5460 1797 5544 82.

59 5536 171 5615 ιηςιρ
223 5536 481 5615 Spiritus.
505 5536 658 5601 —'9.
692 5545 782 5600 Al.
821 5536 908 5612 11,
936 5551 1153 5615 potens;
1188 5542 1279 5608 0.,
1304 5543 1419 5615 alta
1447 5536 1594 5613 ﬁdes.

59 5626 77 5637 “
99 5602 312 5685 0.,
347 5620 402 5668 tu
431 5615 667 5685 septimo.
697 5646 768 5656 —
817 5602 907 5670 17ί
933 5602 1023 5671 ΆΙ.
1057 5616 1118 5670 11
1140 5602 1246 5685 pro
1260 5602 1597 5685 vomnip'otens

60 5671 139 5740 sit
187 5671 407 5740 homini.
454 5671 525 5726 L
572 5671 663 5743 ιε.
710 5686 929 5753 Thom.,
977 5688 1055 5744 Tu
1096 5671 1593 5747 Hosianiia.:—20.

1708 5401 1946 5469 Hymnus
1974 5401 2047 5457 ad
2079 5404 2329 5458 Tertiam.
2379 5402 2582 5459 Vocem
2601 5401 2853 5458 conditor
2882 5420 2937 5458 v.
2969 5404 2995 5457 1
3028 5420 3139 5458 om.
3174 5402 3297 5459 Vat.

1778 5541 1947 5615 XLV.
1996 5572 2066 5584 —
2095 5541 2271 5615 Habet
2315 5542 2596 5615 Thomasii
2645 5544 3007 5615 Hyinnarium
3038 5559 3108 5599 ex
3134 5543 3295 5600 Brev.

1707 5612 2075 5685 Mozarabum,
2099 5613 2194 5669 sed
2223 5613 2480 5684 plurimis
2508 5614 2643 5672 locis
2676 5612 2959 5672 vitiosum.
