3880 6204
411 238 548 295 1243

403 366 521 422 Rex
552 365 646 420 ille
675 364 808 422 dum
838 366 1173 426 fortissimus

404 438 483 512 De
512 437 706 494 mortis
736 438 1146 512 infernospecu

404 508 626 563 Patrum
660 518 909 565 senatum
938 508 1172 567 liberum

403 579 607 636 Educit
634 580 702 637 ad
733 583 860 637 vitae
890 581 1075 655 jubar.

406 671 576 746 Cujus
593 675 909 746 sepulcrum
943 673 1187 746 plurimo
1416 745 1424 746 ί
1449 743 1462 746 Α
1598 675 1732 746 Hym

405 742 645 818 Custode
663 742 920 818 signabat
944 742 1105 818 lapis,
1405 743 1471 801 10

405 814 599 871 Victor
630 814 939 872 triumphat
969 814 1020 871 et
1049 834 1148 872 suo

403 886 635 943 Mortem
666 886 919 959 sepulcro
946 890 1185 946 funerat.

405 978 499 1054 Sat
525 979 725 1054 funeri,
759 989 841 1035 sat
873 980 1157 1054 lacrymaz,

406 1050 499 1105 Sat
523 1058 604 1105 est
635 1050 825 1107 datum
856 1050 1180 1111 doloribus:

407 1121 661 1195 Surrexit
688 1124 993 1181 exstinctor
1025 1126 1197 1195 necis,
1404 1127 1471 1183 15

405 1191 616 1249 Clamat
646 1210 939 1252 coruscans
967 1191 1213 1269 angelus.

414 1284 608 1359 Tristes
632 1294 791 1359 erant
822 1289 1051 1359 apostoli

406 1356 484 1428 De
509 1355 715 1413 Christi
746 1355 942 1415 acerbo
972 1360 1185 1428 funere,

404 1425 575 1493 Quem
610 1437 783 1485 morte
806 1425 1186 1487 crudelissima

405 1497 559 1554 Servi
590 1510 850 1558 necarant
878 1502 1057 1575 impii.
1399 1503 1468 1561 20

404 1589 666 1664 Sermone
696 1608 864 1647 verax
889 1594 1113 1664 angelus

401 1662 727 1735 Mulieribus
758 1662 1087 1735 prmdixerat
1108 1682 1119 1720 :

399 1733 529 1808 hlox
552 1750 652 1808 ore
681 1733 934 1808 Christus
974 1736 1233 1808 gaudium

402 1804 563 1877 Gregi
597 1806 733 1862 feret
763 1804 1035 1865 ﬁdelium.

400 1894 487 1969 ᾼᾱ
515 1895 710 1952 anxios
728 1898 1004 1969 apostolos
1397 1900 1465 1957 25

402 1965 647 2040 Currunt
675 1965 859 2024 statim
900 1969 1033 2026 dum
1064 1969 1293 2040 nuntias,

400 2039 515 2094 Illae
546 2039 800 2096 micantis
822 2040 988 2097 obvia

401 2108 611 2168 Christi
643 2120 831 2168 tenent
861 2112 1113 2186 vestigia.

401 2199 638 2257 Galilaeaa
667 2202 735 2257 ad
762 2203 872 2258 alta
901 2205 1177 2261 montium

400 2272 468 2347 Se
490 2273 787 2347 conferunt
820 2276 1077 2347 apostoli,
1394 2276 1463 2334 30

399 2342 633 2419 J_e_suqu_e
661 2346 776 2401 voti
802 2342 1083 2419 compotes

400 2415 565 2472 Almo
595 2416 829 2473 beantur
856 2415 1086 2475 lumine.

398 2507 655 2581 Paschale
683 2509 877 2564 mundo
904 2510 1161 2581 gaudium

399 2578 491 2635 Sol
519 2581 739 2637 nuntiat
773 2578 1085 2650 formosior,

401 2652 538 2723 Cum
570 2652 691 2723 luce
720 2652 1019 2723 fulgentem
1054 2668 1201 2709 nova
1396 2654 1466 2713 35

396 2722 581 2779 Iesum
604 2722 797 2780 vident
812 2722 1077 2796 apostoli.

397 2812 459 2867 In
489 2827 650 2868 carne
672 2813 881 2871 Christi
911 2816 1145 2871 vulnera

395 2882 597 2960 Micare
626 2886 1101 2960 tanquamsidera

394 2953 757 3030 Miranturet
780 2956 1054 3030 quidquid
1080 2958 1293 3030 vident,

396 3023 583 3079 Testes
611 3023 1157 3098 ﬁdeles'praa'dicant.
1278 3023 1290 3030 ⁷
1392 3030 1462 3088 40

395 3115 513 3172 Rex
542 3114 781 3186 Christe,
813 3117 1266 3189 clementissime,

392 3237 623 3290 concita.
654 3265 727 3277 —-
754 3235 842 3291 28.
894 3237 983 3305 0.,

391 3305 551 3362 —37.
586 3306 824 3364 Clicht.:
863 3309 947 3365 Al.
996 3309 1213 3365 ostensis
1249 3309 1578 3365 vulneribus.
1633 3305 1718 3367 Cf.
1751 3307 1810 3362 in
1839 3323 1981 3364 can-

392 3376 503 3432 tico
523 3378 674 3451 Pone
700 3381 915 3446 luctum,
936 3381 1278 3451 Magdalena,
1309 3380 1515 3438 verbo:
1570 3380 1811 3450 Quinque
1863 3381 1983 3449 pla-

390 3464 484 3518 gas
513 3449 710 3522 inspice
736 3452 1005 3522 {fulgent
1035 3449 1111 3505 'en
1165 3459 1223 3505 ut
1268 3452 1595 3522 margaritis,
1658 3449 1981 3522 ornamenta

390 3534 540 3572 nova:
572 3520 710 3573 vitta.
754 3519 904 3573 Hil.i
962 3544 980 3566 ι
1035 3522 1282 3585 Quatuor
1338 3519 1405 3577 de
1465 3523 1645 3577 causis
1695 3519 1981 3576 cicatrices

392 3588 685 3661 vulnerum
718 3588 956 3661 ostendit
1010 3590 1278 3661 Dominus
1320 3599 1383 3645 ut
1428 3601 1608 3647 essent
1636 3592 1852 3661 signum
1884 3590 1979 3644 vi-

390 3656 598 3724 ctoriae,
630 3663 691 3711 ut
720 3656 976 3730 deinceps
995 3657 1062 3712 de
1092 3661 1490 3730 resurrectione
1506 3676 1618 3715 non
1635 3656 1977 3730 dubitarent,

388 3733 484 3783 aut
504 3734 565 3782 ut
589 3736 729 3784 esset
756 3727 824 3784 ad
850 3727 1064 3785 Patrem
1095 3728 1433 3787 intercessio.
1475 3756 1495 3781 ι

460 3798 854 3873 LXl.—-Cass.:
904 3826 922 3850 ι
960 3801 1064 3858 Hic
1095 3799 1339 3873 hymnus
1380 3802 1438 3858 in
1477 3801 1798 3873 vulgaribus
1829 3821 1979 3864 nunc

388 3870 959 3956 hym‘norumnlibellis
986 3890 1098 3956 non
1139 3870 1441 3956 reperitur,
1478 3870 1655 3956 neque
1714 3876 1867 3956 illius
1918 3879 1977 3956 in

390 3951 630 4020 mentem
659 3945 808 4020 mihi
829 3946 1085 4020 venisset,
1108 3945 1228 4020 nisi
1271 3963 1304 4001 a
1330 3946 1475 4004 Beda
1503 3945 1646 4003 libro
1704 3950 1883 4020 primo
1912 3950 1979 4007 de

387 4031 445 4091 re
474 4017 702 4091 metrica
746 4018 1049 4091 admonito.
1084 4018 1189 4091 Ad,
1221 4035 1344 4074 eum
1394 4027 1575 4075 autem
1621 4017 1976 4091 quaerendum

387 4087 650 4162 incitatus
677 4105 799 4162 sum
831 4090 1016 4146 verbis
1044 4090 1292 4162 ejusdem
1325 4090 1505 4159 Beda},
1535 4087 1652 4162 qui
1668 4107 1793 4146 eum
1824 4094 1976 4149 miri-

386 4156 489 4212 ﬁce
507 4160 875 4239 commendat.
906 4162 1048 4239 Nam
1064 4156 1231 4239 titulo
1280 4162 1348 4239 de
1385 4156 1701 4239 Rhythmo:
1729 4165 1977 4239 Plerum-

385 4233 737 4309 que,_inquit,
758 4233 1139 4309 casu‘guodam
1168 4235 1395 4309 invenies
1438 4233 1597 4290 etiam
1630 4235 1890 4309 rationem
1918 4236 1977 4290 in

385 4297 649 4379 rhythmo,
676 4314 790 4379 non
812 4297 1036 4379 artiﬁcis
1066 4304 1220 4358 modo
1252 4306 1459 4379 ratione
1476 4312 1704 4379 seruata,
1734 4308 1822 4363 sed
1848 4324 1975 4363 sono

386 4374 434 4423 et
459 4371 576 4440 ipsa
606 4371 970 4442 modulatione
996 4372 1228 4429 ducente.
1266 4376 1535 4442 Quomodo
1566 4371 1741 4433 instar
1763 4379 1977 4434 iambici

383 4442 540 4519 metri
563 4442 916 4519 pulcherrime
941 4441 1117 4519 factus
1144 4451 1218 4519 est
1257 4446 1481 4515 hymnus
1505 4448 1600 4503 ille
1644 4452 1970 4519 praeclarus:

385 4513 993 4598 {lex_wterne,_Domine.
1028 4515 1141 4598 Hac
1170 4513 1356 4598 itaque
1385 4513 1976 4598 commendatiohein-

385 4582 584 4641 ductus
699 4582 945 4669 absoleto
974 4587 1211 4670 quodam
1243 4582 1385 4670 libro
1413 4604 1586 4670 annos
1614 4597 1741 4670 ante
1767 4592 1843 4670 5Q
1864 4592 1978 4670 im-

386 4659 683 4732 presso(ut
714 4675 844 4716 vero
874 4659 1224 4732 simillimum
1258 4667 1339 4732 est
1369 4660 1427 4715 in
1471 4660 1775 4732 Hymnario
1806 4662 1979 4719 Colo-

385 4726 900 4801 niensilrepertum
932 4731 1289 4788 inserendum
1313 4731 1419 4788 hoc
1453 4726 1573 4788 loco
1619 4732 1776 4788 duxi.
1810 4758 1829 4781 ι
1874 4733 1981 4790 Sed

385 4814 456 4882 εξ
483 4799 1055 4882 hisrec'tehcolligitur
1083 4804 1263 4882 solum
1299 4802 1605 4882 Germanias
1657 4813 1819 4882 atque
1854 4807 1980 4882 ᾼη-

419 4870 507 4926 liaa
538 4872 707 4929 libros
733 4870 1039 4932 Cassandro
1068 4875 1137 4930 ad
1167 4892 1362 4932 manus
1388 4876 1577 4942 fuisse,
1610 4870 1746 4933 cum'
1776 4877 1834 4932 in
1868 4878 1983 4933 lta-

407 4944 770 5020 orum__libris
794 4946 1043 5020 hymnus
1074 4946 1220 5020 haud
1255 4964 1379 5020 raro
1400 4948 1722 5020 reperiatur.
1756 4949 1978 5005 Vezzosi

384 5014 527 5096 apud
548 5014 910 5096 Thomasiu'm
944 5017 1198 5096 eumdem
1252 5014 1525 5096 hymnum
1556 5036 1696 5096 _esse
1725 5020 1981 5096 suspica-

384 5087 595 5162 ρξε’,ᾳῷ
624 5087 691 5142 ab
722 5089 1025 5162 Aureliano
1054 5087 1311 5162 episcopo
1331 5089 1388 5144 in
1418 5092 1607 5162 regula
1635 5108 1732 5147 sua
1753 5087 1976 5147 citatur.

384 5154 440 5210 Si
466 5154 742 5234 rationem
759 5159 1017 5234 habueris
1044 5154 1302 5234 versuum
1327 5154 1507 5234 quosi
1541 5162 1845 5234 Grimmius
1865 5162 1978 5234 pri-

383 5242 512 5302 mus
528 5244 596 5282 ex
644 5228 768 5302 cod.
804 5230 868 5287 Ο.
920 5231 1175 5302 protulit,
1206 5228 1421 5302 poetam
1452 5233 1654 5289 festum
1693 5228 1977 5289 Paschatis

382 5298 680 5384 celebrasse
694 5301 810 5384 ‘via
837 5318 901 5384 ac
920 5298 999 5359 'ne
1028 5302 1123 5357 vix
1151 5298 1386 5384 quidem
1422 5304 1660 5384 putabis.
1720 5304 1979 5384 Spectant

383 5370 569 5453 omnia
596 5370 665 5453 ad
693 5372 1050 5453 Matutinum,
1074 5370 1259 5453 neque
1275 5374 1345 5430 ab
1373 5370 1479 5429 hoc
1494 5375 1679 5430 ofﬁcio
1703 5370 1882 5430 aliena
1897 5391 1977 5453 _re-

382 5438 683 5521 demptoris
700 5458 808 5521 per
835 5438 1043 5521 Iesum
1068 5438 1352 5521 Christum
1397 5454 1631 5521 peracta
1669 5446 1979 5501 accuratior

382 5514 673 5587 enarratio.
700 5514 903 5587 Tamen
927 5514 1033 5587 hoc
1063 5515 1279 5583 damus,
1297 5514 1415 5587 jaui
1443 5515 1827 5587 apudiveteres
1853 5524 1978 5572 octo

381 5580 634 5656 strophas
663 5583 926 5638 carminis
952 5584 1157 5656 primas
1192 5580 1503 5656 paschalem
1533 5585 1776 5656 effecisse
1803 5587 1979 5656 hym-

382 5664 516 5725 num
543 5649 661 5725 :_de
691 5668 798 5725 qua
830 5668 909 5719 re,
940 5649 1022 5725 ne
1037 5649 1215 5725 dicam
1240 5656 1319 5725 de
1339 5655 1813 5725 inscriptionibus,
1832 5649 1977 5712 nihil

381 5715 678 5777 admodum
706 5715 967 5791 superest
992 5722 1355 5780 dubitationis
1409 5715 1631 5795 propter
1657 5715 1979 5797 doxologias

1432 369 1467 426 5
1525 368 1607 422 Tu
1635 369 1801 425 corda
1828 377 2015 425 nostra

1527 1289 1625 1346 Cui
1650 1298 1758 1344 tum
1780 1289 2007 1357 imagini

1519 2443 1751 2499 Donasti
1782 2442 1837 2496 in

1419 246 1513 301 AD
1551 245 1785 303 OPERA
1822 244 1877 298 S.
1920 243 2254 302 AMBROSII
2292 244 2673 304 APPENDIX.

1526 439 1597 512 lit
1623 440 1811 512 lingua
1841 448 2017 512 grates
2039 439 2251 498 debitas

1529 510 1671 567 Vitaa
1692 510 1909 569 renatos
1939 513 2129 568 libera.

1737 690 1838 730 nus
1857 603 2173 745 (ωεὲίιξῖἰίς)
2204 674 2513 730 matutinus.

1813 748 1931 817 (Ex
1961 746 2111 803 Libr.
2144 747 2288 820 vet.)

1528 839 1573 894 Ο
1604 855 1700 893 rex
1730 846 1949 905 aeterne,
1983 838 2237 906 Domine,

1528 911 1729 966 Rerum
1760 919 1970 965 creator
1996 910 2266 978 omnium,

1525 980 1630 1048 Qui
1660 997 1778 1037 eras
1807 989 1933 1037 ante
1962 982 2161 1037 saecula

1527 1053 1751 1125 Semper
1779 1069 1903 1108 cum
1937 1054 2093 1108 Patre
2123 1052 2318 1109 Filius.

1528 1145 1632 1212 Qui
1672 1145 1865 1201 mundi
1890 1146 1946 1200 in
1976 1145 2281 1217 primordio
2553 1147 2588 1204 5

1526 1217 1699 1299 édam
1732 1216 2013 1299 plasmasti
2032 1216 2338 1287 hominem,

1525 1360 1756 1417 Vultum
1786 1359 1987 1416 dedisti
2017 1359 2277 1415 similem.

1525 1451 1695 1517 Quem
1729 1450 1983 1506 diabolus
2013 1449 2301 1521 deceperat

1525 1523 1711 1578 Hostis
1743 1521 1969 1576 humani
1992 1523 2226 1593 generis,
2520 1521 2587 1579 10

1524 1593 1695 1665 Cujus
1723 1602 1784 1649 tu
1816 1594 2048 1666 formam
2078 1593 2327 1666 corporis

1525 1666 1817 1722 Assumere
1848 1665 2104 1736 dignatus
2130 1665 2208 1721 es.

1523 1759 1592 1815 Ut
1622 1758 1901 1815 hominem
1934 1758 2026 1814 red
2035 1758 2230 1814 imeres

1524 1830 1697 1898 Quem
1727 1838 1853 1885 ante
1878 1829 2002 1901 jam,
2026 1830 2420 1901 plasmaveras,

1520 1903 1591 1958 Et
1620 1919 1719 1957 nos
1739 1903 1853 1973 Deo
1883 1900 2242 1973 conjungeres
2519 1903 2585 1960 15

1520 1974 1621 2030 Per
1640 1972 1821 2030 carnis
1848 1972 2295 2030 contubernium.

1519 2065 1693 2131 Quem
1722 2062 1931 2119 editum
1955 2079 2025 2117 ex
2057 2062 2289 2134 Virgine

1519 2135 1770 2192 Pavescit
1794 2134 1975 2189 omnis
2006 2134 2211 2201 anima,

1519 2208 1622 2264 Per
1648 2222 1810 2280 quem
1833 2215 1887 2262 et
1910 2222 2011 2261 nos
2033 2220 2313 2280 resurgere

1519 2275 1731 2336 Devo’ta
1770 2285 1953 2333 mente
1974 2275 2272 2335 credimus.

1518 2371 1623 2439 Qui
1654 2370 1815 2427 nobis
1843 2387 1943 2498 per
1970 2370 2298 2441 baptismate

1519 2443 1751 2498 Donasti
1782 2442 1837 2496 in
1884 2442 2207 2498 ulgentiam.

1884 2444 1938 2498 ul
1944 2442 2181 2513 gentiam
2190 2484 2207 2513 ,

1519 2514 1625 2582 Qui
1654 2512 1975 2570 tenebamur
1995 2512 2235 2571 vinculis

1521 2585 1698 2658 Ligati
1727 2584 2099 2642 conscientia).

1520 2675 1626 2743 Qui
1654 2692 1871 2732 crucem
1903 2683 2127 2747 propter
2154 2673 2438 2731 hominem
2514 2672 2584 2729 25
2639 2674 2709 2747 Ut
2729 2672 2916 2747 nostra
2945 2691 3103 2747 cures
3136 2672 3390 2747 vulnera,

1518 2747 1805 2819 Suscipere
1832 2747 2090 2819 dignatus
2118 2762 2194 2819 es,

1518 2818 1730 2875 Dedisti
1761 2818 1917 2874 tuum
1949 2818 2274 2890 sanguinem

1516 2891 1727 2948 Nostrae
1753 2890 1948 2945 salutis
1976 2890 2238 2962 pretium.

1516 2978 1650 3033 Nam
1674 2978 1858 3032 velum
1880 2978 2073 3048 templi
2095 2976 2328 3033 scissum
2356 2980 2440 3030 est

1516 3050 1587 3104 Et
1615 3049 1797 3104 omnis
1827 3058 1972 3104 terra
2000 3042 2261 3104 tremuit:
2509 3042 2579 3100 30

1516 3120 1669 3177 Tunc
1698 3120 1902 3176 multos
1922 3118 2319 3177 dormientium

3582 245 3713 302 1244

2642 369 3018 438 Resuscitasti,
3048 370 3313 427 Domine.

2643 460 2724 532 Tu
2754 458 2930 515 hostis
2952 458 3177 532 antiqui
3205 458 3358 514 vires

2643 530 2744 586 Per
2771 547 2987 587 crucem
3014 529 3212 586 mortis
3233 529 3504 598 conteris,

2643 602 2759 669 Qua
2779 618 2878 658 nos
2906 602 3109 672 signati
3138 601 3426 658 frontibus
3650 602 3719 659 35

2643 673 2926 731 Vexillum
2965 673 3093 730 ﬁdei
3126 674 3381 730 ferimus.

2115 368 2281 439 sside,

2643 767 2724 821 Tu
2744 767 2901 821 illum
2927 765 3146 838 agnobis
3164 781 3383 838 semper

2642 839 2921 910 Repellere
2947 836 3288 910 dignaveris,

2641 908 2736 966 Ne‘
2749 926 2990 981 unquam
3021 910 3193 980 possit
3218 908 3418 965 lzedere

2642 976 2968 1052 Redemptos
2997 976 3097 1036 tuo
3135 981 3425 1052 sanguine.
3653 976 3720 1032 40

2641 1081 2746 1147 Qui
2776 1087 2997 1151 propter
3026 1097 3130 1136 nos
3158 1078 3228 1134 ad
3255 1078 3464 1134 inferos

2642 1151 3268 1232 Descenderedignatus
3295 1167 3371 1218 es,

2641 1225 2711 1281 Ut
2749 1224 2944 1279 mortis
2969 1223 3318 1279 debitoribus

2640 1296 2782 1353 Vita:
2814 1294 3050 1351 donares
3083 1310 3334 1350 munera.

2641 1386 2764 1442 Tibi
2792 1394 3065 1442 nocturno
3094 1395 3365 1457 tempore
3639 1384 3713 1442 45

2642 1460 2923 1529 Hymnum
2951 1455 3231 1513 deflentes
3248 1455 3513 1524 canimus,

2640 1532 2865 1602 Ignosce
2890 1529 3073 1602 nobis,
3096 1529 3350 1602 Domine,

2640 1600 2862 1675 Ignosce
2891 1600 3309 1657 conﬁtentibus.

2638 1691 2779 1759 Quia
2802 1700 2865 1747 tu
2893 1692 3009 1763 ipse
3039 1692 3196 1748 testis
3227 1699 3281 1746 et
3295 1690 3493 1762 judex,

2639 1764 2811 1830 Quem
2842 1762 3004 1819 nemo
3025 1772 3204 1835 potest
3224 1763 3431 1831 fallere,
3649 1762 3719 1819 50

2639 1836 2858 1891 Secreta
2883 1835 3231 1891 conscientia:

2636 1908 2847 1963 Nostra:
2872 1906 3062 1963 videns
3091 1907 3343 1979 vestigia.

2638 1996 2721 2051 Tu
2740 2006 3046 2052 nostrorum
3068 2004 3358 2067 pectorum

2640 2068 2801 2123 Solus
2830 2068 3174 2139 investigator
3193 2083 3271 2134 es,

2639 2139 2719 2194 Tu
2751 2137 3054 2194 vulnerum
3073 2139 3358 2194 latentium
3649 2137 3720 2193 ὢ

2638 2211 2824 2267 Bonus
2852 2211 3113 2267 assistens
3136 2209 3402 2265 medicus.

2513 2276 2583 2334 20
2638 2299 2721 2355 Tu
2747 2315 2805 2355 es
2833 2300 2927 2371 qui
2957 2306 3110 2356 certo
3140 2305 3387 2371 tempore

2635 2370 2878 2428 Daturus
2902 2371 3071 2427 tinem
3094 2370 3309 2435 saeculi,

2637 2442 2717 2521 Tu
2746 2450 3077 2521 cunctorum
3112 2439 3325 2497 meritis

2634 2513 2825 2569 Justus
2854 2512 3240 2569 rémunerator
3268 2529 3348 2567 es.
3637 2512 3707 2567 60

2638 2602 2711 2658 Te
2739 2619 2887 2674 ergo,
2920 2611 3132 2671 sancte,
3163 2617 3481 2674 quaesumus

2637 2745 2743 2812 Qui
2765 2761 2822 2800 es
2851 2762 2977 2801 cum
3008 2746 3170 2800 Patre
3204 2746 3379 2801 Filius

2637 2816 2861 2889 Semper
2888 2833 3015 2873 cum
3045 2825 3236 2873 sancto
3263 2816 3496 2890 Spiritu.

2776 2925 3039 2995 Ejusdem
3056 2927 3242 2996 hymni
3258 2926 3373 2982 alia
3395 2927 3563 2982 lectio.

2897 3016 3008 3088 (Ex
3039 3016 3202 3072 Brev.
3230 3016 3421 3087 Rom.)

2636 3113 2754 3171 Rex
2783 3115 3117 3186 sempiterne
3147 3114 3419 3183 coalitum,

1042 3239 1302 3293 osculant.
1339 3267 1410 3280 --
1437 3235 1525 3293 30.
1574 3235 1666 3305 0.,
1730 3236 1977 3292 Galilara.
2009 3238 2060 3298 Α
2092 3234 2373 3305 paschales
2388 3230 2623 3305 carmini
2652 3245 2925 3305 annexus.
2963 3230 3134 3286 Brev.
3159 3231 3475 3305 Romanum
3508 3238 3570 3287 ut
3596 3231 3700 3289 ho-

2130 3307 2178 3362 ie
2207 3313 2307 3373 est,
2321 3304 2533 3370 electis,
2554 3301 2780 3373 strophe
2798 3302 3007 3373 prima,
3036 3301 3300 3369 secunda,
3325 3302 3516 3367 tertia,
3531 3313 3700 3373 sexta,

2090 3378 2339 3449 septima,
2372 3382 2587 3449 octava,
2618 3373 2935 3449 composuit
2980 3390 3212 3449 carmen
3262 3373 3545 3449 paschale,
3575 3376 3702 3432 reci-

2088 3444 2317 3505 tandum
2354 3445 2643 3503 Dominica
2698 3444 2760 3501 in
2788 3445 2954 3502 Albis
2984 3444 3053 3500 ad
3119 3444 3458 3501 Matutinum
3488 3454 3546 3502 et
3593 3455 3703 3503 toto

2093 3528 2332 3590 tempore
2364 3518 2604 3590 paschali
2634 3533 2806 3590 usque
2835 3516 2904 3590 ad
2937 3516 3498 3590 Ascensionem.—l.
3520 3518 3698 3586 Fabr.,

2087 3608 2117 3645 ο
2146 3587 2264 3662 rem,
2294 3587 2497 3662 reliqui
2528 3604 2640 3645 om.
2689 3587 3156 3662 interjectionem.
3190 3588 3250 3645 Si
3308 3588 3555 3644 insolita:
3577 3606 3699 3662 erga

2087 3659 2808 3733 Fabriciumfobservantim
2853 3659 3092 3733 requiris
3124 3676 3394 3733 causam,
3454 3659 3689 3717 metrum

2086 3733 2349 3789 carminis
2377 3732 2481 3788 tibi
2512 3731 2571 3804 in
2600 3738 2853 3804 mentem;
2880 3730 3086 3787 veniat.
3118 3732 3308 3804 Neque
3336 3730 3396 3804 id
3426 3748 3689 3804 opponas,

2088 3820 2174 3860 me
2206 3804 2461 3860 metricas
2514 3803 2659 3874 leges
2715 3802 2860 3874 apud
2922 3810 3110 3874 poetas
3156 3802 3519 3861 Christianos
3560 3805 3692 3859 alias

2086 3876 2384 3947 saepissime
2438 3874 2724 3947 neglectas
2788 3882 3152 3947 conquestum
3226 3890 3368 3947 esse._
3415 3874 3697 3930 Probatur

2085 3943 2233 4002 enim
2258 3945 2416 4017 Beda:
2445 3943 2784 4017 testimonio,
2816 3943 2967 4017 hunc
2992 3946 3261 4017 hymnum
3303 3969 3322 3992 ι
3352 3943 3549 4001 instar
3570 3948 3697 4001 iam-

2085 4018 2196 4074 bici
2249 4016 2404 4072 metri
2457 4015 2832 4088 pulcherrime
2890 4015 3118 4088 factum
3177 4031 3399 4088 esse.)
3449 4016 3695 4088 Accedit

2085 4090 2253 4145 altera
2281 4086 2475 4154 causa,
2498 4086 2645 4160 quod
2693 4087 2925 4142 librarii
2962 4086 3033 4143 ad
3080 4086 3363 4160 scribendi
3422 4087 3696 4160 licentiam

2084 4160 2219 4216 adeo
2246 4160 2405 4215 liberi
2428 4158 2671 4225 fuerunt,
2713 4167 2774 4215 ut
2809 4168 3163 4215 commntum
3211 4158 3392 4214 initiis
3421 4159 3695 4215 interdum

2085 4232 2171 4310 vel
2206 4231 2414 4287 litteras
2444 4231 2618 4310 otiose
2646 4229 3026 4310 appingerent
3054 4230 3145 4310 vel
3184 4229 3353 4310 etiam
3379 4229 3691 4310 demet-erit.

2084 4304 2202 4360 Stat
2231 4319 2261 4357 a
2288 4310 2477 4358 nostra
2504 4300 2777 4357 sententia
2805 4302 3021 4357 Santen
3067 4300 3138 4373 ad
3187 4301 3438 4373 Terent,
3465 4318 3522 4373 p.
3560 4300 3690 4357 186:

2100 4400 2117 4424 ι
2145 4374 2332 4431 Malim
2362 4390 2488 4431 cum
2518 4373 2857 4442 Hieronymo
2913 4388 3018 4427 van
3074 4371 3299 4444 Alphen
3354 4371 3693 4444 interiectio-

2084 4463 2210 4503 nem
2239 4445 2442 4501 addere
2471 4463 2501 4500 ο
2529 4460 2648 4510 rex,
2680 4453 2911 4500 accentu
2952 4443 3165 4499 rectius
3184 4451 3407 4499 servato
3469 4443 3694 4499 acataleo

2082 4527 2200 4576 ctos
2228 4516 2587 4574 constituens.
2618 4539 2636 4563 ι
2680 4513 2838 4586 Quod
2856 4514 2912 4570 in
2947 4513 3329 4586 superioribus
3362 4515 3590 4570 notavit
3616 4513 3693 4569 di-

2010 4597 2057 4656 B
2084 4599 2284 4647 metros
2303 4587 2646 4644 catalecticos
2700 4585 2863 4654 eilici,
2920 4585 3151 4657 legendo
3179 4585 3438 4653 omnium,
3470 4587 3689 4653 meum,

2087 4662 2232 4735 ﬁlius
2262 4657 2770 4735 duabussyllabis,
2820 4658 2878 4712 in
2932 4666 3122 4735 nostro
3169 4658 3422 4735 carmine
3468 4657 3693 4735 minime

2090 4727 2255 4801 valet,
2311 4732 2503 4802 procul
2552 4727 2727 4802 dubio
2778 4728 3312 4802 acatalectico_.—3.
3366 4728 3459 4796 0.,
3524 4730 3692 4802 quies

2087 4812 2207 4861 ante
2227 4799 2369 4867 $036.;
2401 4802 2549 4859 Cass.
2583 4800 2717 4867 Hil.,
2740 4816 2792 4853 es
2821 4805 2886 4853 et.
2918 4800 3079 4855 -15.
3114 4800 3179 4856 Ο.
3218 4815 3358 4867 om.,
3391 4805 3458 4854 et.
3495 4830 3561 4841 —
3601 4799 3687 4855 21.

2089 4877 2273 4941 Fabr.,
2301 4873 2493 4943 quique
2521 4870 3059 4943 nobisrgThomuper
3086 4871 3433 4943 baptismata;
3466 4870 3682 4943 reliqui,

2090 4887 2273 4941 r‘abr.,
2301 4890 2493 4943 quique
2521 4887 2669 4928 ηοοιε
2691 4888 2711 4934 ;
2738 4887 2957 4938 'l‘nom.,
3001 4888 3059 4924 er
3086 4887 3153 4927 0a
3195 4887 3433 4935 mmora;
3466 4887 3682 4943 reliqui,

2083 4945 2544 5022 per‘haptismum.
2575 4974 2646 4984 —
2668 4887 3044 5022 39:§i:mSo_i_it_s
3070 4888 3194 5022 cod).
3226 4942 3293 5022 0ἶ
3325 4942 3601 5022 continet.
3625 4969 3688 4982 —-

2088 5012 2488 5075 29-32.Matth.
2521 5030 2704 5080 xxvu,
2732 5012 2917 5079 51-53,
2940 5014 3014 5068 Et
3064 5014 3236 5068 velum
3276 5013 3458 5084 templi
3478 5013 3687 5067 scissum

2087 5095 2226 5145 est...
2255 5094 2302 5143 et
2332 5094 2476 5142 terra
2496 5091 2634 5141 mota
2663 5091 2801 5140 est...
2835 5090 2882 5138 et
2910 5086 3080 5140 multa
3104 5101 3360 5155 corpora
3389 5090 3685 5155 sanctorum

2087 5159 2536 5243 quidermierant
2558 5162 3082 5243 νεξέςιιννςεπτωίιῃξςήΔ
3096 5153 3167 5211 45
3181 5153 3306 5227 sqq.
3331 5154 3686 5243 Ροξξιεξθῂὶο

2088 5222 2288 5308 incipit
2318 5230 2563 5308 hymnus
2578 5226 2832 5308 proprius
2859 5225 2928 5307 ad
2949 5222 3493 5308 Nocturnum—49.
3516 5226 3682 5281 Grim-

2088 5296 2232 5359 mins
2260 5296 2383 5356 vult
2404 5300 2507 5371 legi
2531 5318 2553 5371 :7
2578 5296 2747 5371 'quia
2788 5304 2843 5353 tu
2883 5298 2995 5371 ipse
3032 5296 3208 5371 judea:
3264 5314 3348 5371 es,
3373 5312 3682 5371 quanquam

2086 5374 2356 5430 interpres
2384 5368 2688 5428 theotiscus
2735 5368 2851 5424 haec
2880 5368 3043 5425 habet
3073 5369 3263 5423 thanta
3313 5368 3409 5422 ἀεί
3428 5368 3573 5424 selbo
3602 5384 3683 5421 ur.

2085 5438 2413 5500 chundo‘inti
2439 5442 2665 5497 suanari
2687 5441 2824 5511 pisi:
2856 5439 3036 5495 voluit
3063 5439 3130 5494 V.
3180 5440 3250 5495 D.
3303 5448 3489 5511 metro
3516 5438 3682 5511 mede

2086 5516 2194 5571 lam
2223 5515 2435 5572 alferre.
2456 5514 2587 5580 Quae
2602 5509 2784 5568 tamen
2802 5510 2984 5582 verbis
3000 5510 3438 5582 poeteeintegris
3457 5509 3679 5582 minime

2086 5603 2228 5658 opus
2252 5594 2351 5641 est.
2382 5586 2520 5641 Nam
2549 5584 2678 5658 quia
2705 5580 3205 5658 smpisshne‘hapud
3236 5580 3434 5658 poetas
3469 5580 3684 5658 acrioris

2085 5649 2263 5729 aetatis
2290 5664 2371 5729 est
2401 5649 2871 5729 monosyllabuml
2890 5651 2974 5729 Cf:
3017 5649 3189 5706 Barth
3206 5696 3217 5707 .
3237 5649 3594 5729 ‘ad_Coripp.
3622 5649 3685 5706 de

2087 5727 2258 5786 Laud.
2290 5728 2430 5784 Just.
2463 5744 2527 5793 II,
2560 5723 2678 5782 109.
2709 5754 2777 5766 --
2806 5723 2895 5781 53.
2946 5723 3254 5794 lnterpres:
3310 5724 3411 5780 tim
3455 5723 3684 5781 inserere
