3922 6442
574 422 631 475 ll
1413 409 1958 476 SUPPLEMENTUM
1992 409 2079 466 AD
2117 407 2430 464 ORIGENIS
2469 407 2873 463 EXEGETICA.
3695 406 3759 461 12

567 537 940 593 commendata.
973 531 1182 587 Accedit
1206 530 1340 586 illud
1362 528 1498 600 quod
1519 536 1567 582 et
1597 529 1656 582 in
1679 524 1978 580 Nannianis
2009 525 2291 606 codicibus,
2309 540 2525 606 quorum
2557 503 2821 594 catologus
2846 524 2983 577 brevi
3001 519 3452 593 prodibit,eadem
3479 519 3760 590 aliquando

559 638 841 686 recurrunt
872 626 1083 681 totidem
1105 624 1293 687 verbis,
1319 631 1368 676 et
1402 622 1668 676 universus
1696 605 2079 676 commentandi
2105 623 2286 676 modus
2321 623 2594 692 Origenem
2626 623 2811 691 ubique
2835 621 3028 674 redolet
3053 637 3114 673 ac
3132 619 3335 688 prodit.

633 719 779 773 Illud
806 732 1006 786 quoque
1025 716 1090 770 ad
1117 712 1612 768 commendationem
1643 711 2050 780 fragmentorum
2071 715 2258 766 horum
2288 711 2494 768 silentio
2523 729 2624 765 non
2663 723 2737 766 est
2770 712 3208 779 prwtereundum,
3238 708 3383 778 quod
3415 716 3608 776 prteter
3644 723 3764 759 eru-

567 811 675 864 dita
699 807 883 871 multa,
909 823 999 861 nec
1031 805 1155 858 alibi
1184 803 1404 872 fortasse
1423 801 1754 864 invenienda,
1781 803 2021 872 dogmata
2045 804 2201 856 etiam
2231 802 2528 856 Christiana
2555 803 2801 855 adversus
2836 817 3162 869 aggressores
3197 815 3382 852 eorum
3427 797 3653 865 feliciter
3679 815 3764 851 as-

559 910 825 955 seruntur.
855 897 1022 969 Primi
1045 894 1244 965 generis
1269 893 1427 960 fuerit
1453 893 1583 946 illud
1606 893 1743 953 quod
1769 892 1895 960 legis
1923 895 1990 947 ad
2030 889 2221 946 Matth.
2253 908 2367 959 cap.
2407 907 2577 954 xxvtt,
2605 909 2652 946 v.
2689 892 2784 950 l7.
2819 891 3071 944 Bai-abba:
3113 905 3302 943 nomen
3349 888 3519 954 fuisse
3559 884 3761 952 Iasum,

566 995 741 1061 itaque
771 992 952 1060 legisse
977 988 1321 1043 vetustissima
1351 985 1670 1051 exemplaria
1694 998 1714 1035 :
1747 985 1914 1052 Quem
1947 987 2108 1039 vultis
2144 987 2210 1040 de
2249 985 2332 1039 his
2361 971 2566 1039 duobus
2591 985 2853 1038 dimittam
2891 982 3282 1038 vobis?.lesum
3319 981 3650 1042 Barahbam,
3683 983 3763 1036 vel

566 1086 746 1141 Jesum
775 1084 868 1152 qui
901 1083 1094 1137 dicitur
1119 1079 1399 1134 Christus?
1421 1077 1550 1140 Quce
1574 1093 1698 1130 sane
1727 1077 1880 1129 lectio
1906 1078 2106 1130 videtur
2125 1077 2276 1130 modo
2304 1077 2547 1146 loquendi
2579 1076 2900 1145 evangelista
2922 1075 3004 1128 hic
3038 1083 3295 1142 usurpato
3327 1074 3617 1127 admodum
3645 1090 3763 1126 con-

564 1176 943 1246 gruentissima.
973 1171 1103 1225 Item
1128 1171 1259 1224 illud
1291 1169 1436 1223 Psal.
1462 1183 1646 1231 xxxvr,
1671 1185 1718 1221 v.
1757 1168 1850 1231 24,
1877 1171 1961 1221 ubi
1993 1169 2207 1232 dicitur,
2237 1169 2290 1221 in
2318 1169 2568 1234 agonibus
2603 1167 2882 1235 aliquando
2910 1167 2996 1234 qui
3033 1167 3172 1218 cadit
3220 1165 3445 1218 vincere
3493 1164 3616 1216 trin.
3651 1162 3785 1230 Quo-

563 1269 776 1328 miri/ice
790 1281 966 1320 eorum
993 1265 1242 1318 sententia
1267 1262 1626 1328 confirmatur,
1645 1263 1734 1330 qui
1758 1263 1939 1314 docent
1964 1265 2031 1314 ad
2053 1261 2376 1328 referendam
2399 1261 2626 1330 palmam
2647 1261 2875 1313 victoria!
2890 1261 2944 1312 in
2965 1260 3218 1328 agonibus
3245 1257 3510 1310 athleticis
3535 1269 3613 1309 ter
3639 1273 3763 1322 opus

559 1355 722 1422 fuisse
751 1353 1028 1421 proﬂigare
1069 1351 1443 1413 adversarium,
1473 1348 1536 1400 de
1565 1365 1666 1416 quo
1699 1349 1933 1400 nonnulli
1954 1349 2210 1401 immerito
2229 1349 2469 1401 dubitant
2499 1349 2637 1414 apud
2668 1348 2913 1402 Poterum
2944 1348 3055 1401 loco
3086 1365 3117 1401 a
3147 1348 3300 1402 nobis
3330 1349 3402 1400 ad
3427 1348 3578 1400 illum
3605 1348 3764 1400 versi-

561 1445 734 1500 culum
769 1443 1008 1494 excitato.
1033 1439 1172 1504 Quid
1198 1440 1316 1491 item
1347 1440 1410 1490 sit
1451 1438 1820 1508 στηλογραφὶα
1873 1442 1924 1492 in
1969 1439 2119 1490 titulo
2141 1438 2274 1505 psal.
2301 1454 2388 1500 xv,
2417 1447 2463 1491 et
2489 1440 2575 1505 qui
2595 1439 2714 1507 ejus
2737 1456 2861 1492 usus
2891 1441 3026 1506 apud
3051 1447 3268 1503 veteres,
3292 1455 3359 1492 ea:
3386 1439 3531 1492 hisce
3555 1439 3764 1491 scholiis

557 1545 792 1604 apparet.
821 1533 1107 1587 Sinceritas
1132 1547 1330 1599 quoque
1377 1548 1436 1583 ac
1474 1528 1761 1600 γνησιότης
1796 1532 2038 1585 versiculi
2065 1532 2128 1584 de
2160 1533 2345 1584 sudore
2365 1530 2560 1585 Christi
2597 1533 2856 1586 stabilitur
2881 1549 2899 1585 :
2929 1549 3042 1602 quia
3067 1533 3309 1585 similiter
3339 1531 3764 1598 conﬁrmaturea:

559 1643 704 1697 teque
748 1637 942 1680 vetusto
981 1627 1274 1692 interprete,
1297 1636 1353 1676 ut
1393 1628 1445 1678 in
1472 1625 1720 1693 Dionysio
1749 1625 2106 1678 Alexandrino
2137 1626 2391 1678 diximus.
2427 1624 2754 1678 Variantium
2798 1641 2998 1694 quoque
3046 1625 3330 1678 lectionum
3363 1625 3500 1678 bona
3527 1639 3692 1692 seges,
3715 1632 3763 1675 et

559 1717 886 1772 Samaritani
913 1718 1106 1772 codicis
1140 1720 1424 1770 auctoritas
1447 1718 1726 1771 identidem
1761 1719 1905 1770 nobis
1940 1720 2267 1786 proponitur,
2300 1729 2356 1772 ut
2391 1727 2581 1773 caetera
2607 1720 2763 1771 missa
2788 1719 3070 1788 faciamus.

640 1812 896 1881 Dogmata
919 1813 1040 1879 ﬁdei
1065 1811 1402 1875 Christianae,
1431 1812 1727 1865 traditionis
1748 1813 1870 1866 item
1909 1812 2294 1876 ecclesiasticte,
2333 1823 2380 1866 et
2416 1827 2522 1867 non
2553 1813 2764 1881 scripta;
2791 1813 3105 1866 exstantium
3138 1829 3203 1864 ac
3246 1815 3524 1866 veritatem
3550 1828 3642 1878 fer
3661 1812 3761 1865 hu-

552 1902 790 1970 jusmodi
815 1903 1100 1972 fragmenta
1133 1903 1394 1956 cumulate
1423 1903 1726 1970 conﬁrmari
1761 1921 1822 1957 ac
1851 1905 2078 1958 stabiliri
2100 1905 2278 1974 liquet.
2301 1909 2466 1959 Deum
2493 1921 2606 1960 esse
2626 1907 2983 1974 incorporeum
3004 1915 3051 1958 et
3075 1921 3193 1974 qua:
3213 1905 3566 1972 corporaliter
3589 1907 3652 1960 de
3671 1906 3762 1958 illo

541 1997 823 2060 “dicuntur,
871 2007 925 2050 ut
977 1997 1136 2049 Deum
1169 1997 1378 2050 addecet
1407 2013 1515 2050 esse
1545 1997 1899 2066 intelligenda,
1937 1998 2175 2067 nihilque
2213 1999 2335 2052 inde
2351 1998 2530 2066 juvari
2572 1998 3221 2067 Anthropomorphitarum
3258 1999 3486 2060 delirio,
3515 2007 3656 2063 patet
3701 2013 3764 2050 ea:

542 2091 776 2144 ‘scholiis
802 2092 854 2144 in
875 2092 1012 2160 psal.
1036 2105 1155 2156 xm,
1184 2109 1230 2147 υ.
1259 2091 1317 2145 2.
1342 2091 1437 2145 Dei
1462 2092 1928 2159 providentiamad
1957 2095 2172 2148 minima
2195 2110 2406 2164 qumque
2429 2110 2486 2148 se
2513 2095 2806 2158 extendere,
2841 2103 3042 2146 constat
3071 2110 3137 2147 ea:
3149 2095 3554 2148 commentariis
3584 2095 3637 2144 in
3661 2092 3760 2146 ,Ιοὸ

557 2197 652 2248 ιι,
679 2183 734 2237 3.
765 2186 876 2238 Vim
913 2202 974 2238 ac
999 2188 1353 2240 necessitatem
1377 2187 1579 2254 gratim,
1603 2185 1894 2240 libertatem
1918 2188 2038 2240 item
2061 2187 2291 2254 arbitrii,
2320 2188 2512 2257 passim
2551 2187 2910 2243 commendata
2935 2188 3190 2241 invenies.

557 2332 3732 2376 m

1275 2481 2195 2611 ΩΡΙΓΕΝΟΥΣ
2297 2473 3028 2609 ΕΚΛΟΓΑΙ

1637 2717 1802 2801 ΕΙΣ
1839 2718 2061 2800 ΤΗΝ
2099 2715 2555 2799 ΓΕΝΕΣΙΝ
2593 2707 2699 2793 (υ.

933 3007 1525 3098 "ORIGENIS
1591 3001 2511 3096 ADNOTATIONES
2586 3001 2700 3086 IN
2784 2993 3345 3085 GENESIM.

1730 3193 1825 3254 (Ex
1853 3191 2157 3241 Bibliotheca
2179 3185 2529 3247 Gallandiana.)

2123 3324 2195 3337 .—
3770 3303 3777 3334 l

1185 3409 1332 3464 CAP.
1370 3408 1479 3462 VII.

2792 3398 2865 3467 (5)
2894 3398 3044 3448 xm.
3080 3399 3154 3448 z'.

541 3497 628 3556 ἽΙ.
662 3501 714 3554 4.
750 3499 861 3570 Ego
885 3501 1087 3552 adduco
1111 3498 1505 3570 pluviamsuper
1533 3501 2095 3570 te_rram_quadraginta

2205 3497 2342 3570 Dux.
2373 3491 2434 3545 δ’.
2481 3488 2624 3570 Ἐγῲ
2656 3488 2849 3570 ἐπάγω
2883 3487 3058 3570 ὑετὸν
3084 3485 3221 3555 (ἐπὶ)
3250 3487 3364 3570 τὴν
3389 3489 3507 3556 γῆν
3535 3507 3751 3570 terra“,

761 3555 872 3633 ,νει
915 3555 1260 3635 quadraginta
1313 3555 1501 3619 noctes.
1559 3565 1627 3618 Et
1663 3555 1837 3620 delebo
1898 3555 2097 3621 omnem

2262 3555 2523 3635 pama
2552 3555 2787 3635 ξήμέρας(
2803 3594 2848 3632 ,θ
2866 3555 2963 3606 καὶ
3011 3555 3462 3635 τεσσαράκοντα
3509 3562 3751 3635 νύκτας.

609 3622 1062 3711 ἐπιιιᾷννοειὶῥηεηι
1101 3622 1198 3711 (ᾖ),
1231 3649 1384 3702 quam
1417 3635 1538 3701 feci,
1578 3653 1610 3688 a
1650 3635 1783 3702 facie
1823 3638 2096 3701 terrte,ab

2262 3622 2399 3711 ᾙαὶ,
2423 3622 2717 3711 ἐξαλεῐιῧςω
2749 3622 2982 3711 adeo:
3169 3623 3582 3711 éEqrdcrag-u‘r
3605 3670 3651 3711 ,Α
3675 3622 3754 3711 ἠν

630 3709 837 3761 homine
857 3694 1427 3773 adusquej'u'me'ntum.‘
1525 3694 1534 3699 ⁷
1650 3694 1660 3702 ’
1994 3694 2008 3701 ’

2266 3699 2539 3778 ἐποίῃσα,
2567 3694 2682 3749 ἀπὸ
2713 3694 3028 3760 προσώπου
3063 3694 3172 3760 τῆς
3213 3694 3346 3765 γῆς,
3386 3697 3508 3749 ἀπὸ
3537 3694 3754 3764 ἀνθρώ-

2263 3780 2377 3820 που
2403 3783 2511 3829 εως
2539 3763 2810 3829 κτήνους.

2263 3780 2377 3820 που
2403 3783 2511 3830 εως
2539 3780 2810 3829 κτηνους.

2267 3857 2331 3910 Τί
2361 3857 2555 3926 δήποτε
2585 3852 2662 3923 τῷ
2691 3851 3050 3921 κατακλυσμῷ
3072 3851 3141 3904 τὰ
3165 3851 3274 3904 τῶν
3297 3853 3596 3922 ἀνθρώπων
3619 3855 3753 3923 πλή-

2199 3947 2265 4016 Θη
2310 3945 2608 4014 διέφθειρεν
2645 3961 2660 4008 ;
2707 3942 3009 4010 Ἐξαλεῖψαι
3047 3941 3141 3992 τοῦ
3172 3937 3312 3995 Κάῖν
3343 3943 3404 3994 τὸ
3449 3944 3606 4010 γένος
3632 3944 3754 4012 ἠθέ-

635 3856 868 3909 Curnam
910 3853 1112 3908 diluvio
1155 3850 1427 3904 hominum
1499 3849 1866 3905 multitudines
1917 3851 2094 3920 perdi-
2149 3881 2159 3891 -

561 3943 880 3998 dit?Delere
910 3941 1058 3996 Caini
1105 3956 1267 4010 genus
1303 3940 1466 3993 voluit
1505 3956 1519 3992 :
1553 3941 1828 3994 coannista
1869 3954 1989 3993 cum
2036 3953 2100 3994 eo

567 4033 742 4088 fuerat
796 4034 999 4101 piorum
1072 4045 1281 4102 quoque
1331 4030 1502 4084 tribus
1541 4047 1555 4085 :
1602 4040 1882 4099 propterea
1930 4044 2102 4099 poenae

564 4124 729 4178 etiam
755 4122 1088 4191 participium
1111 4119 1314 4174 habuit.
1341 4119 1552 4173 Initium
1572 4134 1698 4174 vero
1723 4120 1936 4188 aliquod
1955 4136 2102 4176 nova:

566 4215 692 4269 vita:
727 4203 932 4270 eﬂicere
961 4228 1081 4266 cum
1116 4209 1291 4274 vellet,
1335 4207 1444 4264 Noe
1485 4211 1704 4278 ejusque
1749 4209 1945 4264 liberos
1980 4227 2100 4265 cum

566 4303 823 4358 uxoribus
861 4303 1118 4363 servavit,
1160 4301 1352 4368 quippe
1380 4299 1469 4367 qui
1513 4300 1629 4368 pius
1666 4308 1783 4353 erat
1814 4309 1868 4352 et
1895 4300 2100 4368 justus,

565 4391 935 4461 originemque
957 4405 1109 4443 suam
1137 4390 1362 4442 ducebat
1401 4404 1429 4440 a
1457 4389 1966 4457 consanguineorum
1995 4395 2102 4460 pie-

568 4492 712 4546 tate,
773 4481 899 4535 odio
940 4493 1148 4547 quoque
1197 4477 1615 4546 prosequebatur
1666 4493 1788 4550 eam.
1845 4494 2100 4547 generum

540 4570 867 4631 ~misturam,
894 4581 1010 4635 quae
1037 4575 1221 4617 contra
1245 4565 1389 4634 leges
1412 4574 1546 4617 erat.
1572 4565 1720 4617 Haud
1746 4580 1892 4630 vero,
1919 4578 1972 4619 ut
1995 4570 2103 4636 qui-

566 4661 686 4713 dam
721 4659 924 4720 dicunt,
954 4658 1030 4708 ira
1047 4655 1294 4724 quapiam
1319 4654 1398 4707 vel
1424 4654 1734 4722 pmnitentia
1768 4656 1948 4710 isthaec
1975 4657 2101 4711 eﬂ'e-

2198 4037 2356 4108 λησεο
2390 4035 2619 4105 ἀνεμίγη
2645 4034 2700 4086 δὲ
2725 4032 2871 4101 αὐτῷ
2895 4033 2987 4084 καὶ
3017 4032 3123 4084 τῶν
3149 4033 3389 4087 εὐσεϐῶν
3422 4037 3456 4104 ἡ
3482 4034 3642 4104 φυλή·
3677 4032 3754 4086 διδ

2201 4127 2290 4180 καὶ
2321 4127 2420 4196 τῆς
2449 4125 2711 4195 τιμωρίας
2739 4122 3087 4194 μετέσχηκεν.
3132 4123 3328 4193 Ἀρχὴν
3348 4123 3405 4176 δέ
3431 4141 3552 4176 τινα
3572 4119 3750 4176 καινοῦ

2202 4217 2314 4285 βίον
2349 4215 2669 4285 ποιήσασθαι
2703 4212 2974 4282 βουληθεὶς
2995 4251 3009 4275 ,
3042 4213 3132 4264 τὸν
3165 4212 3286 4266 Νῶε
3319 4215 3411 4266 καὶ
3438 4215 3565 4276 τοὺς
3609 4213 3750 4266 sicel?

2200 4325 2288 4359 νου
2317 4307 2507 4370 παῖδας
2530 4306 2625 4358 σὺν
2655 4307 2773 4368 ταῖς
2795 4302 3003 4372 γυναιξὶ
3033 4304 3369 4376 διετήρησεν,
3401 4305 3598 4373 εὐσεϐῆ
3628 4303 3751 4355 ὄντα

2200 4397 2291 4448 καὶ
2330 4396 2560 4460 δίκαιον,
2615 4395 2706 4447 καὶ
2754 4396 2821 4447 ὲκ
2861 4393 2960 4462 τῆς
3005 4393 3111 4446 τῶν
3158 4395 3434 4462 συγγενῶν
3476 4393 3752 4451 εὐσεϐείας

2203 4485 2592 4554 βλαστήσαντα,
2615 4484 2706 4536 καὶ
2736 4484 2832 4552 τὴν
2863 4482 2961 4551 τῆς
2987 4485 3328 4554 παρανομίας
3361 4484 3638 4554 ἐπιμιξίαν
3668 4499 3750 4551 μι-

2202 4577 2534 4646 σήσαντα.οὑ
2555 4574 2678 4645 μὴν,
2696 4574 2769 4637 ῶς
2782 4575 2920 4637 τινές
2941 4592 3118 4649 φασιν,
3141 4577 3276 4645 ὀργῇ
3299 4575 3373 4645 (4)
3392 4592 3494 4627 τινι
3514 4575 3606 4640 καὶ
3625 4563 3748 4642 μετ-

2202 4663 2425 4734 αμελείᾳ
2460 4663 2631 4715 ταῦτα
2666 4661 2944 4731 πεποίηκε.
2980 4661 3164 4715 Ταῦτα
3195 4663 3301 4732 γάρ
3331 4679 3412 4713 τοι
3445 4662 3748 4732 ἀνθρώπινα

563 4749 658 4805 cit.
711 4747 846 4802 Sunt
874 4746 1013 4800 enim
1049 4745 1129 4798 ha:
1169 4741 1476 4798 all'ectiones
1513 4745 1801 4797 humanae:
1833 4756 1885 4798 et
1925 4747 2100 4800 divina

2205 4729 2344 4822 ne,
2369 4729 2449 4822 (ὴ
2482 4752 2537 4804 δὲ
2569 4751 2686 4804 θεία
2719 4729 2896 4819 φύοσιξ,
2928 4751 3186 4823 ἐλευθέρα
3210 4729 3424 4804 παθῶν.
3462 4729 3666 4810 Ἄλλως
3690 4763 3746 4797 τε

565 4849 754 4895 natura
780 4839 848 4890 ab
875 4835 1243 4889 aﬂectionibus
1272 4835 1640 4888 inmmnisest.
1663 4833 1923 4890 Praeterea
1940 4837 2096 4891 etiam

563 4927 877 4998 paenitentia
905 4927 1046 4979 cadit
1065 4925 1116 4978 in
1146 4939 1256 4990 eos,
1285 4926 1376 4993 qui
1405 4934 1523 4993 post
1544 4927 1867 4992 experientia
1897 4941 2015 4994 quin
2032 4928 2100 4980 sit

563 5033 742 5072 rerum
768 5026 956 5068 natura
979 5015 1278 5068 didicerunt
1297 5033 1311 5068 :
1330 5016 1710 5083 quipostqnam
1733 5017 2097 5084 experimento

550 5106 872 5167 didicerint,
901 5119 958 5157 se
986 5089 1136 5156 haud
1157 5115 1300 5158 recte
1325 5103 1675 5170 consuluisse,
1715 5112 1841 5157 tunc
1886 5106 2093 5157 tlemum

565 5191 874 5263 paenitentia
904 5190 1186 5244 ducuntur.
1218 5193 1287 5246 At
1320 5191 1458 5245 Deus
1491 5190 1570 5245 sic
1600 5192 1837 5244 intuetur
1867 5207 1950 5245 res
1980 5200 2098 5259 post

543 5286 758 5338 multas
779 5284 1141 5352 generationes
1177 5285 1418 5348 futuras,
1456 5294 1512 5338 ut
1544 5297 1636 5338 eas
1660 5297 1778 5351 qum
1807 5280 1914 5348 jam
1947 5281 2097 5335 facta:

563 5385 706 5428 sunt.
737 5374 843 5429 Ceu
885 5376 1177 5443 praevidens
1223 5378 1398 5446 itaque
1433 5380 1486 5428 et
1509 5385 1986 5443 praecognoscens.
2020 5371 2098 5424 sic

632 5489 707 5555 (li
747 5487 821 5540 Ex
851 5487 966 5542 cod.
1008 5487 1203 5544 Veneta
1232 5507 1318 5546 xv.

519 5568 526 5576 '
635 5551 709 5624 (‘2)
745 5557 805 5610 Il.
865 5572 914 5609 e.
969 5560 1316 5614 substantiam
1357 5558 1438 5613 vel
1489 5564 1757 5611 naturam.
1807 5551 1898 5607 Sic
1960 5551 2097 5608 belle

549 5628 842 5680 exhibetur
869 5625 1183 5682 Hebraicum
1211 5630 1399 5695 iekitm.

631 5695 707 5761 (5)
733 5697 913 5766 Capita
955 5706 1008 5752 et
1054 5690 1299 5756 versuum
1361 5711 1611 5756 numeros
1667 5694 1782 5760 ipse
1835 5690 2083 5750 adnotavi

2203 4844 2236 4912 ἡ
2261 4841 2593 4911 ¹μεταμέλεια
2624 4845 2734 4904 τοῖς
2769 4841 2901 4910 μετὰ
2929 4842 3024 4911 τὴν
3067 4843 3259 4911 πεῖραν
3295 4841 3615 4910 μανϐἁνουσι
3643 4836 3746 4888 τῶν

2203 4931 2534 5001 πραγμάτων
2570 4930 2666 5000 τὴν
2711 4930 2866 4997 φύσιν
2908 4929 3268 4999 κατάλληλοςο
3316 4923 3434 4982 εἶτα
3473 4931 3536 4998 τῇ
3589 4926 3747 4996 πείρᾳ

2204 5018 2554 5087 μανθάνοντες
2580 5017 2654 5080 ὡς
2676 5018 2774 5069 οὐκ
2796 5017 2966 5089 ὀρθῶς
2996 5009 3394 5081 ξϐουλεύσαντο,
3423 5015 3748 5085 μεταμέλον-

2199 5123 2306 5157 ται.
2352 5105 2410 5157 '0
2437 5105 2493 5158 δὲ
2523 5105 2652 5168 Θεὸς
2686 5105 2851 5168 οὕτως
2883 5106 2982 5175 ὁρᾷ
3021 5103 3085 5158 τὰ
3119 5103 3255 5176 μετὰ
3285 5103 3482 5166 «om;
3517 5102 3744 5170 ἐσόμενα

2201 5192 2407 5262 γενεὰς,
2441 5194 2514 5257 ὡς
2543 5195 2639 5264 ἤδη
2670 5193 3019 5263 γεγενημένα.
3057 5195 3142 5256 Ὠς
3173 5191 3414 5264 προορῶν
3445 5190 3621 5242 τοίνυν
3655 5187 3743 5240 καὶ

2201 5284 2610 5353 προγινώσκων,
2645 5283 2811 5345 οὕτως
2851 5285 3061 5336 ἅπαντα
3092 5281 3427 5352 πρυτανεύει.
3455 5277 3741 5346 Τίβήποτε

2199 5376 2376 5428 τοίνυν
2406 5375 2778 5446 μεταμέλετατ,
2805 5373 3016 5427 ἃπαντα
3048 5373 3180 5442 πρὸς
3209 5369 3308 5440 τήν
3323 5369 3628 5450 πρόγνωσιν
3643 5365 3737 5435 τὴν
3802 5365 3808 5428 ἒ

2207 5489 2421 5559 ubique,
2453 5490 2520 5559 ad
2556 5490 2848 5559 editionem
2889 5487 3010 5541 cod.
3045 5482 3389 5538 Alexandrini
3447 5480 3736 5548 Breitinge-

2205 5555 2429 5628 ria‘nam,
2454 5558 2634 5628 Tiguri
2656 5555 2810 5628 i730.
2935 5621 2948 5628 _
3125 5616 3160 5628 η
3183 5603 3188 5628 ί

2265 5623 2338 5697 (4)
2373 5613 2822 5682 ὃῗονοόηειίωυε
2840 5621 3057 5678 verbum
3089 5613 3385 5686 nihl'li'épﬁ.
