3922 6388
631 421 698 479 ετ
1467 419 2011 476 SUPPLEMENTUM
2049 417 2138 474 AD
2175 419 2485 478 ORIGENIS
2523 423 2924 480 EXEGETICA.
3697 415 3757 468 28

631 545 731 596 hoc
751 543 917 608 ipsum
941 549 1268 593 transversos
1294 547 1432 607 agat,
1459 554 1524 592 ne
1549 539 1812 592 declinare
1833 541 1957 608 quid
1983 541 2146 608 possit

2243 540 2317 603 ὡς
2343 543 2432 594 καὶ
2472 542 2632 594 αὐτὸν
2675 543 2924 614 ὑποφέρει
2946 542 3006 593 οὐ
3050 532 3437 610 παραιτεῖσθαί
3461 546 3516 583 τι
3549 529 3637 583 τὸν
3676 531 3759 584 ἐπὶ

633 631 751 682 vita:
791 627 1078 697 periculum
1130 637 1184 680 et
1229 637 1447 680 metum.
1498 629 1762 696 Accipiter
1808 629 1948 682 enim
1994 631 2150 683 irruit

2247 631 2353 700 ζωῇ
2382 631 2618 682 κίνδυνόν
2645 647 2703 682 τε
2735 632 2824 683 καὶ
2851 630 3026 698 φόϐον.
3067 626 3126 680 Ὀ
3164 625 3259 694 μὲν
3297 623 3402 692 γὰρ
3436 621 3579 691 ἱέραξ
3611 635 3760 674 κατα-

635 720 828 786 impetu
867 719 917 770 in
947 731 1158 770 omnem
1185 716 1450 769 volucrem
1477 717 1838 780 infirmiorem,
1866 726 1918 771 et
1943 719 1998 771 in
2029 733 2146 772 aves

2245 716 2472 786 θρώσκει
2509 733 2567 767 τε
2603 716 2786 777 δεινῶς
2846 715 3039 775 παντὸς
3068 707 3447 779 ἀσθενεστέρου
3501 708 3750 766 πετεινοῦ,

630 804 888 866 defertur,
945 817 1076 870 quas
1126 815 1246 855 cum
1305 803 1523 870 ceperit.
1581 805 1776 871 perdit.
1841 805 2150 860 Cataractes

630 904 824 956 amem,
859 903 910 946 et
931 893 1029 946 ibis
1060 901 1112 946 et
1140 893 1496 962 porphyrion,
1536 895 1673 947 addo
1721 904 1774 947 et
1806 897 2148 962 pelecannm,

628 982 682 1035 in
709 984 883 1051 pisces
917 985 1172 1046 insiliunt,
1198 993 1251 1037 et
1273 985 1522 1051 gaudium
1553 1001 1705 1038 suum
1731 987 1932 1040 faciunt
1961 988 2147 1039 i'nteri-

628 1079 734 1123 tum
759 1072 993 1127 illorum.
1017 1073 1170 1128 Tales
1195 1083 1320 1128 sunt
1343 1087 1547 1138 omnes,
1574 1084 1823 1142 quantum
1852 1079 1914 1127 ad
1945 1092 2146 1129 morum

625 1160 854 1227 pertinet
881 1161 1163 1224 feritatem,
1182 1163 1270 1229 qui
1299 1163 1446 1216 nihili
1474 1165 1677 1217 faciunt
1706 1165 1747 1215 si
1779 1180 1910 1230 quos
1931 1167 2151 1232 perdant

627 1254 844 1314 propter
870 1247 1193 1316 voluptatem
1224 1265 1403 1311 suam,
1438 1251 1528 1316 qui
1561 1253 1725 1302 mutui
1759 1253 1953 1304 amoris
1983 1255 2146 1318 legem

625 1337 923 1402 repndiant,
975 1347 1029 1392 et
1065 1340 1203 1406 apud
1247 1339 1551 1394 dilectionis
1603 1340 1985 1408 charitatisque
2029 1341 2147 1409 jura

625 1423 915 1478 oﬁ'endunt.

1219 1598 1368 1652 CAP.
1417 1598 1554 1652 XVI.

736 1706 796 1759 γ.
849 1706 934 1760 19.
989 1707 1051 1760 Et
1092 1709 1330 1776 auferunt
1359 1708 1562 1779 (dona)
1592 1709 2038 1777 verbajustoram.

800 1796 864 1848 V.
901 1797 989 1850 20.
1029 1797 1177 1850 Juste
1207 1798 1343 1865 quod
1367 1799 1568 1866 justum
1595 1806 1668 1855 est
1697 1799 1970 1851 sectabere.

2245 806 2334 858 καὶ
2369 805 2502 858 κατὰ
2535 805 2820 876 στρουθίων
2851 805 3003 864 ἵεται,
3041 801 3132 853 καὶ
3161 797 3390 850 διόλλυσι
3421 794 3612 848 λαϐών.
3655 798 3762 848 Κα-

2242 896 2510 966 ταράκτης
2538 913 2598 961 γε
2633 897 2735 965 μὴν
2763 895 2853 946 καὶ
2876 893 2980 954 ίϐις
3009 892 3100 944 καὶ
3127 889 3454 960 πορφυρίων,
3488 886 3763 957 προσθείην

2244 981 2286 1033 δ’
2304 982 2368 1034 ἂν
2383 984 2461 1034 ὅτι
2482 982 2573 1033 καὶ
2597 981 2899 1043 πελεκᾶνον,
2927 979 3286 1032 ὲπιδαίνονται
3317 978 3428 1037 τοῖς
3451 971 3620 1042 ἰχθύσι
3637 1013 3649 1034 ,
3681 974 3767 1025 καὶ⁹

2243 1072 2444 1141 τρυφὴν
2472 1071 2577 1142 (40)
2613 1070 2881 1122 ποιοῦνται
2910 1069 2997 1120 τὸν
3025 1069 3245 1120 ἐκείνων
3274 1064 3508 1133 ὄλεθρον.
3541 1061 3768 1114 Τοιοῦτοι

2244 1159 2298 1212 δὲ
2334 1162 2547 1220 πάντες,
2588 1160 2708 1210 ὅσον
2737 1154 2825 1228 ἦκ’
2853 1161 2910 1220 ἐς
2943 1158 3174 1227 τρόπους
3224 1156 3335 1223 (41)
3377 1154 3693 1224 ἀγριότητα,
3724 1155 3770 1206 οἱ

2245 1248 2366 1315 παρ’
2410 1247 2552 1298 οὐδὲν
2610 1245 2888 1314 ἡγούμενοι
2942 1245 3002 1296 τὸ
3062 1243 3323 1298 διολλύναι
3377 1242 3526 1303 τινας
3578 1241 3661 1292 διά
3711 1257 3770 1308 γε

2245 1335 2348 1386 τῶν
2387 1335 2490 1399 (62)
2534 1334 2709 1401 σφίσιν
2741 1335 2916 1394 αὐτοῖς
2945 1333 3057 1401 ἡδὺ,
3094 1333 3140 1384 οἱ
3172 1333 3262 1384 τὸν
3309 1332 3404 1400 τῆς
3437 1331 3773 1400 φιλαλληλίας

2246 1425 2617 1494 παρωσάμενοι
2667 1424 2844 1491 νόμον,
2876 1423 2964 1475 καὶ
3003 1425 3110 1484 τοῖς
3150 1421 3245 1490 τῆς
3291 1420 3508 1490 ἀγάπης
3551 1437 3770 1492 προσκε-

2247 1514 2528 1583 κρουκύτες
2565 1512 2794 1581 θεσμοῖς.

2859 1601 3009 1651 xeo.
3041 1601 3157 1664 ις’.

2361 1690 2470 1756 (i5)
2501 1688 2645 1757 Στίχ.
2673 1687 2754 1739 ιϐ’.
2785 1688 2889 1740 Καὶ
2919 1687 3133 1753 ἐξαφει
3159 1687 3376 1754 λόγους
3405 1684 3662 1736 δικαίων.

2472 1778 2613 1846 Στίχ.
2639 1784 2706 1831 κ’.
2732 1777 2968 1840 Amale
2999 1775 3064 1827 τὸ
3094 1776 3326 1826 δίκαιον
3354 1773 3558 1840 διώξῃ.

693 1883 941 1952 Ejusdem
985 1901 1050 1938 ex
1100 1859 1322 1953 epistola
1367 1859 1433 1939 ad
1484 1885 1728 1940 Pltotium
1780 1897 1832 1939 et
1883 1887 2144 1942 Andream

2311 1865 2413 1916 Τοῦ
2438 1864 2596 1916 αὑτοῦ
2628 1866 2690 1916 ὲκ
2714 1865 2809 1933 τῆς
2837 1864 2968 1933 πρὸς
2989 1862 3189 1916 Φώτιον
3219 1863 3312 1914 καὶ
3353 1862 3602 1932 Ἀνδρέαν
3626 1877 3776 1932 πρεσ-

625 1978 981 2045 presbyteros.

694 2063 747 2116 ld
800 2074 898 2128 est,
948 2074 1224 2133 postquam
1268 2066 1577 2135 cognoveris
1629 2073 1682 2118 et
1719 2065 1936 2120 edoctus
1987 2066 2150 2120 fueris

619 2150 836 2219 justitite
865 2155 1042 2216 verba,
1078 2154 1348 2208 sectabere
1367 2166 1523 2223 atque
1542 2155 1777 2222 requires
1800 2157 1938 2223 quod
1949 2155 2145 2221 justmn

625 2249 732 2303 est,
761 2242 826 2294 ab
841 2243 984 2295 omni
1021 2240 1300 2297 aﬂ‘ectione
1331 2243 1578 2297 immunis
1613 2260 1627 2295 :
1669 2251 1825 2308 atque
1870 2245 1948 2298 sic
1973 2242 2146 2310 justus

625 2332 738 2399 ipse
764 2334 903 2397 quod
925 2334 1126 2400 justum
1151 2344 1233 2387 est
1261 2349 1488 2402 quaeres,
1525 2337 1943 2402 circumquaque
1973 2335 2146 2388 muni-

629 2429 732 2482 tus,
759 2432 810 2472 et
843 2423 978 2474 intra
999 2421 1219 2484 iustitiae
1251 2424 1447 2477 limites
1474 2426 1789 2477 consistens.
1835 2423 1977 2476 Multi
2006 2425 2144 2476 enim

630 2511 731 2564 hoc
754 2511 866 2578 ipso
893 2514 1032 2576 quod
1061 2511 1241 2565 volunt
1267 2527 1382 2565 esse
1403 2511 1532 2578 justi
1561 2552 1574 2574 ,
1605 2513 1846 2565 inebriati
1897 2513 2148 2579 quodam-

626 2600 782 2650 modo
832 2609 1060 2652 mentem
1109 2610 1325 2667 propter
1388 2600 1607 2664 rigidam
1651 2600 1912 2664 justitiam
1957 2614 2144 2664 suam,

619 2685 840 2752 jnstitize
878 2685 1144 2750 justitiam
1184 2686 1372 2754 injuria
1425 2684 1732 2738 affecerunt.
1783 2684 1953 2750 Quare
1985 2687 2143 2738 etiam

625 2774 860 2838 prudens
889 2773 1254 2835 Ecclesiastes,
1295 2785 1453 2840 atque
1493 2775 1622 2827 adeo
1661 2774 1880 2840 ipsemet
1917 2775 2147 2841 pruden-

629 2863 712 2915 tia:
736 2863 968 2916 eruditor
1024 2861 1288 2932 (Christus
1315 2872 1396 2915 est
1423 2863 1561 2915 enim
1593 2877 1750 2917 verus
1780 2861 2144 2928 Ecclesiastes,

625 2950 877 3004 Ecclesiae
912 2959 1088 3018 caput,
1129 2961 1183 3004 et
1233 2951 1324 3004 Dei
1369 2951 1532 3018 patris
1579 2951 1742 3004 nostri
1791 2966 2032 3020 suprema
2085 2967 2147 3007 ac

581 3027 588 3038 ’
625 3039 918 3092 subsistens
945 3039 1199 3107 sapientia
1220 3047 1273 3094 et
1292 3041 1426 3092 ratio
1446 3049 1484 3104 ),
1511 3038 1762 3108 jugulans
1794 3041 1930 3108 quod
1962 3042 2148 3094 immo-

2246 1955 2494 2023 6υτέρους
2528 1953 2825 2021 ἐπιστολῆς.

2312 2045 2625 2105 Τουτέστιν,
2677 2045 2810 2113 μετὰ
2843 2045 2903 2095 τὸ
2955 2041 3237 2110 γινώσκειν
3265 2043 3361 2095 καὶ¹
3401 2041 3775 2095 πεπαιδεῦσθαι

2242 2133 2362 2194 τοὺς
2385 2133 2478 2201 τῆς
2501 2131 2832 2201 δικαιοσύνης
2862 2133 3064 2199 λόγους,
3088 2131 3296 2195 διώξεις
3323 2132 3416 2184 καὶ
3442 2129 3773 2202 ὲπιζητήσεις

2241 2221 2300 2273 τὸ
2319 2221 2534 2282 δίκαιον,
2551 2221 2858 2290 καθαρεύων
2884 2223 3058 2289 πάσης
3087 2221 3475 2291 προσπαθείας·
3499 2223 3591 2273 καὶ
3615 2221 3774 2291 ταύτῃ

2240 2312 2303 2363 τὸ
2347 2311 2550 2364 δίκαιον
2613 2311 2812 2372 δίκαιος
2856 2309 2928 2362 ὢν
2985 2309 3270 2380 ζητήσεις,
3317 2311 3413 2363 καὶ
3457 2309 3779 2378 πανταχόθεν

2243 2401 2760 2471 περιπεφραγμένος,
2785 2403 2878 2454 καὶ
2920 2401 3026 2454 ἔσω
3064 2401 3170 2454 τῶν
3207 2403 3350 2472 ὅρων
3379 2401 3477 2471 τῆς
3516 2398 3776 2454 δικαιοσύν-

2243 2505 2336 2556 νης
2370 2489 2664 2557 ἱστάμενος.
2705 2489 2892 2541 Πολλοὶ
2927 2491 3032 2558 γὰρ
3061 2490 3192 2541 αὐτὸ
3229 2490 3288 2541 τὺ
3321 2489 3430 2558 (44)
3477 2487 3672 2543 ἐθέλειν
3708 2487 3778 2540 δί-

2243 2596 2381 2631 καιοι
2427 2574 2580 2640 εἶναι,
2625 2578 2967 2647 μεθυσθέντες
3011 2580 3098 2630 τὸν
3137 2579 3260 2632 νοῦν
3310 2578 3400 2632 διὰ
3442 2578 3540 2648 τῆς
3581 2577 3773 2630 δικαιο-

2244 2669 2403 2737 σύνης
2439 2669 2690 2738 ἀκριϐοῦς
2713 2670 2905 2731 αὐτῶν,
2941 2670 3282 2738 δικαιοσύνης
3325 2669 3420 2739 τὴν
3447 2667 3780 2737 δικαιοσύνην

2240 2757 2683 2827 ὴδίκησαν.”οθεν
2715 2759 2804 2810 καὶ
2825 2760 2852 2810 6
2878 2761 3094 2822 συνετὸς
3120 2758 3562 2829 Ἐκκλησιαστὴς,
3593 2756 3778 2826 μᾶλλον

2241 2846 2295 2898 δὲ
2336 2847 2364 2896 6
2407 2847 2502 2915 τῆς
2551 2847 2808 2910 συνέσεως
2866 2848 3152 2918 παιδευτὴς
3200 2846 3451 2918 (Χριστὸς
3491 2845 3597 2915 γάρ
3641 2849 3776 2898 ἐστιν

2242 2937 2269 2986 6
2296 2935 2494 3005 ἀληθὴς
2534 2936 2967 3006 Ἐκκλησιαοτὴς,
3007 2939 3104 3005 τῆς
3143 2937 3462 3006 Ἐκκλησίας
3491 2939 3524 3006 ὴ
3554 2935 3770 3004 κεφαλὴ,

2242 3027 2333 3078 καὶ
2363 3026 2453 3078 τοῦ
2485 3026 2614 3078 Θεοῦ
2658 3027 2864 3096 Πατρὸς
2896 3027 3052 3095 ἡμῶν
3098 3031 3130 3096 ἡ
3181 3029 3434 3080 ἀνωτάτω
3465 3030 3556 3081 καὶ
3598 3027 3776 3080 ὲνυπός

626 3125 796 3178 dicum
819 3135 918 3189 est,
950 3127 1195 3194 quamvis
1232 3129 1296 3182 ad
1329 3129 1600 3182 dexteram
1632 3128 1830 3193 ﬂectat,
1864 3129 2140 3182 admonet:

2246 3131 2432 3175 στατος
2479 3116 2636 3182 σοφία
2677 3117 2767 3167 καὶ
2799 3115 2949 3182 λόγος
2968 3116 3009 3184 ),
3058 3117 3239 3186 ἄγχων
3274 3117 3335 3169 τὸ
3379 3117 3518 3188 πέρα
3568 3117 3771 3187 μέτρου,

627 3213 712 3266 Ne
742 3215 810 3266 sis
837 3214 1012 3282 justus
1035 3215 1278 3282 multum,
1307 3231 1464 3284 neque
1488 3218 1838 3271 commentaris
1873 3219 2146 3287 plusquam

2244 3202 2343 3256 κᾶν
2385 3203 2473 3254 ἐπὶ
2512 3203 2578 3255 τὰ
2612 3203 2756 3266 δεξιὰ
2786 3203 3032 3274 φέρηται,
3069 3211 3344 3276 παραινεῖ·
3377 3206 3472 3273 Μὴ
3503 3208 3667 3274 γίνου
3693 3205 3774 3257 δίο

625 3315 722 3369 par
751 3311 825 3354 est
859 3303 927 3354 ’⁸.

1217 3391 1366 3448 CAP.
1408 3392 1544 3447 XIX.

700 3478 766 3534 γ.
793 3479 882 3532 2|.
909 3480 1146 3533 Animam
1186 3496 1278 3547 pro
1317 3482 1524 3545 anima,
1553 3481 1758 3534 oculum
1784 3498 1876 3550 pro
1909 3483 2081 3536 oculo.

698 3633 821 3688 llaec
849 3635 1056 3701 quidem
1087 3635 1166 3688 lex
1200 3636 1264 3688 ad
1284 3635 1522 3690 inﬁrmos
1557 3635 1839 3689 lsraelitas.
1862 3637 1926 3688 At
1960 3635 2136 3688 Domi-

628 3738 730 3777 nus
766 3723 852 3792 qui
893 3725 958 3774 de
993 3724 1072 3777 his
1101 3723 1263 3790 legem
1291 3725 1429 3785 tulit,
1464 3726 1573 3779 suis
1599 3725 1871 3793 discipulis
1898 3723 1972 3776 ait
2002 3742 2014 3776 :
2044 3723 2150 3776 Au-

629 3811 798 3871 distis,
833 3813 968 3878 quod
996 3813 1190 3863 dictum
1210 3822 1284 3864 est
1311 3829 1329 3864 :
1355 3812 1572 3866 Oculum
1594 3830 1683 3878 pro
1704 3813 1874 3880 oculo,
1899 3821 2004 3866 etc.
2037 3810 2149 3881 Ego

629 3911 798 3954 autem
818 3903 932 3953 dico
960 3903 1095 3954 vobis
1115 3941 1130 3966 ,
1157 3919 1256 3956 non
1279 3905 1508 3957 resistere
1536 3905 1670 3956 malo
1701 3905 1765 3958 ἰ.

2244 3308 2406 3357 καιος
2430 3292 2605 3354 πολὺ,
2631 3293 2723 3344 καὶ
2750 3292 2833 3360 μὴ
2863 3293 3120 3368 σοφίζῳν
3141 3295 3416 3362 περισσά.

2869 3384 3024 3435 ΚΕΦ.
3054 3385 3156 3438 ιΘν.

2247 3470 2352 3540 (45)
2379 3471 2520 3540 Στίχ.
2545 3477 2648 3523 κατ’.
2676 3470 3298 3608 Ψυχὴέφιέᾜμιὲἕχῆς,
3329 3473 3630 3542 ὀφθαλμὸν
3651 3469 3780 3528 ἀντὶ.

2312 3629 2490 3681 Ταῦτα
2522 3630 2616 3698 μὲν
2649 3631 2676 3681 6
2703 3629 2861 3696 νόμος
2903 3628 2982 3691 ὡς
3011 3629 3252 3694 ἀσθενεῖς
3273 3633 3397 3694 τοὺς
3429 3631 3772 3701 Ἰσραηλίτας*

2245 3719 2273 3769 6
2301 3719 2356 3771 δὲ
2400 3719 2596 3788 Κύριος
2629 3721 2656 3770 6
2685 3718 2853 3772 ταῦτα
2901 3720 3269 3790 νομοθετήσας
3310 3725 3421 3785 τοῖς
3458 3721 3645 3774 ἑαυτοῦ
3683 3737 3782 3790 μαε

2247 3807 2429 3876 θηταῖς
2475 3823 2657 3875 φησινο
2695 3808 3028 3869 Ἠκούσατε,
3069 3809 3156 3860 ὅτι
3205 3811 3444 3878 ἐρῤήθη·
3471 3808 3776 3879 Ὀφθαλμὸν

2245 3895 2373 3947 ἀντὶ
2406 3895 2726 3962 ὀφθαλμοῦ,
2755 3893 2936 3947 καὶτὰ
2963 3896 3110 3964 ἑξῆς.
3169 3899 3308 3966 Ἐγὼ
3340 3898 3408 3951 δὲ
3443 3899 3594 3967 λέγω
3623 3896 3772 3966 ὑμῖν,

2241 3982 2324 4051 μὴ
2353 3983 2695 4050 ἀντιστῆναι
2725 3983 2802 4048 τῷ
2833 3984 3089 4050 πονηρῷ,

619 4080 625 4111 -'
701 4071 944 4142 Ejusdem
973 4077 1023 4126 in
1048 4075 1276 4128 eumdem
1309 4075 1496 4128 locum.
1539 4073 1661 4134 Haec
1685 4075 1896 4142 quidem
1937 4076 1989 4126 in
2025 4088 2118 4126 seu

2269 4095 2279 4105 -
2321 4071 2424 4128 Τοῦ
2462 4069 2642 4126 αὐτοῦ
2689 4077 2773 4138 εἰς
2814 4072 2878 4124 τὸ
2911 4076 3074 4127 αὑτό.
3129 4075 3287 4148 ([461
3339 4077 3519 4130 Ταῦτα
3557 4077 3650 4147 μὲν
3694 4076 3776 4127 ἐπὶ

630 4161 775 4216 sibus
808 4162 1066 4216 obnoxios
1087 4165 1348 4230 rebusque
1381 4165 1682 4220 mundanis.
1731 4163 1796 4217 At
1833 4165 1882 4215 in
1922 4166 2146 4231 peccatis

2249 4160 2495 4229 αἰσθητοῦ
2535 4161 2624 4213 καὶ
2655 4161 2757 4211 τῶν
2799 4160 2936 4212 κατὰ
2976 4162 3202 4232 κόσμον·
3241 4166 3331 4217 ἐπὶ
3367 4166 3422 4218 δὲ
3460 4166 3564 4218 τῶν
3607 4160 3777 4234 ήμᾶρει

631 4251 847 4316 nostris,
907 4251 1045 4306 Deus
1084 4254 1254 4306 nihilo
1293 4269 1426 4321 opus
1453 4254 1630 4306 habet.
1665 4253 1777 4319 Ipse
1801 4253 1939 4305 enim
1979 4253 2146 4319 inspe-

2247 4250 2487 4318 τημένων
2511 4251 2638 4319 ἡμῖν
2669 4248 2872 4310 οὐδενὸς
2901 4249 3069 4303 δεῖται
3100 4254 3127 4304 6
3159 4254 3308 4316 Θεός.
3340 4255 3508 4317 Αὐτὸς
3533 4255 3637 4325 γὰρ
3668 4253 3778 4306 ἑπό-

629 4347 744 4395 ctor
769 4348 850 4392 est
872 4340 1102 4394 omnium
1127 4351 1178 4394 et
1200 4339 1380 4407 judex.
1410 4338 1725 4401 Notandum,
1749 4339 2146 4404 reprobatorum

2248 4355 2384 4406 πτης
2409 4338 2651 4389 ἁπάντων
2679 4338 2769 4389 καὶ
2801 4340 3034 4408 κριτής.)
3059 4343 3414 4411 Σημειωτέον,
3443 4346 3523 4397 ὅτι
3556 4345 3646 4396 καὶ
3678 4342 3777 4394 τῶν

625 4443 693 4481 ne
712 4428 774 4480 ad
797 4428 1003 4495 nuptias
1033 4428 1564 4482 venirentexcusatio
1589 4425 1782 4488 fuerat,
1814 4427 2004 4494 Agrum
2029 4427 2146 4488 emi,

2251 4428 2406 4497 βεδλη
2416 4428 2585 4496 μένων
2615 4429 2691 4488 εἰς
2719 4427 2809 4480 τὸν
2835 4427 3012 4497 γάμον
3038 4433 3363 4503 παραίτησις
3384 4430 3451 4504 ἦν
3479 4435 3557 4488 τὸ’
3595 4432 3779 4502 Ἀγρὸν

624 4525 678 4573 et
699 4534 884 4572 uxores
914 4519 1040 4573 duxi
1079 4519 1144 4570 “.

2249 4515 2532 4582 ἠγόρασα,
2561 4513 2652 4566 καὶ
2680 4513 2963 4582 γυναῖκας
2993 4518 3200 4586 ἔγημα.

1237 4605 1387 4660 CAP.
1418 4604 1534 4658 XX.

626 4694 688 4748 ν.
722 4694 772 4749 5.
808 4695 934 4761 Quis
973 4706 1046 4748 est
1080 4696 1250 4754 homo.
1277 4694 1366 4758 qui
1395 4691 1663 4756 a'diﬁcavit
1686 4689 1907 4761 domum
1945 4704 2146 4750 novam,

1090 4771 1140 4814 et
1171 4777 1268 4814 non
1291 4761 1510 4813 initiavit
1539 4774 1649 4810 eam
1669 4759 1694 4808 ξ’

2882 4607 3035 4661 ΚΕΦ.
3067 4610 3149 4661 Κ’.

2244 4691 2351 4760 (47)
2381 4690 2612 4765 £111.52
2636 4693 2780 4765 Τίςιό
2807 4694 3156 4765 ἀνθρώποςό
3175 4700 3574 4765 οἰκοδομήσας
3597 4699 3780 4753 οὶκίαν

2381 4717 2523 4758 eux.
2553 4717 2583 4742 ε
2600 4729 2612 4741 .
2638 4717 2728 4756 ιις
2748 4717 2778 4744 υ
2807 4717 3155 4761 ανυρωποςο
3175 4717 3372 4752 οικοσο
3417 4717 3574 4765 ησας
3597 4717 3658 4753 Oli

2379 4759 2606 4824 καινὴν,
2649 4761 2743 4812 καὶ
2774 4763 2880 4813 οὐκ
2908 4765 3279 4820 ἐνεκαίνισεν
3302 4717 3413 4837 (ιιέῖ
3435 4769 3658 4832 abttjr;

693 4855 760 4904 In
793 4853 1023 4910 uiridem
1059 4851 1247 4904 locum.
1290 4849 1480 4916 Figura
1523 4856 1605 4900 est
1641 4845 1799 4911 igitur
1842 4859 1944 4896 non
1992 4844 2146 4896 susti-

2315 4850 2414 4912 Εἷς
2443 4847 2506 4900 τὸ
2528 4849 2690 4900 αὑτό.
2723 4849 2900 4913 Τύπος
2927 4849 3018 4905 οὖν
3047 4854 3154 4922 ἄρα
3222 4858 3315 4909 τοῦ
3375 4859 3660 4929 παροικίαν
3719 4858 3779 4924 ἠ-

625 4941 800 4994 neutis
828 4948 1075 5006 reputare
1100 4937 1382 4991 incolatum
1418 4943 1726 5003 praesentem
1757 4934 1918 4986 vitam
1949 4934 1992 4985 is
2016 4972 2030 4994 ,
2061 4932 2146 5000 qui

2246 4935 2450 5004 γεῖσθαι
2485 4935 2557 5004 μὴ
2585 4935 2904 5004 ἀνεχομένου
2929 4939 3029 5008 τὴν
3053 4941 3330 5009 παροῦσαν
3366 4942 3528 5012 ζωὴν,
3560 4945 3587 4994 ὁ
3615 4941 3779 4995 οὶκίαν

625 5043 811 5082 novam
844 5029 1054 5082 domum
1087 5026 1350 5088 aediﬁcat,
1396 5034 1450 5077 et
1492 5023 1746 5081 sollicitus
1787 5036 2001 5088 operum
2049 5023 2146 5073 bu-

2247 5023 2554 5093 οἰκοδομῶν,
2581 5024 2669 5075 καὶ
2707 5027 2822 5086 ταῖς
2847 5027 2972 5094 περ).
3005 5029 3176 5082 ταῦτα
3220 5031 3590 5102 φιλεργασίαις
3623 5047 3781 5084 σπου-

623 5118 850 5188 jusmodi
897 5117 1085 5172 studiis
1129 5113 1381 5169 incumbit
1417 5131 1431 5164 :
1467 5112 1610 5166 avari
1659 5113 1780 5164 item
1832 5111 2058 5163 hominis
2098 5117 2146 5164 et

2247 5111 2406 5172 δαίως
2437 5109 2743 5178 ἐγκείμενος
2763 5127 2776 5140 ο
2798 5111 2890 5167 τοῦ
2919 5112 2975 5164 δὲ.
3006 5115 3396 5186 φιλοκτήμονος
3416 5119 3506 5170 καὶ⁸
3542 5119 3778 5185 φιλοκερο

507 5222 519 5237 ο
629 5208 790 5263 lucris
821 5207 1006 5261 intenti
1039 5206 1106 5269 is,
1130 5205 1220 5272 qui
1250 5205 1455 5258 vineam
1484 5202 1702 5271 plantat.
1741 5200 1870 5255 Eum
1905 5214 2028 5253 vero
2057 5200 2146 5268 qui

2247 5198 2386 5261 δοῦς,
2411 5199 2438 5248 6
2459 5196 2745 5262 ἀμπελῶνα
2774 5199 3036 5266 φυτεύων.
3070 5203 3170 5256 Τὸν
3193 5205 3250 5258 δὲ
3290 5207 3655 5288 γυναικομανῆ
3695 5203 3781 5257 καὶ

692 5344 738 5376 ³⁸
766 5339 908 5396 Eccl.
941 5353 1036 5402 vu,
1068 5339 1144 5392 17.
1159 5341 1202 5370 ³⁸
1231 5338 1418 5392 Matth.
1456 5352 1507 5401 v,
1537 5337 1626 5402 5'8,
1656 5337 1742 5392 59.
1825 5339 1871 5369 "
1894 5335 2024 5392 Luc.
2058 5352 2166 5402 ειν,
2198 5339 2279 5402 l8,
2310 5341 2398 5394 ιο.

719 5457 806 5522 ιθ)
832 5456 908 5508 An
930 5451 1175 5522 τροφήνῖ
1285 5516 1297 5522 -

2327 5447 2436 5522 (ξιξ)
2466 5447 2680 5522 ibidem.-

719 5461 787 5510 ιθ
832 5461 908 5508 An
934 5461 1170 5522 τροφηνῐ
2327 5461 2436 5514 (45)
2469 5461 2680 5502 Ibidem.

693 5461 806 5663 ξ
832 5521 1064 5643 ἶὲρπου,
1097 5517 1178 5572 vel
1205 5516 1439 5582 τρόπων.
1849 5631 1851 5633 ι
2459 5517 2584 5582 Quae
2623 5518 2675 5587 ()
2726 5517 3070 5575 includuntur
3115 5522 3168 5578 in
3209 5522 3376 5580 Buteo
3395 5529 3665 5595 pertinent-
3699 5527 3782 5580 ad

2325 5651 2433 5713 (47)
2463 5649 2678 5703 Ibidem.

705 5650 815 5732 με)
832 5661 896 5732 ιη
925 5654 1205 5732 οοάηδξι.
1229 5666 1358 5732 με.
1387 5650 1508 5706 εει.

2325 5651 2433 5732 (4.?)
2463 5650 2678 5732 ῐῒὶίάωηο
2727 5721 2737 5732 .
2856 5718 2868 5732 .
3147 5703 3154 5710 ι

2329 5719 2438 5786 (48)
2470 5719 2574 5781 Sic,
2603 5733 2694 5784 pro
2723 5718 3051 5790 ἐνεκένησεν,
3073 5729 3424 5788 correximus.
3461 5733 3555 5790 Eo.
3578 5733 3738 5789 Pus.

698 5722 806 5790 (Ni
832 5727 987 5780 Forte
1016 5722 1156 5791 αύτῷ
1190 5723 1282 5792 τῷ.
