3922 6388
670 419 728 470 3|
1492 425 2034 482 SUPl’LEM-ENTUM
2069 429 2160 481 AD
2194 430 2510 491 ORIGENIS
2539 437 2941 494 EXEGETICA.
3753 432 3824 494 δὲ

675 537 847 589 facere
871 535 1038 589 conati
1065 543 1222 600 sunt,
1263 540 1499 594 ornando
1524 541 1801 606 mulieres,
1829 552 1882 594 et
1909 558 2001 610 per
2028 559 2116 598 eas
2145 545 2156 597 i

2297 550 2612 620 μεταλαχεῖν
2639 554 3044 623 παρεσκεύασαν
3072 553 3395 626 ώραΐσαντές
3423 552 3518 614 τὰς
3547 557 3820 623 γυναῖκας,

672 619 927 672 idolorum
946 618 1138 671 cultum
1171 621 1480 678 allicientes.
1505 626 1571 678 At
1604 627 1884 681 ldumteum
1905 630 2114 697 quidem
2142 641 2195 685 et

672 705 968 774 Egyptiam
985 716 1099 770 post
1119 710 1325 762 tertiam
1344 710 1491 776 jubet
1522 717 1919 781 generationem
1945 718 2150 771 admitti
2176 739 2187 773 :

669 793 812 845 illum
842 793 1030 860 quippe
1056 792 1296 862 fratrem,
1320 799 1459 854 hunc
1491 817 1618 856 vero
1654 804 1845 873 quippe
1899 817 2197 875 Opportune

668 881 926 946 quondam
954 882 1369 942 benefactorem.
1387 889 1548 944 Fame
1564 893 1704 945 enim
1725 894 2019 962 ingruente,
2038 897 2193 967 Egy-

665 979 806 1035 ptum
827 970 1064 1035 petentes
1086 979 1445 1043 progenitores
1464 995 1646 1034 eorum
1669 985 1885 1036 enutriti
1909 997 2049 1039 sunt.
2087 989 2160 1042 Do

663 1065 745 1109 cet
787 1059 945 1126 igitur
989 1061 1067 1114 lex
1109 1079 1234 1128 nos,
1283 1078 1338 1120 ut
1383 1083 1447 1122 ne
1475 1071 1669 1123 veteris
1698 1071 1910 1139 quidem
1947 1075 2187 1130 beneﬁcii

657 1146 1047 1202 obliviscamur.

657 1234 718 1288 ν.
749 1233 833 1289 Η.
866 1235 999 1299 Quid
1028 1250 1126 1303 est,
1155 1241 1289 1305 Quia
1323 1243 1568 1297 Dominus
1596 1246 1728 1300 Deus
1760 1258 1874 1302 tuus
1907 1251 2187 1304 inambulat

1198 1313 1249 1362 in
1282 1314 1463 1364 castris
1493 1316 1637 1366 tuis?

725 1413 888 1471 Norat
941 1433 1301 1488 smpenumero
1330 1425 1504 1493 gravis
1529 1429 1706 1481 odoris
1729 1444 1900 1482 aerem
1929 1431 2180 1497 repletum

654 1515 854 1573 peSIem
889 1509 1218 1574 produxisse.
1256 1512 1467 1568 Maudat
1494 1531 1623 1584 ergo
1652 1519 1755 1572 illis
1784 1520 1833 1572 in
1871 1521 2061 1574 castris
2093 1523 2181 1576 de-

653 1597 918 1664 gentibus,
953 1615 1106 1668 quem
1139 1615 1478 1658 secreveram
1509 1607 1756 1662 defodere
1785 1610 1984 1664 ﬁmum.
2021 1611 2086 1664 Ut
2117 1628 2182 1666 ne

654 1701 785 1739 vero
825 1689 1186 1745 inobedientes
1222 1709 1412 1746 noxam
1443 1698 1740 1765 quampiam
1785 1701 2176 1763 contraherent,

2294 641 2384 692 καὶ
2407 640 2490 692 διὰ
2511 642 2710 697 τούτων
2739 645 2930 706 αὐτοὺς
2961 646 3039 707 είς
3064 645 3162 715 τὴν
3187 643 3292 696 τῶν
3327 642 3552 697 εἰδώλων
3578 643 3820 714 λατρείαν

2289 728 2663 797 ἀγρεύσαντες.
2718 734 2818 785 Τὸν
2857 734 3032 803 μέντοι
3069 733 3355 802 Ἰδουμαῖον
3398 732 3488 785 καὶ
3525 733 3614 786 τὸν
3665 737 3816 802 Αίγύ-

2289 837 2438 872 πτιον
2468 823 2599 891 μετὰ
2619 823 2802 893 τρίτην
2822 824 3023 876 κελεύει
3050 824 3360 893 προσίεσθαι
3380 825 3590 893 γενεὰν,
3613 824 3701 878 τὸν
3727 827 3826 895 μὲν

2288 912 2361 976 ὡς
2393 914 2630 982 ἀδελφὸν,
2660 915 2748 966 τὸν
2768 916 2822 968 δέ
2844 916 2917 977 ὡς
2949 917 3235 987 εὐεργέτην
3264 920 3319 969 ἐν
3346 916 3518 987 καιρῷ
3537 919 3818 988 γεγενημέ-

2286 1018 2392 1057 νον.
2411 1003 2578 1072 Λιμοῦ
2601 1003 2694 1073 τὰρ
2714 1006 3119 1074 προσπεσόντος,
3138 1009 3214 1068 είς
3227 1007 3490 1073 Αἴγυπτον
3506 1006 3820 1069 εἰσελθόντες

2289 1092 2336 1142 οί
2379 1092 2608 1162 πατέρες
2651 1093 2826 1147 αὐτῶν
2878 1096 3254 1165 διετράφησαν.
3310 1097 3554 1148 Διδάσκει
3594 1096 3764 1149 τοίνυν
3793 1099 3820 1148 ὁ

2290 1179 2446 1246 νόμος
2489 1182 2652 1250 ἡμᾶς,
2700 1184 2830 1252 μηδέ
2867 1185 3098 1247 παλαιᾶς
3135 1185 3445 1256 εὐεργεσίας
3477 1187 3818 1255 ἀμνημονεῖν.

2289 1269 2431 1338 Στίχ.
2475 1270 2552 1323 ιδ’.
2581 1271 2644 1322 Τί
2671 1273 2837 1343 ἐστιν,
2860 1274 2986 1343 Ὅτι.
3011 1276 3222 1340 Κύριος
3255 1278 3286 1327 ὀ
3311 1276 3452 1343 Θεός
3485 1291 3598 1328 σου
3651 1275 3819 1343 ἐμπε⁸

2550 1341 2784 1405 ριπατεῐ
2815 1341 2883 1393 ἐν
2916 1341 2988 1408 τῇ
3020 1342 3357 1411 παρεμϐολῇ
3388 1359 3533 1406 σου;

2353 1421 2470 1476 Οἷδε
2504 1425 2753 1489 πολλάκις
2774 1427 3062 1496 δυσοσμίας
3083 1429 3111 1478 ὁ
3135 1429 3243 1498 ἀὴρ
3276 1429 3684 1498 ἐμπιπλάμενος
3720 1431 3820 1484 λοι-

2287 1513 2382 1583 μὸν
2415 1517 2672 1584 ἐμποιεῖν.
2739 1517 3012 1571 Ἐκέλευσε
3073 1518 3248 1571 τοίνυν
3301 1520 3482 1581 αὐτοῖς
3537 1536 3828 1590 στρατοπε-

2281 1605 2583 1676 δευομένοις
2602 1608 2700 1679 τὴν
2729 1609 3111 1679 ἐκκρινομένην
3158 1609 3562 1678 καταχωννύναι
3605 1611 3826 1680 κόπρον.

2285 1695 2475 1748 Ἴναδέ
2507 1697 2580 1767 μὴ
2601 1698 2993 1770 ἀπειθήσαντες
3019 1699 3217 1768 βλάϐην
3253 1699 3608 1764 εἰσδέξωνται,
3664 1701 3827 1766 ἀναγ-

651 1779 952 1830 necessario
984 1780 1223 1848 adjuuxit
1253 1803 1263 1834 :
1298 1782 1432 1846 Quia
1459 1784 1705 1836 Dominus
1731 1786 1866 1838 Deus
1895 1788 2154 1840 inambula

2282 1786 2449 1848 καίως
2473 1789 2744 1856 ἐπήγαγεν
2765 1805 2777 1816 ·
2809 1789 2926 1840 Ὅτι
2953 1789 3165 1854 Κύριος
3191 1792 3224 1841 ὀ
3264 1788 3408 1852 Θεὸς
3455 1789 3831 1857 ἐμπεριπατεῖ

649 1865 703 1916 in
731 1867 913 1918 castris
946 1869 1067 1921 tuis.
1096 1867 1159 1922 Et
1180 1885 1393 1924 causam
1426 1874 1606 1927 docet:
1650 1873 1713 1926 Ut
1746 1877 1924 1939 eripiat
1958 1886 2004 1928 te
2027 1917 2040 1939 ,
2070 1887 2178 1930 tra-

649 1956 838 2023 datque
859 1958 1115 2013 inimicum
1148 1971 1289 2012 tuum
1315 1973 1429 2014 ante
1460 1963 1641 2030 [aciem
1671 1975 1811 2017 tuam
1840 1967 1904 2019 ’9.
1929 1967 2176 2036 Propter-

649 2059 709 2096 ea
738 2046 1004 2112 admonet,
1048 2059 1104 2101 ut
1148 2051 1216 2101 nil
1265 2062 1455 2104 contra
1486 2054 1648 2120 legem
1679 2066 1858 2122 agant.
1901 2056 2175 2110 Subiufert

647 2135 788 2188 enim
823 2153 837 2188 :
870 2136 934 2188 Et
968 2148 1114 2190 erunt
1151 2151 1318 2193 castra
1346 2151 1434 2194 tua
1457 2152 1633 2195 saneta
1654 2183 1668 2208 ,
1700 2161 1788 2197 ucc
1815 2147 2096 2199 invenietur
2121 2150 2174 2200 in

648 2235 696 2275 te
723 2227 1058 2292 turpitudinis
1089 2245 1186 2282 res.

643 2395 706 2451 V.
734 2398 819 2454 12.
863 2398 931 2456 Et
959 2399 1101 2455 locus
1128 2413 1231 2456 esto
1260 2405 1371 2523 tisi.
1408 2406 1502 2484 ait,
1532 2415 1675 2459 extra
1715 2416 1908 2472 castra,
1945 2419 1992 2461 et
2026 2426 2171 2478 egre-

1351 2490 1449 2523 ΘΥΜ
1478 2491 1555 2523 80.

1351 2490 1449 2524 erts
1478 2491 1555 2526 80.

641 2553 706 2608 ν.
861 2557 1134 2634 _Et_clr_tvus
1162 2565 1255 2634 erit
1276 2564 1376 2634 tibi
1415 2565 1465 2615 iu
1502 2581 1630 2616 zona
1667 2575 1774 2619 tua.
1811 2565 2022 2634 Eritqne
2054 2584 2167 2618 cum

707 2623 896 2703 sederis
929 2629 1072 2703 foris.
1118 2641 1161 2681 et
1194 2631 1359 2703 fodies
1390 2635 1438 2683 in
1465 2649 1542 2698 eo,
1583 2644 1628 2686 et
1683 2623 1947 2686 reducens.
1975 2637 2168 2703 operies

706 2696 1076 2760 turpitudinem
1117 2709 1255 2749 luant
1301 2701 1479 2765 ipsius.

638 2843 700 2896 ν.
737 2845 815 2897 ιι.
857 2845 994 2908 Quia
1020 2847 1264 2902 Dominus
1293 2851 1424 2903 Deus
1450 2862 1566 2904 tuus
1597 2853 1880 2904 inambutat
1905 2855 1956 2904 in
1984 2856 2164 2907 castris

703 2916 894 2980 eripere
926 2926 1004 2970 te.
1040 2928 1084 2967 et
1122 2922 1325 2971 tradere
1362 2923 1451 2972 tibi
1484 2923 1744 2972 inimicum
1776 2933 1917 2973 tuum
1957 2925 2008 2974 in
2053 2941 2164 2974 ma~

703 2999 798 3054 nus
821 2993 958 3054 tuas.
998 2984 1062 3036 Et
1098 2997 1242 3039 erunt
1267 3004 1435 3040 castra
1475 2998 1565 3041 tua
1593 3001 1789 3054 sancta,
1826 2999 1872 3041 et
1898 3008 1995 3042 non
2025 2994 2161 3044 video

702 3050 840 3102 bitur
872 3052 926 3104 in
963 3066 1009 3105 te
1044 3057 1310 3122 turpitudo
1346 3060 1437 3110 rei.

701 3201 911 3256 Evitare
948 3205 1191 3269 equidem
1220 3204 1373 3258 decet
1413 3220 1625 3258 omnem
1663 3207 2014 3262 immunditiei
2043 3225 2164 3278 spe—

629 3290 764 3341 ciem
807 3305 932 3354 eos,
969 3292 1056 3357 qui
1096 3292 1316 3358 cupiunt
1352 3293 1606 3347 adversus
1643 3308 1825 3348 omnes
1860 3296 2161 3364 spirituales

629 3379 805 3432 hostes
837 3381 1114 3434 victoriam
1150 3381 1367 3435 referre.
1400 3382 1530 3448 Quia
1558 3392 1732 3438 tamen
1765 3400 1902 3453 saepe
1927 3388 2163 3443 cadimus

628 3482 833 3532 omnes,
862 3469 1196 3538 obnoxiaque
1238 3481 1318 3524 est
1351 3472 1574 3524 humana
1611 3483 1796 3526 natura
1829 3477 2063 3531 facilitati
2109 3480 2159 3532 iu

626 3557 863 3612 defectus
890 3559 1138 3622 labendi,
1178 3569 1231 3613 et
1278 3576 1434 3614 nemo
1472 3563 1660 3616 delicta
1691 3564 1936 3633 intelliget
1966 3567 2029 3628 ³ο,
2078 3583 2160 3621 se—

624 3647 853 3700 cundum
887 3647 1167 3702 Psalleutis
1196 3665 1374 3703 vocem
1395 3691 1410 3713 ,
1441 3652 1758 3719 Contingat,
1794 3655 1898 3717 ait,
1936 3655 2015 3708 vel
2041 3658 2159 3709 uni-

623 3749 740 3788 eam
781 3736 1078 3789 innatarum
1112 3739 1164 3791 in
1205 3740 1352 3792 vobis
1384 3740 1744 3808 impuritatum
1781 3741 1982 3812 effringi
2027 3761 2159 3812 quo-

623 3825 925 3889 dammodo,
955 3842 1015 3880 ac
1042 3828 1234 3891 evinci,
1265 3829 1628 3884 laborantibus
1651 3831 1822 3898 aliqua
1851 3847 1908 3886 re
1938 3843 2154 3888 externa

625 3915 688 3966 ad
733 3915 899 3984 legem
938 3919 1232 3984 pertinente
1261 3929 1314 3972 et
1343 3923 1406 3971 ad
1440 3921 1598 3972 vitam
1619 3961 1634 3984 ,
1674 3937 1792 3990 qua:
1825 3933 2038 3978 sanctos
2069 3926 2158 3978 de-

623 4009 761 4052 ceat.
806 4000 1070 4056 [uitabitat
1103 4021 1330 4073 namque
1363 4007 1413 4059 iu
1461 4008 1712 4063 membris
1739 4012 1916 4065 carnis
1959 4015 2154 4080 peccati

622 4089 727 4142 lex.
780 4090 956 4146 Primo
987 4094 1144 4162 igitur
1189 4111 1291 4149 non
1335 4099 1614 4152 manifeste
1641 4115 1704 4153 ac
1743 4101 1916 4168 palam
1939 4141 1954 4164 ,
1987 4118 2156 4170 neque

622 4182 673 4233 in
725 4181 864 4249 Vulgi
905 4195 1190 4252 c0nspectu
1236 4186 1412 4255 lapsus
1455 4189 1780 4244 infirmitatis
1830 4192 1960 4245 ﬁant
2000 4209 2013 4245 :
2063 4194 2154 4247 sed

620 4273 1008 4335 quodammodo
1037 4273 1166 4328 foris
1212 4275 1468 4341 latentes,
1519 4287 1572 4333 et
1615 4282 1970 4336 remotissime
2006 4296 2035 4334 a
2066 4269 2155 4334 (Ξε-

618 4369 762 4411 stris.
802 4359 992 4413 Deinde
1017 4364 1473 4420 emendationibus
1497 4367 1847 4431 oceultentur,
1887 4370 1961 4422 ait
2001 4388 2012 4420 :
2056 4368 2153 4423 Sa-

2276 1877 2344 1929 ἑν
2376 1877 2450 1944 τῇ
2473 1878 2809 1946 παρεμϐολῇ
2843 1893 2976 1933 σου.
3033 1881 3143 1932 Καὶ
3188 1880 3286 1949 τὴν
3329 1879 3505 1932 αἰτίαν
3551 1880 3818 1934 διδάσκει·

2287 1966 2617 2028 Ἐξελέσθαι
2647 1983 2738 2029 σε,
2774 1969 2867 2021 καὶ
2901 1969 3268 2036 παραδοῦναι
3315 1970 3421 2022 τὸν
3460 1971 3675 2038 ἐχθρόν
3712 1988 3823 2025 σου

2274 2053 2384 2120 πρὸ
2423 2055 2737 2120 προσώπου
2767 2069 2898 2109 σου.
2935 2056 3032 2109 Διὰ
3062 2057 3118 2108 δὲ
3149 2057 3337 2110 τούτου
3381 2057 3624 2110 παιδεύει
3664 2059 3822 2129 μηδὲν

2273 2142 2525 2211 πράττειν
2555 2144 2880 2213 παράνομον.
2903 2145 3070 2198 Τοῦτο
3097 2145 3206 2216 γὰρ
3227 2147 3422 2214 ἐπάγει
3441 2163 3454 2176 °
3501 2147 3610 2198 Καὶ
3657 2148 3823 2199 ἔσται

2272 2233 2309 2299 ἡ
2335 2234 2665 2300 παρεμϐολή
2708 2249 2820 2288 σου
2853 2235 3007 2304 ἁγία,
3045 2237 3145 2290 καί
3171 2240 3284 2306 οὐχ
3331 2237 3710 2305 εὑρεθήσεται
3759 2239 3826 2290 ἐν

2271 2322 2368 2372 σοὶ
2405 2323 2831 2391 ἀσχημοσύνης
2875 2323 3129 2393 «parum

2271 2405 2414 2475 Στίχ.
2442 2407 2525 2459 ιϐ’.
2554 2407 2660 2460 Καὶ
2695 2411 2727 2460 ὀ
2759 2411 2949 2482 τόπος
2992 2412 3148 2482 ἔστω
3179 2428 3300 2474 σοι,
3337 2415 3533 2482 φησὶν,
3570 2414 3686 2478 ἔξω
3716 2414 3822 2482 τῆς

2546 2478 2936 2544 παρεμϐολῆς,
2963 2480 3058 2531 καὶ
3080 2478 3376 2549 ἐξελεύση
3397 2478 3539 2538 ἐκεῖ.

2269 2563 2413 2631 Στίχ.
2449 2571 2535 2632 ιγ’.
2566 2567 2670 2637 Καί
2704 2566 3020 2637 πάσσαλος
3049 2570 3221 2622 ἔσται
3249 2589 3347 2624 σοι
3377 2571 3476 2623 ἐπὶ
3509 2571 3619 2637 τῆς
3642 2571 3822 2637 ζώνης

2335 2635 2604 2706 σουηξςαὶ
2635 2635 2799 2706 ἐσται
2830 2635 2974 2706 όταν
3014 2638 3327 2706 καθιζάνῃς
3349 2639 3484 2703 ἐξω,
3533 2635 3631 2692 καὶ
3686 2635 3820 2705 ὀρύέ

2334 2700 2444 2776 Sac
2474 2703 2581 2776 (57)
2625 2704 2693 2756 ἐν
2721 2703 2895 2776 αὐτῷ,
2942 2707 3039 2758 καί
3083 2700 3479 2776 ἐπανᾱγῖαῃῶν
3528 2700 3824 2776 καλύψας

2335 2769 2447 2836 τὴν
2482 2769 2914 2839 ἀσχημοσύνην
2955 2791 3069 2828 σου
3103 2769 3319 2830 ἑαυτοῦ
3350 2769 3481 2846 (58).

2263 2859 2408 2934 Στίγέ
2435 2861 2513 2914 ιδ’.
2540 2863 2664 2914 ’Ὁτι
2695 2864 2902 2934 Κύριος
2939 2868 2970 2934 ὁ
3003 2867 3146 2931 Θεός
3177 2881 3292 2919 σου
3333 2867 3720 2934 ἐμπεριπατεῖ
3753 2868 3821 2919 ἐν

2330 2927 2403 2995 τῇ
2433 2927 3242 3000 παρεμϐολῇἐξελέσθαίσε,
3299 2927 3395 2987 καὶ
3449 2927 3826 3000 παραδοῦναί

2329 3013 2427 3070 σοι
2464 2998 2566 3070 τὸν
2587 2999 2797 3064 ἐχθρόν
2834 3018 2946 3070 σού
2991 3005 3076 3068 είς
3126 3003 3234 3066 τὰς
3273 3003 3475 3070 χεῖράς
3509 2998 3646 3056 σου.
3711 3004 3817 3057 Καὶ

2331 3063 2498 3139 ἔσται
2521 3068 2556 3131 ἡ
2588 3063 2922 3139 παρεμϐολή
2954 3063 3068 3124 σού
3097 3063 3254 3138 ἁγία,
3273 3063 3389 3123 ’Ξιιὶὶ
3413 3063 3524 3124 οὖκ
3557 3072 3816 3139 ὀφθήσε-

2337 3149 2427 3184 ται
2453 3135 2521 3186 ἐν
2542 3135 2638 3186 σοὶ
2673 3139 3065 3206 ἀσχημοσύνη
3097 3135 3457 3206 πράγματος.

2328 3220 2706 3290 Παραιτεῖσθαι
2738 3224 2834 3292 μὲν
2861 3225 2967 3294 γὰρ
2996 3228 3102 3277 πᾶν
3138 3223 3277 3287 εἶδος
3312 3224 3652 3294 ἀκαθαρσίας
3687 3224 3820 3293 πρέ-

2259 3323 2347 3358 πει
2386 3307 2506 3370 τοῦς
2551 3309 2986 3379 κατανδρίζεσθαι
3022 3311 3128 3364 τῶν
3171 3311 3377 3380 νοητῶν
3421 3309 3816 3380 ἐπιθυμοῦντας

2257 3394 2480 3463 ἐχθρῶν.
2530 3397 2738 3467 Ἐπειδὴ
2787 3398 2841 3450 δὲ
2893 3400 3058 3453 πολλὰ
3112 3400 3377 3469 πταίομεν
3425 3401 3682 3462 ἅπαντες,
3723 3400 3816 3451 καὶ⁸

2256 3485 2401 3534 νοσεῖ
2439 3483 2532 3550 μὲν
2561 3486 2594 3554 ἡ
2650 3486 2930 3556 ἀνθρώπου
2993 3488 3153 3557 φύσις
3207 3489 3265 3540 τὺ
3321 3487 3595 3540 εύόλισθον
3632 3490 3710 3550 είς
3755 3486 3815 3538 τὸ

2257 3567 2591 3638 πλημμελές’
2625 3574 2878 3641 συνήσει
2911 3576 2966 3628 δὲ
2994 3576 3166 3637 οὐδεὶς
3197 3576 3656 3644 παραπτώματα,
3675 3574 3812 3628 κατὰ

2256 3660 2352 3730 τὴν
2379 3660 2470 3711 τοῦ
2509 3663 2810 3727 Ψάλλοντος
2843 3667 3070 3736 φωνήν··
3091 3666 3322 3729 Γένοιτο,
3348 3666 3501 3737 φησὶ,
3552 3666 3649 3735 μιᾷ
3708 3663 3814 3715 τῶν

2255 3750 2504 3818 ἐμφύτων
2546 3754 2638 3805 καὶ
2699 3755 2754 3805 ἐν
2807 3755 2930 3824 ὑμῖν
2981 3755 3330 3826 ἀκαθαρσιῶν
3387 3752 3809 3824 περιθραύεσθαι

2258 3840 2549 3907 μονονουχὶ,
2579 3843 2670 3892 καὶ
2708 3841 3021 3896 ἁλίσκεσθαὶ
3059 3861 3110 3896 τι
3141 3845 3498 3912 νενοσηκότας
3551 3842 3657 3895 τῶν
3712 3839 3813 3905 ἔξω

2254 3927 2415 3996 νόμου
2443 3930 2535 3981 καὶ
2561 3929 2700 3999 ζωῆς
2723 3933 3116 4003 ἁγιοπρεποῦς.
3166 3935 3393 3986 Ἐνοικεί
3423 3934 3530 4001 γὰρ
3575 3935 3687 3993 τοῖς
3720 3931 3812 4000 μέ-

2253 4013 2366 4066 λεσι
2395 4015 2493 4083 τῆς
2525 4019 2721 4085 σαρκὸς
2741 4021 2838 4089 τῆς
2869 4022 3144 4093 ἁμαρτίας
3166 4021 3194 4070 ό
3229 4021 3407 4088 νόμος.
3447 4019 3667 4089 Πρῶτον
3719 4019 3813 4086 μὲν

2256 4105 2329 4174 μὴ
2359 4105 2600 4175 ἐναργῶς
2633 4109 2724 4160 καὶ
2746 4111 3063 4178 άκρύπτως,
3099 4114 3233 4181 μήτε
3263 4112 3369 4180 μὴν
3409 4113 3467 4163 ἐν
3519 4110 3638 4178 ὄψει
3679 4108 3808 4160 πολ-

2252 4193 2376 4257 λῶν,
2403 4195 2468 4247 τὰ
2502 4197 2564 4248 ἐκ
2595 4197 2689 4266 τῆς
2739 4200 3051 4269 ἀρρωστίας
3100 4200 3420 4272 πραττέσθω
3468 4198 3807 4268 πταίσματα.⁸

2252 4282 2363 4335 ἀλλ’
2385 4279 2492 4336 οἷον
2534 4285 2634 4348 ἔξω
2663 4287 2947 4358 λεληθότες
2967 4331 2982 4353 ,
3018 4293 3111 4344 καὶ
3139 4292 3213 4354 ὡς
3241 4291 3514 4343 ἀπωτάτω
3540 4289 3638 4358 τῆς
3668 4302 3805 4353 παρ-

2254 4372 2516 4442 εμϐολῆς·
2553 4371 2669 4429 εἶτα
2716 4381 2832 4439 ταῖς
2861 4380 3270 4451 ἐπανορθώσεσι
3292 4373 3803 4430 κατακαλυπτέσθω.

615 4447 810 4512 pientes
827 4448 1053 4516 obtegent
1073 4467 1192 4504 suas
1211 4454 1436 4518 ipsorum
1457 4456 1822 4522 turpitudines,
1843 4455 1990 4523 juxta
2010 4459 2147 4522 quod

2273 4464 2405 4531 μησί·
2432 4467 2611 4532 Σοφοὶ
2644 4467 2750 4538 γὰρ
2781 4447 3135 4540 καλύψούσι
3181 4471 3288 4534 τὰς
3331 4467 3557 4521 ἑαυτῶν
3603 4462 3808 4528 αἰσχύ-

615 4539 871 4603 scriptum
908 4550 1010 4592 est.
1057 4540 1326 4599 Cessando
1365 4545 1508 4600 enim
1545 4546 1611 4600 ab
1650 4546 1985 4600 iuconcinnis
2020 4549 2149 4601 acti-

616 4628 752 4688 bus,
801 4637 853 4681 et
899 4630 948 4682 in
999 4632 1215 4686 meliora
1257 4636 1608 4704 pmpensione
1646 4637 1986 4691 reformando
2019 4651 2152 4706 quo-

616 4716 899 4773 dammodo
929 4731 1155 4776 mentem
1181 4725 1280 4788 sic,
1305 4736 1363 4778 ut
1386 4737 1679 4782 statuamus
1708 4729 2005 4798 eligendum
2029 4743 2148 4784 esse

612 4807 752 4872 quod
783 4809 1035 4874 prodesse
1069 4823 1264 4878 queat,
1307 4829 1461 4870 casus
1492 4827 1702 4872 nostros
1737 4832 1767 4872 e
1805 4819 1979 4873 medio
2009 4817 2147 4872 tolli-

613 4908 734 4948 mus
767 4917 777 4949 :
809 4911 870 4950 ac
906 4899 1210 4952 indecorum
1252 4915 1524 4970 peccatum
1549 4947 1564 4971 ,
1614 4917 1794 4975 postea
1841 4906 2145 4976 fragrantiis

609 4981 909 5045 vincentes,
942 4987 1268 5053 ingredimur
1299 4990 1490 5044 iterum
1526 4995 1576 5046 in
1608 5005 1912 5047 sanctorum
1946 5002 2139 5058 castra,

609 5067 662 5123 id
694 5081 774 5124 est
801 5073 849 5124 in
876 5076 1096 5128 ecclesia
1129 5078 1616 5145 primogenitorttm.
1651 5083 1704 5136 In
1728 5083 1938 5137 Christo
1963 5095 2140 5136 autem

611 5159 746 5214 istuc
773 5161 1050 5226 perficitur
1072 5203 1086 5226 ,
1119 5166 1160 5217 si
1196 5169 1520 5236 accipiamus
1546 5185 1754 5224 erucem
1786 5173 1947 5234 illius,
1985 5182 2138 5225 uten-

612 5253 691 5300 tes
723 5249 834 5302 acri
875 5251 1196 5316 cogitatione
1243 5263 1295 5308 et
1337 5258 1402 5310 ad
1432 5259 1784 5314 resistendum
1816 5269 2052 5313 strenua.
2085 5260 2138 5313 Id

614 5337 749 5390 enim
796 5339 1009 5408 oblique
1054 5344 1317 5409 lunuitur,
1345 5362 1407 5403 eo
1433 5351 1574 5421 quod
1602 5350 1886 5403 habeamus
1920 5353 1969 5404 in
2007 5367 2136 5406 zona

617 5427 854 5494 :lavum,
906 5431 954 5484 id
999 5442 1080 5486 est
1117 5433 1340 5503 lignum.
1391 5441 1557 5512 Igitur
1599 5441 1944 5512 spiritualiter
1988 5444 2140 5498 intel-

635 5541 678 5570 ³³
701 5541 852 5596 Deut.
887 5559 1036 5606 xxiii,
1064 5546 1147 5600 14.
1219 5549 1263 5582 ³⁸
1295 5551 1433 5613 Psal.
1462 5574 1613 5622 xvm,
1643 5557 1727 5612 15.

675 5675 781 5750 (ξῗῖ)
817 5680 1077 5750 Γορύξεις.

675 5745 782 5813 (58)
813 5745 972 5804 Forte
999 5745 1052 5806 ὲν
1089 5755 1248 5827 αὐτῷ.

2251 4571 2380 4620 νας,
2403 4557 2541 4609 κατά
2565 4557 2624 4609 τὸ
2655 4564 3060 4630 γεγραμμένον.
3093 4559 3501 4628 Καταληγοντες
3544 4554 3650 4622 γὰρ
3704 4550 3808 4602 τῶν

2253 4643 2742 4715 πλημμελημάτων,
2775 4651 2867 4702 καὶ
2896 4656 3027 4716 ’ταῖς
3054 4654 3130 4713 είς
3159 4649 3230 4702 τὰ
3253 4648 3458 4718 ἀμείνω
3477 4646 3664 4714 ῥοπαῖς
3685 4643 3814 4694 ἁνα-

2252 4732 2630 4799 στοιχειοῦντες
2653 4736 2850 4805 τρόπον
2873 4741 3012 4794 τινὰ
3055 4739 3149 4792 τὸν
3176 4737 3319 4800 νοῦν,
3352 4736 3430 4796 είς
3454 4733 3513 4784 τὸ
3537 4731 3645 4782 δεῖν
3701 4726 3811 4778 ἐλέ-

2252 4823 2371 4875 σθαι
2418 4823 2479 4875 τὸ
2508 4825 2765 4900 ὠφελοῦν,
2825 4830 2896 4885 ἐκ
2953 4832 3118 4903 μέσου
3171 4823 3470 4896 ποιούμεθα
3517 4821 3802 4916 τὰ-προσ·

2250 4913 2586 4983 πταίσματαο
2634 4919 2726 4970 καὶ
2771 4919 2874 4991 τὴν
2923 4926 3161 4992 ἄκοσμον
3209 4916 3480 4988 ἁμαρτίαν
3533 4913 3652 4971 ταῖς
3696 4913 3801 4958 τῶν

2248 5001 2440 5072 ἐφεξῆς
2486 5006 2731 5071 εὐωδίαις
2793 5015 3118 5084 νικήσαντες
3155 5049 3168 5074 ,
3233 5001 3647 5072 είσελευσόμεθα
3700 4997 3805 5050 πά-

2245 5091 2326 5143 λιν
2346 5095 2424 5155 είς
2453 5095 2558 5148 τῶν
2612 5099 2779 5167 ἁγίων
2824 5103 3199 5176 παρεμϐολὴν,
3254 5095 3528 5150 τουτέστιν
3579 5093 3659 5151 εἰς
3704 5087 3800 5148 τὴν

2244 5181 2350 5235 τῶν
2382 5189 2731 5255 πρωτοτόκων
2758 5194 3068 5266 ἐκκλησίαν.
3136 5192 3222 5244 Ἐν
3263 5185 3478 5258 Χριστῷ
3531 5182 3586 5233 δὲ
3645 5181 3799 5274 τοῦτ-ρ

2244 5267 2558 5341 πληροῦται,
2592 5277 2914 5353 είλάὸοιμεν
2966 5282 3058 5334 τὸν
3107 5275 3269 5330 αύτοῦ
3322 5270 3580 5338 σταυρδνν
3615 5267 3798 5353 γορτῷ

2243 5357 2352 5429 (59)
2385 5364 2476 5416 καὶ
2499 5350 2842 5442 εύζωνοτάτιρ
2869 5372 3172 5442 φρονήματι
3207 5357 3548 5431 κεχρημένων
3583 5353 3654 5404 Τὸ
3687 5350 3795 5442 τάξ

2244 5446 2384 5517 ἔχειν
2415 5455 2563 5521 ἡμᾶς
2606 5459 2697 5512 ἐπὶ
2725 5434 3117 5527 τοῦ-ζωστῆρος
3175 5447 3466 5508 πάσσαλόν,
3508 5443 3675 5511 ἤγουν
3734 5434 3794 5489 τὸ

2318 5701 2426 5772 (59)
2451 5706 2603 5776 C0.l.,
2632 5727 2786 5785 γεργ.
