3922 6426
599 413 666 466 45
1443 407 1990 466 SUPPLEMENTUM
2025 410 2114 464 AD
2148 408 2470 466 ORIGENIS
2508 409 2911 466 EXEGETICA.
3669 417 3733 472 Η

601 523 991 592 comparatione
1029 514 1160 572 ﬁlios
1191 517 1375 572 Israel.
1413 519 1491 573 llli
1517 537 1745 590 namque
1770 538 1891 578 cum
1925 524 2114 576 iterum

2215 523 2529 592 κατέκριναν
2553 523 2614 576 ἐκ
2642 524 2983 592 παραθέσεως
2999 520 3120 582 τοὺς
3146 520 3288 582 υἱοὺς
3324 522 3546 591 Ἰσραήλ.
3562 525 3620 576 Ol
3644 528 3736 594 μὲν

563 671 570 682 ,
604 614 782 683 Dagon
815 611 1118 670 corruisset,
1160 619 1419 678 caputque
1445 611 1586 665 illius
1625 621 1680 666 et
1705 614 1895 680 pedum
1930 627 2119 667 manu-

570 704 576 776 _'
603 717 794 770 umque
817 697 1182 756 extremitates
1208 698 1401 754 excisaa
1427 709 1629 765 essent,
1655 709 1709 754 et
1749 701 1802 752 in
1829 701 2011 754 limine
2033 701 2120 768 ja-

571 785 817 851 "cerent;
851 799 1013 854 usque
1047 786 1180 840 adeo
1217 801 1322 840 non
1354 796 1720 856 temperarunt
1750 802 1779 842 a
1801 789 1988 844 notitia
2014 789 2122 842 cla-

599 881 698 942 dis,
735 891 889 945 quam
939 871 1070 928 detis
1099 875 1332 942 ipsorum
1367 878 1625 932 contritus
1647 877 1848 942 retulit,
1876 887 1938 932 ut
1961 891 2026 930 ex
2057 891 2122 932 eo

599 978 834 1034 tempore
851 979 958 1019 non
1002 963 1228 1030 amplius
1257 965 1430 1018 limini
1473 967 1793 1030 insisterent,
1829 967 1875 1020 si
1910 969 2121 1036 quando

593 1071 710 1110 eum
753 1055 1021 1110 adoraturi
1068 1055 1521 1124 ingrediebantur,
1549 1063 1826 1124 prepterea
1875 1058 2018 1125 quod
2049 1057 2121 1112 ibi

594 1146 731 1200 illius
743 1147 975 1200 membra
986 1145 1360 1215 jacuerunt,de
1369 1147 1560 1214 quibus
1575 1147 2119 1201 commemoravimus.

592 1239 660 1290 At
701 1237 857 1292 Israel
897 1238 1150 1292 invictum
1196 1236 1398 1290 habens
1449 1237 1632 1301 Deum,
1661 1237 1740 1292 sic
1781 1238 1942 1307 impie
1989 1239 2118 1306 egit.

1203 1366 1352 1421 CAP.
1382 1367 1496 1419 XV.

593 1456 657 1512 V.
714 1459 800 1512 10.
857 1458 921 1512 Et
968 1459 1069 1526 fuit
1129 1461 1337 1576 verbtéut
1403 1457 1609 1511 Domini
1661 1459 1731 1512 ad
1787 1458 2118 1526 Samuelem,

799 1555 801 1558 ‹
1295 1541 1472 1576 tcens:

799 1555 801 1558 ‘
1259 1541 1430 1579 arcens
1453 1541 1472 1578 .'

682 1615 746 1670 V.
775 1617 860 1668 Η.
893 1605 1256 1677 Ρωηὶιιιίε’τιιε,
1289 1617 1423 1682 quod
1454 1614 1580 1666 anxi
1612 1612 1742 1666 Saut
1763 1614 1818 1666 in
1842 1630 2029 1683 regem.

660 1749 1108 1837 Quemadmodum
1134 1767 1406 1822 hounuum
1435 1780 1644 1831 manus,
1675 1775 1730 1821 et
1753 1781 1866 1835 pes,
1905 1777 1962 1824 et
1993 1784 2112 1824 ocu-

592 1860 693 1920 lus,
722 1867 774 1910 et
803 1858 963 1921 auris,
996 1865 1050 1910 et
1072 1857 1117 1910 si
1155 1859 1280 1920 quid
1330 1855 1628 1923 huiusmodi
1675 1856 1995 1921 nominatur,
2045 1859 2119 1912 si-
2151 1838 2188 1892 Β

589 1945 891 2013 gniﬁcativa
929 1952 1052 1997 sunt
1101 1944 1461 1997 membrorum
1524 1946 1689 1998 nostri
1737 1945 2014 2014 corporis;
2061 1946 2116 2000 in

593 2039 700 2091 Deo
727 2047 921 2098 autem,
948 2049 1136 2089 manus
1165 2035 1665 2090 innuitcreatricem
1692 2036 1963 2100 virtutem,
1992 2050 2118 2090 oeu-

588 2129 670 2182 lus
695 2127 798 2180 vim
826 2127 1002 2180 omnia
1035 2127 1376 2194 inspiciendi;
1416 2126 1560 2180 auris
1585 2126 1877 2194 potentiam
1902 2127 2117 2181 univer~

589 2233 645 2272 sa
675 2217 945 2282 audiendi,
999 2231 1092 2287 pes
1140 2232 1267 2272 vero
1309 2218 1453 2271 illius
1491 2218 1852 2284 praesentiam,
1900 2219 2116 2285 quando

588 2308 714 2378 quid
747 2313 1002 2376 Operatur
1033 2325 1047 2360 :
1081 2309 1159 2362 sic
1208 2309 1286 2361 ira
1334 2307 1424 2362 Dei
1466 2309 1664 2361 dicitur
1704 2307 1957 2372 eruditio,
2007 2321 2112 2375 qua

588 2399 800 2467 quidam
833 2399 1184 2465 castigantur,
1211 2413 1316 2452 non
1350 2397 1440 2451 Dei
1465 2400 1660 2465 passio.
1686 2396 2006 2450 Poenitentia
2035 2404 2116 2450 est

589 2488 864 2541 translatio
893 2487 1081 2540 divinae
1107 2487 1513 2554 dispensationis
1531 2488 1599 2540 de
1623 2503 1678 2540 re
1699 2488 1763 2540 ad
1795 2502 1904 2539 rem
1933 2486 2113 2539 aliam.

585 2577 736 2642 Quod
765 2576 906 2629 enim
940 2590 1037 2630 nos
1068 2577 1370 2643 paenitendo
1396 2576 1638 2640 facimus,
1668 2576 1721 2629 id
1749 2586 1832 2630 est
1855 2579 2113 2633 evitamus

587 2683 648 2720 ea
679 2681 904 2734 quorum
925 2679 1022 2718 nos
1043 2667 1284 2735 paenitet,
1304 2665 1404 2718 alia
1427 2680 1554 2718 vero
1578 2665 1794 2720 meliora
1815 2676 2109 2732 sectamur;

587 2758 637 2811 id
664 2755 759 2809 Dei
787 2754 1092 2823 paenitentia
1121 2764 1356 2807 vocatur.
1418 2753 1613 2824 thuid
1643 2754 1821 2809 istuc?
1849 2754 2110 2821 Quoniam

587 2847 985 2900 accommodate
1023 2851 1274 2912 quantum
1306 2843 1417 2897 ﬁeri
1446 2853 1653 2912 poterat
1686 2845 1750 2897 ad
1794 2859 1880 2900 res
1925 2859 2112 2913 corpo-

596 2949 716 2990 reas
763 2935 1040 3002 oportebat
1102 2943 1161 2987 ut
1203 2933 1564 2989 hebetioribus
1592 2934 1862 3003 propheta
1906 2935 1971 2988 de
2005 2935 2112 2988 Deo

585 3026 951 3095 loquerentur,
993 3032 1049 3078 ut
1097 3039 1179 3078 res
1223 3023 1363 3077 illius
1402 3024 1516 3092 capi
1547 3033 1783 3091 possent.
1829 3023 1928 3088 Qui
1967 3024 2108 3078 enim

582 3125 788 3170 statuas
822 3129 956 3182 quas
995 3113 1305 3182 sculpebant
1338 3112 1420 3166 vel
1449 3111 1762 3176 fundebant,
1807 3113 1932 3166 deos
1959 3112 2106 3166 arbi-
2134 3144 2180 3206 Ο

589 3204 888 3269 trahantur,
928 3215 1015 3255 res
1043 3198 1326 3266 cmteroqui
1361 3199 1568 3252 ratione
1611 3198 1908 3261 destitutas,
1959 3198 2110 3266 quei-

572 3307 702 3345 nam
741 3291 1004 3358 cepissent
1025 3304 1118 3357 per
1158 3286 1459 3356 spirituales
1481 3286 1830 3354 cogitationes
1857 3294 1910 3340 et
1929 3287 2109 3353 verba,

576 3398 640 3437 ea
689 3396 806 3450 quae
840 3380 904 3434 de
941 3380 1047 3434 Deo
1075 3377 1424 3434 dicerentur?

1198 3487 1262 3540 Et
1283 3490 1466 3542 iterum
1492 3503 1510 3541 :

645 3577 700 3632 Si
726 3578 984 3632 universa
1011 3577 1256 3646 praevidit
1285 3578 1441 3644 Deus,
1472 3593 1570 3632 nec
1612 3577 1677 3632 de
1710 3577 1777 3634 iis
1816 3593 1932 3648 quae
1961 3582 2110 3636 novit

579 3669 848 3730 irascitur,
891 3677 983 3722 aut
1022 3667 1339 3737 paenitentia
1393 3667 1647 3734 ducitur;
1704 3683 1811 3723 non
1852 3679 1936 3723 est
1982 3685 2110 3738 ergo

576 3759 752 3834 passio
779 3773 897 3826 qua:
927 3757 978 3811 in
1014 3757 1177 3812 Deum
1199 3757 1370 3818 cadat,
1401 3758 1479 3810 ira
1504 3757 1586 3811 vel
1615 3758 1928 3826 paenitentia
1958 3776 1974 3814 :
2016 3761 2110 3815 sed

579 3850 672 3900 ira:
704 3862 838 3914 opus
868 3857 951 3901 est
984 3846 1188 3914 punitio
1215 3863 1230 3912 ;
1278 3847 1418 3915 quod
1461 3855 1515 3900 et
1542 3847 1606 3899 ad
1634 3847 2002 3915 paenitentiam
2034 3849 2109 3903 si-

576 3933 773 3989 militer
807 3933 1232 3988 transferendum
1265 3950 1279 3987 :
1315 3947 1431 4001 qua:
1470 3942 1551 3986 est
1597 3935 1872 3990 derelictio
1920 3935 2109 4004 prioris

574 4019 773 4088 operis,
801 4028 857 4072 et
893 4018 1176 4073 translatio
1206 4020 1262 4072 in
1297 4018 1452 4072 aliam
1483 4019 1957 4089 dispensationem.
2017 4023 2108 4078 Sic

571 4117 628 4162 et
661 4108 725 4162 de
759 4108 932 4177 gladio
973 4108 1167 4163 dicitur
1196 4126 1211 4162 :
1251 4107 1434 4164 Cladie
1471 4121 1642 4174 acute,
1689 4119 1861 4164 macta
1883 4111 1947 4163 ³⁷.
1975 4110 2106 4166 Item

571 4213 762 4252 manus
775 4199 962 4254 ferrea
996 4201 1300 4254 nominatus
1324 4209 1406 4254 est
1434 4199 1684 4254 Salomon
1710 4219 1725 4256 :
1756 4199 1825 4254 Ut
1851 4203 2036 4270 eripiat
2058 4213 2107 4256 te

573 4293 638 4344 de
669 4307 822 4344 metm
853 4292 1026 4358 ferrea
1069 4301 1118 4345 et
1146 4292 1320 4361 gladio
1346 4293 1414 4348 ³⁸.
1461 4292 1528 4347 Ut
1558 4293 1723 4348 David
1778 4295 1984 4363 inquit:
2038 4295 2106 4348 In

570 4395 755 4433 manus
783 4380 945 4447 gladii
975 4383 1042 4436 '9.
1073 4381 1272 4436 Eodem
1300 4384 1458 4438 modo
1487 4383 1698 4440 animus
1729 4385 1816 4438 Dei
1843 4386 1997 4439 irasci
2027 4387 2107 4440 di-

2222 610 2347 680 γὰρ,
2380 610 2622 681 δεύτερον
2640 611 2731 663 τοῦ
2755 611 2937 678 Δαγὼν
2964 611 3320 672 πεπτωκότος,
3351 612 3442 662 καὶ
3468 611 3562 680 τῆς
3580 631 3738 682 κεφα-

2220 697 2335 766 λῆς,
2363 699 2454 750 καὶ
2484 698 2588 749 τῶν
2619 698 2794 751 ποδῶν
2820 699 2911 750 καὶ
2937 697 3132 768 χειρῶν
3169 697 3275 750 τῶν
3305 697 3484 768 ἄκρων
3515 700 3740 772 ἀποτμη-

2221 785 2436 850 θέντων,
2491 788 2584 838 καὶ
2637 789 2693 840 ὲν
2729 787 2807 856 τῷ
2855 785 2992 855 οὐδῷ
3025 785 3306 854 κειμένων,
3344 786 3587 841 τοσοῦτον
3614 789 3741 843 ἀπέ-

2221 893 2406 945 σχοντο
2435 876 2526 930 τοῦ
2551 876 2671 946 (μὴ)
2704 876 2900 943 γνῶναι
2927 874 3022 943 τὴν
3045 869 3230 942 ἧτταν,
3270 874 3336 944 ἢν
3367 876 3395 927 ὁ
3433 874 3549 939 θεὸς
3573 878 3744 932 αὐτῶν

2219 966 2420 1034 ἡττήθη
2466 964 2782 1034 συντριϐεὶς,
2828 961 2956 1014 ὥστ’
2980 960 3039 1026 ἐξ
3082 962 3286 1012 ἐκείνου
3335 962 3553 1031 μηδέπω
3594 965 3740 1016 οὐδοῦ

2219 1053 2529 1116 ἐπιϐαίνειν,
2560 1053 2719 1122 ἡνίκα
2744 1053 2807 1104 ἂν
2835 1052 3028 1104 εἰσίασι
3062 1053 3377 1122 προσκυνεῖν
3399 1051 3542 1122 αὐτῷ
3561 1091 3578 1117 ,
3601 1053 3680 1122 ἐφ’
3703 1047 3746 1120 ᾧ

2219 1143 2422 1196 ἔκειντο
2436 1141 2592 1195 αὑτοῦ
2620 1142 2688 1194 τὰ
2719 1141 2876 1211 μέρη,
2899 1135 2972 1194 ὧν
2992 1140 3486 1210 ἐμνημονεύσαμεν.
3520 1142 3577 1193 '0
3605 1142 3660 1194 δέ
3686 1160 3746 1211 γε

2233 1232 2459 1303 Ἰσραὴλ,
2483 1233 2741 1302 ἀήττητον
2763 1231 2899 1300 ἔχων
2918 1231 3006 1284 τὸν
3030 1231 3181 1295 Θεὸν,
3211 1231 3379 1293 οὕτως
3399 1230 3598 1300 ἠσέϐει.

2832 1363 2985 1414 ΚΕΦ.
3023 1363 3122 1415 ΙΕ’.

2220 1453 2364 1522 Στίχ.
2392 1459 2441 1505 ι’.
2458 1453 2564 1504 Καὶ
2594 1451 2842 1520 ἐγενήθη
2856 1451 3263 1588 ρῗἐιζίἔθυρίου
3289 1453 3436 1520 πρὸς
3453 1453 3745 1523 Σαμουὴλ,

2219 1611 2365 1680 Στίχ.
2403 1617 2486 1663 ια’.
2508 1608 3141 1742 Μεταμεμὲὶέηιρἓὲιὲἓι
3157 1609 3368 1678 ἕχρισα
3408 1611 3512 1663 τὸν
3559 1611 3746 1665 Σαοὺλ

2289 1767 2418 1838 (82⁸)
2443 1769 2645 1838 Ὠσπερ
2659 1766 2952 1837 ἀνθρώπων
2970 1767 3066 1836 μὲν
3080 1768 3199 1836 χεὶρ
3214 1769 3304 1820 καὶ
3317 1766 3452 1830 ποῦς
3466 1769 3557 1820 καὶ
3569 1769 3749 1837 ὀφθαλ-

2219 1858 2316 1928 μὸς
2334 1859 2425 1911 καὶ
2440 1854 2550 1920 οῦς,
2566 1858 2660 1912 καὶ
2673 1857 2727 1910 εῐ
2743 1875 2793 1910 τι
2825 1856 3058 1910 τοιοῦτον
3087 1858 3426 1928 ὀνομάζεται,
3450 1875 3515 1926 ση
3525 1861 3748 1927 μαντικὰ

2215 1948 2320 2000 τῶν
2342 1947 2512 2017 μελῶν
2548 1947 2640 2000 τοῦ
2671 1947 2932 2017 ἡμετέρου
2955 1944 3202 2016 σώματός
3226 1949 3370 1999 ἐστιν
3388 1963 3402 1977 ο
3427 1947 3517 1998 ὲπί⁸
3538 1947 3593 1998 δὲ
3619 1947 3747 1999 Θεοῦ

2174 2059 2176 2062 ν
2214 2036 2333 2104 χεὶρ
2354 2035 2448 2103 μὲν
2476 2033 2535 2085 τὸ
2559 2033 2959 2104 δημιουργικὸν,
2973 2033 3247 2104 ὀφθαλμὸς
3269 2035 3325 2086 δὲ
3345 2034 3406 2086 τὸ
3437 2035 3744 2088 ὲποπτικόν·

2214 2123 2306 2175 καὶ
2328 2118 2419 2184 οὖς
2447 2121 2542 2191 μὲν
2557 2121 2618 2173 τὸ
2644 2120 2978 2182 ἀκουστικὸν,
2998 2120 3130 2183 ποῦς
3152 2120 3209 2172 δὲ
3235 2120 3295 2172 τὸ
3309 2119 3410 2188 τῆς
3434 2119 3746 2188 παρουσίας,

2213 2213 2286 2265 ὅτ’
2310 2211 2374 2263 ἂν
2399 2213 2587 2280 ἐνεργῇ
2629 2227 2682 2262 τι
2715 2225 2730 2240 °
2771 2208 2911 2262 οὕτω
2943 2211 3036 2263 καὶ
3058 2209 3225 2279 θυμὸς
3259 2209 3356 2279 μὲν
3381 2209 3511 2260 Θεοῦ
3544 2207 3748 2274 λέγεται

2215 2301 2445 2361 παιδεία,
2469 2302 2501 2369 ἡ
2520 2299 2657 2352 κατὰ
2677 2297 2784 2351 τῶν
2814 2299 3099 2362 παιόντων,
3122 2298 3182 2350 οὐ
3207 2297 3376 2360 πάθος
3397 2297 3528 2348 Θεοῦ
3547 2313 3561 2326 θ
3594 2313 3748 2364 μετα-

2215 2392 2398 2462 μέλεια
2432 2390 2486 2442 δὲ
2518 2393 2551 2460 ἡ
2579 2389 2685 2442 ἀπὸ
2729 2389 3046 2460 πράγματος
3093 2391 3173 2452 εἰς
3208 2390 3437 2459 πρᾶγμα
3473 2387 3747 2458 μετάθεσις

2211 2482 2308 2551 τῆς
2350 2479 2442 2533 τοῦ
2467 2480 2598 2532 Θεοῦ
2629 2480 2953 2550 οἰκονομίας.
2998 2481 3063 2531 Ὃ
3096 2478 3203 2548 γὰρ
3230 2479 3390 2547 ἡμεῖς
3423 2474 3746 2546 μεταμελού-

2215 2587 2360 2641 μενοι
2406 2568 2682 2638 ποιοῦμεν,
2708 2569 2980 2622 τουτέστιν
3006 2569 3186 2620 ἐκεῖνα
3219 2567 3315 2634 μὲν
3359 2564 3624 2633 φεύγομεν
3665 2561 3746 2628 ἐφ’

2210 2656 2290 2724 οἷς
2319 2659 2777 2729 μετεμελήθημεν,
2807 2658 2968 2728 ἕτερα
2994 2658 3051 2710 δὲ
3078 2655 3342 2724 διώκομεν
3381 2653 3450 2704 τὰ
3477 2650 3700 2720 κρείττω
3728 2663 3743 2678 ο

2209 2751 2362 2803 τοῦτο
2391 2749 2714 2819 μεταμέλεια
2744 2748 2873 2801 Θεοῦ
2903 2749 3140 2816 λέγεται.
3167 2745 3264 2798 Διὰ
3282 2744 3366 2807 τίς
3415 2735 3626 2809 Ἐπειδὴ
3657 2755 3748 2790 σω·

2213 2837 2574 2910 ματικώτερον
2611 2840 2719 2900 τοῖς
2748 2837 3066 2908 βαρυτάτοις
3099 2836 3197 2904 τὴν
3243 2832 3475 2885 διάνοιαν
3497 2828 3600 2879 ἔδει
3627 2824 3749 2893 περὶ

2208 2929 2302 2982 τοῦ
2333 2930 2464 2982 Θεοῦ
2487 2929 2609 2990 τοὺς
2636 2928 2914 2998 προφήτας
2947 2926 3178 2996 ὁμιλεῖν,
3196 2923 3283 2976 ἵνα
3316 2918 3554 2991 χωρηθῇ·
3583 2917 3630 2967 οἰ
3646 2914 3748 2983 γὰρ

2208 3019 2488 3088 ἀγάλματα
2498 3018 2601 3070 am
2609 3034 2638 3087 ρ
2648 3016 2870 3083 ἕγλυφον
2885 3017 2983 3068 καὶ
2996 3013 3255 3083 ἐχώνευον
3269 3010 3422 3071 θεοὺς
3430 3004 3748 3076 νομίζοντες,

2207 3107 2304 3179 ἢδη
2320 3107 2378 3160 δὲ
2399 3108 2490 3160 καὶ
2509 3107 2694 3174 ἄλογα,
2722 3105 2838 3167 πῶς
2867 3104 2930 3157 ἂν
2965 3104 3244 3175 ἐχώρησαν
3266 3100 3354 3152 διὰ
3381 3090 3747 3166 πνευματικῶν

2210 3195 2493 3265 νοημάτων
2523 3211 2584 3246 τε
2602 3194 2695 3246 καὶ
2722 3192 2983 3264 ῥημάτων
3014 3192 3083 3245 τὰ
3108 3191 3238 3261 περὶ
3281 3185 3416 3240 Θεοῦ
3458 3182 3747 3251 λεγόμενα;

2792 3484 2898 3538 Καὶ
2937 3484 3144 3538 πάλιν·

2275 3576 2337 3628 Εἰ
2365 3575 2538 3629 πάντα
2568 3573 2808 3645 προεῖδεν
2839 3576 2868 3626 ὁ
2901 3574 3054 3635 Θεὸς,
3080 3571 3181 3623 οὐκ
3215 3567 3310 3636 ἀφ’
3338 3561 3414 3619 ὧν
3439 3558 3496 3615 δὲ
3524 3553 3630 3612 οἵδε
3659 3555 3748 3645 Ou:-

2211 3664 2400 3736 μοῦται
2430 3665 2463 3734 ἢ
2496 3641 2891 3734 μεταμελεῖται·
2927 3663 2986 3716 οὐ
3015 3661 3186 3722 πάθος
3227 3656 3336 3727 ἄρα
3355 3650 3487 3706 Θεοῦ
3509 3641 3748 3736 θυμὸς,ᾗ

2210 3731 2551 3824 μεταμέλεια·
2581 3731 2714 3806 ἀλλὰ
2739 3751 2829 3805 τοῦ
2863 3751 3038 3823 θυμοῦ
3062 3750 3220 3820 ἔργον
3248 3749 3281 3815 ἡ
3308 3743 3546 3802 κόλασιςο
3573 3736 3664 3824 καί
3692 3731 3751 3782 τὸ

2204 3822 2300 3914 τῆς
2344 3822 2696 3912 μεταμελείας
2735 3822 2965 3911 ὁμοίωςο
3010 3838 3310 3894 ἀπόστασις
3353 3828 3446 3882 τοῦ
3493 3822 3750 3914 προτέρου

2206 3910 2542 4002 πράιματός,
2575 3910 2856 4001 μετάθεσις
2882 3931 2939 3984 δὲ
2964 3929 3044 3991 εἰς
3076 3925 3175 3995 τὴν
3198 3923 3390 3992 ἑτέραν
3424 3910 3747 4002 οἰκονομίαν.

2205 4001 2357 4074 Οῦτω
2382 4020 2474 4074 καὶ
2496 4019 2620 4090 περὶ
2647 4019 2916 4091 ῥομφαίας
2943 4016 3176 4084 λέγεται·
3207 4001 3752 4091 Ῥομφάίαόξιῖνου-

2205 4125 2306 4173 σα,
2329 4109 2539 4178 σφάζε.
2561 4085 2818 4162 ὸῦτωτκαὶ
2841 4110 2964 4179 χεὶρ
2977 4105 3288 4173 ὠνόμασται
3309 4095 3528 4164 σιδήρου
3551 4092 3586 4179 ό,
3601 4085 3752 4179 Σολο-

2207 4200 2361 4270 μῶν“’
2379 4177 2513 4255 ῨἾνα
2533 4201 2788 4268 ρύσηταί
2907 4200 2976 4252 ἐκ
2997 4193 3196 4266 χειρὸς
3222 4185 3473 4253 σιδήρσυ
3492 4178 3594 4235 παν2
3616 4177 3755 4270 ρᾐμ·

2203 4265 2414 4361 ἐπίως’
2441 4265 2589 4354 ὡςνὸ
2629 4265 2788 4345 Δαυῒδ
2823 4305 2986 4361 φησιν
3000 4265 3024 4318 7°
3068 4285 3171 4348 Εἰς
3212 4276 3414 4348 χεῖρας
3439 4265 3751 4361 ῥομφαίαςῖ

2205 4350 2525 4434 Diaeta-atate
2549 4381 2716 4451 θυμὸς
2738 4350 2993 4434 ’ποῦ’Θεοῦ
3020 4367 3336 4446 ὀργίζεσθαι
3374 4362 3622 4451 λέγεται,
3664 4350 3756 4451 καὶ

571 4473 729 4533 citur,
852 4471 1041 4525 faciem
1079 4472 1277 4527 habere
1318 4482 1556 4540 peccata,
1593 4439 1882 4529 secundum
1918 4475 2102 4540 David,

2212 4470 2488 4540 πρόσωπον
2518 4439 2658 4540 ἔχείν
2681 4439 2952 4540 ἁμαρτίας
2979 4439 3119 4519 κατὰ
3135 4459 3226 4511 τὸν
3251 4453 3432 4514 Δαυῖδ,
3587 4439 3753 4540 πρόσ-

570 4558 840 4612 etfaciem
869 4558 948 4611 ira
985 4558 1099 4621 Dei,
1122 4559 1263 4612 sicut
1312 4560 1362 4614 in
1395 4559 1600 4628 psalmo
1643 4559 1914 4630 tricesimo
1942 4562 2103 4630 septi-

571 4663 704 4703 mo:
743 4660 798 4702 et
821 4649 1068 4702 manibus
1099 4649 1349 4717 plaudere
1392 4649 1639 4706 flumina.
1662 4651 1771 4705 Nec
1807 4659 1981 4706 tamen
2008 4653 2104 4706 ilu-

568 4737 712 4790 miua
742 4750 932 4789 manus
958 4737 1174 4802 habent,
1209 4737 1292 4792 vel
1319 4737 1504 4792 faciem
1532 4749 1770 4806 peccata.
1797 4739 1962 4794 Nemo
2001 4742 2102 4810 igi-

571 4836 657 4880 tur
692 4840 766 4879 ex
821 4826 889 4880 iis
931 4840 1050 4894 qua:
1093 4828 1447 4896 corporaliter
1489 4829 1556 4884 de
1590 4831 1694 4884 Deo
1737 4831 1988 4885 dicuntur
2035 4834 2104 4887 ad

568 4925 778 4983 captum
813 4925 1072 4981 veterum,
1104 4915 1196 4971 Dei
1217 4932 1409 4984 corpus
1434 4919 1652 4987 cogitet,
1677 4929 1765 4974 aut
1805 4920 1952 4974 illum
1977 4936 2100 4990 pas-

567 5005 807 5060 sionibus
831 5013 1056 5058 scatere.

635 5091 959 5146 Mutabilitas
983 5093 1263 5147 sententiae
1294 5095 1539 5149 humana:
1562 5111 1664 5150 non
1694 5094 1776 5150 est
1807 5098 2102 5153 attribuen-

564 5182 628 5234 da
663 5181 788 5237 Deo.
813 5179 919 5236 Nos
947 5182 1088 5234 enim
1113 5183 1166 5234 in
1203 5183 1355 5236 nobis
1393 5184 1524 5251 ipsis
1565 5188 1883 5241 mutationes
1909 5189 2100 5244 divina:

564 5269 995 5338 dispensationis,
1027 5285 1144 5339 qme
1179 5272 1332 5326 nobis
1375 5273 1494 5340 jure
1524 5275 1857 5344 contingant,
1903 5290 2097 5344 opera-

563 5375 706 5425 mur,
755 5360 880 5414 dum
917 5359 1160 5428 indignos
1191 5377 1287 5416 nos
1330 5363 1631 5431 praebemus
1678 5374 1894 5434 propter
1935 5383 2094 5438 opera

563 5452 788 5516 honore,
819 5464 976 5520 quem
1011 5450 1233 5520 largitur
1263 5452 1422 5508 Deus.
1447 5453 1581 5508 Cum
1612 5455 1778 5524 igitur
1815 5458 2096 5526 repudias-

613 5583 675 5616 °"
705 5582 900 5638 Bacch.
928 5595 1044 5646 ut,
1073 5579 1126 5636 9.
1199 5580 1244 5613 ³⁸
1285 5585 1422 5642 Psal.
1450 5603 1505 5652 ιι,
1527 5588 1579 5644 9.
1671 5585 1715 5620 ”
1739 5584 1937 5643 Psalm-
1965 5585 2185 5654 ικιιιίίο

636 5739 767 5810 (82‘)
795 5739 1012 5796 Confer.
1056 5747 1182 5796 tom.
1217 5737 1326 5809 XII,
1359 5673 1458 5798 coci.
1498 5739 1618 5797 991.

2205 4529 2348 4615 ωπον
2377 4561 2406 4612 ὁ
2435 4559 2526 4612 τοῦ
2547 4529 2701 4613 ’Θεοῦ
2720 4529 2944 4630 ’θυμὸς
2959 4559 3034 4617 ὡς
3048 4555 3105 4606 ὲν
3127 4546 3205 4618 τῷ
3227 4529 3756 4630 τριακοπιξξεὸδόμῳ

2204 4647 2415 4718 ψαλμῷ·
2445 4649 2537 4701 καὶ⁵
2554 4649 2738 4720 χερσὶν
2757 4623 3069 4713 οἰ’ποταμοί
3093 4635 3324 4709 κροτεῖν.
3353 4623 3569 4720 Οὕτεῃδὲ
3595 4631 3756 4720 1:036:—

2209 4703 2327 4809 ίιοῖέ
2361 4703 2536 4810 κεῖρὲς
2556 4703 2744 4803 "alant,
2789 4738 2918 4792 οὗτε
2964 4703 3254 4803 πρόσωπον
3301 4713 3624 4816 μμιιιρτίαιςζ

2204 4829 2380 4881 τοίνυν
2425 4846 2508 4892 τις
2551 4829 2620 4882 τὰ
2667 4827 2995 4900 σωματικῶς
3031 4821 3163 4892 περὶ
3194 4810 3330 4898 Θεοῦ
3363 4801 3647 4900 λεγόμενα,
3683 4807 3753 4900 tu);

3027 4877 3119 4966 τὸν
3161 4889 3293 4960 Θεὸν
3336 4891 3674 4965 νομίζωμεν,
3718 4877 3754 4945 ἥ

2200 5008 2383 5061 παθῶν
2405 5009 2564 5063 αὐτὸν
2595 5009 3000 5083 πεπληρῶσθαι.
3268 5079 3279 5083 _
3517 5066 3528 5082 Ι
3549 5077 3616 5083 Α
3632 5076 3653 5083 _
3681 5051 3746 5083 ’π

2272 5101 2344 5152 Οὐ
2373 5101 2434 5152 τὸ
2475 5071 2928 5172 εὐπερίστρέπτον
2968 5093 3070 5161 τῆς
3111 5079 3395 5151 ἀνθρώπου
3431 5071 3653 5136 γνώμης
3680 5071 3756 5120 τίς)

2282 5185 2307 5193 ··
2606 5188 2617 5193 -
2737 5189 2798 5193 λ-
2871 5189 2894 5193 -
2994 5181 3007 5193 -
3085 5177 3098 5193 ς
3154 5173 3167 5193 ς
3199 5163 3400 5193 ι,...-.τ...
3431 5158 3532 5193 ηΑη-
3553 5143 3756 5193 τοοπὰς

2202 5185 2318 5256 Θεῷ
2333 5156 2698 5284 ’προσαπτέοψ
2733 5156 2924 5284 ίΗμεῖς
2948 5156 3167 5284 γξρῃὲξιθ,
3182 5156 3756 5284 ’έέέῗὲνηξῗςσῑῗὲς

2199 5245 2301 5346 τῆέ
2330 5245 2478 5340 θείας
2507 5245 2831 5348 οἰκονομίας,
2995 5245 3080 5334 ἐφ’
3105 5261 3235 5332 ἡμῖν
3266 5245 3487 5305 δικαίως
3521 5245 3745 5341 ⁹συμοαι⁸

2273 5365 2283 5370 ’
2413 5367 2422 5370 ³
2620 5365 2671 5370 κ·
2756 5368 2766 5370 -
2862 5366 2874 5370 -
2959 5359 3004 5370 --
3120 5353 3194 5370 ιμ-
3216 5343 3339 5370 -..λη
3357 5336 3658 5370 Σεινυυντεί
3672 5318 3745 5370 διο

2201 5331 2389 5430 νοῦσας
2401 5331 2835 5438 ἀπεργαζόμεθῷ
2851 5331 3097 5424 ἀναξίοίις
3116 5343 3339 5438 “VSM
3357 5331 3759 5438 8.“?

3055 5408 3190 5494 Θεοῦ
3220 5419 3552 5498 δωρηθείσης
3567 5408 3753 5477 τιμῆςο
