  <div class='ocr_page' id='page_1' title='image "/cluster/home/n/w/nwhite01/storage/ocr_20150623/17 (Origenes, pt. 7)/nyp.33433081862348/037.png"; bbox 0 0 3922 6396; ppageno 0'>
   <div class='ocr_carea' id='block_1_1' title="bbox 1481 442 2948 505">
    <p class='ocr_par' dir='ltr' id='par_1_1' title="bbox 1481 442 2948 505">
     <span class='ocr_line' id='line_1_1' title="bbox 1481 442 2948 505; baseline 0.003 -7"><span class='ocrx_word' id='word_1_1' title='bbox 1481 442 2030 502; x_wconf 72' lang='lat' dir='ltr'><strong>SUPPLEMENTUM</strong></span> <span class='ocrx_word' id='word_1_2' title='bbox 2068 445 2158 499; x_wconf 86' lang='lat' dir='ltr'><strong>AD</strong></span> <span class='ocrx_word' id='word_1_3' title='bbox 2192 445 2513 503; x_wconf 79' lang='lat' dir='ltr'><strong>ORIGENIS</strong></span> <span class='ocrx_word' id='word_1_4' title='bbox 2547 447 2948 505; x_wconf 81' lang='lat' dir='ltr'><strong>EXEGETICA.</strong></span> 
     </span>
    </p>
   </div>
   <div class='ocr_carea' id='block_1_2' title="bbox 3691 459 3806 535">
    <p class='ocr_par' dir='ltr' id='par_1_2' title="bbox 3691 459 3806 535">
     <span class='ocr_line' id='line_1_2' title="bbox 3691 459 3806 535; baseline -0.017 -21"><span class='ocrx_word' id='word_1_5' title='bbox 3691 459 3806 535; x_wconf 35' lang='grc' dir='ltr'>διε,</span> 
     </span>
    </p>
   </div>
   <div class='ocr_carea' id='block_1_3' title="bbox 684 558 2111 635">
    <p class='ocr_par' dir='ltr' id='par_1_3' title="bbox 684 558 2111 629">
     <span class='ocr_line' id='line_1_3' title="bbox 684 558 2111 629; baseline -0.008 -10"><span class='ocrx_word' id='word_1_6' title='bbox 684 565 912 619; x_wconf 69' lang='lat' dir='ltr'><strong>(abimus</strong></span> <span class='ocrx_word' id='word_1_7' title='bbox 927 577 1010 615; x_wconf 78' lang='lat' dir='ltr'><strong>eos</strong></span> <span class='ocrx_word' id='word_1_8' title='bbox 1039 558 1259 612; x_wconf 86' lang='lat' dir='ltr'><strong>Domino</strong></span> <span class='ocrx_word' id='word_1_9' title='bbox 1280 558 1336 613; x_wconf 85' lang='lat' dir='ltr'><strong>in</strong></span> <span class='ocrx_word' id='word_1_10' title='bbox 1365 558 1666 624; x_wconf 50' lang='lat' dir='ltr'><strong>colle-Saul,</strong></span> <span class='ocrx_word' id='word_1_11' title='bbox 1687 561 1874 616; x_wconf 82' lang='lat' dir='ltr'><strong>electos</strong></span> <span class='ocrx_word' id='word_1_12' title='bbox 1896 560 2111 629; x_wconf 81' lang='lat' dir='ltr'><strong>Domina</strong></span> 
     </span>
    </p>
   </div>
   <div class='ocr_carea' id='block_1_4' title="bbox 2213 558 3756 635">
    <p class='ocr_par' dir='ltr' id='par_1_4' title="bbox 2213 561 3756 635">
     <span class='ocr_line' id='line_1_4' title="bbox 2213 561 3756 635; baseline 0.006 -20"><span class='ocrx_word' id='word_1_13' title='bbox 2213 614 2218 623; x_wconf 80' lang='grc'><em>,</em></span> <span class='ocrx_word' id='word_1_14' title='bbox 2310 564 2443 635; x_wconf 64' lang='grc' dir='ltr'>τοῦ,</span> <span class='ocrx_word' id='word_1_15' title='bbox 2469 563 2936 635; x_wconf 56' lang='grc' dir='ltr'>καὶρξιλάοζομεν</span> <span class='ocrx_word' id='word_1_16' title='bbox 2964 561 3074 632; x_wconf 82' lang='grc'>(96)</span> <span class='ocrx_word' id='word_1_17' title='bbox 3103 564 3317 635; x_wconf 72' lang='grc' dir='ltr'>αὐτοὺς</span> <span class='ocrx_word' id='word_1_18' title='bbox 3355 565 3435 630; x_wconf 84' lang='grc' dir='ltr'>τῷ</span> <span class='ocrx_word' id='word_1_19' title='bbox 3470 569 3656 635; x_wconf 79' lang='grc' dir='ltr'>Κυρίῳ</span> <span class='ocrx_word' id='word_1_20' title='bbox 3690 571 3756 626; x_wconf 76' lang='grc' dir='ltr'>ἐν</span> 
     </span>
    </p>
   </div>
   <div class='ocr_carea' id='block_1_5' title="bbox 2308 631 3434 700">
    <p class='ocr_par' dir='ltr' id='par_1_5' title="bbox 2308 631 3434 700">
     <span class='ocr_line' id='line_1_5' title="bbox 2308 631 3434 700; baseline 0.003 -17"><span class='ocrx_word' id='word_1_21' title='bbox 2308 632 2388 696; x_wconf 85' lang='grc' dir='ltr'>τῷ</span> <span class='ocrx_word' id='word_1_22' title='bbox 2401 631 2604 695; x_wconf 83' lang='grc' dir='ltr'>,βουνῷ</span> <span class='ocrx_word' id='word_1_23' title='bbox 2653 632 2847 683; x_wconf 76' lang='grc' dir='ltr'>Σαοὺλ</span> <span class='ocrx_word' id='word_1_24' title='bbox 2874 631 3193 697; x_wconf 74' lang='grc' dir='ltr'>ἐκλεκτοὺς</span> <span class='ocrx_word' id='word_1_25' title='bbox 3228 635 3434 700; x_wconf 84' lang='grc' dir='ltr'><strong>Κυρίῳ.</strong></span> 
     </span>
    </p>
   </div>
   <div class='ocr_carea' id='block_1_6' title="bbox 617 715 2111 793">
    <p class='ocr_par' dir='ltr' id='par_1_6' title="bbox 617 715 2111 793">
     <span class='ocr_line' id='line_1_6' title="bbox 617 715 2111 793; baseline -0.003 -19"><span class='ocrx_word' id='word_1_26' title='bbox 617 721 678 774; x_wconf 83' lang='grc' dir='ltr'><strong>ν.</strong></span> <span class='ocrx_word' id='word_1_27' title='bbox 718 721 774 774; x_wconf 87' lang='grc'>8.</span> <span class='ocrx_word' id='word_1_28' title='bbox 811 715 1101 793; x_wconf 60' lang='lat' dir='ltr'><strong>Etact&#39;epit</strong></span> <span class='ocrx_word' id='word_1_29' title='bbox 1138 729 1231 793; x_wconf 58' lang='lat' dir='ltr'><strong>rex</strong></span> <span class='ocrx_word' id='word_1_30' title='bbox 1269 716 1400 770; x_wconf 87' lang='lat' dir='ltr'><strong>duos</strong></span> <span class='ocrx_word' id='word_1_31' title='bbox 1445 717 1828 793; x_wconf 35' lang='grc' dir='ltr'><strong>βιὶοσ-Ῐίεεξριιᾳ⁸</strong></span> <span class='ocrx_word' id='word_1_32' title='bbox 1867 718 1994 793; x_wconf 68' lang='lat' dir='ltr'><strong>ﬁlia:</strong></span> <span class='ocrx_word' id='word_1_33' title='bbox 2041 719 2111 793; x_wconf 72' lang='grc' dir='ltr'><strong>Αξι</strong></span> 
     </span>
    </p>
   </div>
   <div class='ocr_carea' id='block_1_7' title="bbox 2213 715 3760 793">
    <p class='ocr_par' dir='ltr' id='par_1_7' title="bbox 2239 721 3760 793">
     <span class='ocr_line' id='line_1_7' title="bbox 2239 721 3760 793; baseline 0.004 -20"><span class='ocrx_word' id='word_1_34' title='bbox 2239 721 2384 793; x_wconf 80' lang='grc' dir='ltr'>Στίχ.</span> <span class='ocrx_word' id='word_1_35' title='bbox 2413 731 2483 791; x_wconf 84' lang='grc' dir='ltr'>η’.</span> <span class='ocrx_word' id='word_1_36' title='bbox 2510 722 2618 793; x_wconf 71' lang='grc' dir='ltr'><strong>Καὶ</strong></span> <span class='ocrx_word' id='word_1_37' title='bbox 2649 723 2862 793; x_wconf 72' lang='grc' dir='ltr'>ἔλαϐεν</span> <span class='ocrx_word' id='word_1_38' title='bbox 2968 722 3260 793; x_wconf 74' lang='grc' dir='ltr'>,βασιλεὺς</span> <span class='ocrx_word' id='word_1_39' title='bbox 3294 723 3433 793; x_wconf 70' lang='grc' dir='ltr'>τοὺς</span> <span class='ocrx_word' id='word_1_40' title='bbox 3467 724 3572 777; x_wconf 82' lang='grc' dir='ltr'>δύο</span> <span class='ocrx_word' id='word_1_41' title='bbox 3601 729 3760 793; x_wconf 70' lang='grc' dir='ltr'>υἱοὺς</span> 
     </span>
    </p>
   </div>
   <div class='ocr_carea' id='block_1_8' title="bbox 681 781 2137 853">
    <p class='ocr_par' dir='ltr' id='par_1_8' title="bbox 681 781 2137 853">
     <span class='ocr_line' id='line_1_8' title="bbox 681 781 2137 853; baseline 0 -14"><span class='ocrx_word' id='word_1_42' title='bbox 681 781 1221 853; x_wconf 57' lang='lat' dir='ltr'><strong>concubimeSaulis,</strong></span> <span class='ocrx_word' id='word_1_43' title='bbox 1269 800 1398 853; x_wconf 87' lang='lat' dir='ltr'><strong>quos</strong></span> <span class='ocrx_word' id='word_1_44' title='bbox 1431 781 1621 851; x_wconf 75' lang='lat' dir='ltr'><strong>peperit</strong></span> <span class='ocrx_word' id='word_1_45' title='bbox 1677 781 2137 853; x_wconf 37' lang='lat' dir='ltr'><strong>SMlifErmothi</strong></span> 
     </span>
    </p>
   </div>
   <div class='ocr_carea' id='block_1_9' title="bbox 676 851 2138 921">
    <p class='ocr_par' dir='ltr' id='par_1_9' title="bbox 676 851 2138 921">
     <span class='ocr_line' id='line_1_9' title="bbox 676 851 2138 921; baseline 0.001 -17"><span class='ocrx_word' id='word_1_46' title='bbox 676 862 728 921; x_wconf 68' lang='lat' dir='ltr'><strong>et</strong></span> <span class='ocrx_word' id='word_1_47' title='bbox 764 851 1161 921; x_wconf 72' lang='lat' dir='ltr'><strong>Memphibosthe</strong></span> <span class='ocrx_word' id='word_1_48' title='bbox 1181 851 1291 921; x_wconf 75' lang='lat' dir='ltr'><strong>;_el</strong></span> <span class='ocrx_word' id='word_1_49' title='bbox 1325 855 1546 921; x_wconf 80' lang='lat' dir='ltr'><strong>quinque</strong></span> <span class='ocrx_word' id='word_1_50' title='bbox 1595 854 1730 920; x_wconf 85' lang='lat' dir='ltr'><strong>ﬁlios</strong></span> <span class='ocrx_word' id='word_1_51' title='bbox 1779 852 1956 907; x_wconf 76' lang='grc' dir='ltr'><strong>Μενοῡ</strong></span> <span class='ocrx_word' id='word_1_52' title='bbox 2011 855 2138 921; x_wconf 70' lang='grc' dir='ltr'><strong>[ἱρἱ</strong></span> 
     </span>
    </p>
   </div>
   <div class='ocr_carea' id='block_1_10' title="bbox 676 919 2134 989">
    <p class='ocr_par' dir='ltr' id='par_1_10' title="bbox 676 919 2134 989">
     <span class='ocr_line' id='line_1_10' title="bbox 676 919 2134 989; baseline -0.001 -13"><span class='ocrx_word' id='word_1_53' title='bbox 676 919 828 985; x_wconf 83' lang='lat' dir='ltr'><strong>Saul,</strong></span> <span class='ocrx_word' id='word_1_54' title='bbox 845 934 973 988; x_wconf 85' lang='lat' dir='ltr'><strong>quos</strong></span> <span class='ocrx_word' id='word_1_55' title='bbox 989 920 1179 989; x_wconf 81' lang='lat' dir='ltr'><strong>peperit</strong></span> <span class='ocrx_word' id='word_1_56' title='bbox 1196 919 1401 975; x_wconf 84' lang='lat' dir='ltr'><strong>Esdriel</strong></span> <span class='ocrx_word' id='word_1_57' title='bbox 1413 922 1523 989; x_wconf 80' lang='lat' dir='ltr'><strong>[ilio</strong></span> <span class='ocrx_word' id='word_1_58' title='bbox 1543 919 1767 976; x_wconf 66' lang='lat' dir='ltr'><strong>Berzell&#39;i</strong></span> <span class='ocrx_word' id='word_1_59' title='bbox 1789 921 1839 974; x_wconf 78' lang='grc' dir='ltr'><em>Μ</em></span> <span class='ocrx_word' id='word_1_60' title='bbox 1848 919 2134 977; x_wconf 71' lang='grc' dir='ltr'>οιιιαιΙιὶὶω.</span> 
     </span>
    </p>
   </div>
   <div class='ocr_carea' id='block_1_11' title="bbox 605 1143 2133 1203">
    <p class='ocr_par' dir='ltr' id='par_1_11' title="bbox 605 1143 2133 1203">
     <span class='ocr_line' id='line_1_11' title="bbox 605 1143 2133 1203; baseline 0.005 -7"><span class='ocrx_word' id='word_1_61' title='bbox 605 1143 668 1198; x_wconf 80' lang='grc' dir='ltr'><strong>ν.</strong></span> <span class='ocrx_word' id='word_1_62' title='bbox 707 1144 760 1200; x_wconf 87' lang='lat'><strong>9.</strong></span> <span class='ocrx_word' id='word_1_63' title='bbox 804 1145 870 1202; x_wconf 81' lang='lat' dir='ltr'><strong>Et</strong></span> <span class='ocrx_word' id='word_1_64' title='bbox 905 1144 1044 1200; x_wconf 80' lang='lat' dir='ltr'><strong>dedit</strong></span> <span class='ocrx_word' id='word_1_65' title='bbox 1086 1162 1171 1200; x_wconf 81' lang='lat' dir='ltr'><strong>eos</strong></span> <span class='ocrx_word' id='word_1_66' title='bbox 1211 1149 1266 1200; x_wconf 76' lang='lat' dir='ltr'><strong>in</strong></span> <span class='ocrx_word' id='word_1_67' title='bbox 1316 1147 1552 1201; x_wconf 87' lang='lat' dir='ltr'><strong>manibus</strong></span> <span class='ocrx_word' id='word_1_68' title='bbox 1601 1145 2006 1202; x_wconf 83' lang='lat' dir='ltr'><strong>Gabaonitarum</strong></span> <span class='ocrx_word' id='word_1_69' title='bbox 2035 1164 2054 1202; x_wconf 89' lang='lat'><strong><em>:</em></strong></span> <span class='ocrx_word' id='word_1_70' title='bbox 2085 1158 2133 1203; x_wconf 79' lang='lat' dir='ltr'><strong>et</strong></span> 
     </span>
    </p>
   </div>
   <div class='ocr_carea' id='block_1_12' title="bbox 669 1213 1857 1282">
    <p class='ocr_par' dir='ltr' id='par_1_12' title="bbox 669 1213 1857 1282">
     <span class='ocr_line' id='line_1_12' title="bbox 669 1213 1857 1282; baseline 0.005 -16"><span class='ocrx_word' id='word_1_71' title='bbox 669 1213 1002 1282; x_wconf 80' lang='lat' dir='ltr'><strong>placaverunt</strong></span> <span class='ocrx_word' id='word_1_72' title='bbox 1023 1231 1107 1270; x_wconf 78' lang='lat' dir='ltr'><strong>eos</strong></span> <span class='ocrx_word' id='word_1_73' title='bbox 1131 1216 1186 1269; x_wconf 87' lang='lat' dir='ltr'><strong>in</strong></span> <span class='ocrx_word' id='word_1_74' title='bbox 1219 1225 1392 1272; x_wconf 81' lang='lat' dir='ltr'><strong>monte</strong></span> <span class='ocrx_word' id='word_1_75' title='bbox 1409 1231 1585 1270; x_wconf 89' lang='lat' dir='ltr'><strong>coram</strong></span> <span class='ocrx_word' id='word_1_76' title='bbox 1615 1217 1857 1272; x_wconf 84' lang='lat' dir='ltr'><strong>Domino.</strong></span> 
     </span>
    </p>
   </div>
   <div class='ocr_carea' id='block_1_13' title="bbox 669 1373 2134 1446">
    <p class='ocr_par' dir='ltr' id='par_1_13' title="bbox 669 1373 2134 1446">
     <span class='ocr_line' id='line_1_13' title="bbox 669 1373 2134 1446; baseline 0.003 -16"><span class='ocrx_word' id='word_1_77' title='bbox 669 1375 729 1430; x_wconf 88' lang='lat' dir='ltr'><strong>Si</strong></span> <span class='ocrx_word' id='word_1_78' title='bbox 759 1375 812 1430; x_wconf 93' lang='lat' dir='ltr'><strong>in</strong></span> <span class='ocrx_word' id='word_1_79' title='bbox 843 1375 959 1433; x_wconf 79' lang='lat' dir='ltr'><strong>zelo</strong></span> <span class='ocrx_word' id='word_1_80' title='bbox 981 1374 1144 1430; x_wconf 86' lang='lat' dir='ltr'><strong>Israel</strong></span> <span class='ocrx_word' id='word_1_81' title='bbox 1165 1385 1218 1431; x_wconf 92' lang='lat' dir='ltr'><strong>et</strong></span> <span class='ocrx_word' id='word_1_82' title='bbox 1237 1373 1375 1431; x_wconf 82' lang='lat' dir='ltr'><strong>Juda</strong></span> <span class='ocrx_word' id='word_1_83' title='bbox 1402 1373 1528 1433; x_wconf 86' lang='lat' dir='ltr'><strong>Saul</strong></span> <span class='ocrx_word' id='word_1_84' title='bbox 1559 1375 1884 1431; x_wconf 85' lang='lat' dir='ltr'><strong>Gabaonitas</strong></span> <span class='ocrx_word' id='word_1_85' title='bbox 1909 1379 2134 1446; x_wconf 87' lang='lat' dir='ltr'><strong>perdere</strong></span> 
     </span>
    </p>
   </div>
   <div class='ocr_carea' id='block_1_14' title="bbox 597 1465 2131 1535">
    <p class='ocr_par' dir='ltr' id='par_1_14' title="bbox 597 1465 2131 1535">
     <span class='ocr_line' id='line_1_14' title="bbox 597 1465 2131 1535; baseline 0.003 -19"><span class='ocrx_word' id='word_1_86' title='bbox 597 1479 884 1533; x_wconf 82' lang='lat' dir='ltr'><strong>aggressus</strong></span> <span class='ocrx_word' id='word_1_87' title='bbox 919 1477 1023 1533; x_wconf 76' lang='grc' dir='ltr'>εει,</span> <span class='ocrx_word' id='word_1_88' title='bbox 1040 1466 1353 1535; x_wconf 81' lang='lat' dir='ltr'><strong>quibuscum</strong></span> <span class='ocrx_word' id='word_1_89' title='bbox 1369 1467 1569 1522; x_wconf 77' lang='lat' dir='ltr'><strong>l&#39;cedera</strong></span> <span class='ocrx_word' id='word_1_90' title='bbox 1597 1465 1786 1520; x_wconf 87' lang='lat' dir='ltr'><strong>inierat</strong></span> <span class='ocrx_word' id='word_1_91' title='bbox 1806 1465 1962 1520; x_wconf 87' lang='lat' dir='ltr'><strong>Jesus</strong></span> <span class='ocrx_word' id='word_1_92' title='bbox 1991 1466 2131 1522; x_wconf 92' lang='lat' dir='ltr'><strong>ﬁlius</strong></span> 
     </span>
    </p>
   </div>
   <div class='ocr_carea' id='block_1_15' title="bbox 597 1552 2130 1625">
    <p class='ocr_par' dir='ltr' id='par_1_15' title="bbox 597 1552 2130 1625">
     <span class='ocr_line' id='line_1_15' title="bbox 597 1552 2130 1625; baseline 0.002 -19"><span class='ocrx_word' id='word_1_93' title='bbox 597 1552 764 1621; x_wconf 79' lang='lat' dir='ltr'><strong>Nave,</strong></span> <span class='ocrx_word' id='word_1_94' title='bbox 813 1563 868 1607; x_wconf 91' lang='lat' dir='ltr'><strong>et</strong></span> <span class='ocrx_word' id='word_1_95' title='bbox 915 1554 1196 1610; x_wconf 87' lang='lat' dir='ltr'><strong>universus</strong></span> <span class='ocrx_word' id='word_1_96' title='bbox 1244 1555 1496 1625; x_wconf 90' lang='lat' dir='ltr'><strong>populus;</strong></span> <span class='ocrx_word' id='word_1_97' title='bbox 1532 1563 1587 1610; x_wconf 87' lang='lat' dir='ltr'><strong>et</strong></span> <span class='ocrx_word' id='word_1_98' title='bbox 1614 1564 1896 1623; x_wconf 73' lang='lat' dir='ltr'><strong>propterea</strong></span> <span class='ocrx_word' id='word_1_99' title='bbox 1928 1564 2130 1624; x_wconf 87' lang='lat' dir='ltr'><strong>septem</strong></span> 
     </span>
    </p>
   </div>
   <div class='ocr_carea' id='block_1_16' title="bbox 597 1641 2128 1712">
    <p class='ocr_par' dir='ltr' id='par_1_16' title="bbox 597 1641 2128 1712">
     <span class='ocr_line' id='line_1_16' title="bbox 597 1641 2128 1712; baseline 0.002 -17"><span class='ocrx_word' id='word_1_100' title='bbox 597 1641 772 1696; x_wconf 82' lang='lat' dir='ltr'><strong>Saulis</strong></span> <span class='ocrx_word' id='word_1_101' title='bbox 808 1643 948 1710; x_wconf 77' lang='lat' dir='ltr'><strong>ﬁlias</strong></span> <span class='ocrx_word' id='word_1_102' title='bbox 992 1643 1340 1708; x_wconf 88' lang='lat' dir='ltr'><strong>sustulerunt,</strong></span> <span class='ocrx_word' id='word_1_103' title='bbox 1389 1643 1480 1712; x_wconf 88' lang='lat' dir='ltr'><strong>qui</strong></span> <span class='ocrx_word' id='word_1_104' title='bbox 1529 1658 1559 1696; x_wconf 88' lang='lat' dir='ltr'><strong>a</strong></span> <span class='ocrx_word' id='word_1_105' title='bbox 1598 1643 1809 1696; x_wconf 89' lang='lat' dir='ltr'><strong>ﬁliabus</strong></span> <span class='ocrx_word' id='word_1_106' title='bbox 1855 1643 1969 1712; x_wconf 85' lang='lat' dir='ltr'><strong>ejus</strong></span> <span class='ocrx_word' id='word_1_107' title='bbox 2016 1643 2128 1698; x_wconf 92' lang='lat' dir='ltr'><strong>nati</strong></span> 
     </span>
    </p>
   </div>
   <div class='ocr_carea' id='block_1_17' title="bbox 595 1733 2126 1804">
    <p class='ocr_par' dir='ltr' id='par_1_17' title="bbox 595 1733 2126 1804">
     <span class='ocr_line' id='line_1_17' title="bbox 595 1733 2126 1804; baseline 0.001 -18"><span class='ocrx_word' id='word_1_108' title='bbox 595 1733 806 1790; x_wconf 78' lang='lat' dir='ltr'><strong>fuerant</strong></span> <span class='ocrx_word' id='word_1_109' title='bbox 827 1747 842 1786; x_wconf 90' lang='lat'><strong>:</strong></span> <span class='ocrx_word' id='word_1_110' title='bbox 866 1748 960 1788; x_wconf 91' lang='lat' dir='ltr'><strong>cur</strong></span> <span class='ocrx_word' id='word_1_111' title='bbox 983 1735 1110 1804; x_wconf 66' lang='lat' dir='ltr'><strong>ipsa:</strong></span> <span class='ocrx_word' id='word_1_112' title='bbox 1134 1735 1304 1791; x_wconf 84' lang='lat' dir='ltr'><strong>tribus</strong></span> <span class='ocrx_word' id='word_1_113' title='bbox 1335 1750 1438 1788; x_wconf 92' lang='lat' dir='ltr'><strong>non</strong></span> <span class='ocrx_word' id='word_1_114' title='bbox 1472 1745 1595 1789; x_wconf 86' lang='lat' dir='ltr'><strong>sunt</strong></span> <span class='ocrx_word' id='word_1_115' title='bbox 1631 1735 1682 1788; x_wconf 91' lang='lat' dir='ltr'><strong>in</strong></span> <span class='ocrx_word' id='word_1_116' title='bbox 1706 1733 1882 1804; x_wconf 89' lang='lat' dir='ltr'><strong>culpa,</strong></span> <span class='ocrx_word' id='word_1_117' title='bbox 1915 1735 2006 1789; x_wconf 88' lang='lat' dir='ltr'><strong>sed</strong></span> <span class='ocrx_word' id='word_1_118' title='bbox 2035 1734 2126 1804; x_wconf 87' lang='lat' dir='ltr'><strong>qui</strong></span> 
     </span>
    </p>
   </div>
   <div class='ocr_carea' id='block_1_18' title="bbox 593 1821 2124 1894">
    <p class='ocr_par' dir='ltr' id='par_1_18' title="bbox 593 1821 2124 1894">
     <span class='ocr_line' id='line_1_18' title="bbox 593 1821 2124 1894; baseline 0.004 -20"><span class='ocrx_word' id='word_1_119' title='bbox 593 1823 722 1878; x_wconf 86' lang='lat' dir='ltr'><strong>nihil</strong></span> <span class='ocrx_word' id='word_1_120' title='bbox 741 1824 996 1880; x_wconf 53' lang='lat' dir='ltr'><strong>laeserant</strong></span> <span class='ocrx_word' id='word_1_121' title='bbox 1025 1821 1212 1894; x_wconf 64' lang='lat' dir='ltr'><strong>pinnas</strong></span> <span class='ocrx_word' id='word_1_122' title='bbox 1233 1824 1545 1880; x_wconf 81' lang='lat' dir='ltr'><strong>luunt?lioc</strong></span> <span class='ocrx_word' id='word_1_123' title='bbox 1568 1824 1709 1879; x_wconf 91' lang='lat' dir='ltr'><strong>enim</strong></span> <span class='ocrx_word' id='word_1_124' title='bbox 1729 1823 1982 1894; x_wconf 75' lang='lat' dir='ltr'><strong>iniustum</strong></span> <span class='ocrx_word' id='word_1_125' title='bbox 2020 1834 2124 1880; x_wconf 88' lang='lat' dir='ltr'><strong>est.</strong></span> 
     </span>
    </p>
   </div>
   <div class='ocr_carea' id='block_1_19' title="bbox 2315 789 3758 861">
    <p class='ocr_par' dir='ltr' id='par_1_19' title="bbox 2315 789 3758 861">
     <span class='ocr_line' id='line_1_19' title="bbox 2315 789 3758 861; baseline 0.003 -18"><span class='ocrx_word' id='word_1_126' title='bbox 2315 789 2568 861; x_wconf 56' lang='lat' dir='ltr'><strong>:Psdyd,_</strong></span> <span class='ocrx_word' id='word_1_127' title='bbox 2582 791 2865 861; x_wconf 73' lang='grc' dir='ltr'>θυγατρὸς</span> <span class='ocrx_word' id='word_1_128' title='bbox 2905 789 3359 861; x_wconf 56' lang='grc' dir='ltr'><strong>ΔἉϊᾴεζιιιλλοικῆς</strong></span> <span class='ocrx_word' id='word_1_129' title='bbox 3393 793 3585 845; x_wconf 76' lang='grc' dir='ltr'>Σαοὺλ</span> <span class='ocrx_word' id='word_1_130' title='bbox 3614 833 3627 854; x_wconf 88' lang='grc'><strong>,</strong></span> <span class='ocrx_word' id='word_1_131' title='bbox 3660 789 3758 861; x_wconf 70' lang='grc' dir='ltr'>οὓξι</span> 
     </span>
    </p>
   </div>
   <div class='ocr_carea' id='block_1_20' title="bbox 2300 857 3756 929">
    <p class='ocr_par' dir='ltr' id='par_1_20' title="bbox 2300 857 3756 929">
     <span class='ocr_line' id='line_1_20' title="bbox 2300 857 3756 929; baseline 0.003 -19"><span class='ocrx_word' id='word_1_132' title='bbox 2300 857 2473 929; x_wconf 59' lang='grc' dir='ltr'>ἔτεκε</span> <span class='ocrx_word' id='word_1_133' title='bbox 2497 858 2577 923; x_wconf 86' lang='grc' dir='ltr'>τῷ</span> <span class='ocrx_word' id='word_1_134' title='bbox 2600 859 2828 929; x_wconf 73' lang='grc' dir='ltr'>Σαοὺλ,</span> <span class='ocrx_word' id='word_1_135' title='bbox 2857 857 2963 929; x_wconf 68' lang='grc' dir='ltr'>τῷν</span> <span class='ocrx_word' id='word_1_136' title='bbox 3016 858 3249 929; x_wconf 78' lang='grc' dir='ltr'>Ἐρμωθὶ</span> <span class='ocrx_word' id='word_1_137' title='bbox 3281 857 3374 929; x_wconf 67' lang='grc' dir='ltr'>καὶ</span> <span class='ocrx_word' id='word_1_138' title='bbox 3409 861 3510 912; x_wconf 82' lang='grc' dir='ltr'>τὸν</span> <span class='ocrx_word' id='word_1_139' title='bbox 3544 857 3756 929; x_wconf 50' lang='lat' dir='ltr'><strong>Meum-&#39;-</strong></span> 
     </span>
    </p>
   </div>
   <div class='ocr_carea' id='block_1_21' title="bbox 2305 925 3759 997">
    <p class='ocr_par' dir='ltr' id='par_1_21' title="bbox 2305 925 3759 997">
     <span class='ocr_line' id='line_1_21' title="bbox 2305 925 3759 997; baseline 0.001 -18"><span class='ocrx_word' id='word_1_140' title='bbox 2305 927 2502 997; x_wconf 78' lang='grc' dir='ltr'>ὅοσθὲ,</span> <span class='ocrx_word' id='word_1_141' title='bbox 2547 927 2646 997; x_wconf 72' lang='grc' dir='ltr'>καὶ</span> <span class='ocrx_word' id='word_1_142' title='bbox 2671 927 2809 997; x_wconf 80' lang='grc' dir='ltr'>τοὺς</span> <span class='ocrx_word' id='word_1_143' title='bbox 2842 925 3017 997; x_wconf 68' lang='grc' dir='ltr'>πέντε</span> <span class='ocrx_word' id='word_1_144' title='bbox 3055 927 3222 997; x_wconf 71' lang='grc' dir='ltr'>υἱρὺς</span> <span class='ocrx_word' id='word_1_145' title='bbox 3255 927 3362 997; x_wconf 77' lang='grc' dir='ltr'><strong>τῆς</strong></span> <span class='ocrx_word' id='word_1_146' title='bbox 3383 929 3575 997; x_wconf 85' lang='grc' dir='ltr'><strong>Μερὸὸ</strong></span> <span class='ocrx_word' id='word_1_147' title='bbox 3594 925 3759 997; x_wconf 53' lang='lat' dir='ltr'><strong>Obiu-</strong></span> 
     </span>
    </p>
   </div>
   <div class='ocr_carea' id='block_1_22' title="bbox 2298 994 3759 1066">
    <p class='ocr_par' dir='ltr' id='par_1_22' title="bbox 2298 994 3759 1066">
     <span class='ocr_line' id='line_1_22' title="bbox 2298 994 3759 1066; baseline 0.001 -18"><span class='ocrx_word' id='word_1_148' title='bbox 2298 995 2654 1066; x_wconf 63' lang='lat' dir='ltr'><strong>rpocZagt‘M</strong></span> <span class='ocrx_word' id='word_1_149' title='bbox 2673 1033 2688 1057; x_wconf 92' lang='lat'><strong>,</strong></span> <span class='ocrx_word' id='word_1_150' title='bbox 2725 995 2830 1059; x_wconf 83' lang='grc' dir='ltr'>οὓς</span> <span class='ocrx_word' id='word_1_151' title='bbox 2867 995 3030 1066; x_wconf 58' lang='grc' dir='ltr'>ἔτεκε</span> <span class='ocrx_word' id='word_1_152' title='bbox 3063 994 3144 1060; x_wconf 84' lang='grc' dir='ltr'>τῷ</span> <span class='ocrx_word' id='word_1_153' title='bbox 3179 995 3450 1064; x_wconf 79' lang='grc' dir='ltr'>Ἐσδριὴλ</span> <span class='ocrx_word' id='word_1_154' title='bbox 3479 997 3583 1061; x_wconf 76' lang='grc' dir='ltr'><strong>υἱῷ</strong></span> <span class='ocrx_word' id='word_1_155' title='bbox 3625 994 3759 1066; x_wconf 77' lang='grc' dir='ltr'><strong>Βερ-</strong></span> 
     </span>
    </p>
   </div>
   <div class='ocr_carea' id='block_1_23' title="bbox 2299 1062 2913 1128">
    <p class='ocr_par' dir='ltr' id='par_1_23' title="bbox 2299 1062 2913 1128">
     <span class='ocr_line' id='line_1_23' title="bbox 2299 1062 2913 1128; baseline -0.003 -10"><span class='ocrx_word' id='word_1_156' title='bbox 2299 1062 2458 1123; x_wconf 71' lang='grc' dir='ltr'>ζελλὶ</span> <span class='ocrx_word' id='word_1_157' title='bbox 2491 1063 2571 1128; x_wconf 83' lang='grc' dir='ltr'>τῷ</span> <span class='ocrx_word' id='word_1_158' title='bbox 2595 1063 2913 1117; x_wconf 73' lang='grc' dir='ltr'>Μοουλαθί.</span> 
     </span>
    </p>
   </div>
   <div class='ocr_carea' id='block_1_24' title="bbox 2233 1149 3760 1222">
    <p class='ocr_par' dir='ltr' id='par_1_24' title="bbox 2233 1149 3760 1222">
     <span class='ocr_line' id='line_1_24' title="bbox 2233 1149 3760 1222; baseline -0.001 -16"><span class='ocrx_word' id='word_1_159' title='bbox 2233 1153 2379 1222; x_wconf 85' lang='grc' dir='ltr'>Στίχ.</span> <span class='ocrx_word' id='word_1_160' title='bbox 2405 1153 2468 1222; x_wconf 74' lang='grc' dir='ltr'>θ’.</span> <span class='ocrx_word' id='word_1_161' title='bbox 2495 1152 2605 1205; x_wconf 82' lang='lat' dir='ltr'><strong>Kal</strong></span> <span class='ocrx_word' id='word_1_162' title='bbox 2629 1152 2846 1222; x_wconf 61' lang='grc' dir='ltr'>ἔδωκεν</span> <span class='ocrx_word' id='word_1_163' title='bbox 2873 1149 3185 1222; x_wconf 19' lang='grc' dir='ltr'>αὐτοὺςνέν</span> <span class='ocrx_word' id='word_1_164' title='bbox 3203 1151 3370 1222; x_wconf 75' lang='grc' dir='ltr'>χερσὶ</span> <span class='ocrx_word' id='word_1_165' title='bbox 3399 1151 3514 1222; x_wconf 80' lang='grc' dir='ltr'>τῷν</span> <span class='ocrx_word' id='word_1_166' title='bbox 3536 1155 3760 1222; x_wconf 62' lang='grc' dir='ltr'>Γαϐαω-</span> 
     </span>
    </p>
   </div>
   <div class='ocr_carea' id='block_1_25' title="bbox 2296 1219 3758 1289">
    <p class='ocr_par' dir='ltr' id='par_1_25' title="bbox 2296 1219 3758 1289">
     <span class='ocr_line' id='line_1_25' title="bbox 2296 1219 3758 1289; baseline 0.001 -14"><span class='ocrx_word' id='word_1_167' title='bbox 2296 1219 2506 1289; x_wconf 63' lang='grc' dir='ltr'>νιτῶνξ</span> <span class='ocrx_word' id='word_1_168' title='bbox 2555 1219 2652 1274; x_wconf 75' lang='grc' dir='ltr'>καὶ</span> <span class='ocrx_word' id='word_1_169' title='bbox 2689 1221 2980 1283; x_wconf 73' lang='grc' dir='ltr'>ἐξιλασαν</span> <span class='ocrx_word' id='word_1_170' title='bbox 3015 1220 3124 1289; x_wconf 89' lang='lat'><strong>(97)</strong></span> <span class='ocrx_word' id='word_1_171' title='bbox 3167 1220 3382 1286; x_wconf 85' lang='grc' dir='ltr'>αὐτοὺς</span> <span class='ocrx_word' id='word_1_172' title='bbox 3431 1220 3501 1274; x_wconf 85' lang='grc' dir='ltr'>ἐν</span> <span class='ocrx_word' id='word_1_173' title='bbox 3531 1220 3608 1286; x_wconf 81' lang='grc' dir='ltr'>τῷ</span> <span class='ocrx_word' id='word_1_174' title='bbox 3645 1221 3758 1289; x_wconf 81' lang='grc' dir='ltr'>ὄρει</span> 
     </span>
    </p>
   </div>
   <div class='ocr_carea' id='block_1_26' title="bbox 2297 1287 2833 1356">
    <p class='ocr_par' dir='ltr' id='par_1_26' title="bbox 2297 1287 2833 1356">
     <span class='ocr_line' id='line_1_26' title="bbox 2297 1287 2833 1356; baseline 0.002 -12"><span class='ocrx_word' id='word_1_175' title='bbox 2297 1287 2568 1344; x_wconf 80' lang='grc' dir='ltr'>ἐναντίον</span> <span class='ocrx_word' id='word_1_176' title='bbox 2595 1290 2833 1356; x_wconf 83' lang='grc' dir='ltr'><strong>Κυρίου.</strong></span> 
     </span>
    </p>
   </div>
   <div class='ocr_carea' id='block_1_27' title="bbox 2300 1377 3758 1450">
    <p class='ocr_par' dir='ltr' id='par_1_27' title="bbox 2300 1377 3758 1450">
     <span class='ocr_line' id='line_1_27' title="bbox 2300 1377 3758 1450; baseline 0 -18"><span class='ocrx_word' id='word_1_177' title='bbox 2300 1381 2362 1433; x_wconf 82' lang='lat' dir='ltr'><strong>El</strong></span> <span class='ocrx_word' id='word_1_178' title='bbox 2415 1379 2473 1433; x_wconf 85' lang='grc' dir='ltr'>ὲν</span> <span class='ocrx_word' id='word_1_179' title='bbox 2507 1378 2584 1450; x_wconf 81' lang='grc' dir='ltr'><strong>τῷ</strong></span> <span class='ocrx_word' id='word_1_180' title='bbox 2617 1379 2760 1450; x_wconf 84' lang='grc' dir='ltr'>ζήλῳ</span> <span class='ocrx_word' id='word_1_181' title='bbox 2807 1379 2898 1433; x_wconf 89' lang='grc' dir='ltr'><strong>τοῦ</strong></span> <span class='ocrx_word' id='word_1_182' title='bbox 2964 1380 3174 1450; x_wconf 79' lang='grc' dir='ltr'>Ἰσραήλ</span> <span class='ocrx_word' id='word_1_183' title='bbox 3223 1379 3315 1432; x_wconf 78' lang='grc' dir='ltr'>καὶ</span> <span class='ocrx_word' id='word_1_184' title='bbox 3361 1377 3453 1431; x_wconf 90' lang='grc' dir='ltr'><strong>τοῦ</strong></span> <span class='ocrx_word' id='word_1_185' title='bbox 3507 1379 3670 1432; x_wconf 80' lang='grc' dir='ltr'><strong>’ἰούδα</strong></span> <span class='ocrx_word' id='word_1_186' title='bbox 3729 1381 3758 1432; x_wconf 93' lang='lat'><strong>6</strong></span> 
     </span>
    </p>
   </div>
   <div class='ocr_carea' id='block_1_28' title="bbox 2229 1462 3756 1539">
    <p class='ocr_par' dir='ltr' id='par_1_28' title="bbox 2229 1462 3756 1539">
     <span class='ocr_line' id='line_1_28' title="bbox 2229 1462 3756 1539; baseline 0.001 -19"><span class='ocrx_word' id='word_1_187' title='bbox 2229 1467 2396 1520; x_wconf 81' lang='grc' dir='ltr'>Σαοὺλ</span> <span class='ocrx_word' id='word_1_188' title='bbox 2418 1469 2541 1532; x_wconf 83' lang='grc' dir='ltr'>τοὺς</span> <span class='ocrx_word' id='word_1_189' title='bbox 2567 1468 2904 1531; x_wconf 88' lang='grc' dir='ltr'>Γαϐαωνίτας</span> <span class='ocrx_word' id='word_1_190' title='bbox 2917 1469 3119 1522; x_wconf 83' lang='grc' dir='ltr'>ἀνελεῖν</span> <span class='ocrx_word' id='word_1_191' title='bbox 3147 1469 3461 1539; x_wconf 81' lang='grc' dir='ltr'>ἐπεχείρησε</span> <span class='ocrx_word' id='word_1_192' title='bbox 3486 1508 3500 1531; x_wconf 92' lang='grc'><strong>,</strong></span> <span class='ocrx_word' id='word_1_193' title='bbox 3543 1469 3656 1538; x_wconf 89' lang='grc' dir='ltr'>μεθ’</span> <span class='ocrx_word' id='word_1_194' title='bbox 3685 1462 3756 1522; x_wconf 80' lang='grc' dir='ltr'>ὧν</span> 
     </span>
    </p>
   </div>
   <div class='ocr_carea' id='block_1_29' title="bbox 2229 1555 3758 1627">
    <p class='ocr_par' dir='ltr' id='par_1_29' title="bbox 2229 1555 3758 1627">
     <span class='ocr_line' id='line_1_29' title="bbox 2229 1555 3758 1627; baseline 0.001 -19"><span class='ocrx_word' id='word_1_195' title='bbox 2229 1555 2496 1625; x_wconf 84' lang='grc' dir='ltr'><strong>συνθήκας</strong></span> <span class='ocrx_word' id='word_1_196' title='bbox 2520 1557 2806 1627; x_wconf 78' lang='grc' dir='ltr'>ἐποιήσατο</span> <span class='ocrx_word' id='word_1_197' title='bbox 2841 1556 3042 1626; x_wconf 90' lang='grc' dir='ltr'>Ἰησοῦς</span> <span class='ocrx_word' id='word_1_198' title='bbox 3071 1559 3099 1609; x_wconf 93' lang='lat'><strong>6</strong></span> <span class='ocrx_word' id='word_1_199' title='bbox 3131 1555 3224 1608; x_wconf 90' lang='grc' dir='ltr'><strong>τοῦ</strong></span> <span class='ocrx_word' id='word_1_200' title='bbox 3259 1557 3445 1625; x_wconf 88' lang='grc' dir='ltr'>Ναυῆ,</span> <span class='ocrx_word' id='word_1_201' title='bbox 3480 1555 3571 1607; x_wconf 79' lang='grc' dir='ltr'>καὶ</span> <span class='ocrx_word' id='word_1_202' title='bbox 3604 1557 3709 1618; x_wconf 80' lang='grc' dir='ltr'><strong>πᾶς</strong></span> <span class='ocrx_word' id='word_1_203' title='bbox 3729 1557 3758 1609; x_wconf 97' lang='lat'><strong>6</strong></span> 
     </span>
    </p>
   </div>
   <div class='ocr_carea' id='block_1_30' title="bbox 2227 1645 3754 1717">
    <p class='ocr_par' dir='ltr' id='par_1_30' title="bbox 2227 1645 3754 1717">
     <span class='ocr_line' id='line_1_30' title="bbox 2227 1645 3754 1717; baseline 0 -18"><span class='ocrx_word' id='word_1_204' title='bbox 2227 1647 2382 1711; x_wconf 81' lang='grc' dir='ltr'>λαὸς,</span> <span class='ocrx_word' id='word_1_205' title='bbox 2413 1648 2503 1700; x_wconf 74' lang='grc' dir='ltr'>καὶ</span> <span class='ocrx_word' id='word_1_206' title='bbox 2536 1647 2624 1700; x_wconf 89' lang='grc' dir='ltr'><strong>διά</strong></span> <span class='ocrx_word' id='word_1_207' title='bbox 2646 1647 2799 1700; x_wconf 88' lang='grc' dir='ltr'>τοῦτο</span> <span class='ocrx_word' id='word_1_208' title='bbox 2839 1647 2976 1700; x_wconf 81' lang='grc' dir='ltr'><strong>ὲπτά</strong></span> <span class='ocrx_word' id='word_1_209' title='bbox 2997 1646 3090 1700; x_wconf 92' lang='grc' dir='ltr'><strong>τοῦ</strong></span> <span class='ocrx_word' id='word_1_210' title='bbox 3137 1647 3303 1699; x_wconf 82' lang='grc' dir='ltr'>Σαοὺλ</span> <span class='ocrx_word' id='word_1_211' title='bbox 3338 1645 3685 1717; x_wconf 76' lang='grc' dir='ltr'><strong>ἀνῃρέθησαν,</strong></span> <span class='ocrx_word' id='word_1_212' title='bbox 3708 1649 3754 1699; x_wconf 84' lang='lat' dir='ltr'><strong>ol</strong></span> 
     </span>
    </p>
   </div>
   <div class='ocr_carea' id='block_1_31' title="bbox 2225 1732 3756 1806">
    <p class='ocr_par' dir='ltr' id='par_1_31' title="bbox 2225 1732 3756 1806">
     <span class='ocr_line' id='line_1_31' title="bbox 2225 1732 3756 1806; baseline -0.002 -18"><span class='ocrx_word' id='word_1_213' title='bbox 2225 1735 2332 1788; x_wconf 81' lang='grc' dir='ltr'>ἀπὸ</span> <span class='ocrx_word' id='word_1_214' title='bbox 2352 1735 2460 1788; x_wconf 84' lang='grc' dir='ltr'><strong>τῶν</strong></span> <span class='ocrx_word' id='word_1_215' title='bbox 2482 1735 2786 1806; x_wconf 79' lang='grc' dir='ltr'><strong>θυγατέρων</strong></span> <span class='ocrx_word' id='word_1_216' title='bbox 2809 1734 2967 1787; x_wconf 86' lang='grc' dir='ltr'>αὐτοῦ</span> <span class='ocrx_word' id='word_1_217' title='bbox 2989 1733 3363 1804; x_wconf 82' lang='grc' dir='ltr'>γεγεννημένοι</span> <span class='ocrx_word' id='word_1_218' title='bbox 3378 1742 3390 1763; x_wconf 75' lang='grc'><strong><em>⁸</em></strong></span> <span class='ocrx_word' id='word_1_219' title='bbox 3421 1733 3559 1795; x_wconf 87' lang='grc' dir='ltr'>τίνος</span> <span class='ocrx_word' id='word_1_220' title='bbox 3579 1732 3756 1786; x_wconf 77' lang='grc' dir='ltr'>ἕνεκεν</span> 
     </span>
    </p>
   </div>
   <div class='ocr_carea' id='block_1_32' title="bbox 2225 1822 3754 1895">
    <p class='ocr_par' dir='ltr' id='par_1_32' title="bbox 2225 1822 3754 1895">
     <span class='ocr_line' id='line_1_32' title="bbox 2225 1822 3754 1895; baseline -0.003 -19"><span class='ocrx_word' id='word_1_221' title='bbox 2225 1824 2321 1895; x_wconf 83' lang='grc' dir='ltr'>οὐχ</span> <span class='ocrx_word' id='word_1_222' title='bbox 2345 1826 2398 1877; x_wconf 85' lang='grc' dir='ltr'><strong>αί</strong></span> <span class='ocrx_word' id='word_1_223' title='bbox 2425 1825 2584 1893; x_wconf 83' lang='grc' dir='ltr'>φυλαί</span> <span class='ocrx_word' id='word_1_224' title='bbox 2616 1825 2751 1878; x_wconf 74' lang='grc' dir='ltr'>εἰσιν</span> <span class='ocrx_word' id='word_1_225' title='bbox 2779 1825 2835 1877; x_wconf 83' lang='grc' dir='ltr'>ὲν</span> <span class='ocrx_word' id='word_1_226' title='bbox 2862 1824 3077 1886; x_wconf 80' lang='grc' dir='ltr'>αἰτίαις,</span> <span class='ocrx_word' id='word_1_227' title='bbox 3108 1823 3220 1876; x_wconf 80' lang='grc' dir='ltr'>ἀλλ’</span> <span class='ocrx_word' id='word_1_228' title='bbox 3249 1825 3297 1874; x_wconf 81' lang='grc' dir='ltr'>οἱ</span> <span class='ocrx_word' id='word_1_229' title='bbox 3322 1823 3488 1892; x_wconf 82' lang='grc' dir='ltr'>μηδὲν</span> <span class='ocrx_word' id='word_1_230' title='bbox 3515 1822 3754 1890; x_wconf 75' lang='grc' dir='ltr'>ἠδικηκό-</span> 
     </span>
    </p>
   </div>
   <div class='ocr_carea' id='block_1_33' title="bbox 589 1885 2111 1986">
    <p class='ocr_par' dir='ltr' id='par_1_33' title="bbox 589 1885 2111 1984">
     <span class='ocr_line' id='line_1_33' title="bbox 589 1885 2111 1984; baseline 0.002 -19"><span class='ocrx_word' id='word_1_231' title='bbox 589 1909 708 1966; x_wconf 80' lang='lat' dir='ltr'><strong>Nisi</strong></span> <span class='ocrx_word' id='word_1_232' title='bbox 737 1914 782 1967; x_wconf 94' lang='lat' dir='ltr'><strong>si</strong></span> <span class='ocrx_word' id='word_1_233' title='bbox 811 1913 930 1982; x_wconf 86' lang='lat' dir='ltr'><strong>quis</strong></span> <span class='ocrx_word' id='word_1_234' title='bbox 953 1885 1114 1980; x_wconf 64' lang='lat' dir='ltr'><strong>dicat,</strong></span> <span class='ocrx_word' id='word_1_235' title='bbox 1143 1913 1369 1970; x_wconf 14' lang='lat' dir='ltr'><strong>Saulemv</strong></span> <span class='ocrx_word' id='word_1_236' title='bbox 1403 1928 1581 1982; x_wconf 88' lang='lat' dir='ltr'><strong>regem</strong></span> <span class='ocrx_word' id='word_1_237' title='bbox 1627 1928 1730 1969; x_wconf 93' lang='lat' dir='ltr'><strong>non</strong></span> <span class='ocrx_word' id='word_1_238' title='bbox 1775 1885 2013 1984; x_wconf 79' lang='lat' dir='ltr'><strong>potuisse</strong></span> <span class='ocrx_word' id='word_1_239' title='bbox 2037 1915 2111 1968; x_wconf 88' lang='lat' dir='ltr'><strong>ad-</strong></span> 
     </span>
    </p>
   </div>
   <div class='ocr_carea' id='block_1_34' title="bbox 2213 1885 3751 1986">
    <p class='ocr_par' dir='ltr' id='par_1_34' title="bbox 2221 1885 3751 1986">
     <span class='ocr_line' id='line_1_34' title="bbox 2221 1885 3751 1986; baseline -0.002 -19"><span class='ocrx_word' id='word_1_240' title='bbox 2221 1885 2321 1978; x_wconf 55' lang='lat' dir='ltr'><strong>re;</strong></span> <span class='ocrx_word' id='word_1_241' title='bbox 2343 1885 2497 1986; x_wconf 79' lang='grc' dir='ltr'>δίκην</span> <span class='ocrx_word' id='word_1_242' title='bbox 2515 1913 2772 1967; x_wconf 86' lang='grc' dir='ltr'><strong>δεδώκασι</strong></span> <span class='ocrx_word' id='word_1_243' title='bbox 2795 1931 2810 1979; x_wconf 91' lang='lat'><strong>;</strong></span> <span class='ocrx_word' id='word_1_244' title='bbox 2835 1914 3002 1966; x_wconf 88' lang='grc' dir='ltr'>Τοῦτο</span> <span class='ocrx_word' id='word_1_245' title='bbox 3038 1913 3142 1984; x_wconf 76' lang='grc' dir='ltr'><strong>γὰρ</strong></span> <span class='ocrx_word' id='word_1_246' title='bbox 3180 1885 3552 1982; x_wconf 35' lang='lat' dir='ltr'><strong>tamam»)</strong></span> <span class='ocrx_word' id='word_1_247' title='bbox 3595 1885 3751 1980; x_wconf 42' lang='lat' dir='ltr'><strong>El-pﬂ</strong></span> 
     </span>
    </p>
   </div>
   <div class='ocr_carea' id='block_1_35' title="bbox 589 2001 2124 2069">
    <p class='ocr_par' dir='ltr' id='par_1_35' title="bbox 589 2001 2124 2069">
     <span class='ocr_line' id='line_1_35' title="bbox 589 2001 2124 2069; baseline 0.005 -18"><span class='ocrx_word' id='word_1_248' title='bbox 589 2002 795 2058; x_wconf 80' lang='lat' dir='ltr'><strong>versari</strong></span> <span class='ocrx_word' id='word_1_249' title='bbox 823 2011 877 2057; x_wconf 89' lang='lat' dir='ltr'><strong>et</strong></span> <span class='ocrx_word' id='word_1_250' title='bbox 909 2002 1163 2058; x_wconf 86' lang='lat' dir='ltr'><strong>israelitis</strong></span> <span class='ocrx_word' id='word_1_251' title='bbox 1201 2013 1254 2058; x_wconf 91' lang='lat' dir='ltr'><strong>et</strong></span> <span class='ocrx_word' id='word_1_252' title='bbox 1283 2004 1442 2058; x_wconf 88' lang='lat' dir='ltr'><strong>tribui</strong></span> <span class='ocrx_word' id='word_1_253' title='bbox 1471 2001 1628 2069; x_wconf 84' lang='lat' dir='ltr'><strong>Juda,</strong></span> <span class='ocrx_word' id='word_1_254' title='bbox 1658 2019 1758 2059; x_wconf 90' lang='lat' dir='ltr'><strong>nec</strong></span> <span class='ocrx_word' id='word_1_255' title='bbox 1787 2005 1992 2060; x_wconf 88' lang='lat' dir='ltr'><strong>solvere</strong></span> <span class='ocrx_word' id='word_1_256' title='bbox 2023 2004 2124 2059; x_wconf 70' lang='lat' dir='ltr'><strong>iu:-</strong></span> 
     </span>
    </p>
   </div>
   <div class='ocr_carea' id='block_1_36' title="bbox 590 2091 2123 2164">
    <p class='ocr_par' dir='ltr' id='par_1_36' title="bbox 590 2091 2123 2164">
     <span class='ocr_line' id='line_1_36' title="bbox 590 2091 2123 2164; baseline 0.004 -22"><span class='ocrx_word' id='word_1_257' title='bbox 590 2091 716 2144; x_wconf 87' lang='lat' dir='ltr'><strong>dera</strong></span> <span class='ocrx_word' id='word_1_258' title='bbox 740 2100 950 2159; x_wconf 87' lang='lat' dir='ltr'><strong>patrum</strong></span> <span class='ocrx_word' id='word_1_259' title='bbox 992 2107 1112 2160; x_wconf 81' lang='lat' dir='ltr'><strong>curn</strong></span> <span class='ocrx_word' id='word_1_260' title='bbox 1156 2092 1472 2149; x_wconf 86' lang='lat' dir='ltr'><strong>Gabaonitis</strong></span> <span class='ocrx_word' id='word_1_261' title='bbox 1514 2093 1665 2148; x_wconf 90' lang='lat' dir='ltr'><strong>inita.</strong></span> <span class='ocrx_word' id='word_1_262' title='bbox 1710 2093 1824 2164; x_wconf 84' lang='lat' dir='ltr'><strong>Ego</strong></span> <span class='ocrx_word' id='word_1_263' title='bbox 1872 2107 1999 2148; x_wconf 88' lang='lat' dir='ltr'><strong>vero</strong></span> <span class='ocrx_word' id='word_1_264' title='bbox 2029 2094 2123 2148; x_wconf 84' lang='lat' dir='ltr'><strong>ad-</strong></span> 
     </span>
    </p>
   </div>
   <div class='ocr_carea' id='block_1_37' title="bbox 591 2169 2118 2253">
    <p class='ocr_par' dir='ltr' id='par_1_37' title="bbox 591 2169 2118 2253">
     <span class='ocr_line' id='line_1_37' title="bbox 591 2169 2118 2253; baseline 0.002 -19"><span class='ocrx_word' id='word_1_265' title='bbox 591 2181 776 2236; x_wconf 87' lang='lat' dir='ltr'><strong>derem</strong></span> <span class='ocrx_word' id='word_1_266' title='bbox 823 2182 944 2238; x_wconf 86' lang='lat' dir='ltr'><strong>istis</strong></span> <span class='ocrx_word' id='word_1_267' title='bbox 973 2169 1028 2237; x_wconf 84' lang='lat' dir='ltr'><strong>et</strong></span> <span class='ocrx_word' id='word_1_268' title='bbox 1065 2183 1166 2237; x_wconf 85' lang='lat' dir='ltr'><strong>hoc</strong></span> <span class='ocrx_word' id='word_1_269' title='bbox 1195 2199 1210 2236; x_wconf 89' lang='lat'><strong>:</strong></span> <span class='ocrx_word' id='word_1_270' title='bbox 1241 2182 1442 2236; x_wconf 72' lang='lat' dir='ltr'><strong>Divina:</strong></span> <span class='ocrx_word' id='word_1_271' title='bbox 1482 2183 1896 2253; x_wconf 86' lang='lat' dir='ltr'><strong>dispensationis</strong></span> <span class='ocrx_word' id='word_1_272' title='bbox 1929 2182 2118 2250; x_wconf 79' lang='lat' dir='ltr'><strong>fuisse,</strong></span> 
     </span>
    </p>
   </div>
   <div class='ocr_carea' id='block_1_38' title="bbox 590 2271 2120 2342">
    <p class='ocr_par' dir='ltr' id='par_1_38' title="bbox 590 2271 2120 2342">
     <span class='ocr_line' id='line_1_38' title="bbox 590 2271 2120 2342; baseline 0.002 -19"><span class='ocrx_word' id='word_1_273' title='bbox 590 2279 650 2324; x_wconf 91' lang='lat' dir='ltr'><strong>nt</strong></span> <span class='ocrx_word' id='word_1_274' title='bbox 669 2287 834 2340; x_wconf 88' lang='lat' dir='ltr'><strong>genus</strong></span> <span class='ocrx_word' id='word_1_275' title='bbox 849 2271 984 2338; x_wconf 27' lang='lat' dir='ltr'><strong>Saul,</strong></span> <span class='ocrx_word' id='word_1_276' title='bbox 999 2274 1304 2328; x_wconf 89' lang='lat' dir='ltr'><strong>universum</strong></span> <span class='ocrx_word' id='word_1_277' title='bbox 1328 2273 1591 2339; x_wconf 88' lang='lat' dir='ltr'><strong>interiret,</strong></span> <span class='ocrx_word' id='word_1_278' title='bbox 1613 2282 1867 2342; x_wconf 88' lang='lat' dir='ltr'><strong>quantum</strong></span> <span class='ocrx_word' id='word_1_279' title='bbox 1888 2273 2120 2342; x_wconf 89' lang='lat' dir='ltr'><strong>suspicio</strong></span> 
     </span>
    </p>
   </div>
   <div class='ocr_carea' id='block_1_39' title="bbox 584 2363 2117 2435">
    <p class='ocr_par' dir='ltr' id='par_1_39' title="bbox 584 2363 2117 2435">
     <span class='ocr_line' id='line_1_39' title="bbox 584 2363 2117 2435; baseline 0.003 -22"><span class='ocrx_word' id='word_1_280' title='bbox 584 2378 705 2418; x_wconf 71' lang='lat' dir='ltr'><strong>esse</strong></span> <span class='ocrx_word' id='word_1_281' title='bbox 756 2372 981 2430; x_wconf 86' lang='lat' dir='ltr'><strong>poterat,</strong></span> <span class='ocrx_word' id='word_1_282' title='bbox 1007 2373 1068 2416; x_wconf 92' lang='lat' dir='ltr'><strong>ut</strong></span> <span class='ocrx_word' id='word_1_283' title='bbox 1097 2363 1386 2432; x_wconf 85' lang='lat' dir='ltr'><strong>aliquando</strong></span> <span class='ocrx_word' id='word_1_284' title='bbox 1427 2365 1530 2420; x_wconf 88' lang='lat' dir='ltr'><strong>sibi</strong></span> <span class='ocrx_word' id='word_1_285' title='bbox 1569 2365 1769 2434; x_wconf 79' lang='lat' dir='ltr'><strong>regiam</strong></span> <span class='ocrx_word' id='word_1_286' title='bbox 1810 2365 2117 2435; x_wconf 86' lang='lat' dir='ltr'><strong>dignitatem</strong></span> 
     </span>
    </p>
   </div>
   <div class='ocr_carea' id='block_1_40' title="bbox 583 2455 2118 2526">
    <p class='ocr_par' dir='ltr' id='par_1_40' title="bbox 583 2455 2118 2526">
     <span class='ocr_line' id='line_1_40' title="bbox 583 2455 2118 2526; baseline 0.004 -16"><span class='ocrx_word' id='word_1_287' title='bbox 583 2469 827 2510; x_wconf 79' lang='lat' dir='ltr'><strong>asserere</strong></span> <span class='ocrx_word' id='word_1_288' title='bbox 856 2455 1142 2521; x_wconf 84' lang='lat' dir='ltr'><strong>niteretur,</strong></span> <span class='ocrx_word' id='word_1_289' title='bbox 1169 2471 1233 2511; x_wconf 90' lang='lat' dir='ltr'><strong>ac</strong></span> <span class='ocrx_word' id='word_1_290' title='bbox 1261 2469 1543 2526; x_wconf 88' lang='lat' dir='ltr'><strong>pr0pterea</strong></span> <span class='ocrx_word' id='word_1_291' title='bbox 1565 2457 1617 2511; x_wconf 93' lang='lat' dir='ltr'><strong>in</strong></span> <span class='ocrx_word' id='word_1_292' title='bbox 1641 2456 1894 2512; x_wconf 84' lang='lat' dir='ltr'><strong>Davidem</strong></span> <span class='ocrx_word' id='word_1_293' title='bbox 1930 2473 2118 2516; x_wconf 88' lang='lat' dir='ltr'><strong>exsur-</strong></span> 
     </span>
    </p>
   </div>
   <div class='ocr_carea' id='block_1_41' title="bbox 577 2543 2114 2618">
    <p class='ocr_par' dir='ltr' id='par_1_41' title="bbox 577 2543 2114 2618">
     <span class='ocr_line' id='line_1_41' title="bbox 577 2543 2114 2618; baseline 0.005 -19"><span class='ocrx_word' id='word_1_294' title='bbox 577 2553 748 2612; x_wconf 69' lang='lat' dir='ltr'><strong>geret,</strong></span> <span class='ocrx_word' id='word_1_295' title='bbox 795 2543 1012 2618; x_wconf 85' lang='lat' dir='ltr'><strong>ejusque</strong></span> <span class='ocrx_word' id='word_1_296' title='bbox 1037 2545 1250 2601; x_wconf 88' lang='lat' dir='ltr'><strong>liberos.</strong></span> <span class='ocrx_word' id='word_1_297' title='bbox 1297 2546 1422 2600; x_wconf 91' lang='lat' dir='ltr'><strong>lllud</strong></span> <span class='ocrx_word' id='word_1_298' title='bbox 1480 2561 1654 2602; x_wconf 84' lang='lat' dir='ltr'><strong>vero:</strong></span> <span class='ocrx_word' id='word_1_299' title='bbox 1686 2546 1986 2604; x_wconf 83' lang='lat' dir='ltr'><strong>Insolarunt</strong></span> <span class='ocrx_word' id='word_1_300' title='bbox 2027 2567 2114 2606; x_wconf 81' lang='lat' dir='ltr'><strong>eos</strong></span> 
     </span>
    </p>
   </div>
   <div class='ocr_carea' id='block_1_42' title="bbox 581 2630 2116 2706">
    <p class='ocr_par' dir='ltr' id='par_1_42' title="bbox 581 2630 2116 2706">
     <span class='ocr_line' id='line_1_42' title="bbox 581 2630 2116 2706; baseline 0.007 -20"><span class='ocrx_word' id='word_1_301' title='bbox 581 2631 884 2688; x_wconf 78' lang='lat' dir='ltr'><strong>Gabaonita:</strong></span> <span class='ocrx_word' id='word_1_302' title='bbox 929 2651 1106 2688; x_wconf 87' lang='lat' dir='ltr'><strong>coram</strong></span> <span class='ocrx_word' id='word_1_303' title='bbox 1148 2635 1368 2689; x_wconf 85' lang='lat' dir='ltr'><strong>Domino</strong></span> <span class='ocrx_word' id='word_1_304' title='bbox 1407 2637 1462 2690; x_wconf 85' lang='lat' dir='ltr'><strong>in</strong></span> <span class='ocrx_word' id='word_1_305' title='bbox 1503 2630 1696 2702; x_wconf 82' lang='lat' dir='ltr'><strong>ntonte,</strong></span> <span class='ocrx_word' id='word_1_306' title='bbox 1748 2637 1978 2706; x_wconf 84' lang='lat' dir='ltr'><strong>positum</strong></span> <span class='ocrx_word' id='word_1_307' title='bbox 2030 2651 2116 2697; x_wconf 88' lang='lat' dir='ltr'><strong>est</strong></span> 
     </span>
    </p>
   </div>
   <div class='ocr_carea' id='block_1_43' title="bbox 578 2722 2114 2798">
    <p class='ocr_par' dir='ltr' id='par_1_43' title="bbox 578 2722 2114 2798">
     <span class='ocr_line' id='line_1_43' title="bbox 578 2722 2114 2798; baseline 0.008 -24"><span class='ocrx_word' id='word_1_308' title='bbox 578 2737 697 2790; x_wconf 88' lang='lat' dir='ltr'><strong>pro,</strong></span> <span class='ocrx_word' id='word_1_309' title='bbox 723 2722 1033 2779; x_wconf 83' lang='lat' dir='ltr'><strong>interfectos</strong></span> <span class='ocrx_word' id='word_1_310' title='bbox 1059 2739 1162 2778; x_wconf 91' lang='lat' dir='ltr'><strong>non</strong></span> <span class='ocrx_word' id='word_1_311' title='bbox 1190 2724 1533 2793; x_wconf 85' lang='lat' dir='ltr'><strong>sepelierunt,</strong></span> <span class='ocrx_word' id='word_1_312' title='bbox 1551 2727 1643 2781; x_wconf 88' lang='lat' dir='ltr'><strong>sed</strong></span> <span class='ocrx_word' id='word_1_313' title='bbox 1667 2727 1908 2783; x_wconf 86' lang='lat' dir='ltr'><strong>siverunt</strong></span> <span class='ocrx_word' id='word_1_314' title='bbox 1931 2729 2114 2798; x_wconf 89' lang='lat' dir='ltr'><strong>jacere</strong></span> 
     </span>
    </p>
   </div>
   <div class='ocr_carea' id='block_1_44' title="bbox 539 2807 2110 2883">
    <p class='ocr_par' dir='ltr' id='par_1_44' title="bbox 539 2807 2110 2883">
     <span class='ocr_line' id='line_1_44' title="bbox 539 2807 2110 2883; baseline 0.006 -19"><span class='ocrx_word' id='word_1_315' title='bbox 539 2807 548 2820; x_wconf 65' lang='grc'>⁸</span> <span class='ocrx_word' id='word_1_316' title='bbox 577 2813 679 2870; x_wconf 86' lang='lat' dir='ltr'><strong>sub</strong></span> <span class='ocrx_word' id='word_1_317' title='bbox 703 2811 894 2870; x_wconf 85' lang='lat' dir='ltr'><strong>solem.</strong></span> <span class='ocrx_word' id='word_1_318' title='bbox 922 2811 990 2864; x_wconf 86' lang='lat' dir='ltr'><strong>Et</strong></span> <span class='ocrx_word' id='word_1_319' title='bbox 1021 2813 1262 2867; x_wconf 76' lang='lat' dir='ltr'><strong>dissoluti</strong></span> <span class='ocrx_word' id='word_1_320' title='bbox 1291 2824 1429 2878; x_wconf 82' lang='lat' dir='ltr'><strong>sunt,</strong></span> <span class='ocrx_word' id='word_1_321' title='bbox 1462 2814 1652 2883; x_wconf 88' lang='lat' dir='ltr'><strong>inquit,</strong></span> <span class='ocrx_word' id='word_1_322' title='bbox 1677 2825 1725 2869; x_wconf 78' lang='lat' dir='ltr'><strong>et</strong></span> <span class='ocrx_word' id='word_1_323' title='bbox 1752 2817 1870 2875; x_wconf 82' lang='lat' dir='ltr'><strong>tulit</strong></span> <span class='ocrx_word' id='word_1_324' title='bbox 1889 2835 1975 2872; x_wconf 86' lang='lat' dir='ltr'><strong>eos</strong></span> <span class='ocrx_word' id='word_1_325' title='bbox 1993 2818 2110 2873; x_wconf 87' lang='lat' dir='ltr'><strong>Dan</strong></span> 
     </span>
    </p>
   </div>
   <div class='ocr_carea' id='block_1_45' title="bbox 575 2899 2110 2973">
    <p class='ocr_par' dir='ltr' id='par_1_45' title="bbox 575 2899 2110 2973">
     <span class='ocr_line' id='line_1_45' title="bbox 575 2899 2110 2973; baseline 0.008 -23"><span class='ocrx_word' id='word_1_326' title='bbox 575 2900 718 2970; x_wconf 75' lang='lat' dir='ltr'><strong>[ilius</strong></span> <span class='ocrx_word' id='word_1_327' title='bbox 751 2899 855 2960; x_wconf 86' lang='lat' dir='ltr'><strong>.Ioa</strong></span> <span class='ocrx_word' id='word_1_328' title='bbox 891 2917 956 2957; x_wconf 74' lang='lat' dir='ltr'><strong>ea:</strong></span> <span class='ocrx_word' id='word_1_329' title='bbox 1000 2903 1269 2971; x_wconf 74' lang='lat' dir='ltr'><strong>nepotibus</strong></span> <span class='ocrx_word' id='word_1_330' title='bbox 1311 2905 1577 2973; x_wconf 85' lang='lat' dir='ltr'><strong>gigantum</strong></span> <span class='ocrx_word' id='word_1_331' title='bbox 1595 2907 1662 2961; x_wconf 70' lang='lat'><strong>“.</strong></span> <span class='ocrx_word' id='word_1_332' title='bbox 1695 2907 1846 2972; x_wconf 85' lang='lat' dir='ltr'><strong>Quod</strong></span> <span class='ocrx_word' id='word_1_333' title='bbox 1890 2911 2110 2963; x_wconf 91' lang='lat' dir='ltr'><strong>omnino</strong></span> 
     </span>
    </p>
   </div>
   <div class='ocr_carea' id='block_1_46' title="bbox 574 2987 2106 3065">
    <p class='ocr_par' dir='ltr' id='par_1_46' title="bbox 574 2987 2106 3065">
     <span class='ocr_line' id='line_1_46' title="bbox 574 2987 2106 3065; baseline 0.006 -24"><span class='ocrx_word' id='word_1_334' title='bbox 574 2987 862 3056; x_wconf 86' lang='lat' dir='ltr'><strong>signiﬁcat,</strong></span> <span class='ocrx_word' id='word_1_335' title='bbox 896 3002 988 3043; x_wconf 92' lang='lat' dir='ltr'><strong>eos</strong></span> <span class='ocrx_word' id='word_1_336' title='bbox 1023 2993 1112 3059; x_wconf 89' lang='lat' dir='ltr'><strong>qui</strong></span> <span class='ocrx_word' id='word_1_337' title='bbox 1143 2991 1238 3045; x_wconf 89' lang='lat' dir='ltr'><strong>soli</strong></span> <span class='ocrx_word' id='word_1_338' title='bbox 1269 2993 1495 3061; x_wconf 84' lang='lat' dir='ltr'><strong>expositi</strong></span> <span class='ocrx_word' id='word_1_339' title='bbox 1529 3004 1685 3049; x_wconf 89' lang='lat' dir='ltr'><strong>erant</strong></span> <span class='ocrx_word' id='word_1_340' title='bbox 1711 2997 1983 3065; x_wconf 82' lang='lat' dir='ltr'><strong>accepisse</strong></span> <span class='ocrx_word' id='word_1_341' title='bbox 2023 2997 2106 3065; x_wconf 83' lang='lat' dir='ltr'><strong>gi-</strong></span> 
     </span>
    </p>
   </div>
   <div class='ocr_carea' id='block_1_47' title="bbox 575 3071 2102 3151">
    <p class='ocr_par' dir='ltr' id='par_1_47' title="bbox 575 3071 2102 3151">
     <span class='ocr_line' id='line_1_47' title="bbox 575 3071 2102 3151; baseline 0.009 -25"><span class='ocrx_word' id='word_1_342' title='bbox 575 3071 806 3144; x_wconf 83' lang='lat' dir='ltr'><strong>gantem,</strong></span> <span class='ocrx_word' id='word_1_343' title='bbox 837 3083 893 3138; x_wconf 88' lang='lat' dir='ltr'><strong>et</strong></span> <span class='ocrx_word' id='word_1_344' title='bbox 918 3077 1204 3134; x_wconf 81' lang='lat' dir='ltr'><strong>absmlisse</strong></span> <span class='ocrx_word' id='word_1_345' title='bbox 1242 3080 1527 3138; x_wconf 86' lang='lat' dir='ltr'><strong>dissolutos</strong></span> <span class='ocrx_word' id='word_1_346' title='bbox 1551 3081 1659 3151; x_wconf 81' lang='lat' dir='ltr'><strong>iam</strong></span> <span class='ocrx_word' id='word_1_347' title='bbox 1697 3098 1729 3138; x_wconf 92' lang='lat' dir='ltr'><strong>a</strong></span> <span class='ocrx_word' id='word_1_348' title='bbox 1752 3085 1916 3142; x_wconf 88' lang='lat' dir='ltr'><strong>solari</strong></span> <span class='ocrx_word' id='word_1_349' title='bbox 1948 3093 2102 3143; x_wconf 64' lang='lat' dir='ltr'><strong>aestu.</strong></span> 
     </span>
    </p>
   </div>
   <div class='ocr_carea' id='block_1_48' title="bbox 640 3343 2104 3409">
    <p class='ocr_par' dir='ltr' id='par_1_48' title="bbox 640 3343 2104 3409">
     <span class='ocr_line' id='line_1_48' title="bbox 640 3343 2104 3409; baseline 0.005 -11"><span class='ocrx_word' id='word_1_350' title='bbox 640 3343 798 3403; x_wconf 74' lang='lat' dir='ltr'><strong>Ratio</strong></span> <span class='ocrx_word' id='word_1_351' title='bbox 818 3343 1230 3403; x_wconf 86' lang='lat' dir='ltr'><strong>Gabaonitarum</strong></span> <span class='ocrx_word' id='word_1_352' title='bbox 1246 3345 1472 3406; x_wconf 87' lang='lat' dir='ltr'><strong>obscura</strong></span> <span class='ocrx_word' id='word_1_353' title='bbox 1490 3347 1682 3402; x_wconf 88' lang='lat' dir='ltr'><strong>mansit</strong></span> <span class='ocrx_word' id='word_1_354' title='bbox 1707 3368 1720 3403; x_wconf 92' lang='lat'><strong>:</strong></span> <span class='ocrx_word' id='word_1_355' title='bbox 1743 3349 1846 3408; x_wconf 90' lang='lat' dir='ltr'><strong>nisi</strong></span> <span class='ocrx_word' id='word_1_356' title='bbox 1869 3349 2002 3408; x_wconf 76' lang='lat' dir='ltr'><strong>forte</strong></span> <span class='ocrx_word' id='word_1_357' title='bbox 2025 3351 2104 3409; x_wconf 87' lang='lat' dir='ltr'><strong>di-</strong></span> 
     </span>
    </p>
   </div>
   <div class='ocr_carea' id='block_1_49' title="bbox 569 3434 2104 3512">
    <p class='ocr_par' dir='ltr' id='par_1_49' title="bbox 569 3434 2104 3512">
     <span class='ocr_line' id='line_1_49' title="bbox 569 3434 2104 3512; baseline 0.005 -24"><span class='ocrx_word' id='word_1_358' title='bbox 569 3447 778 3496; x_wconf 76' lang='lat' dir='ltr'><strong>camus,</strong></span> <span class='ocrx_word' id='word_1_359' title='bbox 793 3434 931 3501; x_wconf 90' lang='lat' dir='ltr'><strong>quod</strong></span> <span class='ocrx_word' id='word_1_360' title='bbox 955 3435 1166 3502; x_wconf 82' lang='lat' dir='ltr'><strong>quando</strong></span> <span class='ocrx_word' id='word_1_361' title='bbox 1191 3437 1499 3492; x_wconf 85' lang='lat' dir='ltr'><strong>manebatin</strong></span> <span class='ocrx_word' id='word_1_362' title='bbox 1514 3434 1693 3492; x_wconf 86' lang='lat' dir='ltr'><strong>Gabee</strong></span> <span class='ocrx_word' id='word_1_363' title='bbox 1714 3449 1772 3493; x_wconf 88' lang='lat' dir='ltr'><strong>ut</strong></span> <span class='ocrx_word' id='word_1_364' title='bbox 1794 3439 1988 3495; x_wconf 85' lang='lat' dir='ltr'><strong>bellum</strong></span> <span class='ocrx_word' id='word_1_365' title='bbox 2010 3459 2104 3512; x_wconf 82' lang='lat' dir='ltr'><strong>ge-</strong></span> 
     </span>
    </p>
   </div>
   <div class='ocr_carea' id='block_1_50' title="bbox 569 3521 2102 3598">
    <p class='ocr_par' dir='ltr' id='par_1_50' title="bbox 569 3521 2102 3598">
     <span class='ocr_line' id='line_1_50' title="bbox 569 3521 2102 3598; baseline 0.008 -24"><span class='ocrx_word' id='word_1_366' title='bbox 569 3529 735 3587; x_wconf 86' lang='lat' dir='ltr'><strong>reret,</strong></span> <span class='ocrx_word' id='word_1_367' title='bbox 755 3522 883 3576; x_wconf 89' lang='lat' dir='ltr'><strong>etin</strong></span> <span class='ocrx_word' id='word_1_368' title='bbox 905 3521 1080 3590; x_wconf 80' lang='lat' dir='ltr'><strong>fugam</strong></span> <span class='ocrx_word' id='word_1_369' title='bbox 1105 3523 1610 3594; x_wconf 87' lang='lat' dir='ltr'><strong>vertitalienigenas</strong></span> <span class='ocrx_word' id='word_1_370' title='bbox 1638 3527 1784 3595; x_wconf 87' lang='lat' dir='ltr'><strong>Sani,</strong></span> <span class='ocrx_word' id='word_1_371' title='bbox 1815 3532 2102 3598; x_wconf 80' lang='lat' dir='ltr'><strong>perdiderit</strong></span> 
     </span>
    </p>
   </div>
   <div class='ocr_carea' id='block_1_51' title="bbox 566 3611 2101 3687">
    <p class='ocr_par' dir='ltr' id='par_1_51' title="bbox 566 3611 2101 3687">
     <span class='ocr_line' id='line_1_51' title="bbox 566 3611 2101 3687; baseline 0.008 -24"><span class='ocrx_word' id='word_1_372' title='bbox 566 3627 691 3672; x_wconf 86' lang='lat' dir='ltr'><strong>cum</strong></span> <span class='ocrx_word' id='word_1_373' title='bbox 734 3611 841 3670; x_wconf 86' lang='lat' dir='ltr'><strong>illis</strong></span> <span class='ocrx_word' id='word_1_374' title='bbox 869 3611 1030 3673; x_wconf 82' lang='lat' dir='ltr'><strong>etiam</strong></span> <span class='ocrx_word' id='word_1_375' title='bbox 1060 3611 1405 3668; x_wconf 85' lang='lat' dir='ltr'><strong>Gabaonitas.</strong></span> <span class='ocrx_word' id='word_1_376' title='bbox 1446 3613 1634 3669; x_wconf 80' lang='lat' dir='ltr'><strong>Exstat</strong></span> <span class='ocrx_word' id='word_1_377' title='bbox 1667 3633 1824 3687; x_wconf 92' lang='lat' dir='ltr'><strong>porro</strong></span> <span class='ocrx_word' id='word_1_378' title='bbox 1863 3622 2101 3676; x_wconf 87' lang='lat' dir='ltr'><strong>narratio</strong></span> 
     </span>
    </p>
   </div>
   <div class='ocr_carea' id='block_1_52' title="bbox 567 3699 2097 3776">
    <p class='ocr_par' dir='ltr' id='par_1_52' title="bbox 567 3699 2097 3776">
     <span class='ocr_line' id='line_1_52' title="bbox 567 3699 2097 3776; baseline 0.005 -24"><span class='ocrx_word' id='word_1_379' title='bbox 567 3700 621 3753; x_wconf 88' lang='lat' dir='ltr'><strong>in</strong></span> <span class='ocrx_word' id='word_1_380' title='bbox 646 3699 918 3752; x_wconf 89' lang='lat' dir='ltr'><strong>tricesimo</strong></span> <span class='ocrx_word' id='word_1_381' title='bbox 943 3701 1200 3764; x_wconf 87' lang='lat' dir='ltr'><strong>secundo,</strong></span> <span class='ocrx_word' id='word_1_382' title='bbox 1215 3701 1550 3754; x_wconf 81' lang='lat' dir='ltr'><strong>ettricesilno</strong></span> <span class='ocrx_word' id='word_1_383' title='bbox 1576 3704 1730 3757; x_wconf 88' lang='lat' dir='ltr'><strong>tertio</strong></span> <span class='ocrx_word' id='word_1_384' title='bbox 1749 3719 1970 3758; x_wconf 86' lang='lat' dir='ltr'><strong>numero</strong></span> <span class='ocrx_word' id='word_1_385' title='bbox 1987 3705 2097 3776; x_wconf 77' lang='lat'><strong>(95)</strong></span> 
     </span>
    </p>
   </div>
   <div class='ocr_carea' id='block_1_53' title="bbox 567 3788 2098 3860">
    <p class='ocr_par' dir='ltr' id='par_1_53' title="bbox 567 3788 2098 3860">
     <span class='ocr_line' id='line_1_53' title="bbox 567 3788 2098 3860; baseline 0.005 -19"><span class='ocrx_word' id='word_1_386' title='bbox 567 3788 760 3856; x_wconf 85' lang='lat' dir='ltr'><strong>prioris</strong></span> <span class='ocrx_word' id='word_1_387' title='bbox 773 3788 963 3856; x_wconf 83' lang='lat' dir='ltr'><strong>Regni,</strong></span> <span class='ocrx_word' id='word_1_388' title='bbox 983 3799 1039 3843; x_wconf 90' lang='lat' dir='ltr'><strong>et</strong></span> <span class='ocrx_word' id='word_1_389' title='bbox 1065 3790 1114 3843; x_wconf 94' lang='lat' dir='ltr'><strong>in</strong></span> <span class='ocrx_word' id='word_1_390' title='bbox 1146 3790 1416 3845; x_wconf 86' lang='lat' dir='ltr'><strong>tricesimo</strong></span> <span class='ocrx_word' id='word_1_391' title='bbox 1434 3792 1687 3860; x_wconf 88' lang='lat' dir='ltr'><strong>septimo,</strong></span> <span class='ocrx_word' id='word_1_392' title='bbox 1714 3793 1804 3846; x_wconf 91' lang='lat' dir='ltr'><strong>ubi</strong></span> <span class='ocrx_word' id='word_1_393' title='bbox 1833 3794 1999 3848; x_wconf 89' lang='lat' dir='ltr'><strong>dicit:</strong></span> <span class='ocrx_word' id='word_1_394' title='bbox 2030 3795 2098 3848; x_wconf 87' lang='lat' dir='ltr'><strong>Et</strong></span> 
     </span>
    </p>
   </div>
   <div class='ocr_carea' id='block_1_54' title="bbox 565 3876 2098 3949">
    <p class='ocr_par' dir='ltr' id='par_1_54' title="bbox 565 3876 2098 3949">
     <span class='ocr_line' id='line_1_54' title="bbox 565 3876 2098 3949; baseline 0.007 -21"><span class='ocrx_word' id='word_1_395' title='bbox 565 3876 789 3929; x_wconf 78' lang='lat' dir='ltr'><strong>bellabat</strong></span> <span class='ocrx_word' id='word_1_396' title='bbox 817 3877 870 3930; x_wconf 82' lang='lat' dir='ltr'><strong>in</strong></span> <span class='ocrx_word' id='word_1_397' title='bbox 895 3879 1116 3931; x_wconf 84' lang='lat' dir='ltr'><strong>circuitu</strong></span> <span class='ocrx_word' id='word_1_398' title='bbox 1143 3895 1320 3935; x_wconf 79' lang='lat' dir='ltr'><strong>omnes</strong></span> <span class='ocrx_word' id='word_1_399' title='bbox 1347 3882 1582 3934; x_wconf 86' lang='lat' dir='ltr'><strong>inimicos</strong></span> <span class='ocrx_word' id='word_1_400' title='bbox 1611 3897 1731 3935; x_wconf 87' lang='lat' dir='ltr'><strong>suos</strong></span> <span class='ocrx_word' id='word_1_401' title='bbox 1745 3881 2098 3949; x_wconf 47' lang='grc' dir='ltr'>δικαιουοά</span> 
     </span>
    </p>
   </div>
   <div class='ocr_carea' id='block_1_55' title="bbox 564 3966 2096 4044">
    <p class='ocr_par' dir='ltr' id='par_1_55' title="bbox 564 3966 2096 4044">
     <span class='ocr_line' id='line_1_55' title="bbox 564 3966 2096 4044; baseline 0.007 -24"><span class='ocrx_word' id='word_1_402' title='bbox 564 3974 740 4028; x_wconf 83' lang='lat' dir='ltr'><strong>autem</strong></span> <span class='ocrx_word' id='word_1_403' title='bbox 769 3966 944 4028; x_wconf 86' lang='lat' dir='ltr'><strong>littera</strong></span> <span class='ocrx_word' id='word_1_404' title='bbox 979 3969 1078 4036; x_wconf 80' lang='lat' dir='ltr'><strong>ait,</strong></span> <span class='ocrx_word' id='word_1_405' title='bbox 1101 3971 1242 4025; x_wconf 84' lang='lat' dir='ltr'><strong>hunc</strong></span> <span class='ocrx_word' id='word_1_406' title='bbox 1271 3971 1435 4031; x_wconf 80' lang='lat' dir='ltr'><strong>habet</strong></span> <span class='ocrx_word' id='word_1_407' title='bbox 1462 3985 1676 4026; x_wconf 81' lang='lat' dir='ltr'><strong>sensum</strong></span> <span class='ocrx_word' id='word_1_408' title='bbox 1701 3988 1716 4027; x_wconf 88' lang='lat'><strong>:</strong></span> <span class='ocrx_word' id='word_1_409' title='bbox 1740 3972 1868 4027; x_wconf 88' lang='lat' dir='ltr'><strong>Saul</strong></span> <span class='ocrx_word' id='word_1_410' title='bbox 1901 3973 2096 4044; x_wconf 86' lang='lat' dir='ltr'><strong>injuste</strong></span> 
     </span>
    </p>
   </div>
   <div class='ocr_carea' id='block_1_56' title="bbox 562 4058 2096 4126">
    <p class='ocr_par' dir='ltr' id='par_1_56' title="bbox 562 4058 2096 4126">
     <span class='ocr_line' id='line_1_56' title="bbox 562 4058 2096 4126; baseline 0.006 -14"><span class='ocrx_word' id='word_1_411' title='bbox 562 4065 748 4112; x_wconf 88' lang='lat' dir='ltr'><strong>contra</strong></span> <span class='ocrx_word' id='word_1_412' title='bbox 783 4071 902 4110; x_wconf 86' lang='lat' dir='ltr'><strong>eum</strong></span> <span class='ocrx_word' id='word_1_413' title='bbox 939 4058 1048 4126; x_wconf 90' lang='lat' dir='ltr'><strong>egit</strong></span> <span class='ocrx_word' id='word_1_414' title='bbox 1074 4074 1090 4124; x_wconf 92' lang='lat'><strong>;</strong></span> <span class='ocrx_word' id='word_1_415' title='bbox 1115 4069 1168 4114; x_wconf 91' lang='lat' dir='ltr'><strong>et</strong></span> <span class='ocrx_word' id='word_1_416' title='bbox 1196 4074 1263 4116; x_wconf 88' lang='lat' dir='ltr'><strong>ex</strong></span> <span class='ocrx_word' id='word_1_417' title='bbox 1298 4061 1457 4118; x_wconf 88' lang='lat' dir='ltr'><strong>domo</strong></span> <span class='ocrx_word' id='word_1_418' title='bbox 1491 4062 1636 4119; x_wconf 87' lang='lat' dir='ltr'><strong>illius</strong></span> <span class='ocrx_word' id='word_1_419' title='bbox 1672 4063 1818 4120; x_wconf 72' lang='lat' dir='ltr'><strong>facta</strong></span> <span class='ocrx_word' id='word_1_420' title='bbox 1857 4074 1942 4120; x_wconf 86' lang='lat' dir='ltr'><strong>est</strong></span> <span class='ocrx_word' id='word_1_421' title='bbox 1967 4065 2096 4120; x_wconf 90' lang='lat' dir='ltr'><strong>ultio</strong></span> 
     </span>
    </p>
   </div>
   <div class='ocr_carea' id='block_1_57' title="bbox 561 4146 1166 4217">
    <p class='ocr_par' dir='ltr' id='par_1_57' title="bbox 561 4146 1166 4217">
     <span class='ocr_line' id='line_1_57' title="bbox 561 4146 1166 4217; baseline 0.005 -17"><span class='ocrx_word' id='word_1_422' title='bbox 561 4146 770 4215; x_wconf 72' lang='lat' dir='ltr'><strong>injuria:</strong></span> <span class='ocrx_word' id='word_1_423' title='bbox 791 4147 874 4201; x_wconf 87' lang='lat' dir='ltr'><strong>vel</strong></span> <span class='ocrx_word' id='word_1_424' title='bbox 901 4163 998 4217; x_wconf 88' lang='lat' dir='ltr'><strong>pro</strong></span> <span class='ocrx_word' id='word_1_425' title='bbox 1021 4147 1166 4203; x_wconf 82' lang='lat' dir='ltr'><strong>Jesu.</strong></span> 
     </span>
    </p>
   </div>
   <div class='ocr_carea' id='block_1_58' title="bbox 631 4323 2092 4402">
    <p class='ocr_par' dir='ltr' id='par_1_58' title="bbox 631 4323 2092 4402">
     <span class='ocr_line' id='line_1_58' title="bbox 631 4323 2092 4402; baseline 0.005 -22"><span class='ocrx_word' id='word_1_426' title='bbox 631 4324 744 4380; x_wconf 80' lang='lat' dir='ltr'><strong>Non</strong></span> <span class='ocrx_word' id='word_1_427' title='bbox 769 4323 1073 4382; x_wconf 78' lang='lat' dir='ltr'><strong>aﬂiciuntut‘</strong></span> <span class='ocrx_word' id='word_1_428' title='bbox 1099 4341 1226 4384; x_wconf 80' lang='lat' dir='ltr'><strong>vero</strong></span> <span class='ocrx_word' id='word_1_429' title='bbox 1250 4329 1442 4399; x_wconf 90' lang='lat' dir='ltr'><strong>injuria</strong></span> <span class='ocrx_word' id='word_1_430' title='bbox 1469 4330 1667 4386; x_wconf 84' lang='lat' dir='ltr'><strong>sublati</strong></span> <span class='ocrx_word' id='word_1_431' title='bbox 1694 4346 1814 4387; x_wconf 90' lang='lat' dir='ltr'><strong>cum</strong></span> <span class='ocrx_word' id='word_1_432' title='bbox 1834 4331 2092 4402; x_wconf 88' lang='lat' dir='ltr'><strong>principio</strong></span> 
     </span>
    </p>
   </div>
   <div class='ocr_carea' id='block_1_59' title="bbox 559 4415 2086 4490">
    <p class='ocr_par' dir='ltr' id='par_1_59' title="bbox 559 4415 2086 4490">
     <span class='ocr_line' id='line_1_59' title="bbox 559 4415 2086 4490; baseline 0.003 -19"><span class='ocrx_word' id='word_1_433' title='bbox 559 4431 658 4471; x_wconf 84' lang='lat' dir='ltr'><strong>suo</strong></span> <span class='ocrx_word' id='word_1_434' title='bbox 696 4416 732 4470; x_wconf 92' lang='lat' dir='ltr'><strong>ii</strong></span> <span class='ocrx_word' id='word_1_435' title='bbox 757 4415 848 4484; x_wconf 85' lang='lat' dir='ltr'><strong>qui</strong></span> <span class='ocrx_word' id='word_1_436' title='bbox 878 4418 946 4476; x_wconf 86' lang='lat' dir='ltr'><strong>ab</strong></span> <span class='ocrx_word' id='word_1_437' title='bbox 976 4417 1066 4472; x_wconf 91' lang='lat' dir='ltr'><strong>illo</strong></span> <span class='ocrx_word' id='word_1_438' title='bbox 1101 4421 1422 4474; x_wconf 89' lang='lat' dir='ltr'><strong>exstantiam</strong></span> <span class='ocrx_word' id='word_1_439' title='bbox 1453 4435 1605 4476; x_wconf 87' lang='lat' dir='ltr'><strong>suam</strong></span> <span class='ocrx_word' id='word_1_440' title='bbox 1628 4423 1901 4477; x_wconf 89' lang='lat' dir='ltr'><strong>consecuti</strong></span> <span class='ocrx_word' id='word_1_441' title='bbox 1925 4432 2086 4490; x_wconf 88' lang='lat' dir='ltr'><strong>sunt;</strong></span> 
     </span>
    </p>
   </div>
   <div class='ocr_carea' id='block_1_60' title="bbox 2219 2002 3752 2074">
    <p class='ocr_par' dir='ltr' id='par_1_60' title="bbox 2219 2002 3752 2074">
     <span class='ocr_line' id='line_1_60' title="bbox 2219 2002 3752 2074; baseline -0.003 -16"><span class='ocrx_word' id='word_1_442' title='bbox 2219 2023 2303 2068; x_wconf 86' lang='grc' dir='ltr'><strong>τις</strong></span> <span class='ocrx_word' id='word_1_443' title='bbox 2327 2005 2489 2069; x_wconf 74' lang='grc' dir='ltr'>εἴποι,</span> <span class='ocrx_word' id='word_1_444' title='bbox 2516 2005 2683 2059; x_wconf 84' lang='grc' dir='ltr'>Σαοὺλ</span> <span class='ocrx_word' id='word_1_445' title='bbox 2723 2005 2940 2074; x_wconf 84' lang='grc' dir='ltr'>βασιλέα</span> <span class='ocrx_word' id='word_1_446' title='bbox 2977 2005 3108 2058; x_wconf 82' lang='grc' dir='ltr'>ὄντα</span> <span class='ocrx_word' id='word_1_447' title='bbox 3139 2005 3408 2064; x_wconf 76' lang='grc' dir='ltr'>ἀδυνάτως</span> <span class='ocrx_word' id='word_1_448' title='bbox 3442 2002 3580 2070; x_wconf 75' lang='grc' dir='ltr'>ἔχειν</span> <span class='ocrx_word' id='word_1_449' title='bbox 3613 2003 3752 2054; x_wconf 84' lang='grc' dir='ltr'>ἀντι-</span> 
     </span>
    </p>
   </div>
   <div class='ocr_carea' id='block_1_61' title="bbox 2222 2091 3754 2163">
    <p class='ocr_par' dir='ltr' id='par_1_61' title="bbox 2222 2091 3754 2163">
     <span class='ocr_line' id='line_1_61' title="bbox 2222 2091 3754 2163; baseline -0.002 -18"><span class='ocrx_word' id='word_1_450' title='bbox 2222 2093 2406 2163; x_wconf 81' lang='grc' dir='ltr'>στῆναι</span> <span class='ocrx_word' id='word_1_451' title='bbox 2436 2092 2664 2155; x_wconf 80' lang='grc' dir='ltr'>καὶτοῖς</span> <span class='ocrx_word' id='word_1_452' title='bbox 2693 2092 3044 2162; x_wconf 74' lang='grc' dir='ltr'>Ἰσραηλίταις</span> <span class='ocrx_word' id='word_1_453' title='bbox 3074 2093 3166 2145; x_wconf 74' lang='grc' dir='ltr'><strong>καὶ</strong></span> <span class='ocrx_word' id='word_1_454' title='bbox 3186 2094 3249 2162; x_wconf 85' lang='grc' dir='ltr'><strong>τῇ</strong></span> <span class='ocrx_word' id='word_1_455' title='bbox 3276 2091 3411 2161; x_wconf 78' lang='grc' dir='ltr'>φυλῇ</span> <span class='ocrx_word' id='word_1_456' title='bbox 3439 2091 3633 2156; x_wconf 77' lang='grc' dir='ltr'>Ἰούδα,</span> <span class='ocrx_word' id='word_1_457' title='bbox 3665 2092 3754 2142; x_wconf 78' lang='grc' dir='ltr'>καὶ</span> 
     </span>
    </p>
   </div>
   <div class='ocr_carea' id='block_1_62' title="bbox 2222 2178 3752 2251">
    <p class='ocr_par' dir='ltr' id='par_1_62' title="bbox 2222 2178 3752 2251">
     <span class='ocr_line' id='line_1_62' title="bbox 2222 2178 3752 2251; baseline -0.005 -16"><span class='ocrx_word' id='word_1_458' title='bbox 2222 2181 2295 2251; x_wconf 83' lang='grc' dir='ltr'>μὴ</span> <span class='ocrx_word' id='word_1_459' title='bbox 2343 2181 2497 2234; x_wconf 89' lang='grc' dir='ltr'>λῦσαι</span> <span class='ocrx_word' id='word_1_460' title='bbox 2543 2179 2640 2244; x_wconf 89' lang='grc' dir='ltr'><strong>τάς</strong></span> <span class='ocrx_word' id='word_1_461' title='bbox 2689 2180 2956 2250; x_wconf 83' lang='grc' dir='ltr'>συνθήκας</span> <span class='ocrx_word' id='word_1_462' title='bbox 2997 2180 3104 2233; x_wconf 85' lang='grc' dir='ltr'><strong>τῶν</strong></span> <span class='ocrx_word' id='word_1_463' title='bbox 3151 2180 3433 2250; x_wconf 83' lang='grc' dir='ltr'><strong>πατέρων,</strong></span> <span class='ocrx_word' id='word_1_464' title='bbox 3478 2179 3575 2240; x_wconf 85' lang='grc' dir='ltr'><strong>τὰς</strong></span> <span class='ocrx_word' id='word_1_465' title='bbox 3624 2178 3752 2245; x_wconf 83' lang='grc' dir='ltr'>πρὸς</span> 
     </span>
    </p>
   </div>
   <div class='ocr_carea' id='block_1_63' title="bbox 2215 2266 3753 2341">
    <p class='ocr_par' dir='ltr' id='par_1_63' title="bbox 2215 2266 3753 2341">
     <span class='ocr_line' id='line_1_63' title="bbox 2215 2266 3753 2341; baseline -0.005 -17"><span class='ocrx_word' id='word_1_466' title='bbox 2215 2273 2339 2336; x_wconf 81' lang='grc' dir='ltr'>τοὺς</span> <span class='ocrx_word' id='word_1_467' title='bbox 2383 2272 2742 2334; x_wconf 88' lang='grc' dir='ltr'>Γαϐαωνίτας.</span> <span class='ocrx_word' id='word_1_468' title='bbox 2792 2270 2931 2341; x_wconf 87' lang='grc' dir='ltr'>Ἐγὼ</span> <span class='ocrx_word' id='word_1_469' title='bbox 2959 2271 3016 2324; x_wconf 84' lang='grc' dir='ltr'>δὲ</span> <span class='ocrx_word' id='word_1_470' title='bbox 3056 2271 3392 2341; x_wconf 85' lang='grc' dir='ltr'>προσθοίμην</span> <span class='ocrx_word' id='word_1_471' title='bbox 3449 2270 3512 2321; x_wconf 81' lang='grc' dir='ltr'>ἂν</span> <span class='ocrx_word' id='word_1_472' title='bbox 3555 2266 3753 2328; x_wconf 81' lang='grc' dir='ltr'><strong>τούτοις</strong></span> 
     </span>
    </p>
   </div>
   <div class='ocr_carea' id='block_1_64' title="bbox 2215 2353 3752 2431">
    <p class='ocr_par' dir='ltr' id='par_1_64' title="bbox 2215 2353 3752 2431">
     <span class='ocr_line' id='line_1_64' title="bbox 2215 2353 3752 2431; baseline -0.007 -16"><span class='ocrx_word' id='word_1_473' title='bbox 2215 2363 2305 2415; x_wconf 76' lang='grc' dir='ltr'><strong>τόο</strong></span> <span class='ocrx_word' id='word_1_474' title='bbox 2332 2360 2436 2414; x_wconf 88' lang='grc' dir='ltr'>Τοῦ</span> <span class='ocrx_word' id='word_1_475' title='bbox 2471 2362 2604 2414; x_wconf 86' lang='grc' dir='ltr'>Θεοῦ</span> <span class='ocrx_word' id='word_1_476' title='bbox 2631 2360 2935 2431; x_wconf 76' lang='grc' dir='ltr'>οἰκονομίας</span> <span class='ocrx_word' id='word_1_477' title='bbox 2982 2355 3122 2412; x_wconf 79' lang='grc' dir='ltr'>εἶναι</span> <span class='ocrx_word' id='word_1_478' title='bbox 3168 2359 3228 2411; x_wconf 82' lang='grc' dir='ltr'>τὸ</span> <span class='ocrx_word' id='word_1_479' title='bbox 3271 2359 3426 2426; x_wconf 82' lang='grc' dir='ltr'>γένος</span> <span class='ocrx_word' id='word_1_480' title='bbox 3457 2355 3548 2408; x_wconf 90' lang='grc' dir='ltr'><strong>τοῦ</strong></span> <span class='ocrx_word' id='word_1_481' title='bbox 3591 2353 3752 2406; x_wconf 79' lang='grc' dir='ltr'>Σαοὺλ</span> 
     </span>
    </p>
   </div>
   <div class='ocr_carea' id='block_1_65' title="bbox 2215 2446 3751 2523">
    <p class='ocr_par' dir='ltr' id='par_1_65' title="bbox 2215 2446 3751 2523">
     <span class='ocr_line' id='line_1_65' title="bbox 2215 2446 3751 2523; baseline -0.007 -18"><span class='ocrx_word' id='word_1_482' title='bbox 2215 2451 2546 2523; x_wconf 84' lang='grc' dir='ltr'>ἀναλωθῆναι</span> <span class='ocrx_word' id='word_1_483' title='bbox 2576 2454 2701 2516; x_wconf 83' lang='grc' dir='ltr'>πᾶν,</span> <span class='ocrx_word' id='word_1_484' title='bbox 2734 2453 2854 2504; x_wconf 82' lang='grc' dir='ltr'>ὅσον</span> <span class='ocrx_word' id='word_1_485' title='bbox 2885 2450 3173 2503; x_wconf 78' lang='grc' dir='ltr'><strong>ὑπώπτευε</strong></span> <span class='ocrx_word' id='word_1_486' title='bbox 3203 2449 3419 2501; x_wconf 85' lang='grc' dir='ltr'>πώποτε</span> <span class='ocrx_word' id='word_1_487' title='bbox 3470 2446 3751 2499; x_wconf 82' lang='grc' dir='ltr'>ἀντιποιεῖ-</span> 
     </span>
    </p>
   </div>
   <div class='ocr_carea' id='block_1_66' title="bbox 2215 2535 3750 2612">
    <p class='ocr_par' dir='ltr' id='par_1_66' title="bbox 2215 2535 3750 2612">
     <span class='ocr_line' id='line_1_66' title="bbox 2215 2535 3750 2612; baseline -0.007 -16"><span class='ocrx_word' id='word_1_488' title='bbox 2215 2543 2336 2596; x_wconf 87' lang='grc' dir='ltr'>σθαι</span> <span class='ocrx_word' id='word_1_489' title='bbox 2357 2542 2448 2595; x_wconf 89' lang='grc' dir='ltr'><strong>τοῦ</strong></span> <span class='ocrx_word' id='word_1_490' title='bbox 2476 2542 2744 2612; x_wconf 85' lang='grc' dir='ltr'>βασιλικοῦ</span> <span class='ocrx_word' id='word_1_491' title='bbox 2767 2540 3089 2611; x_wconf 81' lang='grc' dir='ltr'>ἀξιώματος,</span> <span class='ocrx_word' id='word_1_492' title='bbox 3112 2541 3199 2594; x_wconf 89' lang='grc' dir='ltr'><strong>διά</strong></span> <span class='ocrx_word' id='word_1_493' title='bbox 3215 2556 3274 2591; x_wconf 91' lang='grc' dir='ltr'><strong>τε</strong></span> <span class='ocrx_word' id='word_1_494' title='bbox 3289 2538 3445 2591; x_wconf 88' lang='grc' dir='ltr'>τοῦτο</span> <span class='ocrx_word' id='word_1_495' title='bbox 3459 2535 3750 2604; x_wconf 72' lang='grc' dir='ltr'>ἐπαναστή-</span> 
     </span>
    </p>
   </div>
   <div class='ocr_carea' id='block_1_67' title="bbox 2214 2625 3752 2702">
    <p class='ocr_par' dir='ltr' id='par_1_67' title="bbox 2214 2625 3752 2702">
     <span class='ocr_line' id='line_1_67' title="bbox 2214 2625 3752 2702; baseline -0.005 -18"><span class='ocrx_word' id='word_1_496' title='bbox 2214 2631 2394 2684; x_wconf 87' lang='grc' dir='ltr'>σεσθαι</span> <span class='ocrx_word' id='word_1_497' title='bbox 2410 2631 2485 2702; x_wconf 84' lang='grc' dir='ltr'>τῷ</span> <span class='ocrx_word' id='word_1_498' title='bbox 2495 2631 2671 2697; x_wconf 75' lang='grc' dir='ltr'>Δαυῒδ,</span> <span class='ocrx_word' id='word_1_499' title='bbox 2688 2632 2909 2694; x_wconf 71' lang='grc' dir='ltr'>καὶτοῖς</span> <span class='ocrx_word' id='word_1_500' title='bbox 2929 2629 3119 2682; x_wconf 81' lang='grc' dir='ltr'>τούτου</span> <span class='ocrx_word' id='word_1_501' title='bbox 3140 2628 3312 2682; x_wconf 84' lang='grc' dir='ltr'>παισί.</span> <span class='ocrx_word' id='word_1_502' title='bbox 3339 2628 3411 2680; x_wconf 77' lang='grc' dir='ltr'>Τὸ</span> <span class='ocrx_word' id='word_1_503' title='bbox 3424 2628 3479 2680; x_wconf 82' lang='grc' dir='ltr'>δὲ</span> <span class='ocrx_word' id='word_1_504' title='bbox 3493 2625 3752 2692; x_wconf 71' lang='grc' dir='ltr'>Ἐξηλία-</span> 
     </span>
    </p>
   </div>
   <div class='ocr_carea' id='block_1_68' title="bbox 2210 2713 3752 2788">
    <p class='ocr_par' dir='ltr' id='par_1_68' title="bbox 2210 2713 3752 2788">
     <span class='ocr_line' id='line_1_68' title="bbox 2210 2713 3752 2788; baseline -0.006 -12"><span class='ocrx_word' id='word_1_505' title='bbox 2210 2736 2330 2776; x_wconf 86' lang='grc' dir='ltr'><strong>σαν</strong></span> <span class='ocrx_word' id='word_1_506' title='bbox 2356 2721 2572 2788; x_wconf 87' lang='grc' dir='ltr'>αὐτοὺς</span> <span class='ocrx_word' id='word_1_507' title='bbox 2591 2725 2642 2776; x_wconf 80' lang='grc' dir='ltr'>οἱ</span> <span class='ocrx_word' id='word_1_508' title='bbox 2671 2721 3029 2777; x_wconf 79' lang='grc' dir='ltr'>Γαϐαωνῖται</span> <span class='ocrx_word' id='word_1_509' title='bbox 3055 2720 3334 2774; x_wconf 80' lang='grc' dir='ltr'>ἐναντιον</span> <span class='ocrx_word' id='word_1_510' title='bbox 3352 2717 3568 2785; x_wconf 80' lang='grc' dir='ltr'>Κυρίου</span> <span class='ocrx_word' id='word_1_511' title='bbox 3589 2717 3655 2768; x_wconf 81' lang='grc' dir='ltr'>ἐν</span> <span class='ocrx_word' id='word_1_512' title='bbox 3677 2713 3752 2779; x_wconf 84' lang='grc' dir='ltr'>τῷ</span> 
     </span>
    </p>
   </div>
   <div class='ocr_carea' id='block_1_69' title="bbox 2209 2804 3754 2881">
    <p class='ocr_par' dir='ltr' id='par_1_69' title="bbox 2209 2804 3754 2881">
     <span class='ocr_line' id='line_1_69' title="bbox 2209 2804 3754 2881; baseline -0.006 -15"><span class='ocrx_word' id='word_1_513' title='bbox 2209 2813 2350 2878; x_wconf 83' lang='grc' dir='ltr'>ὄρει,</span> <span class='ocrx_word' id='word_1_514' title='bbox 2383 2813 2503 2865; x_wconf 75' lang='grc' dir='ltr'>ἀντὶ</span> <span class='ocrx_word' id='word_1_515' title='bbox 2533 2811 2623 2865; x_wconf 92' lang='grc' dir='ltr'><strong>τοῦ</strong></span> <span class='ocrx_word' id='word_1_516' title='bbox 2641 2851 2657 2876; x_wconf 92' lang='grc'><strong>,</strong></span> <span class='ocrx_word' id='word_1_517' title='bbox 2696 2810 3104 2881; x_wconf 79' lang='grc' dir='ltr'>’Λναιρεθέντας</span> <span class='ocrx_word' id='word_1_518' title='bbox 3134 2811 3232 2862; x_wconf 83' lang='grc' dir='ltr'>οὐκ</span> <span class='ocrx_word' id='word_1_519' title='bbox 3257 2808 3476 2874; x_wconf 67' lang='grc' dir='ltr'>ἔθαψαν,</span> <span class='ocrx_word' id='word_1_520' title='bbox 3509 2805 3618 2858; x_wconf 84' lang='grc' dir='ltr'>ἀλλ’</span> <span class='ocrx_word' id='word_1_521' title='bbox 3647 2804 3754 2856; x_wconf 66' lang='grc' dir='ltr'>εἴας</span> 
     </span>
    </p>
   </div>
   <div class='ocr_carea' id='block_1_70' title="bbox 2209 2893 3750 2970">
    <p class='ocr_par' dir='ltr' id='par_1_70' title="bbox 2209 2893 3750 2970">
     <span class='ocr_line' id='line_1_70' title="bbox 2209 2893 3750 2970; baseline -0.008 -14"><span class='ocrx_word' id='word_1_522' title='bbox 2209 2919 2307 2956; x_wconf 87' lang='grc' dir='ltr'><strong>σαν</strong></span> <span class='ocrx_word' id='word_1_523' title='bbox 2355 2901 2460 2954; x_wconf 78' lang='grc' dir='ltr'><strong>ὑπὸ</strong></span> <span class='ocrx_word' id='word_1_524' title='bbox 2497 2901 2586 2954; x_wconf 87' lang='grc' dir='ltr'>τὸν</span> <span class='ocrx_word' id='word_1_525' title='bbox 2628 2901 2774 2970; x_wconf 76' lang='grc' dir='ltr'>ἥλιον</span> <span class='ocrx_word' id='word_1_526' title='bbox 2821 2900 3049 2952; x_wconf 85' lang='grc' dir='ltr'>κεῖσθαι.</span> <span class='ocrx_word' id='word_1_527' title='bbox 3130 2899 3564 2965; x_wconf 73' lang='grc' dir='ltr'>Ἐεελύθησαν,</span> <span class='ocrx_word' id='word_1_528' title='bbox 3605 2893 3750 2963; x_wconf 72' lang='grc' dir='ltr'>φησὶ,</span> 
     </span>
    </p>
   </div>
   <div class='ocr_carea' id='block_1_71' title="bbox 2204 2984 3753 3055">
    <p class='ocr_par' dir='ltr' id='par_1_71' title="bbox 2204 2984 3753 3055">
     <span class='ocr_line' id='line_1_71' title="bbox 2204 2984 3753 3055; baseline -0.008 -8"><span class='ocrx_word' id='word_1_529' title='bbox 2204 2993 2302 3046; x_wconf 77' lang='grc' dir='ltr'>καὶ</span> <span class='ocrx_word' id='word_1_530' title='bbox 2326 2993 2538 3046; x_wconf 76' lang='grc' dir='ltr'>ἐλαϐεν</span> <span class='ocrx_word' id='word_1_531' title='bbox 2571 2990 2786 3055; x_wconf 83' lang='grc' dir='ltr'>αὐτοὺς</span> <span class='ocrx_word' id='word_1_532' title='bbox 2811 2990 2928 3042; x_wconf 84' lang='grc' dir='ltr'><strong>Δὰν</strong></span> <span class='ocrx_word' id='word_1_533' title='bbox 2953 2989 3082 3054; x_wconf 79' lang='grc' dir='ltr'>υίὸς</span> <span class='ocrx_word' id='word_1_534' title='bbox 3133 2989 3260 3042; x_wconf 78' lang='grc' dir='ltr'>Ἰωέι</span> <span class='ocrx_word' id='word_1_535' title='bbox 3301 2987 3417 3040; x_wconf 85' lang='grc' dir='ltr'>τῶν</span> <span class='ocrx_word' id='word_1_536' title='bbox 3455 2984 3753 3054; x_wconf 58' lang='grc' dir='ltr'>ἀπογόνων</span> 
     </span>
    </p>
   </div>
   <div class='ocr_carea' id='block_1_72' title="bbox 2201 3074 3753 3151">
    <p class='ocr_par' dir='ltr' id='par_1_72' title="bbox 2201 3074 3753 3151">
     <span class='ocr_line' id='line_1_72' title="bbox 2201 3074 3753 3151; baseline -0.007 -15"><span class='ocrx_word' id='word_1_537' title='bbox 2201 3081 2322 3136; x_wconf 79' lang='grc' dir='ltr'><strong>τῶν</strong></span> <span class='ocrx_word' id='word_1_538' title='bbox 2348 3081 2650 3151; x_wconf 72' lang='grc' dir='ltr'>γιγάντων.</span> <span class='ocrx_word' id='word_1_539' title='bbox 2676 3081 2894 3142; x_wconf 81' lang='grc' dir='ltr'>Πάντως</span> <span class='ocrx_word' id='word_1_540' title='bbox 2917 3096 3016 3132; x_wconf 83' lang='grc' dir='ltr'>που</span> <span class='ocrx_word' id='word_1_541' title='bbox 3044 3079 3298 3148; x_wconf 84' lang='grc' dir='ltr'>βούλεται</span> <span class='ocrx_word' id='word_1_542' title='bbox 3317 3078 3510 3146; x_wconf 82' lang='grc' dir='ltr'>λέγειν,</span> <span class='ocrx_word' id='word_1_543' title='bbox 3533 3077 3611 3128; x_wconf 80' lang='grc' dir='ltr'>ὅτι</span> <span class='ocrx_word' id='word_1_544' title='bbox 3635 3074 3753 3135; x_wconf 76' lang='grc' dir='ltr'>τοὺς</span> 
     </span>
    </p>
   </div>
   <div class='ocr_carea' id='block_1_73' title="bbox 2205 3164 3755 3240">
    <p class='ocr_par' dir='ltr' id='par_1_73' title="bbox 2205 3164 3755 3240">
     <span class='ocr_line' id='line_1_73' title="bbox 2205 3164 3755 3240; baseline -0.006 -17"><span class='ocrx_word' id='word_1_545' title='bbox 2205 3170 2308 3224; x_wconf 78' lang='grc' dir='ltr'>ὑπὸ</span> <span class='ocrx_word' id='word_1_546' title='bbox 2347 3170 2438 3222; x_wconf 82' lang='grc' dir='ltr'>τὸν</span> <span class='ocrx_word' id='word_1_547' title='bbox 2481 3169 2625 3240; x_wconf 80' lang='grc' dir='ltr'>ἥλιον</span> <span class='ocrx_word' id='word_1_548' title='bbox 2674 3169 2924 3231; x_wconf 83' lang='grc' dir='ltr'>τεθέντας</span> <span class='ocrx_word' id='word_1_549' title='bbox 2970 3167 3158 3223; x_wconf 71' lang='grc' dir='ltr'>λαϐὼν</span> <span class='ocrx_word' id='word_1_550' title='bbox 3204 3170 3234 3222; x_wconf 90' lang='lat'><strong>6</strong></span> <span class='ocrx_word' id='word_1_551' title='bbox 3276 3169 3437 3236; x_wconf 80' lang='grc' dir='ltr'>γίγας</span> <span class='ocrx_word' id='word_1_552' title='bbox 3458 3206 3474 3231; x_wconf 89' lang='grc'><strong>,</strong></span> <span class='ocrx_word' id='word_1_553' title='bbox 3527 3164 3755 3220; x_wconf 79' lang='grc' dir='ltr'>ἀνείλετο</span> 
     </span>
    </p>
   </div>
   <div class='ocr_carea' id='block_1_74' title="bbox 2200 3258 3481 3330">
    <p class='ocr_par' dir='ltr' id='par_1_74' title="bbox 2200 3258 3481 3330">
     <span class='ocr_line' id='line_1_74' title="bbox 2200 3258 3481 3330; baseline -0.001 -19"><span class='ocrx_word' id='word_1_554' title='bbox 2200 3259 2586 3330; x_wconf 73' lang='grc' dir='ltr'>ἐκλελυμένους</span> <span class='ocrx_word' id='word_1_555' title='bbox 2621 3259 2720 3330; x_wconf 69' lang='grc' dir='ltr'>ἤδη</span> <span class='ocrx_word' id='word_1_556' title='bbox 2749 3258 2851 3312; x_wconf 80' lang='grc' dir='ltr'><strong>ὑπὸ</strong></span> <span class='ocrx_word' id='word_1_557' title='bbox 2879 3258 2978 3326; x_wconf 88' lang='grc' dir='ltr'><strong>τῆς</strong></span> <span class='ocrx_word' id='word_1_558' title='bbox 3005 3259 3244 3329; x_wconf 77' lang='grc' dir='ltr'>ἡλιακῆς</span> <span class='ocrx_word' id='word_1_559' title='bbox 3269 3258 3481 3328; x_wconf 80' lang='grc' dir='ltr'>φλογός.</span> 
     </span>
    </p>
   </div>
   <div class='ocr_carea' id='block_1_75' title="bbox 2276 3341 3749 3418">
    <p class='ocr_par' dir='ltr' id='par_1_75' title="bbox 2276 3341 3749 3418">
     <span class='ocr_line' id='line_1_75' title="bbox 2276 3341 3749 3418; baseline -0.006 -15"><span class='ocrx_word' id='word_1_560' title='bbox 2276 3349 2334 3403; x_wconf 86' lang='lat'><strong>&#39;0</strong></span> <span class='ocrx_word' id='word_1_561' title='bbox 2363 3349 2534 3418; x_wconf 86' lang='grc' dir='ltr'>λόγος,</span> <span class='ocrx_word' id='word_1_562' title='bbox 2571 3350 2600 3402; x_wconf 88' lang='lat'><strong>6</strong></span> <span class='ocrx_word' id='word_1_563' title='bbox 2633 3348 2772 3403; x_wconf 81' lang='grc' dir='ltr'>κατὰ</span> <span class='ocrx_word' id='word_1_564' title='bbox 2789 3349 2914 3411; x_wconf 85' lang='grc' dir='ltr'>τοὺς</span> <span class='ocrx_word' id='word_1_565' title='bbox 2938 3348 3304 3413; x_wconf 83' lang='grc' dir='ltr'>Γαϐαωνίτας,</span> <span class='ocrx_word' id='word_1_566' title='bbox 3330 3349 3599 3416; x_wconf 76' lang='grc' dir='ltr'>ἄγνωστος</span> <span class='ocrx_word' id='word_1_567' title='bbox 3625 3341 3749 3396; x_wconf 88' lang='grc' dir='ltr'>καθ-</span> 
     </span>
    </p>
   </div>
   <div class='ocr_carea' id='block_1_76' title="bbox 2203 3433 3745 3511">
    <p class='ocr_par' dir='ltr' id='par_1_76' title="bbox 2203 3433 3745 3511">
     <span class='ocr_line' id='line_1_76' title="bbox 2203 3433 3745 3511; baseline -0.003 -20"><span class='ocrx_word' id='word_1_568' title='bbox 2203 3439 2461 3510; x_wconf 79' lang='grc' dir='ltr'>έστηκεν·</span> <span class='ocrx_word' id='word_1_569' title='bbox 2500 3441 2548 3493; x_wconf 83' lang='grc' dir='ltr'><strong>εί</strong></span> <span class='ocrx_word' id='word_1_570' title='bbox 2583 3441 2654 3510; x_wconf 83' lang='grc' dir='ltr'><strong>μή</strong></span> <span class='ocrx_word' id='word_1_571' title='bbox 2709 3438 2809 3492; x_wconf 78' lang='grc' dir='ltr'><strong>πού</strong></span> <span class='ocrx_word' id='word_1_572' title='bbox 2841 3456 2904 3507; x_wconf 90' lang='grc' dir='ltr'><strong>γε</strong></span> <span class='ocrx_word' id='word_1_573' title='bbox 2935 3439 3210 3511; x_wconf 80' lang='grc' dir='ltr'>εἴπωμεν,</span> <span class='ocrx_word' id='word_1_574' title='bbox 3241 3441 3322 3493; x_wconf 81' lang='grc' dir='ltr'>ὅτι</span> <span class='ocrx_word' id='word_1_575' title='bbox 3352 3439 3515 3509; x_wconf 82' lang='grc' dir='ltr'>ήνίκα</span> <span class='ocrx_word' id='word_1_576' title='bbox 3551 3433 3745 3502; x_wconf 80' lang='grc' dir='ltr'>ἐκάθη-</span> 
     </span>
    </p>
   </div>
   <div class='ocr_carea' id='block_1_77' title="bbox 2199 3521 3746 3602">
    <p class='ocr_par' dir='ltr' id='par_1_77' title="bbox 2199 3521 3746 3602">
     <span class='ocr_line' id='line_1_77' title="bbox 2199 3521 3746 3602; baseline -0.006 -20"><span class='ocrx_word' id='word_1_577' title='bbox 2199 3546 2259 3582; x_wconf 89' lang='grc' dir='ltr'><strong>το</strong></span> <span class='ocrx_word' id='word_1_578' title='bbox 2283 3530 2340 3581; x_wconf 79' lang='grc' dir='ltr'>ὲν</span> <span class='ocrx_word' id='word_1_579' title='bbox 2371 3528 2538 3582; x_wconf 84' lang='grc' dir='ltr'>Γαϐεὲ</span> <span class='ocrx_word' id='word_1_580' title='bbox 2561 3527 2655 3589; x_wconf 86' lang='grc' dir='ltr'><strong>τοῦ</strong></span> <span class='ocrx_word' id='word_1_581' title='bbox 2690 3527 2943 3598; x_wconf 84' lang='grc' dir='ltr'>πολεμεῖν</span> <span class='ocrx_word' id='word_1_582' title='bbox 2963 3568 2978 3592; x_wconf 94' lang='grc'><strong>,</strong></span> <span class='ocrx_word' id='word_1_583' title='bbox 3013 3530 3111 3582; x_wconf 75' lang='grc' dir='ltr'>καὶ</span> <span class='ocrx_word' id='word_1_584' title='bbox 3137 3527 3481 3602; x_wconf 83' lang='grc' dir='ltr'>ὲτροπώσατο</span> <span class='ocrx_word' id='word_1_585' title='bbox 3504 3525 3626 3587; x_wconf 79' lang='grc' dir='ltr'>τοὺς</span> <span class='ocrx_word' id='word_1_586' title='bbox 3657 3521 3746 3574; x_wconf 89' lang='grc' dir='ltr'>ἀλ-</span> 
     </span>
    </p>
   </div>
   <div class='ocr_carea' id='block_1_78' title="bbox 2198 3611 3744 3696">
    <p class='ocr_par' dir='ltr' id='par_1_78' title="bbox 2198 3611 3744 3696">
     <span class='ocr_line' id='line_1_78' title="bbox 2198 3611 3744 3696; baseline -0.005 -26"><span class='ocrx_word' id='word_1_587' title='bbox 2198 3617 2453 3687; x_wconf 83' lang='grc' dir='ltr'>λοφύλους</span> <span class='ocrx_word' id='word_1_588' title='bbox 2483 3620 2511 3672; x_wconf 89' lang='lat'><strong>6</strong></span> <span class='ocrx_word' id='word_1_589' title='bbox 2542 3617 2726 3683; x_wconf 79' lang='grc' dir='ltr'>Σαοὺλ,</span> <span class='ocrx_word' id='word_1_590' title='bbox 2748 3618 2841 3671; x_wconf 75' lang='grc' dir='ltr'>καὶ</span> <span class='ocrx_word' id='word_1_591' title='bbox 2863 3617 3110 3676; x_wconf 86' lang='grc' dir='ltr'>ἀπώλεσε</span> <span class='ocrx_word' id='word_1_592' title='bbox 3145 3619 3260 3696; x_wconf 83' lang='grc' dir='ltr'>μετ’</span> <span class='ocrx_word' id='word_1_593' title='bbox 3289 3617 3464 3670; x_wconf 81' lang='grc' dir='ltr'>αὐτῶν</span> <span class='ocrx_word' id='word_1_594' title='bbox 3499 3613 3592 3667; x_wconf 76' lang='grc' dir='ltr'>καὶ</span> <span class='ocrx_word' id='word_1_595' title='bbox 3625 3611 3744 3673; x_wconf 80' lang='grc' dir='ltr'>τοὺς</span> 
     </span>
    </p>
   </div>
   <div class='ocr_carea' id='block_1_79' title="bbox 2197 3701 3744 3783">
    <p class='ocr_par' dir='ltr' id='par_1_79' title="bbox 2197 3701 3744 3783">
     <span class='ocr_line' id='line_1_79' title="bbox 2197 3701 3744 3783; baseline -0.005 -23"><span class='ocrx_word' id='word_1_596' title='bbox 2197 3708 2556 3772; x_wconf 81' lang='grc' dir='ltr'>Γαϐαωνίτας.</span> <span class='ocrx_word' id='word_1_597' title='bbox 2591 3709 2697 3760; x_wconf 79' lang='grc' dir='ltr'><strong>Καὶ</strong></span> <span class='ocrx_word' id='word_1_598' title='bbox 2725 3708 2838 3761; x_wconf 70' lang='grc' dir='ltr'>ἔστι</span> <span class='ocrx_word' id='word_1_599' title='bbox 2864 3708 2923 3760; x_wconf 81' lang='grc' dir='ltr'>τὸ</span> <span class='ocrx_word' id='word_1_600' title='bbox 2941 3708 3186 3778; x_wconf 82' lang='grc' dir='ltr'>διήγημα</span> <span class='ocrx_word' id='word_1_601' title='bbox 3219 3709 3277 3760; x_wconf 82' lang='grc' dir='ltr'>ὲν</span> <span class='ocrx_word' id='word_1_602' title='bbox 3309 3703 3610 3783; x_wconf 83' lang='grc' dir='ltr'>τριακοστῷ</span> <span class='ocrx_word' id='word_1_603' title='bbox 3633 3701 3744 3753; x_wconf 82' lang='grc' dir='ltr'>δευ-</span> 
     </span>
    </p>
   </div>
   <div class='ocr_carea' id='block_1_80' title="bbox 2195 3792 3744 3870">
    <p class='ocr_par' dir='ltr' id='par_1_80' title="bbox 2195 3792 3744 3870">
     <span class='ocr_line' id='line_1_80' title="bbox 2195 3792 3744 3870; baseline -0.006 -18"><span class='ocrx_word' id='word_1_604' title='bbox 2195 3799 2335 3870; x_wconf 86' lang='grc' dir='ltr'>τέρῳ</span> <span class='ocrx_word' id='word_1_605' title='bbox 2366 3799 2459 3852; x_wconf 72' lang='grc' dir='ltr'>καὶ</span> <span class='ocrx_word' id='word_1_606' title='bbox 2486 3797 2787 3870; x_wconf 87' lang='grc' dir='ltr'>τριακοστῷ</span> <span class='ocrx_word' id='word_1_607' title='bbox 2829 3798 2994 3868; x_wconf 83' lang='grc' dir='ltr'>τρίτῳ</span> <span class='ocrx_word' id='word_1_608' title='bbox 3026 3797 3245 3870; x_wconf 84' lang='grc' dir='ltr'>ἀριθμῷ</span> <span class='ocrx_word' id='word_1_609' title='bbox 3271 3797 3371 3866; x_wconf 85' lang='grc' dir='ltr'><strong>τῆς</strong></span> <span class='ocrx_word' id='word_1_610' title='bbox 3403 3793 3622 3864; x_wconf 81' lang='grc' dir='ltr'>πρώτης</span> <span class='ocrx_word' id='word_1_611' title='bbox 3654 3792 3744 3860; x_wconf 85' lang='grc' dir='ltr'><strong>βα-</strong></span> 
     </span>
    </p>
   </div>
   <div class='ocr_carea' id='block_1_81' title="bbox 2197 3881 3738 3958">
    <p class='ocr_par' dir='ltr' id='par_1_81' title="bbox 2197 3881 3738 3958">
     <span class='ocr_line' id='line_1_81' title="bbox 2197 3881 3738 3958; baseline -0.006 -16"><span class='ocrx_word' id='word_1_612' title='bbox 2197 3888 2433 3953; x_wconf 77' lang='grc' dir='ltr'>σιλείας,</span> <span class='ocrx_word' id='word_1_613' title='bbox 2477 3889 2571 3942; x_wconf 80' lang='grc' dir='ltr'>καὶ</span> <span class='ocrx_word' id='word_1_614' title='bbox 2615 3887 2912 3958; x_wconf 86' lang='grc' dir='ltr'>τριακοστῷ</span> <span class='ocrx_word' id='word_1_615' title='bbox 2961 3887 3205 3958; x_wconf 72' lang='grc' dir='ltr'>ἑϐδόμῳ·</span> <span class='ocrx_word' id='word_1_616' title='bbox 3242 3886 3369 3944; x_wconf 81' lang='grc' dir='ltr'>ἔνθα</span> <span class='ocrx_word' id='word_1_617' title='bbox 3412 3883 3580 3953; x_wconf 83' lang='grc' dir='ltr'>φησι·</span> <span class='ocrx_word' id='word_1_618' title='bbox 3633 3881 3738 3934; x_wconf 79' lang='grc' dir='ltr'><strong>Καὶ</strong></span> 
     </span>
    </p>
   </div>
   <div class='ocr_carea' id='block_1_82' title="bbox 2192 3970 3744 4048">
    <p class='ocr_par' dir='ltr' id='par_1_82' title="bbox 2192 3970 3744 4048">
     <span class='ocr_line' id='line_1_82' title="bbox 2192 3970 3744 4048; baseline -0.005 -18"><span class='ocrx_word' id='word_1_619' title='bbox 2192 3977 2463 4046; x_wconf 74' lang='grc' dir='ltr'>ἐπολέμει</span> <span class='ocrx_word' id='word_1_620' title='bbox 2488 3979 2688 4046; x_wconf 74' lang='grc' dir='ltr'>κύκλῳ</span> <span class='ocrx_word' id='word_1_621' title='bbox 2712 3977 2938 4045; x_wconf 77' lang='grc' dir='ltr'>πάντας</span> <span class='ocrx_word' id='word_1_622' title='bbox 2954 3977 3096 4048; x_wconf 83' lang='grc' dir='ltr'>τοὺς</span> <span class='ocrx_word' id='word_1_623' title='bbox 3118 3977 3368 4046; x_wconf 79' lang='grc' dir='ltr'>ἐχθροὺς</span> <span class='ocrx_word' id='word_1_624' title='bbox 3396 3975 3604 4038; x_wconf 84' lang='grc' dir='ltr'>αὑτοῦ,</span> <span class='ocrx_word' id='word_1_625' title='bbox 3651 3970 3744 4026; x_wconf 77' lang='grc' dir='ltr'>καὶ</span> 
     </span>
    </p>
   </div>
   <div class='ocr_carea' id='block_1_83' title="bbox 2192 4059 3744 4137">
    <p class='ocr_par' dir='ltr' id='par_1_83' title="bbox 2192 4059 3744 4137">
     <span class='ocr_line' id='line_1_83' title="bbox 2192 4059 3744 4137; baseline -0.008 -15"><span class='ocrx_word' id='word_1_626' title='bbox 2192 4064 2258 4128; x_wconf 66' lang='grc' dir='ltr'>τὰ</span> <span class='ocrx_word' id='word_1_627' title='bbox 2300 4064 2442 4134; x_wconf 78' lang='grc' dir='ltr'>ἑξῆς.</span> <span class='ocrx_word' id='word_1_628' title='bbox 2482 4067 2546 4119; x_wconf 79' lang='lat'><strong>&#39;0</strong></span> <span class='ocrx_word' id='word_1_629' title='bbox 2591 4066 2649 4119; x_wconf 81' lang='grc' dir='ltr'>δὲ</span> <span class='ocrx_word' id='word_1_630' title='bbox 2681 4065 2824 4134; x_wconf 76' lang='grc' dir='ltr'>λέγει</span> <span class='ocrx_word' id='word_1_631' title='bbox 2861 4067 2924 4120; x_wconf 88' lang='grc' dir='ltr'>τὸ</span> <span class='ocrx_word' id='word_1_632' title='bbox 2970 4067 3152 4137; x_wconf 81' lang='grc' dir='ltr'>ῥητὸν,</span> <span class='ocrx_word' id='word_1_633' title='bbox 3187 4064 3345 4118; x_wconf 88' lang='grc' dir='ltr'>τοῦτό</span> <span class='ocrx_word' id='word_1_634' title='bbox 3379 4066 3495 4116; x_wconf 74' lang='grc' dir='ltr'>ἐστι</span> <span class='ocrx_word' id='word_1_635' title='bbox 3518 4079 3534 4090; x_wconf 55' lang='grc' dir='ltr'><strong>α</strong></span> <span class='ocrx_word' id='word_1_636' title='bbox 3579 4059 3744 4116; x_wconf 78' lang='grc' dir='ltr'>Σαοὺλ</span> 
     </span>
    </p>
   </div>
   <div class='ocr_carea' id='block_1_84' title="bbox 2189 4151 3745 4225">
    <p class='ocr_par' dir='ltr' id='par_1_84' title="bbox 2189 4151 3745 4225">
     <span class='ocr_line' id='line_1_84' title="bbox 2189 4151 3745 4225; baseline -0.008 -10"><span class='ocrx_word' id='word_1_637' title='bbox 2189 4153 2408 4225; x_wconf 79' lang='grc' dir='ltr'>ἠδίκησε</span> <span class='ocrx_word' id='word_1_638' title='bbox 2441 4156 2558 4210; x_wconf 86' lang='grc' dir='ltr'>κατ’</span> <span class='ocrx_word' id='word_1_639' title='bbox 2588 4157 2752 4209; x_wconf 83' lang='grc' dir='ltr'>αὐτοῦ</span> <span class='ocrx_word' id='word_1_640' title='bbox 2781 4157 2873 4222; x_wconf 73' lang='grc' dir='ltr'>καὶ</span> <span class='ocrx_word' id='word_1_641' title='bbox 2904 4157 2968 4209; x_wconf 81' lang='grc' dir='ltr'>ὲκ</span> <span class='ocrx_word' id='word_1_642' title='bbox 2995 4156 3091 4210; x_wconf 90' lang='grc' dir='ltr'><strong>τοῦ</strong></span> <span class='ocrx_word' id='word_1_643' title='bbox 3137 4157 3286 4209; x_wconf 85' lang='grc' dir='ltr'>οῐκου</span> <span class='ocrx_word' id='word_1_644' title='bbox 3317 4154 3483 4208; x_wconf 81' lang='grc' dir='ltr'>αὐτοῦ</span> <span class='ocrx_word' id='word_1_645' title='bbox 3527 4151 3745 4222; x_wconf 79' lang='grc' dir='ltr'>γεγένη-</span> 
     </span>
    </p>
   </div>
   <div class='ocr_carea' id='block_1_85' title="bbox 2179 4243 3449 4318">
    <p class='ocr_par' dir='ltr' id='par_1_85' title="bbox 2179 4243 3449 4318">
     <span class='ocr_line' id='line_1_85' title="bbox 2179 4243 3449 4318; baseline -0.001 -20"><span class='ocrx_word' id='word_1_646' title='bbox 2179 4263 2278 4299; x_wconf 71' lang='grc' dir='ltr'><strong>ται</strong></span> <span class='ocrx_word' id='word_1_647' title='bbox 2309 4248 2342 4317; x_wconf 81' lang='grc' dir='ltr'>ὴ</span> <span class='ocrx_word' id='word_1_648' title='bbox 2373 4245 2648 4317; x_wconf 63' lang='grc' dir='ltr'>ἐκδίκησις</span> <span class='ocrx_word' id='word_1_649' title='bbox 2677 4247 2774 4318; x_wconf 88' lang='grc' dir='ltr'><strong>τῆς</strong></span> <span class='ocrx_word' id='word_1_650' title='bbox 2799 4247 3008 4310; x_wconf 84' lang='grc' dir='ltr'>ἀδικίας</span> <span class='ocrx_word' id='word_1_651' title='bbox 3032 4246 3068 4317; x_wconf 79' lang='grc' dir='ltr'>ἢ</span> <span class='ocrx_word' id='word_1_652' title='bbox 3097 4247 3191 4307; x_wconf 74' lang='grc' dir='ltr'><strong>ἐπὶ</strong></span> <span class='ocrx_word' id='word_1_653' title='bbox 3223 4243 3449 4317; x_wconf 85' lang='grc' dir='ltr'>Ἰησοῦν.</span> 
     </span>
    </p>
   </div>
   <div class='ocr_carea' id='block_1_86' title="bbox 2261 4334 3743 4411">
    <p class='ocr_par' dir='ltr' id='par_1_86' title="bbox 2261 4334 3743 4411">
     <span class='ocr_line' id='line_1_86' title="bbox 2261 4334 3743 4411; baseline -0.004 -19"><span class='ocrx_word' id='word_1_654' title='bbox 2261 4339 2374 4392; x_wconf 84' lang='grc' dir='ltr'><strong>Οὐκ</strong></span> <span class='ocrx_word' id='word_1_655' title='bbox 2415 4339 2717 4404; x_wconf 83' lang='grc' dir='ltr'>ἀδικοῦνται</span> <span class='ocrx_word' id='word_1_656' title='bbox 2763 4341 2821 4403; x_wconf 76' lang='grc' dir='ltr'>δὲ</span> <span class='ocrx_word' id='word_1_657' title='bbox 2861 4339 3337 4411; x_wconf 83' lang='grc' dir='ltr'>συναναιρούμενοι</span> <span class='ocrx_word' id='word_1_658' title='bbox 3379 4335 3488 4390; x_wconf 86' lang='grc' dir='ltr'><strong>τῶν</strong></span> <span class='ocrx_word' id='word_1_659' title='bbox 3528 4335 3640 4403; x_wconf 87' lang='grc'>(98)</span> <span class='ocrx_word' id='word_1_660' title='bbox 3686 4334 3743 4394; x_wconf 68' lang='grc' dir='ltr'>ὲν</span> 
     </span>
    </p>
   </div>
   <div class='ocr_carea' id='block_1_87' title="bbox 2185 4423 3741 4498">
    <p class='ocr_par' dir='ltr' id='par_1_87' title="bbox 2185 4423 3741 4498">
     <span class='ocr_line' id='line_1_87' title="bbox 2185 4423 3741 4498; baseline -0.009 -12"><span class='ocrx_word' id='word_1_661' title='bbox 2185 4427 2326 4498; x_wconf 73' lang='grc' dir='ltr'>ἀρχῇ</span> <span class='ocrx_word' id='word_1_662' title='bbox 2347 4428 2396 4489; x_wconf 71' lang='grc' dir='ltr'>οξ</span> <span class='ocrx_word' id='word_1_663' title='bbox 2422 4428 2480 4494; x_wconf 76' lang='grc' dir='ltr'>ἐξ</span> <span class='ocrx_word' id='word_1_664' title='bbox 2511 4429 2713 4481; x_wconf 77' lang='grc' dir='ltr'>ἐκείνου</span> <span class='ocrx_word' id='word_1_665' title='bbox 2744 4428 2804 4483; x_wconf 85' lang='grc' dir='ltr'>τὸ</span> <span class='ocrx_word' id='word_1_666' title='bbox 2825 4424 2960 4480; x_wconf 83' lang='grc' dir='ltr'>εἶναι</span> <span class='ocrx_word' id='word_1_667' title='bbox 2995 4427 3250 4498; x_wconf 83' lang='grc' dir='ltr'>λαχόντες</span> <span class='ocrx_word' id='word_1_668' title='bbox 3268 4444 3283 4458; x_wconf 76' lang='grc' dir='ltr'><strong>ο</strong></span> <span class='ocrx_word' id='word_1_669' title='bbox 3311 4427 3430 4480; x_wconf 82' lang='grc' dir='ltr'>ὅθεν</span> <span class='ocrx_word' id='word_1_670' title='bbox 3481 4424 3588 4494; x_wconf 79' lang='grc' dir='ltr'>γὰρ</span> <span class='ocrx_word' id='word_1_671' title='bbox 3619 4423 3741 4489; x_wconf 77' lang='grc' dir='ltr'>ἔσχε</span> 
     </span>
    </p>
   </div>
   <div class='ocr_carea' id='block_1_88' title="bbox 559 4504 2111 4588">
    <p class='ocr_par' dir='ltr' id='par_1_88' title="bbox 559 4504 2091 4574">
     <span class='ocr_line' id='line_1_88' title="bbox 559 4504 2091 4574; baseline 0.003 -15"><span class='ocrx_word' id='word_1_672' title='bbox 559 4504 700 4559; x_wconf 85' lang='lat' dir='ltr'><strong>unde</strong></span> <span class='ocrx_word' id='word_1_673' title='bbox 727 4505 1048 4564; x_wconf 77' lang='lat' dir='ltr'><strong>exstantiam</strong></span> <span class='ocrx_word' id='word_1_674' title='bbox 1077 4506 1396 4574; x_wconf 82' lang='lat' dir='ltr'><strong>habuerunt,</strong></span> <span class='ocrx_word' id='word_1_675' title='bbox 1429 4510 1552 4565; x_wconf 87' lang='lat' dir='ltr'><strong>inde</strong></span> <span class='ocrx_word' id='word_1_676' title='bbox 1595 4520 1654 4565; x_wconf 91' lang='lat' dir='ltr'><strong>ut</strong></span> <span class='ocrx_word' id='word_1_677' title='bbox 1682 4525 1788 4564; x_wconf 88' lang='lat' dir='ltr'><strong>non</strong></span> <span class='ocrx_word' id='word_1_678' title='bbox 1821 4520 2091 4565; x_wconf 81' lang='lat' dir='ltr'><strong>exstarent</strong></span> 
     </span>
    </p>
   </div>
   <div class='ocr_carea' id='block_1_89' title="bbox 2213 4504 3740 4588">
    <p class='ocr_par' dir='ltr' id='par_1_89' title="bbox 2213 4512 3740 4588">
     <span class='ocr_line' id='line_1_89' title="bbox 2213 4512 3740 4588; baseline -0.001 -21"><span class='ocrx_word' id='word_1_679' title='bbox 2213 4516 2250 4568; x_wconf 75' lang='grc' dir='ltr'>τὸ</span> <span class='ocrx_word' id='word_1_680' title='bbox 2279 4512 2445 4581; x_wconf 75' lang='grc' dir='ltr'>εἶναι,</span> <span class='ocrx_word' id='word_1_681' title='bbox 2475 4517 2718 4571; x_wconf 81' lang='grc' dir='ltr'>ἐντεῦθεν</span> <span class='ocrx_word' id='word_1_682' title='bbox 2751 4516 2812 4568; x_wconf 79' lang='grc' dir='ltr'>τὸ</span> <span class='ocrx_word' id='word_1_683' title='bbox 2844 4517 2918 4588; x_wconf 84' lang='grc' dir='ltr'>μὴ</span> <span class='ocrx_word' id='word_1_684' title='bbox 2950 4514 3088 4571; x_wconf 78' lang='grc' dir='ltr'>εῖναι</span> <span class='ocrx_word' id='word_1_685' title='bbox 3122 4518 3337 4587; x_wconf 73' lang='grc' dir='ltr'>ἔχοντες</span> <span class='ocrx_word' id='word_1_686' title='bbox 3360 4531 3376 4547; x_wconf 76' lang='grc'><strong><em>⁸</em></strong></span> <span class='ocrx_word' id='word_1_687' title='bbox 3422 4518 3469 4569; x_wconf 82' lang='grc' dir='ltr'><strong>εί</strong></span> <span class='ocrx_word' id='word_1_688' title='bbox 3509 4516 3566 4568; x_wconf 80' lang='grc' dir='ltr'>δέ</span> <span class='ocrx_word' id='word_1_689' title='bbox 3599 4529 3740 4575; x_wconf 84' lang='grc' dir='ltr'>τινος</span> 
     </span>
    </p>
   </div>
   <div class='ocr_carea' id='block_1_90' title="bbox 559 4595 2090 4672">
    <p class='ocr_par' dir='ltr' id='par_1_90' title="bbox 559 4595 2090 4672">
     <span class='ocr_line' id='line_1_90' title="bbox 559 4595 2090 4672; baseline 0.007 -25"><span class='ocrx_word' id='word_1_690' title='bbox 559 4595 886 4664; x_wconf 81' lang='lat' dir='ltr'><strong>accipientes</strong></span> <span class='ocrx_word' id='word_1_691' title='bbox 914 4614 931 4652; x_wconf 76' lang='grc' dir='ltr'><strong>ι</strong></span> <span class='ocrx_word' id='word_1_692' title='bbox 963 4597 1007 4652; x_wconf 86' lang='lat' dir='ltr'><strong>si</strong></span> <span class='ocrx_word' id='word_1_693' title='bbox 1028 4597 1207 4666; x_wconf 89' lang='lat' dir='ltr'><strong>aliquo</strong></span> <span class='ocrx_word' id='word_1_694' title='bbox 1230 4599 1371 4656; x_wconf 85' lang='lat' dir='ltr'><strong>bono</strong></span> <span class='ocrx_word' id='word_1_695' title='bbox 1406 4615 1504 4671; x_wconf 89' lang='lat' dir='ltr'><strong>per</strong></span> <span class='ocrx_word' id='word_1_696' title='bbox 1537 4615 1598 4657; x_wconf 88' lang='lat' dir='ltr'><strong>se</strong></span> <span class='ocrx_word' id='word_1_697' title='bbox 1618 4601 1721 4672; x_wconf 88' lang='lat' dir='ltr'><strong>ipsi</strong></span> <span class='ocrx_word' id='word_1_698' title='bbox 1748 4600 1892 4671; x_wconf 86' lang='lat' dir='ltr'><strong>digni</strong></span> <span class='ocrx_word' id='word_1_699' title='bbox 1915 4611 2090 4668; x_wconf 85' lang='lat' dir='ltr'><strong>erant,</strong></span> 
     </span>
    </p>
   </div>
   <div class='ocr_carea' id='block_1_91' title="bbox 557 4686 1214 4757">
    <p class='ocr_par' dir='ltr' id='par_1_91' title="bbox 557 4686 1214 4757">
     <span class='ocr_line' id='line_1_91' title="bbox 557 4686 1214 4757; baseline 0.009 -19"><span class='ocrx_word' id='word_1_700' title='bbox 557 4686 684 4748; x_wconf 82' lang='lat' dir='ltr'><strong>illud</strong></span> <span class='ocrx_word' id='word_1_701' title='bbox 706 4695 890 4757; x_wconf 86' lang='lat' dir='ltr'><strong>postea</strong></span> <span class='ocrx_word' id='word_1_702' title='bbox 917 4690 1214 4750; x_wconf 82' lang='lat' dir='ltr'><strong>consecuti.</strong></span> 
     </span>
    </p>
   </div>
   <div class='ocr_carea' id='block_1_92' title="bbox 632 4827 1742 4940">
    <p class='ocr_par' dir='ltr' id='par_1_92' title="bbox 632 4827 1742 4940">
     <span class='ocr_line' id='line_1_92' title="bbox 632 4827 1742 4940; baseline 0.008 -26"><span class='ocrx_word' id='word_1_703' title='bbox 632 4857 719 4914; x_wconf 77' lang='lat' dir='ltr'><strong>“l</strong></span> <span class='ocrx_word' id='word_1_704' title='bbox 743 4861 874 4934; x_wconf 82' lang='lat' dir='ltr'><strong>Reg.</strong></span> <span class='ocrx_word' id='word_1_705' title='bbox 908 4833 1023 4936; x_wconf 72' lang='lat' dir='ltr'><strong>xxi,</strong></span> <span class='ocrx_word' id='word_1_706' title='bbox 1050 4827 1135 4927; x_wconf 79' lang='lat' dir='ltr'><strong>lﬁ.</strong></span> <span class='ocrx_word' id='word_1_707' title='bbox 1243 4868 1290 4904; x_wconf 74' lang='lat'><strong>“</strong></span> <span class='ocrx_word' id='word_1_708' title='bbox 1322 4870 1492 4940; x_wconf 80' lang='lat' dir='ltr'><strong>chg.</strong></span> <span class='ocrx_word' id='word_1_709' title='bbox 1517 4885 1624 4936; x_wconf 74' lang='grc' dir='ltr'>χεν,</span> <span class='ocrx_word' id='word_1_710' title='bbox 1657 4871 1742 4924; x_wconf 73' lang='grc'>47.</span> 
     </span>
    </p>
   </div>
   <div class='ocr_carea' id='block_1_93' title="bbox 620 5003 2079 5094">
    <p class='ocr_par' dir='ltr' id='par_1_93' title="bbox 620 5003 2079 5094">
     <span class='ocr_line' id='line_1_93' title="bbox 620 5003 2079 5094; baseline 0.009 -28"><span class='ocrx_word' id='word_1_711' title='bbox 620 5012 732 5082; x_wconf 82' lang='lat'><strong>(95)</strong></span> <span class='ocrx_word' id='word_1_712' title='bbox 765 5003 995 5094; x_wconf 76' lang='lat' dir='ltr'><strong>Attende</strong></span> <span class='ocrx_word' id='word_1_713' title='bbox 1021 5014 1130 5084; x_wconf 88' lang='lat' dir='ltr'><strong>jam</strong></span> <span class='ocrx_word' id='word_1_714' title='bbox 1163 5030 1194 5070; x_wconf 87' lang='lat' dir='ltr'><strong>a</strong></span> <span class='ocrx_word' id='word_1_715' title='bbox 1223 5020 1550 5088; x_wconf 86' lang='lat' dir='ltr'><strong>temporibus</strong></span> <span class='ocrx_word' id='word_1_716' title='bbox 1588 5019 1833 5092; x_wconf 84' lang='lat' dir='ltr'><strong>Origenis</strong></span> <span class='ocrx_word' id='word_1_717' title='bbox 1859 5023 2079 5079; x_wconf 82' lang='lat' dir='ltr'><strong>divisio-</strong></span> 
     </span>
    </p>
   </div>
   <div class='ocr_carea' id='block_1_94' title="bbox 547 5093 1040 5144">
    <p class='ocr_par' dir='ltr' id='par_1_94' title="bbox 547 5093 1040 5144">
     <span class='ocr_line' id='line_1_94' title="bbox 547 5093 1040 5144; baseline -0.002 -7"><span class='ocrx_word' id='word_1_718' title='bbox 547 5095 665 5137; x_wconf 71' lang='grc'><strong>1³6111</strong></span> <span class='ocrx_word' id='word_1_719' title='bbox 687 5093 826 5138; x_wconf 80' lang='lat' dir='ltr'><strong>sacri</strong></span> <span class='ocrx_word' id='word_1_720' title='bbox 847 5093 1040 5144; x_wconf 82' lang='lat' dir='ltr'><strong>textus.</strong></span> 
     </span>
    </p>
   </div>
   <div class='ocr_carea' id='block_1_95' title="bbox 611 5151 1912 5226">
    <p class='ocr_par' dir='ltr' id='par_1_95' title="bbox 611 5151 1912 5226">
     <span class='ocr_line' id='line_1_95' title="bbox 611 5151 1912 5226; baseline 0.006 -20"><span class='ocrx_word' id='word_1_721' title='bbox 611 5151 722 5224; x_wconf 86' lang='lat'><strong>(96)</strong></span> <span class='ocrx_word' id='word_1_722' title='bbox 754 5151 892 5222; x_wconf 87' lang='lat' dir='ltr'><strong>Lege</strong></span> <span class='ocrx_word' id='word_1_723' title='bbox 914 5152 1281 5226; x_wconf 81' lang='grc' dir='ltr'>ὲξηλιάσομεν,</span> <span class='ocrx_word' id='word_1_724' title='bbox 1307 5167 1355 5214; x_wconf 86' lang='lat' dir='ltr'><strong>et</strong></span> <span class='ocrx_word' id='word_1_725' title='bbox 1384 5168 1529 5218; x_wconf 82' lang='lat' dir='ltr'><strong>verte</strong></span> <span class='ocrx_word' id='word_1_726' title='bbox 1561 5158 1912 5216; x_wconf 78' lang='lat' dir='ltr'><strong>insolabimus.</strong></span> 
     </span>
    </p>
   </div>
   <div class='ocr_carea' id='block_1_96' title="bbox 2193 4604 3829 4688">
    <p class='ocr_par' dir='ltr' id='par_1_96' title="bbox 2193 4604 3829 4680">
     <span class='ocr_line' id='line_1_96' title="bbox 2193 4604 3829 4680; baseline 0.003 -24"><span class='ocrx_word' id='word_1_727' title='bbox 2193 4605 2395 4672; x_wconf 88' lang='grc' dir='ltr'>ἀγαθοῦ</span> <span class='ocrx_word' id='word_1_728' title='bbox 2426 4606 2494 4660; x_wconf 88' lang='grc' dir='ltr'><strong>δι’</strong></span> <span class='ocrx_word' id='word_1_729' title='bbox 2531 4609 2751 4674; x_wconf 63' lang='grc' dir='ltr'>ἑαυτοὺς</span> <span class='ocrx_word' id='word_1_730' title='bbox 2780 4604 2917 4680; x_wconf 74' lang='grc' dir='ltr'>ἦσαν</span> <span class='ocrx_word' id='word_1_731' title='bbox 2939 4607 3078 4674; x_wconf 78' lang='grc' dir='ltr'>ἄξιοι</span> <span class='ocrx_word' id='word_1_732' title='bbox 3096 4647 3111 4673; x_wconf 97' lang='grc'><strong>,</strong></span> <span class='ocrx_word' id='word_1_733' title='bbox 3152 4608 3374 4679; x_wconf 73' lang='grc' dir='ltr'>ὕστερον</span> <span class='ocrx_word' id='word_1_734' title='bbox 3397 4605 3553 4671; x_wconf 85' lang='grc' dir='ltr'>τοῦτο</span> <span class='ocrx_word' id='word_1_735' title='bbox 3580 4621 3737 4674; x_wconf 81' lang='grc' dir='ltr'>κομι·</span> <span class='ocrx_word' id='word_1_736' title='bbox 3825 4657 3829 4661; x_wconf 84' lang='grc'><strong>.</strong></span> 
     </span>
    </p>
   </div>
   <div class='ocr_carea' id='block_1_97' title="bbox 2194 4688 2428 4760">
    <p class='ocr_par' dir='ltr' id='par_1_97' title="bbox 2194 4688 2428 4760">
     <span class='ocr_line' id='line_1_97' title="bbox 2194 4688 2428 4760; baseline 0.017 -7"><span class='ocrx_word' id='word_1_737' title='bbox 2194 4688 2428 4760; x_wconf 57' lang='lat' dir='ltr'><strong>(ditem,-</strong></span> 
     </span>
    </p>
   </div>
   <div class='ocr_carea' id='block_1_98' title="bbox 2253 5024 3518 5102">
    <p class='ocr_par' dir='ltr' id='par_1_98' title="bbox 2253 5024 3518 5102">
     <span class='ocr_line' id='line_1_98' title="bbox 2253 5024 3518 5102; baseline -0.005 -18"><span class='ocrx_word' id='word_1_738' title='bbox 2253 5024 2364 5102; x_wconf 57' lang='lat' dir='ltr'><strong>(QZ)</strong></span> <span class='ocrx_word' id='word_1_739' title='bbox 2399 5027 2834 5102; x_wconf 46' lang='lat' dir='ltr'><strong>IEqulaqavLut</strong></span> <span class='ocrx_word' id='word_1_740' title='bbox 2867 5027 3002 5102; x_wconf 79' lang='lat' dir='ltr'><strong>inira</strong></span> <span class='ocrx_word' id='word_1_741' title='bbox 3027 5036 3079 5081; x_wconf 90' lang='lat' dir='ltr'><strong>et</strong></span> <span class='ocrx_word' id='word_1_742' title='bbox 3119 5027 3174 5102; x_wconf 85' lang='lat' dir='ltr'><strong>i_n</strong></span> <span class='ocrx_word' id='word_1_743' title='bbox 3203 5025 3322 5102; x_wconf 51' lang='lat' dir='ltr'><strong>cod:</strong></span> <span class='ocrx_word' id='word_1_744' title='bbox 3361 5026 3518 5102; x_wconf 63' lang='lat' dir='ltr'><strong>Aie}.</strong></span> 
     </span>
    </p>
   </div>
   <div class='ocr_carea' id='block_1_99' title="bbox 2254 5093 3631 5174">
    <p class='ocr_par' dir='ltr' id='par_1_99' title="bbox 2254 5093 3631 5174">
     <span class='ocr_line' id='line_1_99' title="bbox 2254 5093 3631 5174; baseline 0 -27"><span class='ocrx_word' id='word_1_745' title='bbox 2254 5095 2364 5165; x_wconf 85' lang='lat'><strong>(98)</strong></span> <span class='ocrx_word' id='word_1_746' title='bbox 2398 5093 2564 5158; x_wconf 73' lang='lat' dir='ltr'><strong>Fort&#39;e</strong></span> <span class='ocrx_word' id='word_1_747' title='bbox 2594 5101 2690 5174; x_wconf 81' lang='grc' dir='ltr'><strong>τῷ.</strong></span> <span class='ocrx_word' id='word_1_748' title='bbox 2723 5096 2842 5154; x_wconf 78' lang='lat' dir='ltr'><strong>Mox</strong></span> <span class='ocrx_word' id='word_1_749' title='bbox 2877 5098 3083 5153; x_wconf 86' lang='lat' dir='ltr'><strong>videtur</strong></span> <span class='ocrx_word' id='word_1_750' title='bbox 3130 5095 3408 5164; x_wconf 79' lang='lat' dir='ltr'><strong>legendum</strong></span> <span class='ocrx_word' id='word_1_751' title='bbox 3452 5093 3631 5165; x_wconf 74' lang='grc' dir='ltr'>ἔσχον.</span> 
     </span>
    </p>
   </div>
  </div>
