3922 6374
599 365 671 419 55
1449 371 1992 434 SUPPLEMENTUM
2032 381 2121 433 AD
2155 381 2474 446 ORIGENIS
2510 390 2909 451 EXEGETICA.
3672 414 3736 467 56

606 491 692 534 tus
722 493 802 536 est
837 481 1148 542 hominibus,
1179 482 1620 547 quemadmodum
1655 497 1710 540 et
1735 489 1982 558 reliquas,
2005 495 2090 546 her

2187 540 2189 548 ,
2219 497 2383 552 ἔδωκε
2411 505 2517 563 τοῖς
2547 503 2863 573 ἀνθρώποις,
2896 506 3078 579 ὥσπερ
3100 511 3161 580 δὴ
3195 514 3286 564 καὶ
3313 513 3407 575 τὰς
3431 515 3588 579 ἄλλας
3611 559 3625 580 ,
3652 525 3740 575 καὶ

601 569 698 625 bas
724 586 930 639 quoque
961 573 1068 636 ipse
1097 572 1162 622 de
1201 581 1340 625 terra
1386 578 1684 642 germinare
1711 582 1895 635 edixit.
1929 583 2114 636 Sciunt

602 669 774 712 tamen
815 659 1176 720 nihilominus,
1227 661 1355 714 nihil
1400 681 1552 732 posse
1586 669 1906 722 medicorum
1947 682 2114 725 artem

603 748 707 802 Deo
751 748 957 801 nolente
979 753 1018 812 ,1
1065 749 1156 801 sed
1208 758 1411 805 tantum
1462 770 1637 822 posse,
1680 767 1932 824 quantum
1979 760 2115 815 Deus

596 837 725 888 vult.
754 835 1054 889 Jeroboami
1084 859 1086 861 ν
1111 852 1267 903 porro
1309 840 1497 896 domus
1521 845 1879 900 omnimodum
1929 850 2115 903 interi-

596 934 706 976 tum
731 925 980 978 sustinuit
1014 926 1162 992 juxta
1195 930 1588 995 praedictionem
1621 935 1797 988 Achize
1847 936 2109 996 Silonitze.

597 1011 859 1065 Percussit
885 1029 1132 1086 namque,
1161 1018 1254 1082 ait,
1288 1019 1461 1072 Baasa
1491 1037 1578 1075 rea:
1616 1023 1782 1077 Israel
1817 1036 1979 1079 totam
2019 1029 2113 1080 do-

587 1118 724 1154 mum
746 1103 1048 1166 Jerobonm,
1109 1117 1154 1158 et
1193 1123 1289 1159 non
1325 1110 1528 1176 reliquit
1555 1127 1752 1165 onmem
1782 1117 2110 1181 spirationem

584 1192 638 1242 in
663 1190 958 1258 Jeroboam,
1002 1195 1162 1246 donec
1206 1197 1448 1264 funditus
1499 1203 1730 1268 perderet
1771 1204 1876 1264 ipse
1915 1221 2106 1270 omnes,

579 1276 731 1340 iuxta
773 1281 975 1332 verbum
1037 1281 1265 1345 Domini,
1315 1289 1450 1352 quod
1493 1289 1695 1342 locutus
1742 1301 1818 1345 est
1856 1293 1910 1345 in
1952 1311 2109 1348 manu

582 1365 713 1418 servi
740 1369 820 1418 sui
840 1368 1013 1424 Achite
1044 1370 1276 1428 Silonitw
1305 1375 1372 1428 “.
1395 1377 1585 1432 Eadem
1614 1396 1802 1448 passus
1829 1395 1909 1438 est
1941 1383 2106 1440 Baasa

583 1470 814 1524 quoque.
865 1459 1116 1514 Eamdem
1161 1465 1300 1518 enim
1331 1476 1387 1520 et
1425 1468 1524 1523 iste
1560 1471 1884 1538 impietatem
1913 1485 1965 1530 et
2004 1478 2105 1532 ini-

581 1545 836 1612 quitatem
876 1551 1150 1618 amplexus
1178 1564 1279 1618 est,
1313 1555 1546 1626 llelaque
1572 1559 1688 1626 ejus
1722 1563 1862 1618 lilius
1885 1579 1913 1617 a
1944 1565 2104 1619 Zam-

580 1636 658 1688 bri
692 1637 882 1690 vulnus
914 1642 1135 1709 accepit.
1169 1645 1274 1698 Iste
1306 1661 1427 1700 vero
1471 1651 1758 1704 secundum
1804 1655 2102 1722 przedictio-

579 1739 698 1779 nem
748 1726 963 1795 factam,
1007 1731 1194 1785 iterum
1229 1749 1441 1789 omnem
1492 1737 1672 1794 Baasa:
1719 1743 1959 1798 dissolvit
2002 1747 2099 1799 do-

2213 586 2311 649 τὰς
2338 589 2555 657 βοτάνας
2590 593 2745 655 αὐτὸς
2788 597 2851 647 ἐκ
2889 597 2987 664 τῆς
3020 600 3119 668 γῆς
3169 601 3456 670 βλαστῆσαι
3489 616 3738 674 προσετα-

2215 673 2322 736 ξεν.
2356 679 2524 730 Ἴσασι
2553 681 2607 731 δὲ
2639 682 2784 750 ὅμως
2805 721 2819 745 ,
2851 683 2924 744 ὡς
2952 686 3097 736 οὐδὲν
3133 687 3299 754 ἰσχύει
3329 689 3430 740 τῶν
3477 673 3664 761 ἰατρῶν
3705 699 3735 765 ἡ

2211 764 2400 835 τέχνη,
2433 768 2503 837 μὴ
2531 768 2842 839 βουλομένου
2873 771 3006 824 Θεοῦ
3075 775 3208 826 ἀλλὰ
3247 777 3473 830 τοσαῦτα
3512 764 3740 845 δύναται,

2210 853 2306 904 ὅσα
2342 857 2498 918 αὐτὸς
2539 857 2798 924 βούλεται.
2846 860 2958 911 Τοῦ
3009 861 3066 912 δὲ
3107 864 3381 932 ἰεροόοὰμ
3420 868 3447 917 ὁ
3482 864 3622 930 οἶκος
3653 872 3742 938 τὴν

2209 946 2572 1016 πανωλεθρίαν
2634 948 2898 1017 ὑπέμεινε
2947 950 3078 1002 κατὰ
3121 951 3215 1021 τὴν
3261 955 3548 1024 πρόρρησιν
3599 960 3741 1028 Ἀχιᾶ

2207 1031 2298 1082 τοῦ
2322 1034 2630 1102 Σηλωνίτου.
2673 1036 2962 1099 Ἐπάταξε
2997 1039 3121 1108 γὰρ,
3154 1042 3315 1108 φησὶ,
3345 1046 3546 1096 Βαασὰ
3570 1047 3739 1108 ,Βασι-

2206 1121 2348 1188 λεὺς
2393 1123 2632 1190 Ἰσραὴλ
2664 1124 2808 1177 ὅλον
2834 1126 2948 1178 τὸν
2978 1124 3142 1178 οἷκον
3176 1129 3480 1198 ’1εροϐοὰμ,
3509 1134 3604 1185 καὶ
3631 1138 3738 1204 οὐχ

2205 1213 2551 1267 ὑπελείπετο
2590 1213 2790 1267 πᾶσαν
2827 1215 3028 1282 πνοὴν
3069 1217 3137 1269 ἐν
3177 1218 3254 1282 τῷ
3290 1220 3567 1288 Ἰεροϐοὰμ
3585 1264 3599 1286 ,
3633 1224 3736 1289 ἕως

2205 1301 2307 1354 τοῦ
2346 1302 2760 1369 ἑξολοθρεῦσίιι
2800 1306 2988 1358 αὐτὸν
3019 1305 3272 1372 πάντας,
3307 1310 3452 1361 κατὰ
3490 1310 3552 1361 τὸ
3579 1311 3735 1379 ῥῆμα

2203 1393 2415 1458 Κυρίου
2455 1391 2486 1444 ὃ
2523 1393 2817 1460 ἐλάλησεν
2853 1395 2926 1446 ἐν
2965 1397 3112 1462 χειρὶ
3155 1397 3257 1448 τοῦ
3299 1397 3516 1450 δούλου
3557 1401 3732 1453 αὑτοῦ

2217 1477 2367 1542 Ἀχιὰ
2388 1477 2490 1530 τοῦ
2513 1479 2866 1544 Σηλωνίτου.
2891 1479 3069 1533 Ταῦτα
3093 1481 3147 1532 δὲ
3169 1481 3261 1533 καὶ
3287 1481 3464 1533 Βαασά
3491 1483 3727 1536 πέπονθε.

2201 1566 2308 1636 Τὴν
2352 1567 2458 1635 γὰρ
2491 1567 2656 1636 αὐτὴν
2689 1570 2782 1620 καὶ
2814 1563 2963 1634 οὗτος
2995 1569 3240 1622 ἀσέϐειαν
3275 1571 3366 1624 καὶ
3400 1574 3729 1643 παρανομίαν

2198 1657 2492 1724 ἠσπάσατο.
2527 1658 2635 1710 Καὶ
2679 1657 2807 1710 Ἠλὰ
2831 1657 2884 1709 δὲ
2918 1661 2946 1710 ὁ
2976 1659 3159 1710 τούτου
3193 1663 3316 1721 παῖς
3356 1663 3501 1730 παρὰ
3526 1662 3729 1731 Ζαμϐρὶ

2199 1747 2406 1812 ἐδέξατο
2429 1748 2522 1820 τὴν
2555 1749 2780 1820 πληγήν.
2809 1743 2972 1813 Οὗτος
3001 1751 3056 1802 δὲ
3089 1751 3223 1803 κατὰ
3246 1752 3344 1821 τὴν
3374 1753 3728 1821 γεγενημένην

575 1831 740 1870 mum.
772 1818 902 1872 Cum
931 1822 1154 1888 populus
1179 1823 1392 1878 Zatnbri
1423 1842 1592 1894 regem
1629 1841 1878 1894 creasset,
1910 1834 2090 1888 obses-

2203 1802 2498 1908 πράῤῥησιν
2527 1802 2685 1890 πάλίν
2719 1802 2730 1820 ⁸
2751 1839 2925 1892 πάντα
2951 1802 3064 1892 ,τὸν
3126 1840 3217 1892 τοῦ
3257 1802 3460 1892 Βαασὰ.
3510 1802 3726 1893 κιὲτέλῦ⁸

572 1923 666 1961 sus
694 1909 910 1964 Zambri
956 1914 1167 1966 domum
1199 1916 1248 1968 in
1275 1931 1376 1984 qua
1423 1919 1644 1986 degebat
1685 1923 2000 1986 combussit,
2044 1934 2097 1979 et

571 2011 692 2048 cum
744 1998 835 2050 illa
873 2011 1094 2055 exustus
1131 2005 1371 2070 Oppetiit.
1410 2007 1486 2059 Ex
1523 2007 1604 2060 his
1629 2021 1788 2074 porro
1817 2010 2094 2075 docemur,

569 2101 661 2139 eos
709 2089 799 2155 qui
846 2092 1033 2143 eadem
1070 2093 1252 2147 vivunt
1298 2097 1582 2163 pravitate,
1615 2098 1892 2152 Dominum
1929 2100 2092 2155 Deum

569 2175 727 2230 alium
763 2192 858 2244 per
900 2179 1058 2233 alium
1101 2184 1306 2248 punire,
1355 2195 1409 2238 et
1455 2189 1669 2241 tradere
1706 2189 1954 2256 uequiori
1997 2206 2092 2246 ne-

566 2281 747 2334 quam,
773 2269 920 2336 quasi
953 2271 1268 2338 quibusdam
1309 2277 1654 2333 carniﬁcibus
1692 2286 1926 2334 utentem
1965 2279 2088 2334 illis.

630 2533 892 2599 Quoniam
941 2551 1068 2592 vero
1107 2540 1344 2594 nonnulli
1388 2554 1652 2610 quaerunt,
1689 2548 1953 2602 undenam
1984 2547 2086 2602 Sa-

564 2625 772 2679 maritze
804 2625 942 2681 hanc
993 2629 1400 2697 appellationem
1443 2635 1755 2700 habuerint,‘
1785 2651 1851 2690 ex
1890 2653 2086 2707 propo-

563 2713 665 2767 sita
697 2715 918 2770 historia
957 2719 1056 2772 hoc
1086 2721 1362 2776 addiscere
1403 2737 1624 2789 pronum
1664 2735 1766 2782 est.
1801 2727 2084 2796 Acquiaivit

556 2803 724 2870 enim,
750 2805 944 2874 inquit,
991 2807 1202 2862 Zambri
1252 2821 1474 2864 montem
1496 2812 1738 2868 Semeron
1779 2833 1811 2869 a
1855 2815 2085 2871 Semmer

2203 1943 2292 1978 σεν
2334 1922 2496 1980 οἷκον.
2523 1926 2628 1980 Τοῦ
2685 1927 2740 1979 δὲ
2781 1927 2909 1980 λαοῦ
2959 1929 3047 1982 τὸν
3080 1929 3291 2000 Ζαμὸρὶ
3337 1934 3729 2000 χειροτονήσαν-

2198 2033 2287 2077 τος
2318 2016 2562 2085 βασιλέα,
2607 2018 3046 2088 πολιορκούμενος
3077 2021 3104 2072 ὁ
3134 2021 3344 2088 Ζαμῆρὶ
3372 2021 3459 2070 τὸν
3501 2017 3642 2072 οἷκον
3672 2022 3727 2071 ὲν

2196 2097 2240 2171 ᾧ
2262 2105 2442 2174 διῆγεν
2470 2107 2756 2176 ἐνέπρησε,
2783 2107 2873 2160 καὶ
2907 2109 2999 2159 σὺν
3031 2107 3220 2175 ἐκείνῳ
3251 2107 3465 2168 καυθεὶς
3497 2106 3727 2159 τετελεύ-

2196 2211 2347 2264 τηκε.
2382 2197 2743 2265 Διδασκόμεθα
2765 2197 2821 2248 δὲ
2851 2197 2936 2249 διὰ
2963 2197 3162 2251 τούτων
3192 2199 3367 2266 ἡμεῖς,
3389 2197 3460 2258 ὼς
3488 2197 3608 2259 τοὺς
3636 2214 3725 2248 πο-

2195 2285 2354 2354 νηρίᾳ
2385 2285 2652 2350 συζῶντας
2672 2287 2736 2339 δι’
2761 2287 2998 2357 ἀλλήλων
3028 2287 3332 2354 ὁΔεσπότης
3353 2285 3562 2349 κολάζει
3580 2285 3721 2348 Θεὸς,

2193 2375 2286 2426 καὶ
2321 2373 2396 2444 τῷ
2438 2376 2774 2446 πονηροτέρῳ
2809 2377 2898 2428 τὸν
2938 2377 3169 2446 πονηρὸν
3207 2376 3590 2446 παραδίδωσιν,
3621 2371 3724 2426 οἷόν

2192 2479 2298 2516 τισι
2329 2463 2537 2534 δημίοις
2567 2465 2896 2535 κεχρημένος
2921 2465 3119 2526 αὐτοῖς.

2271 2553 2482 2623 Ἐπειδὴ
2529 2553 2585 2605 δέ
2625 2569 2766 2616 τινες
2813 2552 3061 2623 ζητοῦσι,
3106 2550 3269 2604 πόθεν
3304 2551 3353 2602 οἱ
3400 2550 3722 2618 Σαμαρεῖται

2188 2639 2342 2712 τήνδε
2365 2641 2458 2711 τὴν
2488 2641 2844 2713 προσηγορίαν
2871 2645 3192 2713 ἐσχήκασιν,
3218 2641 3281 2692 ὲκ
3306 2640 3403 2708 τῆς
3439 2635 3720 2706 προκειμέ-

2187 2747 2283 2801 νης
2316 2731 2543 2801 ἱστορίας
2576 2732 2729 2784 τοῦτο
2762 2732 2948 2800 μαθεῖν
2975 2730 3214 2792 εὐπετές.
3257 2728 3576 2795 Tranio-ato
3595 2725 3717 2795 γὰρ,

2189 2822 2336 2891 φησὶ,
2375 2822 2588 2890 Ζαμϐρὶ
2619 2822 2684 2874 τὸ
2730 2821 2862 2888 ὄρος
2896 2821 2960 2875 τὸ
2985 2820 3251 2888 Σεμέρων
3289 2818 3444 2885 παρὰ
3487 2815 3717 2884 Σεμμὴρ

469 2935 473 2944 .
555 2895 765 2948 domino
792 2897 904 2965 ejus
935 2909 1151 2966 argento
1175 2905 1333 2954 duum
1363 2903 1691 2968 talentorum,
1717 2915 1766 2958 et
1804 2907 2082 2972 mdiﬁcavit

2187 2908 2290 2962 τοῦ
2323 2911 2526 2976 κυρίου
2565 2909 2745 2963 αὐτοῦ
2786 2909 2893 2962 δύο
2923 2908 3229 2962 ταλάντων
3259 2907 3538 2975 ἀργυρίου
3559 2943 3574 2966 ,
3622 2904 3716 2955 καὶ

553 2996 800 3045 montem.
822 2996 869 3039 et
896 2988 1170 3056 appellavit
1200 3005 1385 3044 nomen
1413 2991 1522 3060 ejus
1545 2996 1754 3056 montis,
1782 3010 1932 3063 quem
1951 2995 2081 3048 tedi-

2187 2998 2519 3067 ᾠκοδόμησε
2550 2998 2613 3050 τὸ
2641 2998 2794 3066 ὅρος,
2835 2999 2933 3050 καὶ
2960 2998 3283 3051 ἐπεκάλεσε
3319 2995 3385 3048 τὸ
3413 2995 3592 3060 ὄνομα
3618 2993 3717 3044 αὑ-

553 3076 819 3143 ﬁcaverat,
846 3077 909 3130 de
933 3084 1134 3132 nomine
1163 3079 1392 3134 Semmer
1425 3084 1621 3135 domini
1655 3089 1861 3148 montis,
1906 3084 2080 3138 Seme—

559 3163 838 3182 μηη
1007 3169 1207 3182 ,
1311 3171 1342 3182 ,.
1896 3173 1928 3182 -

2187 3087 2285 3139 τοῦ
2310 3087 2482 3154 ὄρους
2500 3083 2569 3141 οὗ
2588 3087 2983 3155 ᾠκοδόμησεν,
3007 3087 3104 3140 ἐπὶ
3132 3085 3212 3150 τῷ
3233 3086 3469 3182 ὀνόματι
3490 3080 3716 3182 ξερμὴρ

554 3180 647 3217 ron
670 3163 737 3218 ⁸⁷.
765 3165 843 3218 Ex
877 3177 1057 3219 monte
1087 3169 1281 3223 civitas
1311 3171 1555 3223 Samaria
1590 3172 1729 3225 dicta
1759 3182 1860 3225 est.
1896 3173 2082 3226 Sama-

2187 3175 2283 3226 τοῦ
2307 3177 2512 3242 κυρίου
2537 3174 2640 3227 τοῦ
2668 3176 2856 3252 ὄρους,
2887 3175 3170 3244 Σεμέρων.
3209 3175 3337 3225 Ἀπὸ
3359 3173 3416 3224 δὲ
3445 3170 3536 3222 τοῦ
3564 3170 3713 3237 ὅρους

552 3256 627 3308 ria
661 3268 820 3322 porro
847 3265 947 3316 est,
981 3271 1098 3321 quae
1146 3273 1284 3310 nunc
1333 3259 1553 3312 Sebaste
1579 3271 1817 3314 vocatur.
1860 3261 1935 3316 lbi
1965 3273 2082 3317 erat

2187 3267 2210 3336 ἡ
2243 3266 2391 3328 πόλις
2419 3266 2711 3336 Σαμάρεια.
2741 3266 3025 3336 Σαμάρεια
3057 3266 3113 3316 δέ
3145 3267 3288 3356 ἐστιν
3311 3263 3345 3331 ἡ
3365 3256 3719 3356 νῦνξεὸαοῖτη

551 3348 694 3413 regia
737 3346 919 3398 decem
952 3346 1208 3400 tribuum.
1246 3349 1315 3401 At
1353 3349 1538 3402 decem
1595 3351 1837 3406 tribubus
1882 3355 1934 3406 in
1989 3370 2080 3408 ca-

2187 3354 2699 3423 προσαγορευομένη.
2743 3354 2827 3404 Ἐν
2868 3355 3015 3423 αὐτῇ
3064 3353 3120 3404 δὲ
3160 3347 3227 3420 ἦν
3267 3350 3372 3401 τῶν
3417 3346 3616 3399 δώδεκα
3647 3342 3720 3412 (ἓ)

549 3433 841 3501 ptivitatem
896 3433 1156 3499 abductis,
1193 3445 1247 3490 et
1292 3445 1437 3491 terra
1471 3437 1556 3490 illa
1611 3439 1794 3494 ell'ecta
1826 3442 2074 3510 deserta;

2187 3443 2351 3510 φυλῶν
2379 3443 2446 3495 τὰ
2472 3443 2730 3512 βασίλεια.
2761 3441 3372 3515 Ἐξανδραποδισθεισῶν
3390 3439 3444 3491 δὲ
3469 3436 3572 3490 τῶν
3593 3433 3718 3487 δέκα

549 3521 788 3576 translati
833 3533 955 3576 sunt
994 3525 1209 3590 quidam
1255 3526 1320 3580 de
1372 3529 1719 3586 orientalibus
1750 3533 1987 3599 partibus
2025 3535 2077 3588 in

2187 3531 2350 3599 ρυλῶν
2373 3570 2388 3594 ,
2421 3531 2512 3583 καὶ
2550 3532 2648 3601 τῆς
2683 3531 2785 3602 γῆς
2821 3533 3042 3604 ἐκείνης
3093 3534 3295 3603 ἐρήμου
3340 3525 3714 3597 γεγενημένης,

2176 3622 2502 3692 μετέστησάν
2526 3639 2675 3685 τινας
2703 3624 2766 3675 ὲκ
2789 3623 2894 3676 τῶν
2917 3623 3071 3694 ἑῴων
3097 3622 3277 3693 μερῶν
3297 3622 3374 3681 εἰς
3393 3618 3600 3678 ὲκείνας
3620 3614 3714 3673 τὰς

2173 3711 2349 3774 πόλεις
2386 3711 2490 3765 τῶν
2533 3711 2824 3781 Ἀσσυρίων
2863 3715 2910 3765 οἱ
2949 3713 3198 3784 βασιλεῖς.
3234 3703 3390 3763 Οῦτοι
3420 3708 3476 3759 δὲ
3513 3707 3575 3758 ὲκ
3615 3701 3712 3770 τῆς

2170 3801 2472 3871 Σαμαρείας
2503 3802 2888 3874 ὠνομάσθησαν
2919 3806 3292 3895 Σαμαρεῖταί·,
3346 3887 3356 3895 .
3427 3884 3440 3895 .
3519 3883 3556 3895 η
3602 3878 3647 3895 η

614 3879 705 3934 llis
735 3881 800 3934 de
831 3881 1047 3936 Zambri
1100 3885 1349 3948 narratis,
1399 3885 1465 3937 ad
1513 3883 1698 3938 Jutlam
1750 3887 1982 3950 transiit,
2019 3898 2068 3942 el

2237 3887 2418 3941 Ταῦτα
2445 3891 2569 3960 περὶ
2594 3889 2686 3942 τοῦ
2733 3892 2943 3962 Ζαμϐρὶ
2975 3889 3208 3961 εἰρηκὼς
3231 3927 3246 3950 ,
3277 3887 3366 3939 ἐπὶ
3393 3884 3482 3937 τὸν
3519 3879 3712 3933 Ἰούδαν

542 3971 837 4025 admiratus
865 3980 948 4025 est
971 3972 1340 4040 Josaphalum.
1375 3973 1516 4028 lnter
1555 3975 1658 4028 alia
1690 3975 1883 4042 inquit,
1905 3977 2070 4045 ipsum

2187 3978 2388 4048 ιετέϐη,
2413 3979 2506 4032 καὶ
2534 3979 2694 4032 τεθαύ
2703 3997 2841 4049 μακε
2864 3981 2950 4032 τὸν
2989 3978 3266 4046 Ἰωσαφάτ.
3303 3975 3389 4026 Ἐν
3407 3973 3514 4033 τοῖς
3537 3968 3710 4027 ἄλλοις

549 4062 732 4129 fecisse
766 4061 902 4128 quod
930 4071 1126 4116 rectum
1149 4073 1259 4116 erat
1291 4079 1462 4115 coram
1501 4064 1720 4117 Domino
1746 4065 1816 4118 ⁸⁸.
1845 4070 2071 4130 Questus

2187 4066 2267 4136 ῖφη
2296 4068 2477 4121 αὐτὸν
2514 4069 2579 4121 τὸ
2602 4069 2770 4134 εὺθὲς
2792 4069 3044 4123 ἐνώπιον
3065 4067 3280 4134 Κυρίου
3308 4056 3708 4124 πεποιηκέναι.

542 3623 607 3660 ca
639 3610 828 3678 Oppida
855 3609 922 3664 ab
947 3611 1289 3680 Assyriorum
1346 3618 1577 3686 regibus.
1613 3619 1704 3674 Isti
1751 3634 1879 3688 ergo
1919 3634 1948 3674 a
1979 3621 2077 3674 Sa-

549 3701 713 3754 maria
747 3700 874 3755 dicti
905 3710 1028 3756 sunt
1067 3703 1362 3758 Samaritae.

542 4158 721 4202 tamen
771 4157 853 4203 est
908 4150 974 4204 de
1023 4165 1106 4212 eo,
1140 4151 1283 4218 quod
1312 4165 1415 4204 nou
1441 4152 1720 4207 abstulerit
1747 4155 1951 4208 cultum
1978 4157 2067 4224 qui

538 4239 593 4292 in
628 4239 761 4292 locis
789 4239 946 4294 editis
972 4242 1359 4305 exercebatur;
1390 4243 1515 4308 quin
1553 4251 1608 4296 et
1650 4244 1851 4298 Acbabi
1896 4245 2068 4300 amni-

539 4338 701 4383 tatem
724 4330 1055 4397 amplexatus
1081 4331 1172 4384 sit.
1207 4331 1329 4384 Haec
1361 4348 1520 4400 porro
1547 4333 1868 4390 lueulentius
1908 4336 2067 4389 Para-

2177 4156 2487 4226 Ἐμέμψατο
2511 4157 2568 4210 δὲ
2606 4159 2680 4221 ὡς
2705 4159 2802 4229 τὴν
2843 4161 2900 4212 ὲν
2929 4162 3043 4221 τοῖς
3087 4155 3304 4227 ὑψηλοῖς
3345 4147 3592 4218 λατρείαν
3635 4141 3707 4212 μὴ

2166 4246 2482 4313 παύσαντα,
2531 4247 2664 4300 ἀλλὰ
2707 4249 2800 4301 καὶ
2844 4247 2937 4300 τοῦ
2990 4245 3188 4316 Ἀχαὰϐ
3230 4241 3327 4312 τὴν
3392 4235 3706 4304 συγγένειαν

2165 4333 2562 4404 ἀσπασάμενον.
2629 4335 2808 4388 Ταῦτα
2867 4335 2922 4388 δὲ
2976 4335 3301 4404 σαφέστερον
3355 4327 3460 4380 τῶν
3515 4326 3704 4386 Παρα-

539 4418 840 4486 lipomenon
865 4417 1000 4472 liber
1023 4419 1250 4476 edocuit.
1289 4421 1452 4488 Cujus
1481 4423 1553 4476 rei
1589 4424 1757 4491 gratia
1793 4435 1848 4478 et
1868 4427 1958 4494 qui
1987 4428 2066 4480 hi-

2187 4423 2589 4494 ῑειπομένωνὴ
2626 4423 2804 4493 βιὸλος
2840 4426 3091 4494 ἐδίδαξεν.
3132 4417 3209 4477 Οῦ
3245 4419 3308 4490 δὴ
3353 4418 3510 4487 χάριν
3555 4409 3646 4463 καὶ
3677 4409 3704 4459 ὁ

536 4509 757 4562 storiam
789 4509 1127 4577 conscripsit,
1158 4512 1224 4566 ad
1258 4513 1402 4566 illum
1437 4528 1535 4567 uos
1565 4514 1788 4569 remisit.

605 4682 818 4738 Tertius
847 4691 1033 4751 regnat
1058 4684 1225 4738 Baasa
1261 4686 1312 4739 in
1363 4687 1542 4742 Israel.
1571 4687 1742 4742 Nubat
1782 4689 1922 4744 enim
1957 4693 2064 4748 lilio

532 4772 814 4826 Jeroboam
847 4785 1106 4842 regnante
1136 4784 1257 4843 post
1288 4788 1512 4842 patrem,
1535 4780 1856 4835 interlicitur
1887 4784 1953 4837 ab
1974 4800 2058 4849 eo,

531 4873 587 4913 ut
618 4862 730 4927 ipse
761 4876 984 4929 regnum
1011 4864 1302 4929 usurpavit.
1325 4864 1478 4920 Cura:
1506 4883 1663 4934 porro
1690 4869 1788 4922 fuit
1819 4871 2056 4927 historia:

531 4948 736 5000 auctori
767 4949 1012 5001 narranti
1034 4964 1096 5002 ea
1122 4965 1241 5018 quae
1267 4952 1319 5005 in
1355 4955 1458 5007 vita
1494 4956 1599 5009 Asa
1623 4957 1976 5025 obvenerant,
2003 4963 2055 5016 in

529 5038 762 5093 medium
808 5039 1050 5106 proferre
1095 5042 1277 5097 Baasa:
1325 5059 1623 5112 personam.
1677 5049 1754 5102 Ac
1802 5051 2056 5121 deinceps

527 5143 648 5181 cum
694 5130 988 5198 hyperbato
1024 5135 1258 5200 procedit
1288 5137 1543 5191 narratio.
1575 5137 1632 5190 lu
1673 5138 1821 5194 libris
1856 5140 2056 5210 Regum

527 5235 634 5273 non
665 5219 887 5276 allertur
911 5222 1210 5282 Jeroboami
1240 5241 1416 5291 more,
1464 5229 1558 5284 sed
1589 5230 1640 5283 in
1683 5233 1917 5287 secundo
1954 5235 2055 5288 Pa-

527 5310 886 5378 ralipomenon
914 5314 1158 5379 habetur,
1189 5316 1329 5385 quod
1361 5329 1657 5381 persecutus
1686 5329 1764 5372 est
1785 5322 1917 5373 Abia
1939 5331 2054 5390 post

525 5397 824 5470 Jeroboam,
873 5415 922 5458 et
965 5410 1229 5477 prwripuit
1285 5408 1348 5460 ab
1404 5407 1495 5459 illo
1541 5409 1771 5462 civitates
1822 5411 1954 5462 hanc
2004 5423 2050 5464 et

2168 4516 2264 4585 τὴν
2299 4515 2531 4585 ἱσ’τορίαν
2562 4516 2951 4587 συγγεγραφὼς
2994 4519 3073 4578 εἰς
3108 4512 3320 4580 ἐκείνην
3354 4506 3498 4576 ἡμᾶς
3535 4496 3702 4569 παρέ-

2169 4605 2396 4674 πεμψεν.
3498 4680 3530 4684 Α
3596 4677 3639 4684 __
3671 4675 3694 4684 -

2236 4697 2312 4764 (δ)
2334 4695 2523 4766 Τρίτος
2558 4697 2656 4766 μὲν
2685 4695 2950 4765 βασιλεύει
2999 4692 3182 4748 Βαασὰ
3209 4688 3299 4742 ἐπὶ
3337 4680 3565 4752 Ἰσραήλ.
3596 4677 3698 4729 Τοῦ

2165 4789 2270 4858 γάρ
2308 4787 2491 4841 Ναϐὰτ
2522 4788 2636 4839 υἱοῦ
2675 4787 2948 4858 Ἱεροὸοὰμ
2988 4782 3389 4857 βασιλεύσαντος
3433 4771 3566 4842 μετὰ
3610 4767 3699 4858 τὸν

2165 4855 2372 4947 πατέρα
2395 4916 2410 4940 ,
2444 4877 2811 4929 ἁποκτείνεται
2841 4876 2928 4929 ὑπ’
2973 4874 3134 4930 αὑτοῦ
3153 4889 3166 4903 ·
3205 4867 3360 4925 αὐτὸς
3386 4865 3441 4916 δὲ
3473 4861 3569 4929 τὴν
3601 4855 3695 4925 βα“

2167 4966 2362 5019 σιλείαν
2395 4967 2726 5038 ὑφήρπασεν.
2765 4967 3090 5020 Ἐσπούδασε
3127 4964 3185 5016 δὲ
3221 4962 3249 5013 ὁ
3298 4947 3695 5023 ἱστοριογράφος

2160 5054 2228 5106 τὰ
2263 5058 2320 5108 ἐν
2348 5058 2414 5125 τῇ
2444 5054 2554 5124 ζωῇ
2595 5055 2686 5107 τοῦ
2731 5055 2859 5108 Ἀσά
2903 5057 3194 5124 γιγνόμενα
3239 5049 3432 5146 “Tum
3470 5051 3692 5146 ῙῗῖΡῘῘΫ

2161 5149 2394 5213 ενεγκεῖν
2416 5146 2507 5198 τοῦ
2525 5144 2704 5198 Βαασὰ
2726 5145 3025 5216 πρόσωπον.
3049 5145 3156 5197 Καὶ
3184 5136 3364 5192 λοιπὸν
3399 5131 3512 5202 μεθ’
3539 5131 3695 5216 (me?

2161 5211 2322 5288 ϐατοῦ
2352 5236 2568 5304 γέγονεν
2600 5237 2632 5306 ἡ
2673 5211 2942 5304 ἐξήγησις.
2975 5237 3060 5288 Ἐν
3089 5234 3205 5292 ταῖς
3230 5219 3572 5310 Βασηίεζαίίξ,
3597 5211 3690 5310 PE:

2158 5325 2256 5377 οὐκ
2299 5301 2588 5394 ἐμφέρεται
2621 5301 2656 5375 ⁷ὁ
2703 5301 2924 5386 θάνατος
2966 5323 3060 5376 τοῦ
3099 5313 3403 5410 Ἱεροϐοάμ⁸
3447 5307 3503 5410 ἒν
3530 5301 3686 5410 aii-ll

2156 5413 2376 5485 δευτέρᾳ
2407 5414 2511 5468 τῶν
2537 5414 3060 5482 Παραλειπομένων
3088 5406 3418 5480 περιέχεται,
3451 5403 3531 5448 ὅτι
3560 5403 3690 5441 κατα

593 5535 636 5565 ⁸⁸
667 5536 730 5590 lll
755 5539 886 5607 Reg.
914 5558 999 5610 xv,
1030 5543 1116 5599 29.
1191 5543 1231 5574 ’⁵⁷
1256 5543 1467 5610 lllReg.
1491 5534 1697 5609 ινιβί.
1728 5543 1770 5576 θ’
1819 5545 1856 5599 ll
1893 5545 2063 5604 Paral.
2105 5567 2192 5608 xx.

592 5668 668 5738 (ἓ)
699 5671 852 5725 Δέκα.

2233 5682 2307 5753 (3)
2344 5682 2463 5741 llaec
2492 5694 2773 5756 sequentes
2804 5701 2985 5742 versus
3009 5680 3316 5753 resipieiuut.
