3922 6400
683 441 751 494 59
1559 433 2105 490 SUPPLEMENTUM
2143 433 2235 487 AD
2266 433 2587 492 ORlGENIS
2619 432 3020 492 EXEGETICA.
3771 432 3831 485 60

684 570 799 607 rens
844 549 1090 620 deglulire
1113 548 1332 618 aliquem
1353 549 1418 606 ".
1453 549 1613 605 Venit
1660 568 1789 622 ergo
1827 563 1882 608 et
1912 555 2054 607 circa
2091 553 2186 607 Job

2311 567 2422 616 ται,
2456 551 2639 618 ζητῶν
2674 554 2972 606 καταπιεῖν
3017 569 3166 605 τινα.
3226 546 3423 601 *Ηλθεν
3463 543 3554 600 οὖν
3597 547 3687 600 καὶ
3718 553 3831 620 περὶ

683 641 862 693 volens
887 640 1070 691 eadem
1097 635 1291 692 facere.
1323 639 1511 694 Postea
1540 652 1756 710 accepta
1795 642 2067 708 facultate,
2097 643 2186 695 hct

2306 641 2400 695 τὸν
2457 641 2596 705 Ἰὼϐ,
2653 643 2962 711 βουλόμενος
3005 641 3071 694 τὰ
3117 640 3254 694 αὐτὰ
3307 639 3546 707 ποιῆσαι.
3588 639 3832 706 ’Ὕστερον

681 729 822 782 fecit.
859 727 961 780 Sed
984 731 1106 793 quia
1127 730 1304 782 omnia
1331 730 1743 787 circnmmunita
1765 741 1918 787 erant
1948 735 2047 802 (sic
2067 734 2186 785 enin

2307 731 2481 784 λαϐὼν
2509 732 2772 795 ἐξουσίαν,
2802 731 2969 785 ταῦτα
2994 731 3272 800 πεποίηκε.
3308 730 3418 780 Καὶ
3449 729 3528 779 ὅτι
3552 728 3720 780 πάντα
3749 747 3831 781 πε-

680 813 935 879 reputavit
980 827 1046 864 ex
1091 826 1156 866 eo
1209 817 1350 882 quod
1383 819 1681 885 prohibitus
1714 820 1868 886 fuit);
1905 835 2023 873 cum
2053 820 2185 873 velle

2310 819 2718 890 ριπεφραγμένα
2738 816 2825 890 ἦν,
2857 821 2950 872 καὶ
2983 819 3150 872 ταῦτα
3181 819 3378 887 νοήσας
3403 818 3466 868 ἐκ
3494 817 3586 868 τοῦ
3617 818 3832 869 κεκωλύ-

676 901 934 967 perlicere
965 916 1025 955 ea
1049 918 1167 971 quae
1196 906 1262 959 de
1285 904 1420 963 ano
1445 920 1620 975 erant,
1643 910 1849 978 inquit:
1880 909 1956 963 Tu
1988 912 2209 963 cireum-

673 989 883 1040 munisti
916 989 1163 1043 interiora
1190 992 1304 1060 ejus
1335 1005 1382 1047 et
1414 999 1671 1050 exteriora
1706 999 1818 1066 ejus
1847 999 1910 1051 ⁸³.
1950 998 2206 1053 Universe

673 1073 852 1140 igitur,
877 1088 1143 1142 quatenus
1173 1099 1275 1140 non
1305 1085 1534 1140 traditur
1562 1085 1868 1149 diabolo,tu
1897 1085 2205 1138 circummu-

670 1161 814 1216 nisti.

668 1252 732 1309 ν.
770 1253 855 1308 18.
889 1257 1074 1326 Adhuc
1108 1261 1204 1312 isto
1231 1261 1485 1326 loquente,
1523 1264 1656 1316 alius
1688 1266 1900 1317 nuntius
1926 1265 2089 1322 adest.
2117 1266 2200 1318 di-

1464 1333 1670 1398 filiabus
1693 1335 1797 1385 tuis
1823 1335 2201 1389 comedentibus

735 1340 852 1376 cens
870 1325 1004 1380 ,Ιοὸο
1025 1344 1044 1379 :
1080 1328 1231 1381 Filiis
1259 1332 1363 1382 tuis
1395 1342 1441 1382 et

735 1403 780 1445 et
813 1395 1122 1462 bibentibus,
1144 1401 1282 1466 apud
1306 1395 1524 1467 fratrem
1551 1417 1700 1453 suum
1721 1402 2013 1466 seniorem;

665 1573 730 1626 V.
767 1575 852 1628 t9.
882 1574 1099 1639 Repente
1132 1586 1308 1630 ventus
1340 1594 1555 1644 magnus
1587 1579 1874 1642 supervenit
1919 1594 1946 1630 e
1977 1579 2193 1640 deserto,

731 1654 777 1694 et
816 1645 979 1705 tetigit
1012 1655 1234 1712 quatuor
1270 1647 1484 1712 angulos
1513 1647 1716 1709 domus,
1749 1647 1991 1698 etcecidit
2016 1647 2197 1699 domus

733 1728 886 1776 super
910 1713 1099 1783 ﬁliolus
1130 1726 1262 1770 tuos.
1286 1725 1331 1766 et
1362 1715 1548 1766 mortui
1574 1725 1711 1768 sunt.
1740 1712 1898 1768 Evasi
1917 1727 2083 1767 autem
2104 1731 2196 1783 ego

731 1783 893 1843 solus,
919 1793 964 1833 et
986 1782 1100 1834 veni
1124 1792 1178 1834 ut
1206 1784 1552 1836 renuntiarent
1586 1783 1700 1836 tibi.

733 1936 979 1991 Camelos
1006 1952 1124 1990 esse
1165 1937 1291 1992 fecit
1335 1939 1386 1991 in
1418 1948 1677 2007 potestate
1716 1941 1976 2009 equitum,
2018 1942 2195 1997 asinos

658 2036 713 2079 et
732 2027 857 2094 juga
908 2028 1066 2081 boum
1121 2028 1172 2080 in
1203 2039 1470 2095 patestate
1501 2031 1920 2100 captivantium,
1963 2047 2091 2088 oves
2135 2049 2194 2086 o-

664 2117 758 2170 dio
795 2116 1002 2170 habuit.
1047 2115 1332 2186 Proltterea
1378 2117 1549 2187 ignem
1591 2134 1751 2186 super
1785 2121 1928 2188 ipsas
1953 2120 2189 2175 deduxit.

657 2205 794 2270 Quin
827 2208 988 2260 etiam
1017 2207 1201 2262 liberis
1246 2209 1468 2264 insidias
1511 2211 1728 2274 struxit,
1753 2220 1957 2279 tempus
1988 2226 2193 2279 qumre-

654 2295 748 2347 bat
790 2310 884 2350 eos
929 2297 1203 2363 perdendi.
1254 2299 1311 2352 Si
1347 2300 1642 2354 invenisset
1677 2299 1936 2369 legentes,
1977 2301 2188 2354 domum

657 2385 843 2452 utique
890 2401 991 2438 non
1034 2387 1312 2455 tetigisset,
1361 2404 1533 2448 neque
1576 2389 1747 2442 locum
1775 2389 2044 2443 habuisset
2072 2389 2190 2442 illos

653 2476 1027 2530 interﬁciendi.
1058 2477 1114 2531 Si
1157 2478 1451 2532 invenisset
1477 2479 1705 2534 orationi
1745 2487 2029 2542 vacantes,
2057 2478 2188 2532 nihil

652 2565 918 2632 potuisset
946 2575 1130 2619 contra
1164 2581 1258 2620 eos
1285 2566 1479 2621 facere.
1519 2567 1624 2621 Sed
1663 2568 1788 2634 quia
1815 2570 2187 2635 opportunita-

650 2661 758 2706 tem
813 2655 1032 2721 reperit,
1087 2656 1382 2724 praevaluit.
1412 2655 1725 2724 Cuiusmodi
1769 2657 1931 2726 igitur
1977 2665 2186 2721 tempus

648 2746 804 2798 erat?
851 2745 1093 2800 Ebrietas
1120 2758 1258 2812 erat,
1307 2747 1608 2801 convivium
1647 2758 1784 2801 erat.
1818 2747 1968 2814 Quod
1992 2732 2190 2802 ventus

652 2833 880 2900 angulos
917 2834 1104 2889 domus
1147 2836 1413 2905 tetigerit;
1441 2836 1578 2890 scito
1607 2837 1748 2905 quod
1788 2837 1838 2890 in
1869 2836 2182 2905 angulorum

649 2921 836 2991 plateis
886 2925 1176 2993 hypocrita:
1210 2933 1416 2980 stantes
1465 2934 1641 2980 orant.
1693 2926 2012 2994 Quicunque
2055 2940 2184 2978 vero

647 3028 754 3065 non
779 3021 859 3066 est
887 3012 1155 3083 ingressus
1176 3025 1375 3070 rectam
1402 3017 1566 3078 viam,
1589 3016 1796 3085 angulis
1811 3016 1994 3068 utitur.
2019 3015 2181 3068 Latus

644 3111 820 3156 autem
851 3105 1095 3174 angulus,
1121 3113 1203 3159 est
1232 3104 1397 3158 multa
1433 3120 1497 3160 ac
1528 3105 1784 3160 dissoluta
1806 3105 2142 3174 improbitas.

1291 3280 1443 3334 CAP.
1484 3279 1547 3334 ll.

702 3370 759 3423 ν.
791 3328 953 3423 2..Et
984 3371 1116 3424 dixit
1142 3328 1624 3425 Dominus-diabolo
1655 3387 1672 3424 :
1703 3370 1850 3426 Unde
1872 3381 1928 3425 tu
1951 3373 2089 3426 venis
2108 3373 2136 3427 ι

713 3520 1076 3588 Prospiciebat
1109 3525 1266 3585 Deus.
1301 3533 1360 3577 ut
1385 3525 1640 3579 confusus
1663 3524 2046 3592 defatigaretur
2076 3526 2176 3580 Sa-

645 3619 816 3664 tanas.
839 3610 1066 3676 Quando
1095 3621 1270 3666 autem
1293 3615 1629 3682 interrogans
1645 3614 1789 3667 novit
1817 3616 2174 3670 insensibile-1

641 3713 783 3764 esse,
833 3708 960 3753 tunc
1005 3702 1435 3757 maleiacientem
1498 3703 1697 3772 arguit,
1748 3703 1888 3759 sicut
1927 3714 2178 3774 arguerat

639 3785 887 3840 Cainum.

645 3877 707 3930 ν.
739 3880 793 3932 9.
827 3877 1074 3949 Tempore
1101 3890 1272 3932 autem
1296 3880 1619 3947 procedente,
1650 3883 1780 3935 dixit
1807 3886 1857 3938 ei
1885 3900 2018 3938 uxor
2040 3885 2173 3952 ejus.

708 4031 840 4087 Vide
879 4033 1160 4088 malitiam.
1185 4035 1315 4089 Cum
1341 4035 1562 4088 multum
1594 4045 1804 4102 tempus
1827 4037 2171 4103 praeterisset,

643 4135 766 4180 tunc
804 4125 1028 4192 impetit.
1047 4125 1196 4181 Tunc
1218 4127 1359 4180 enim
1388 4126 1617 4180 maxime
1639 4125 1831 4178 virtute
1855 4127 2172 4186 infirmatur.

2308 907 2448 960 σθαιο
2487 908 2802 979 βουλόμενος
2828 911 2997 961 ποιεῖν
3026 908 3092 960 τὰ
3129 906 3254 976 περὶ
3281 904 3374 958 τοῦ
3420 904 3557 968 Ἰὼϐ,
3589 901 3721 957 εἷπε*
3760 910 3832 959 Σὺ

2303 997 2690 1066 περιέφραεας
2713 999 2785 1050 τὰ
2801 997 2920 1050 ἔσω
2945 995 3127 1050 αὑτοῦ
3151 994 3334 1049 καὶτὰ
3356 995 3470 1057 ἐξω
3488 995 3688 1048 αὑτοῦ.
3715 997 3832 1048 Πάν-

2301 1102 2370 1139 τα
2409 1083 2501 1139 οὖν
2549 1087 2635 1155 ἐφ’
2670 1087 2791 1140 ὅσον
2829 1087 2889 1142 οὐ
2937 1085 3128 1139 δίδοται
3160 1084 3238 1154 τῷ
3280 1083 3525 1153 διαϐόλῳ,
3552 1085 3632 1140 σὺ
3657 1091 3831 1155 περιέ-

2287 1170 2543 1238 »φραξαςο

2301 1263 2500 1340 Στειηη
2529 1265 2658 1340 Ἔτι
2667 1263 3252 1340 τοιξτρυᾲλμλοιξιςτος,
3275 1263 3464 1340 ἄλλος
3478 1261 3720 1340 ἅγγελος
3733 1264 3812 1340 (it)

2588 1333 2667 1398 τῷ
2702 1334 2835 1387 Ἰώ6³’
2877 1333 2997 1386 Τῶν
3024 1330 3173 1402 υἱῶν
3199 1347 3315 1402 σου
3347 1333 3444 1384 καὶ
3473 1330 3586 1402 τῶν
3609 1330 3831 1402 θιιγιιτέὲ

2358 1399 2484 1466 ρων
2496 1418 2610 1455 σου
2630 1403 2948 1455 ἐσθιόντων
2969 1400 3065 1452 καὶ
3091 1401 3409 1466 πινόντων,
3423 1400 3578 1466 παρὰ
3595 1399 3669 1464 τῷ
3682 1401 3832 1454 ἀδελ-

2365 1469 2455 1536 φῷ
2483 1470 2678 1524 αὐτῶν
2697 1469 2775 1535 τῷ
2796 1468 3188 1537 πρεσϐυτέρῳ,

2296 1557 2386 1637 Στε
2421 1558 2503 1637 ιθ’.
2563 1560 2873 1637 Ἐξαίφηης
2904 1557 3136 1637 πνεῦμα
3165 1557 3326 1637 μέτα,
3353 1555 3616 1624 ἐπῆλθεν
3637 1556 3707 1633 ἐκ
3733 1557 3830 1635 τῆς

2361 1626 2602 1694 ἐρήμου,
2634 1625 2735 1681 καί
2777 1629 2972 1695 ἥψατο
2997 1625 3114 1679 τῶν
3138 1625 3450 1695 τεσσάρων
3488 1625 3705 1695 γωνιῶν
3734 1625 3822 1690 τῆς

2363 1697 2576 1760 οἰκίας,
2607 1697 2702 1749 καὶ
2733 1698 2949 1750 ἔπεσεν

2982 1696 3020 1759 ἡ
3061 1696 3217 1747 οἰκία
3233 1693 3432 1746 ἐπικτὰ
3460 1693 3660 1745 παιδία
3705 1711 3826 1754 σου,

2358 1763 2455 1832 καὶ
2505 1764 2914 1830 ἐτελεύτησαν.
2942 1763 3223 1832 ίἘσώθην
3252 1761 3320 1814 δὲ
3349 1762 3462 1832 ἐγὼ
3489 1762 3690 1831 μόνος,
3739 1765 3824 1814 καὶ

2222 1877 2265 1931 Β
2360 1829 2548 1902 ἦλθον
2576 1833 2679 1886 τοῦ
2711 1829 3058 1900 ἀπαγγεῖλαι
3072 1846 3192 1884 σοι.

2361 1921 2472 1991 (11)
2503 1921 2611 1983 Τὰς
2635 1921 2732 1992 μὲν
2761 1917 2851 1974 οὖν
2882 1920 3153 1990 καμήλους
3173 1918 3438 1988 πεποίηκε
3465 1917 3708 1984 γενέσθαι
3735 1917 3827 1969 ὑπὸ

2290 2009 2414 2072 τοὺς
2443 2010 2647 2071 ἱππεῖς,
2677 2010 2801 2071 τοὺς
2847 2008 2998 2070 ὅνους
3018 2008 3074 2059 δέ
3106 2007 3200 2060 καὶ
3247 2006 3316 2059 τὰ
3361 2004 3525 2075 ζεύγη
3567 2006 3671 2057 τῶν
3703 2007 3826 2074 βοῶν

2292 2098 2394 2151 ὑπὸ
2444 2099 2566 2160 τοὺς
2607 2098 3108 2168 αἰχμαλωτίζοντας·
3145 2097 3213 2150 τὰ
3262 2095 3508 2166 πρόϐατα
3553 2096 3608 2148 δὲ
3639 2096 3822 2165 ἐμίσει.

2289 2187 2385 2240 Διὰ
2411 2186 2566 2240 τοῦτο
2597 2187 2708 2260 πῦρ
2741 2190 2824 2240 ἐπ’
2852 2188 2990 2242 αὐτὰ
3034 2189 3367 2258 κατήγαγεν.
3412 2185 3567 2238 Ἀλλὰ
3610 2187 3698 2239 καὶ
3727 2189 3824 2248 τοῖς

2289 2279 2423 2340 υἱοῖς
2450 2277 2822 2340 ἐπεϐούλευσε,
2854 2277 3040 2348 καιρὸν
3072 2278 3252 2347 ἐζήτει
3286 2275 3380 2329 τοῦ
3425 2276 3617 2337 αὐτοὺς
3645 2275 3822 2327 ἀπολέ-

2289 2384 2398 2420 σαι.
2437 2369 2500 2420 Ei
2529 2368 2747 2438 εὑρήκει
2780 2366 3263 2435 ἀναγινώσκοντας,
3297 2366 3398 2420 οὐκ
3437 2367 3502 2420 ἂν
3532 2366 3699 2435 ἥψατο
3734 2366 3822 2432 τῆς

2284 2455 2479 2520 οἰκίας,
2527 2455 2647 2508 οὐδὲ
2693 2455 2853 2508 τόπον
2889 2449 3000 2524 εἶχε
3039 2453 3134 2506 τοῦ
3172 2453 3368 2516 αὐτοὺς
3405 2453 3728 2505 ἀποκτεῖναι.
3770 2453 3823 2502 Εἰ

2283 2545 2505 2614 εὑρήκει
2537 2543 3014 2613 προσευχομένους,
3049 2541 3202 2594 οὐδὲν
3229 2541 3459 2610 ἠδυνατο
3487 2541 3699 2610 ποιῆσαι
3717 2540 3822 2592 κατ’

2284 2635 2479 2688 αὐτῶν.
2519 2635 2655 2687 Ἀλλ’
2677 2636 2762 2687 ὅτε
2786 2633 2894 2703 (12)
2928 2627 3084 2703 εὗρεν
3119 2631 3420 2702 εὐκαιρίαν,
3452 2631 3649 2699 ἴσχυσε.
3684 2631 3823 2690 Heio;

2281 2720 2373 2778 οὖν
2400 2725 2430 2777 ό
2471 2724 2688 2794 καιρὸς;
2730 2723 2882 2792 Μέθη
2911 2717 3000 2792 ἦν,
3041 2721 3338 2791 συμπόσιον
3373 2716 3460 2791 ἦν.
3486 2721 3579 2784 Τὸ,
3605 2719 3707 2771 τῶν
3729 2735 3822 2785 γω-

2280 2814 2408 2868 νιῶν
2443 2814 2538 2884 τῆς
2570 2812 2744 2874 οἰκίας
2776 2811 3017 2880 ἅψασθαι
3047 2811 3110 2864 τὸ
3148 2811 3384 2881 πνεῦμα,
3419 2811 3721 2878 ἐπίστησον,
3751 2807 3822 2858 ὅτι

2280 2904 2338 2956 ἐν
2367 2905 2485 2964 ταῖς
2513 2901 2619 2954 τῶν
2647 2900 2852 2968 γωνιῶν
2886 2901 3169 2966 πλατείαις
3196 2904 3246 2954 οἱ
3289 2899 3573 2969 ὑποκριταὶ
3609 2897 3820 2957 ἑστῶτες

2280 2990 2684 3062 προσεύχονται·
2716 2992 2820 3052 πᾶς
2848 2991 2904 3043 δὲ
2943 2994 2970 3044 ό
3007 2993 3080 3062 μὴ
3102 2990 3441 3060 ἐπιϐεϐηκὼς
3469 2987 3672 3050 εὐθείας
3698 2984 3822 3046 ὁδοῦ,

2278 3083 2398 3144 ταῖς
2429 3081 2646 3148 γωνίαις
2678 3067 2956 3151 κέχρηται..
3019 3081 3252 3134 Πλατεῖα
3291 3081 3347 3133 δὲ
3389 3078 3556 3148 γωνία
3595 3079 3626 3147 ή
3673 3073 3821 3142 πολλὴ

2204 3172 2248 3233 C
2278 3170 2372 3222 καὶ
2391 3169 2642 3240 ἀνειμένη
2662 3169 2844 3222 κακία.

2925 3260 3083 3313 ΚΕΦ.
3117 3260 3193 3312 B'.

2279 3347 2388 3419 (15)
2419 3347 2561 3418 Στίχ.
2596 3348 2659 3418 β’.
2692 3347 2799 3401 Καὶ
2827 3344 3000 3402 εἶπεν
3027 3353 3068 3419 ό
3094 3349 3306 3416 Κύριος
3333 3346 3414 3410 τῷ
3441 3344 3702 3406 διαϐόλῳ·
3724 3340 3820 3392 Πό-

2678 3431 2684 3436 ·
2832 3419 2936 3469 θεν
2969 3418 3051 3471 σὺ
3093 3419 3280 3486 ἕρχῃ;

2357 3501 2530 3578 Ἐὼρα
2552 3508 2580 3558 ὁ
2601 3506 2749 3570 Θεὸς,
2771 3506 2915 3570 ὅπως
2951 3508 3261 3579 αἰσχυνθεὶς
3293 3506 3586 3559 διεπονεῖτο
3607 3503 3634 3553 ὁ
3663 3500 3814 3554 Σατα-

2275 3600 2388 3660 νᾶς.
2431 3599 2593 3652 Ὅταν
2636 3597 2690 3650 δὲ
2745 3600 3039 3668 ἐπερωτῶν
3085 3599 3171 3670 ἴδῃ
3228 3593 3658 3665 ἀγνωμονοῦντα,
3710 3588 3817 3640 τότε

2275 3688 2482 3758 ἐλέγχει
2513 3687 2943 3758 κακουργοῦντα,
2972 3689 3048 3752 ὡς
3073 3688 3266 3758 ήλεγξε
3289 3686 3378 3739 τὸν
3398 3685 3552 3739 Κάῖν.

2275 3861 2381 3934 (14)
2402 3864 2492 3919 Στ.
2519 3863 2582 3917 θ’.
2612 3863 2836 3932 Χρόνου
2861 3864 2933 3918 δὲ
2953 3865 3407 3934 προϐεϐηκότος,
3427 3858 3596 3915 εἶπεν
3621 3855 3770 3920 αὐτῷ
3787 3855 3818 3919 ἠ

2863 3934 3019 4004 γυνὴ
3036 3933 3243 3988 αὐτοῦ.

2344 4021 2482 4090 Ὅρα
2495 4021 2556 4074 τδ
2569 4021 2890 4091 κακοῦργον.
2929 4023 3058 4074 Ὅτε
3086 4020 3253 4082 πολὺς
3275 4019 3456 4089 διῆλθε
3485 4016 3688 4087 χρόνος,
3709 4011 3814 4062 τότε

2272 4108 2584 4162 ἐπιτίθεται’
2613 4109 2731 4162 τότε
2771 4109 2880 4180 γὰρ
2917 4109 3153 4180 μάλιστα
3179 4108 3283 4177 τῆς
3301 4107 3581 4174 δυνάμεως
3613 4098 3814 4164 ἐξασθε-

642 4213 756 4266 Duo
783 4191 938 4267 erant
961 4229 1077 4281 qut:
1100 4214 1448 4266 inﬁrmiorem
1479 4213 1721 4267 facerent
1747 4232 1760 4266 :
1797 4224 1904 4269 tum
1935 4218 2057 4284 quia
2095 4219 2172 4272 fe-

2288 4200 2368 4250 tei.
2411 4199 2583 4252 Διπλᾶ
2614 4198 2683 4252 τὰ
2713 4200 2810 4270 τῆς
2855 4198 3142 4261 ἀσθενείας
3175 4193 3266 4267 ἦν,
3307 4195 3387 4265 τῷ
3411 4211 3474 4284 τε
3492 4193 3582 4245 τὸν
3604 4191 3816 4284 φέροντα

645 4303 810 4356 rendo
837 4277 1137 4372 languidior
1163 4303 1488 4357 reddebatur
1513 4302 1862 4358 diuturnitate
1900 4277 2171 4375 temporis,

2288 4285 2654 4358 ὶσθενέστερον
2678 4287 2927 4356 γενέσθαι
2953 4287 3032 4357 τῷ
3067 4288 3231 4356 μήκει
3250 4284 3344 4338 τοῦ
3379 4282 3606 4375 χρόνου,
3626 4277 3729 4375 καλ,
3751 4277 3817 4340 τῷ

639 4401 751 4443 tum
772 4390 892 4457 quia
910 4364 1078 4457 magis
1100 4391 1456 4458 despondebat
1477 4391 1731 4445 animum.
1751 4391 1818 4444 Et
1839 4393 1994 4460 paulo
2007 4364 2129 4462 .post

2288 4374 2367 4442 τὴν
2408 4373 2595 4427 ἐλπίδα
2636 4375 3055 4445 ἀπογνωσθῆναι
3085 4374 3304 4444 μᾶλλον.
3343 4371 3455 4424 Καὶ
3479 4369 3606 4462 μετ’
3636 4364 3813 4462 Mira“

639 4479 717 4532 Ne
749 4453 910 4548 igitur
946 4453 1284 4532 attendamus
1309 4479 1432 4548 quia
1457 4495 1591 4536 uxor
1618 4491 1753 4543 erat,
1781 4484 1871 4536 sed
1896 4453 2024 4552 quid
2041 4499 2169 4539 cou-

2288 4463 2360 4532 νίὴ
2395 4463 2570 4516 τοίνυν
2597 4464 2750 4518 τοῦτο
2787 4465 3007 4535 ἴδωμεν,
3036 4466 3117 4516 ὅτι
3145 4461 3305 4531 γυνὴ,
3339 4459 3475 4514 ἀλλὰ
3513 4457 3565 4510 τί
3599 4453 3817 4554 συμϐους

636 4569 796 4623 sulat.
829 4567 939 4624 Hoc
989 4576 1042 4622 et
1079 4579 1273 4623 nostra:
1301 4569 1473 4623 aetatis
1503 4571 1804 4626 hominibus
1838 4589 2053 4638 moneo,
2099 4590 2166 4630 ne

2288 4552 2429 4606 ιεύει.
2473 4554 2639 4607 Τοῦτο
2682 4557 2776 4608 καὶ
2817 4560 2930 4620 τοῖς
2958 4556 3054 4608 νῦν
3087 4552 3398 4624 ἀνθρώποις
3748 4553 3814 4638 εξη

633 4659 702 4711 ad
723 4672 1068 4726 personarum
1096 4657 1380 4728 dignitates
1409 4660 1719 4728 respiciant,
1747 4664 1836 4716 sed
1869 4663 1933 4716 ad
1955 4625 2166 4721 consilii

2288 4642 2401 4711 πρὸς
2421 4641 2490 4694 τὰ
2508 4643 2613 4696 τῶν
2637 4645 2938 4715 προσώπων
2965 4643 3251 4712 ἀξιώματα
3270 4631 3663 4728 summum:
3693 4625 3814 4728 πρξς

635 4716 874 4800 modum.
908 4746 1052 4802 Uxor
1076 4716 1181 4813 est:
1215 4756 1271 4802 ut
1299 4716 1536 4818 adjuvei,
1560 4767 1664 4806 non
1701 4716 1757 4806 ut
1781 4716 2166 4822 supplautet.m

2288 4733 2354 4784 :bv
2385 4733 2581 4803 τρόπον
2623 4736 2720 4804 τῆς
2770 4733 3100 4806 συμϐουλῆς.
3141 4731 3282 4800 Γυνή
3328 4730 3475 4780 ἐστιν
3513 4725 3598 4775 ἵνα
3637 4716 3812 4787 βοηθῇν

2288 4823 2360 4876 »ὒν
2388 4823 2472 4876 ἴνα
2492 4825 2838 4876 ὑποσκελίζη.

2265 4825 2360 4892 οὺχ
2388 4825 2472 4876 ἵνα
2492 4825 2838 4897 ὑποσκελίζῃ.

2266 4887 2374 4982 (lii)
2401 4913 2490 4964 Στ.
2527 4911 2590 4966 θ’.
2622 4887 2989 4973 Εἶπενίαύτῷ
3023 4911 3062 4974 ἡ
3099 4905 3256 4982 γονὴ
3296 4899 3504 4955 αὐτοῦ’
3532 4896 3715 4962 Μέχρι
3739 4887 3812 4938 τί·

2760 4999 2868 5045 νος
2899 4976 3288 5045 καρτερήσεις
3305 4988 3324 5035 ;

701 5045 948 5112 Omnium
973 5061 1382 5126 praecedentium
1420 5067 1788 5121 machinarum
1816 5068 2158 5122 fortissimam

2331 5070 2403 5124 Τὸ
2433 5072 2646 5126 πάντων
2691 5067 3100 5140 μηχανημάτων
3139 5063 3249 5115 τῶν
3284 5056 3656 5144 προλαϐόντων
3685 5049 3812 5144 ισχγ-

631 5153 902 5216 postremo
949 5147 1065 5204 loco
1107 5151 1348 5208 diabolus
1388 5156 1620 5211 adhibet.
1676 5157 1889 5213 Utinam
1925 5167 1982 5212 et
2021 5158 2160 5212 hanc

2288 5159 2472 5231 ότερον
2514 5139 2734 5230 ὕστερον
2830 5156 3075 5216 διάϐολος
3104 5149 3390 5223 προσάγει.
3425 5143 3549 5196 Εἴθε
3573 5139 3808 5231 καὶ-ταρ-

631 5237 965 5330 accepisses!
998 5237 1212 5295 Utinam
1243 5257 1364 5298 cum
1394 5245 1574 5301 liberis
1595 5247 1896 5302 obruisses!
1931 5245 2156 5314 Quidam

2288 5266 2352 5320 ην
2380 5221 2595 5313 ἐλαϐεςι
2626 5221 2749 5304 Ιίῖτθε
2770 5247 2909 5320 μετὰ
2935 5243 3043 5298 τῶν
3069 5221 3276 5294 παίδων
3296 5221 3807 5330 κατέχωσαείκίςινξς

631 5341 760 5380 vero
792 5326 990 5391 dicunt,
1015 5344 1118 5384 non
1159 5347 1276 5390 esse
1321 5337 1510 5391 uxoris
1539 5351 1601 5390 ea
1650 5339 1830 5403 verba,
1859 5313 2155 5405 sedipsum

2288 5313 2321 5390 έν
2338 5355 2495 5407 φασιν
2521 5340 2638 5392 οὐδὲ
2651 5340 2749 5409 τῆς
2771 5313 3031 5407 γυναικὸς
3049 5326 3188 5384 εἶναι
3214 5327 3285 5380 τὰ
3313 5325 3550 5394 ῥήματα,
3577 5313 3690 5369 ἀλλ’
3723 5313 3806 5362 αὑ-

702 5442 745 5474 ⁸¹
770 5440 788 5494 Ι
818 5441 964 5498 Petr.
998 5460 1050 5511 v,
1067 5446 1120 5502 8.
1197 5451 1243 5483 "
1267 5451 1368 5508 Job
1418 5469 1457 5518 ι,
1486 5455 1573 5508 l0.

698 5557 1229 5636 (Ιολῡεθειέρχεται
1256 5566 1336 5620 vel
1363 5563 1511 5636 ἦλθε.
1539 5568 1603 5618 Hi
1649 5568 1753 5623 duo
1799 5583 1983 5626 versus
2036 5579 2158 5626 sunt

629 5643 691 5681 es
720 5628 840 5678 coal.
873 5627 1113 5685 Nauiaito
1139 5627 1484 5687 Commeutnr.
1509 5637 1561 5687 in
1587 5636 1706 5691 Job.

833 5697 1046 5771 gutiier.
1081 5711 1119 5752 t.
1150 5691 1256 5771 XII,
1283 5704 1385 5759 col.
1416 5705 1566 5760 1051.

701 5764 810 5833 ξιξ)
829 5764 988 5822 Forte
1007 5767 1108 5822 ὅτι.
1137 5798 1142 5802 ε

721 4907 786 4962 ν.
816 4906 870 4962 9.
906 4905 1051 4960 Dixit
1078 4909 1127 4962 ei
1154 4924 1285 4962 uxor
1313 4909 1428 4980 ejus
1453 4926 1473 4964 :
1506 4910 1749 4976 Quandiu
1773 4915 2047 4968 sustinebis
2071 4914 2096 4967 7

2336 5573 2449 5638 (15)
2483 5573 2556 5627 Ex
2587 5575 2771 5628 eodem
2798 5571 2922 5625 cod.
2945 5565 3112 5630 Nam,
3138 5559 3227 5615 ubi
3257 5551 3594 5612 inscribitur,
3631 5538 3796 5603 Ὀλυμ·

2570 5641 3227 5770 ειὲἵιξίέέίίῗςίκιλῖοηίρῐ
3254 5701 3309 5744 .ct
3339 5677 3699 5754 Olympiodor.

2336 5767 2444 5848 (15)
2474 5779 2547 5834 Ex
2574 5780 2693 5837 cod.
2730 5775 2917 5831 Venet.
2954 5767 3056 5823 558
