3922 6378
636 416 707 472 65
1505 411 2049 469 SUPPLEMENTUM
2088 412 2177 466 AD
2213 412 2529 468 ORIGEMS
2565 412 2962 467 EXEGETICA.
3721 409 3783 462 6i

638 526 736 589 dit,
759 533 813 578 et
840 525 890 578 in
916 521 1161 578 omnibus
1185 519 1356 574 victor
1383 525 1848 591 pronuntiabatur.
1880 528 1956 580 Ac
1988 526 2149 581 veluti

2278 526 2558 589 nelOdwoc;
2577 526 2800 589 ἐκείνου,
2832 524 2964 594 πρὸς
2987 523 3198 576 ἅπαντα
3234 519 3587 591 παρετάξατο,
3617 519 3705 572 καὶ
3733 524 3782 574 ἐν

641 611 790 663 miles
815 622 1117 676 generosus,
1155 607 1243 674 qui
1277 608 1438 662 sciret
1462 623 1696 678 pugnare
1723 623 1901 676 noctu,
1929 614 1993 667 de
2024 629 2152 668 mm-

642 699 812 762 nibus,
855 697 994 750 inter
1045 697 1268 764 pedites,
1304 697 1442 751 inter
1468 701 1730 766 epibatas,
1760 717 1885 755 arcu
1929 705 2150 770 sagittas

637 786 896 849 emittere,
927 785 1134 838 hastam
1160 795 1402 852 quatere,
1429 787 1608 843 fundis
1634 799 1688 843 et
1710 791 1864 845 vallis
1891 793 1986 854 uti,
2014 807 2075 845 ac
2103 793 2152 845 in

635 874 776 925 omni
798 888 992 939 genere
1017 889 1204 943 pugnae
1226 890 1484 944 superare
1507 878 1859 943 adversarios,
1885 889 1938 933 et
1964 880 2157 947 ubique

636 964 872 1017 vincere:
891 962 958 1014 ita
991 963 1228 1030 profecto
1250 975 1303 1017 et
1329 980 1622 1031 generosus
1641 967 1731 1022 ille
1755 983 1963 1023 omnem
1989 977 2158 1023 tenta-

638 1048 831 1102 tionem
853 1062 974 1102 cum
1003 1049 1166 1102 multa
1197 1051 1316 1104 tulit
1348 1052 1681 1119 fortitudine,
1710 1056 2057 1111 tentationem
2077 1058 2158 1110 in-

633 1151 793 1203 quam
825 1139 1172 1206 paupertatis,
1205 1139 1383 1203 famis,
1413 1143 1604 1208 morbi,
1643 1143 1863 1209 doloris,
1912 1145 2158 1200 interitus

635 1224 863 1280 liliorum
895 1245 910 1279 :
947 1231 1288 1284 tentationem
1315 1231 1381 1284 ab
1405 1232 1609 1293 amicis,
1637 1233 1702 1284 ab
1731 1234 2068 1298 adversariis,
2091 1236 2156 1290 ab

635 1329 820 1378 uxore,
857 1329 888 1368 a
923 1316 1250 1372 domesticis.
1290 1318 1470 1386 Neque
1503 1321 1644 1374 enim
1688 1319 1785 1374 fuit
1813 1323 2041 1376 humana
2074 1337 2161 1377 ca-

554 1451 583 1467 _
636 1399 868 1467 lamitas,
917 1418 1035 1472 quae
1067 1406 1117 1458 in
1140 1421 1333 1474 corpus
1371 1409 1485 1473 ejus
1525 1407 1696 1462 elIusa
1740 1425 1842 1463 non
1869 1411 1955 1466 sit.
1985 1410 2162 1468 Nihilo

635 1504 765 1544 vero
799 1493 976 1546 minus
1000 1495 1131 1547 retia
1161 1497 1336 1549 omnia
1364 1500 1656 1565 superavit,
1681 1514 1742 1552 ac
1761 1501 2040 1556 sublimior
2064 1503 2163 1556 fuit

634 1580 832 1634 diaboli
869 1582 1088 1637 calamis
1134 1583 1265 1654 (2|).
1295 1585 1422 1640 lllnd
1459 1602 1589 1642 vero
1640 1604 1747 1656 pra:
1790 1595 1996 1647 caneris
2045 1604 2157 1648 stu-

636 1669 887 1735 peudum,
911 1673 1050 1738 quod
1079 1674 1256 1727 omnia
1284 1675 1379 1743 ipsi
1404 1678 1817 1744 contigerint,et
1837 1681 2014 1736 omnia
2043 1699 2162 1736 cum

637 1773 884 1822 excessu,
918 1770 972 1814 et
995 1761 1170 1814 omnia
1207 1762 1259 1814 in
1299 1779 1482 1817 unum.
1523 1765 1703 1833 Neque
1724 1768 1867 1823 enim
1902 1770 1954 1823 id
1994 1779 2165 1825 atten-

638 1848 756 1911 das,
782 1851 921 1917 quod
959 1860 1099 1902 tanta
1127 1865 1312 1918 passus
1343 1853 1508 1908 fuerit
1534 1872 1548 1908 :
1578 1857 1668 1910 sed
1703 1857 1860 1924 adde,
1904 1875 2005 1914 non
2037 1875 2165 1928 pau-
2196 1843 2238 1896 Β

639 1939 809 2002 latim,
836 1953 938 1992 non
965 1954 1029 1992 ex
1060 1940 1362 2008 intervallo;
1387 1945 1478 1998 sed
1508 1961 1608 1999 una
1640 1957 1692 2000 et
1732 1949 1910 2003 simul.
1946 1948 2057 2004 Non
2084 1961 2165 2005 est

637 2040 766 2079 vero
795 2027 908 2080 hinc
936 2028 1220 2081 mediocris
1250 2031 1600 2086 tentationum
1637 2037 1894 2090 accessio.
1930 2037 2165 2092 Caetero-

639 2131 756 2169 rum
785 2131 1012 2184 namque
1041 2119 1310 2174 hominum
1337 2120 1561 2188 quilibet
1612 2125 1784 2191 primo
1813 2126 1990 2181 nullus
2018 2128 2164 2182 iuve-

642 2205 816 2259 uietur
839 2211 928 2275 qui
959 2211 1134 2263 omnia
1159 2209 1314 2264 simul
1343 2213 1658 2266 sustinuerit
1681 2230 1694 2266 :
1718 2216 1810 2268 sed
1839 2215 1882 2269 si
1907 2230 2022 2269 cum
2045 2232 2169 2285 pau-

646 2303 852 2362 pertate
876 2296 1126 2365 luctatur,
1154 2308 1208 2352 at
1233 2301 1456 2355 sanitate
1484 2303 1708 2372 gaudet;
1741 2305 1784 2358 si
1810 2313 1864 2358 et
1889 2316 2170 2373 panperta-

644 2399 696 2441 te
714 2399 767 2442 et
791 2391 992 2446 morbis
1015 2404 1235 2449 vexatus
1250 2403 1350 2458 est,
1375 2405 1430 2448 at
1461 2413 1624 2451 uxore
1651 2413 2016 2468 smpenuntero
2041 2401 2169 2454 frui-

647 2488 733 2534 tus
763 2492 863 2550 est,
887 2500 1003 2554 qua:
1028 2487 1359 2542 calamitates
1383 2489 1668 2554 solaretur,
1684 2501 1736 2544 et
1757 2507 1876 2560 qua:
1904 2507 1998 2560 pro
2013 2503 2169 2560 portu

645 2583 788 2628 esset
817 2575 914 2629 illi.
948 2576 1003 2630 Si
1027 2593 1128 2632 nec
1150 2592 1315 2632 uxore
1340 2577 1532 2633 fruitus
1558 2590 1640 2635 est
1661 2581 1980 2648 huiusmodi,
2000 2592 2053 2636 at
2075 2597 2172 2636 nec

643 2677 762 2731 qua:
777 2673 881 2718 tam
911 2669 1210 2734 perniciosa
1238 2671 1558 2736 consuleret,
1590 2687 1652 2726 ac
1675 2687 1775 2726 nec
1814 2671 2011 2727 liberos
2048 2671 2172 2740 jun-

641 2753 768 2806 ctim
787 2755 965 2810 amisit
998 2759 1306 2826 universos;
1339 2761 1382 2816 si
1398 2761 1624 2831 junctim
1654 2762 1950 2825 universos,
1981 2773 2035 2816 at
2070 2779 2173 2818 non

644 2845 737 2900 tali
783 2863 978 2916 genere
1009 2851 1226 2917 mortis;
1257 2851 1300 2905 si
1353 2852 1442 2905 tali
1493 2867 1690 2922 genere
1721 2853 1933 2917 mortis,
1959 2862 2015 2907 at
2041 2853 2175 2906 ami-

643 2952 737 2992 cos
767 2938 952 2993 habuit
978 2943 1362 3007 consolatores,
1386 2953 1440 2996 at
1470 2958 1642 3012 neque
1667 2943 1738 2997 ita
1766 2943 1908 2996 illum
1927 2952 2175 3012 appeten-

645 3035 768 3085 tes:
805 3033 946 3098 quod
1003 3033 1046 3086 si
1089 3041 1144 3087 et
1179 3043 1505 3101 appetentes,
1540 3043 1595 3086 at
1638 3049 1741 3086 non
1778 3034 1937 3088 etiam
1989 3035 2174 3088 donic-

647 3119 782 3175 ticos
808 3121 1158 3186 lacessentes;
1184 3123 1226 3176 si
1249 3124 1414 3176 etiam
1437 3122 1782 3185 lacessentes,
1807 3133 1862 3175 at
1890 3138 1992 3176 non
2014 3124 2174 3179 etiam

646 3209 699 3262 in
729 3208 918 3262 faciem
943 3225 1090 3264 suam
1117 3220 1394 3277 spuentes;
1422 3211 1465 3262 si
1491 3210 1652 3262 etiam
1680 3210 1732 3263 in
1766 3210 1956 3264 faciem
1979 3227 2177 3280 spueno

647 3307 746 3361 tes,
774 3307 828 3350 at
875 3313 980 3350 non
1025 3313 1236 3366 quoque
1271 3299 1458 3352 morbo
1491 3308 1635 3351 tanto
1677 3300 2076 3368 conficiebatur,
2125 3313 2182 3357 at

643 3389 856 3440 domum
903 3396 1208 3456 tectumque
1240 3386 1490 3452 habebat,
1522 3402 1617 3441 nec
1644 3387 1695 3441 in
1733 3390 2068 3458 sterquilinio
2096 3406 2182 3446 se-

644 3474 830 3540 debat;
859 3475 998 3543 quod
1021 3475 1064 3528 si
1081 3475 1241 3528 etiam
1273 3475 1325 3529 in
1364 3477 1696 3542 sterquilinio
1722 3479 1958 3543 sedebat,
1985 3489 2038 3532 at
2067 3497 2180 3534 ma-

647 3579 771 3618 num
802 3564 1028 3619 habebat
1070 3565 1437 3636 porrigentes;
1467 3567 1508 3619 si
1558 3582 1728 3636 neque
1761 3583 1972 3622 manum
2005 3569 2180 3638 porri-

646 3661 852 3720 gentes,
882 3664 936 3706 at
963 3669 1069 3709 non
1098 3656 1260 3708 etiam
1290 3656 1343 3709 in
1377 3669 1434 3710 se
1467 3656 1747 3712 irruentes.
1781 3657 1883 3712 lste
1915 3672 2041 3712 vero
2067 3675 2183 3712 om-

648 3743 734 3796 nia
761 3743 942 3798 istltaac
972 3745 1210 3812 pertulit.

2255 617 2414 668 πᾶσιν
2451 616 2858 686 ἀνεκηρύττετο.
2886 614 2992 666 Καὶ
3030 614 3276 683 καθάπερ
3311 611 3641 681 στρατιώτης
3671 628 3782 678 γενη

2253 709 2418 768 ναῖος,
2452 706 2545 758 καὶ
2577 705 2728 766 εἰδὼς
2749 706 3124 774 νυκτομαχεῖν,
3169 702 3533 770 τειχομαχεῖν,
3567 700 3788 770 πεζομα-

2253 796 2385 861 χεῖν,
2430 794 2742 863 ναυμαχεῖν,
2776 792 2868 843 καὶ
2908 791 3163 856 τοξεύειν,
3218 791 3313 841 καὶ
3342 790 3466 858 δόρυ
3501 789 3679 849 σείειν,
3708 792 3790 844 καὶ

2257 881 2562 947 σφενδόναις
2600 881 2692 932 καὶ
2747 879 3029 942 ἀκοντίοις,
3073 879 3166 930 καὶ
3210 879 3372 930 παντὶ
3410 876 3594 948 τρόπῳ
3629 878 3790 949 μάχης

2254 969 2616 1039 περιγίνεσθαι
2661 969 2756 1036 τῆς
2790 969 2898 1036 (22)
2934 968 3187 1020 ἐναντίων
3235 967 3329 1020 καὶ
3377 965 3645 1034 πανταχοῦ
3673 985 3794 1036 κρα-

2255 1059 2382 1110 τεῖν·
2412 1054 2550 1108 οὓτω
2591 1054 2654 1124 δὴ
2679 1057 2770 1108 καὶ
2793 1057 2821 1108 ό
2853 1060 3096 1124 γενναῖος
3125 1058 3330 1120 ἐκεῖνος
3370 1057 3586 1112 ἅπαντα
3625 1077 3798 1130 πειρα-

2259 1145 2392 1214 σμὸν
2435 1144 2570 1213 μετὰ
2604 1144 2800 1213 πολλῆς
2821 1146 3014 1214 ἤνεγκε
3045 1146 3148 1216 τῆς
3188 1146 3428 1221 ἀνδρίας,
3459 1147 3549 1198 τὸν
3579 1147 3680 1200 ἀπὸ
3709 1165 3798 1200 πε-

2259 1236 2392 1297 νίας,
2440 1233 2531 1286 τὸν
2563 1235 2670 1288 ἀπὸ
2696 1234 2873 1304 λιμοῦ,
2923 1235 3013 1288 τὸν
3053 1236 3172 1289 ἀπὸ
3206 1237 3384 1299 νόσου,
3415 1239 3502 1290 τὸν
3529 1237 3586 1300 ἐξ
3611 1237 3800 1304 ὀδύνης,

2259 1328 2348 1381 τὸν
2375 1328 2480 1380 ἀπὸ
2524 1326 2724 1380 παίδων
2765 1324 3056 1387 ἀπωλείας,
3104 1327 3195 1378 τὸν
3228 1327 3335 1378 ἀπὸ
3375 1326 3480 1378 τῶν
3507 1327 3686 1393 φίλων,
3725 1329 3802 1379 τὸν

2259 1419 2364 1471 ἀπὸ
2395 1418 2500 1471 τῶν
2535 1417 2760 1487 ἐχθρῶν,
2791 1416 2880 1469 τὸν
2912 1417 3018 1468 ἀπὸ
3043 1420 3146 1486 τῆς
3171 1416 3442 1484 γυναικὸς,
3467 1417 3554 1467 τὸν
3583 1417 3686 1469 ἀπὸ
3704 1418 3797 1468 τῶν

2259 1508 2502 1561 οἰκετῶν.
2554 1509 2626 1559 (ιὺ
2660 1507 2764 1576 γὰρ
2797 1502 2862 1575 ἦν
2907 1506 3220 1576 ἀνθρωπίνη
3258 1505 3532 1577 συμφορὰ,
3562 1507 3594 1574 ἢ
3624 1506 3692 1576 μὴ
3730 1509 3798 1569 εἰς

2259 1597 2319 1649 τὸ
2365 1597 2519 1664 σῶμα
2569 1595 2863 1665 ἐξεκενώθη
2908 1595 3134 1648 ἐκείνου.
3185 1594 3324 1646 Ἀλλ’
3375 1597 3526 1664 ὅμως
3569 1596 3798 1648 ἁπάντων

2261 1687 2596 1758 ὑπερηνέχθη
2622 1687 2728 1738 τῶν
2748 1686 2994 1748 δικτύων,
3024 1687 3117 1740 καὶ
3137 1686 3466 1757 ὑψηλότερος
3505 1688 3690 1754 γέγονε
3707 1688 3800 1739 τῶν

2264 1776 2356 1828 τοῦ
2387 1776 2630 1829 διαϐόλου
2681 1775 2956 1845 καλάμων.
3001 1777 3112 1828 Καὶ⁸
3149 1777 3212 1828 τὸ
3246 1775 3311 1846 δὴ
3366 1776 3799 1846 θαυμαστότερον,

2266 1865 2346 1917 ὅτι
2365 1866 2457 1918 καὶ
2487 1866 2660 1918 πάντα
2692 1865 2856 1934 αὐτῷ,
2883 1864 2973 1917 καὶ
3009 1864 3186 1917 πάντα
3221 1864 3339 1934 μεθ’
3377 1865 3693 1937 ὑπερϐολῆς,
3722 1867 3803 1918 καὶ

2267 1954 2443 2006 πάντα
2489 1956 2576 2022 ὑφ’
2605 1954 2680 2007 ἐν.
2709 1955 2798 2024 Μὴ
2826 1956 2932 2024 γὰρ
2962 1953 3118 2006 τοῦτο
3153 1955 3288 2025 ἴδῃς,
3323 1955 3403 2007 ὅτι
3436 1955 3666 2007 τοσαῦτα
3694 1957 3805 2008 ἔπα-

2269 2042 2378 2096 θενο
2427 2043 2560 2096 ἀλλὰ
2613 2043 2864 2114 πρόσθες,
2896 2044 2975 2096 ὅτι
3021 2043 3140 2096 οὑδέ
3167 2044 3308 2096 κατά
3346 2045 3568 2115 μικρὸν,
3600 2045 3712 2097 οὑδέ
3751 2048 3805 2096 ἐκ

2268 2133 2642 2204 διαστήματος.
2675 2133 2788 2186 ἀλλ’
2823 2133 2952 2201 ὑφὲν
2989 2133 3084 2186 καὶ
3111 2132 3270 2203 ὁμοῦ.
3309 2133 3384 2186 Οὐ
3417 2132 3586 2204 μικρὰ
3603 2133 3658 2186 δὲ
3682 2133 3804 2202 αὕτη

2269 2223 2578 2295 πειρασμῶν
2609 2223 2904 2294 προσθήκη.
2935 2223 3054 2274 Τῶν
3085 2223 3182 2292 μὲν
3220 2222 3331 2293 γὰρ
3387 2223 3559 2276 ἄλλων
3598 2223 3807 2285 ἕκαστος

2269 2309 2562 2382 ἀνθρώπων
2582 2311 2792 2382 πρῶτον
2825 2311 2922 2380 μὲν
2952 2311 3127 2374 οὐδεὶς
3152 2311 3220 2365 ἂν
3240 2312 3486 2382 εὑρεθείη
3514 2313 3685 2366 πάντα
3700 2314 3808 2364 ὑπο-

2275 2401 2457 2471 μείνας
2480 2399 2634 2469 ὀμοῦ,
2665 2399 2774 2452 ἀλλ’
2808 2402 2855 2452 εί
2885 2401 2975 2452 καὶ
3004 2401 3166 2471 πενίᾳ
3206 2401 3448 2462 παλαίει,
3468 2401 3615 2471 ὅμως
3639 2401 3810 2468 ὑγείας

2271 2487 2550 2542 ἀπολαύεν
2573 2489 2622 2540 εί
2645 2488 2700 2541 δέ
2728 2489 2820 2542 καὶ
2853 2489 3013 2560 πενίᾳ
3041 2490 3136 2542 καὶ
3167 2490 3308 2561 νόσῳ
3337 2493 3661 2564 περιεπάρη,
3680 2491 3812 2546 ’ἀλλὰ

2273 2578 2524 2646 γυναικὸς
2535 2577 2787 2640 πολλάκις
2818 2577 3100 2648 ἀπήλαυσε
3129 2580 3620 2652 παραμυθουμένης
3643 2583 3705 2635 τὰ
3722 2583 3814 2636 δει-

2274 2668 2360 2731 νὰ,
2389 2669 2480 2720 καὶ
2505 2668 2624 2721 ἀντὶ
2643 2667 2854 2736 λιμένος
2880 2666 3030 2737 αὑτῷ
3061 2669 3369 2738 γινομένης.
3386 2672 3450 2722 Et
3472 2671 3527 2723 δὲ
3564 2672 3635 2741 μὴ
3656 2689 3816 2738 γυναι-

2276 2759 2368 2823 κὸς
2411 2759 2682 2829 ἀπήλαυσε
2714 2758 2979 2828 τοιαύτης,
3029 2759 3144 2812 ἀλλ’
3176 2761 3275 2830 οὑχ
3317 2760 3458 2814 οὑτω
3507 2762 3815 2832 συμϐουλευ-

2278 2850 2460 2919 θείσης
2505 2848 2737 2919 ὀλέθρια,
2783 2848 2894 2901 ἀλλ’
2948 2849 3076 2918 οὐχὶ
3125 2851 3218 2903 καὶ
3256 2851 3381 2915 τοὺς
3426 2852 3616 2915 παῖδας
3644 2852 3818 2924 ἀθρόον

2279 2937 2554 2992 ἀπώλεσεν
2581 2937 2838 2998 ἅπαντας
2866 2938 2913 2988 εί
2937 2936 3002 2989 δέ.
3033 2939 3126 2991 καὶ
3145 2940 3358 3011 ἁθρόον,
3399 2940 3512 2994 ἀλλ’
3537 2943 3597 2994 οὑ
3619 2940 3821 3010 τοιούτῳ

2277 3026 2459 3096 τρόπῳ
2473 3025 2740 3095 τελευτῆς·
2774 3025 2822 3076 εί
2849 3025 2905 3077 δὲ
2922 3026 3024 3078 καὶ
3041 3027 3263 3098 τοιούτῳ
3304 3028 3532 3101 [τρόπῳ]
3563 3029 3818 3099 τελευτῆς,

2280 3117 2414 3170 ἀλλὰ
2441 3115 2623 3184 φίλους
2646 3115 2768 3185 ἔσχε
2796 3117 3270 3185 παρακαλοῦνταςο
3305 3123 3351 3173 εί
3384 3121 3439 3174 δὲ
3462 3122 3559 3174 οὑκ
3589 3121 3708 3191 ἔσχε
3733 3138 3819 3172 πα-

2285 3207 2666 3279 ρακαλοῦντας,
2701 3206 2811 3259 ἀλλ’
2833 3206 2954 3275 οὐχὶ¹
2987 3208 3082 3260 καὶ
3116 3209 3289 3274 οὑτως
3321 3211 3752 3281 ἐπεμϐαίνοντας·
3776 3211 3819 3261 εί

2280 3298 2336 3350 δὲ
2383 3297 2478 3350 καὶ
2515 3296 2958 3366 ἐπεμϐαίνοντας,
2989 3298 3103 3350 ἀλλ’
3129 3299 3251 3369 οὑχὶ
3275 3302 3369 3354 καὶ
3411 3302 3620 3363 οἰκέτας
3651 3300 3822 3353 ὀνειδί-

2283 3387 2488 3452 ζοντας·
2515 3389 2563 3439 εί
2595 3388 2650 3440 δὲ
2691 3386 2781 3440 καὶ
2814 3387 3190 3454 ὀνειδίζοντας,
3232 3390 3346 3444 ἀλλ’
3383 3392 3502 3461 οὑχ).
3530 3393 3621 3444 καὶ
3648 3393 3722 3454 είς
3767 3391 3822 3442 τὸ

2283 3478 2566 3552 πρόσωπον
2598 3475 2757 3529 αὑτοῦ
2788 3476 3152 3545 ἐμπτύοντας·
3190 3482 3238 3532 εί
3270 3481 3327 3534 δέ
3358 3482 3452 3535 καὶ
3480 3483 3558 3545 είς
3582 3482 3642 3535 τὸ
3668 3483 3822 3552 πρόσ-

2278 3581 2422 3618 ωπον
2440 3563 2788 3632 ἐμπτύοντας,
2823 3563 2933 3616 ἀλλ’
2973 3565 3093 3635 οὑχ).
3125 3568 3219 3621 καὶ
3251 3568 3389 3640 νόσῳ
3420 3571 3636 3642 τοιαύτῃ
3660 3589 3823 3641 περιε-

2280 3656 2442 3725 πάρει
2471 3653 2601 3724 (9.3),
2620 3652 2752 3704 ἀλλὰ
2776 3653 3051 3722 δωματίου
3077 3656 3171 3708 καὶ
3188 3657 3395 3728 σκέπης
3415 3660 3711 3729 ἀπήλαυσε,
3743 3660 3825 3712 καὶ

2277 3745 2378 3797 οὐκ
2425 3744 2515 3794 ἐπὶ
2557 3741 2653 3811 τῆς
2694 3741 2921 3813 κοπρίας
2986 3743 3240 3813 ἐκάθητοο
3287 3749 3335 3799 εί
3373 3747 3430 3801 δὲ
3475 3749 3568 3802 καὶ
3615 3750 3704 3802 ἐπὶ
3738 3749 3825 3816 τῆς

646 3836 873 3908 κοπρίας
903 3839 1155 3910 ἐκάθητο,
1209 3841 1319 3893 ἀλλ’
1353 3839 1475 3911 ἔσχε
1501 3841 1624 3903 τοὺς
1671 3844 1826 3912 χεῖρα
1860 3841 2163 3913 ὀρέγοντας·
2209 3841 2258 3893 εί
2299 3838 2353 3891 δὲ
2419 3836 2492 3907 μὴ
2539 3835 2661 3904 ἔσχε
2699 3833 2821 3896 τοὺς
2876 3837 3036 3905 χεῖρα
3101 3837 3408 3907 ὀρέγοντας,
3447 3840 3560 3893 ἀλλ’
3596 3841 3710 3910 οὑχὶ
3743 3839 3825 3892 καὶ

649 3927 1089 3998 ἐπεμϐαίνοντας.
1117 3925 1280 3993 Οὗτος
1300 3931 1343 3982 δ’
1375 3930 1588 3984 ἅπαντα
1604 3931 1771 3984 ταῦτα
1799 3933 2121 4002 ὑπήνεγκεν.

655 4022 832 4093 ιιι.
863 4023 1188 4093 Aduenerant
1207 4027 1420 4093 quisque
1449 4041 1512 4078 ea:
1535 4027 1744 4093 propria
1775 4027 1976 4092 regione
2020 4027 2086 4078 ad
2119 4023 2184 4077 il-

719 4091 847 4155 lum,
887 4091 1109 4160 Elipltuz
1133 4091 1660 4156 Tlttwmt'norttm'rex,
1692 4091 1892 4146 Baldad
1917 4093 2180 4148 Sauclteo-

722 4175 837 4214 runt
868 4172 1137 4231 tyrannus,
1169 4162 1376 4230 Sophar
1407 4161 1714 4214 Minworum
1741 4176 1848 4214 rex.

727 4313 904 4366 Amica
951 4314 1228 4382 praesentia
1281 4324 1391 4378 tua,
1429 4314 1600 4366 antica
1633 4322 1687 4367 et
1733 4313 2045 4367 admonitio.
2076 4313 2186 4367 Eli-

655 4404 791 4471 pbaz
817 4411 920 4468 est,
949 4403 1086 4455 Deus
1116 4419 1194 4456 me
1226 4404 1605 4465 disseminavit,
1630 4411 1742 4465 aut,
1769 4401 1860 4454 Dei
1883 4404 1979 4456 mei
2005 4415 2187 4456 contu-

655 4493 827 4547 melia.
869 4493 1144 4555 Tluetnan,
1199 4495 1428 4560 defectus
1474 4509 1672 4546 eorum.
1729 4491 1956 4560 Sophar,
1982 4509 2186 4560 scapus,

655 4583 763 4646 vel,
814 4583 1147 4637 contumelia.
1193 4582 1409 4647 Baldad,
1454 4582 1773 4650 inveteratio,
1819 4592 1874 4636 et
1911 4580 2186 4650 gloriosus.

658 4671 1054 4733 εειιειιεροι-υιιι,
1082 4671 1364 4738 garrulitas
1389 4687 1590 4726 eorum.

662 4779 723 4834 ν.
754 4781 838 4834 Η.
875 4781 1149 4834 Audientes
1172 4791 1343 4835 autem
1369 4794 1476 4836 tres
1501 4783 1657 4852 amici
1687 4784 1799 4852 ejus
1826 4781 1963 4836 mala
2011 4783 2184 4836 omnia

725 4865 844 4922 quite
875 4860 1268 4922 supervenerant
1309 4854 1384 4916 ei,
1409 4851 1690 4920 adfuerunt
1721 4854 1933 4922 quisque
1975 4867 2039 4905 ex
2068 4868 2187 4909 uro-

725 4920 840 4988 pria
863 4920 1066 4987 regione
1091 4922 1157 4972 ad
1193 4920 1362 4973 illum.

728 5053 932 5122 Siquis
968 5061 1172 5122 quazrat
1201 5067 1300 5106 cur
1338 5060 1456 5120 post
1487 5060 1692 5107 tantum
1747 5054 2001 5123 temporis
2033 5051 2190 5106 amici

2285 4019 2432 4089 Στίχ.
2462 4015 2550 4070 ια’.
2587 4013 3266 4089 Παρεγέγοντο-ἓκαᾳτρς
3289 4019 3357 4071 ἐκ
3400 4018 3506 4086 τῆς
3540 4020 3687 4085 ἰδίας
3725 4019 3825 4086 χώς

2346 4084 2460 4156 ρ’ἐις
2503 4086 2650 4152 πρὸς
2691 4084 2892 4156 αὑτὸν,
2961 4085 3205 4156 Ἐλιφὰζ
3241 4091 3274 4141 ό
3319 4084 3626 4156 Θαιμανῶν
3665 4084 3826 4151 βασι-

2353 4152 2498 4220 λεὺς
2520 4194 2534 4218 ,
2575 4152 2807 4224 Βαλδὰδ
2859 4155 2892 4224 ό
2939 4152 3220 4224 Σαυχέων
3266 4152 3555 4224 repares-oc
3575 4196 3590 4222 ,
3634 4157 3828 4224 Σωφὰρ

2356 4224 2614 4278 Μιναίων
2638 4221 2956 4288 βασιλεὺς.

2361 4314 2469 4384 (24)
2498 4311 2685 4381 Φιλικὴ
2714 4309 2810 4380 μὲν
2840 4311 2873 4379 ἡ
2907 4311 3174 4381 παρουσία
3205 4313 3508 4386 σου,φιλικὴ
3537 4315 3593 4368 δὲ
3625 4317 3658 4386 ἡ
3692 4331 3823 4384 παρ-

2286 4403 2504 4463 αίνεσις.
2559 4398 2804 4466 Ἐλιςρέιζο
2859 4400 3003 4465 Θεός
3046 4418 3124 4468 με
3175 4400 3531 4470 διέσπειρεν,
3576 4405 3650 4472 ἢ,
3692 4401 3830 4456 Θεοῦ

2285 4509 2400 4560 μου
2423 4488 2774 4558 φαυλισμός.
2815 4485 3054 4558 Θαιμὰν,
3074 4491 3344 4557 ἔκλειψις
3389 4489 3599 4546 αὐτῶν.
3621 4490 3825 4560 Σωφὰρν

2291 4578 2536 4642 σκοπὸς,
2585 4577 2618 4646 ἢ
2669 4579 3027 4645 φαυλισμός.
3070 4579 3296 4644 Busae,
3335 4582 3697 4646 παλαίωσις,
3747 4579 3833 4632 καὶ

2219 4704 2264 4759 D
2292 4668 2582 4733 ἐπίδοξος.
2617 4665 3250 4736 Σαυχαίο›ν,ἀδολεσχία
3277 4667 3492 4723 αὐτῶν.

2288 4757 2567 4829 (25)ΔΣτίχ.
2592 4755 2677 4829 ια’.
2714 4755 3106 4829 ’ᾼκούσανῖτες
3128 4757 3194 4810 δὲ
3213 4757 3445 4829 οἱᾼτρεῖς
3472 4757 3633 4829 91.19;
3661 4753 3834 4810 αὑτοῦ

2356 4822 2426 4879 τὰ
2489 4822 2640 4878 σεάκά
2695 4822 2910 4886 πάντα,
2952 4825 3026 4878 τὰ
3062 4822 3392 4880 ἐπελθόντα
3423 4822 3615 4890 ieiuni),
3669 4839 3836 4890 παρε-

2358 4893 2598 5017 γῗνέντο
2657 4891 2912 4958 ἕκαστος
2959 4893 3029 4946 ἐκ
3079 4894 3191 4962 τῆς
3254 4895 3408 4960 ιδίας
3461 4894 3653 4964 χώρας
3695 4891 3835 4959 πρὸς

2357 4982 2394 5016 a
2437 4981 2468 5016 τ
2503 4979 2559 5015 ν.

2369 5052 2490 5108 Ἐάν
2521 5068 2602 5114 τις
2633 5048 2787 5121 ζητῇ,
2811 5049 2899 5102 διὰ
2935 5051 2988 5104 τί
3021 5051 3161 5121 μετὰ
3195 5053 3445 5106 τοσοῦτον
3476 5053 3663 5124 χρόνον
3688 5053 3736 5104 οί
3761 5050 3836 5119 φί-

664 5146 1000 5211 advcnerint,
1037 5144 1242 5213 cogitet
1295 5144 1523 5212 primum
1549 5145 1761 5209 quidem
1811 5159 1904 5200 eos
1949 5146 2170 5200 diversa:

2287 5142 2367 5194 λοι
2403 5141 2863 5212 παραγεγόνασιν,
2912 5141 3162 5194 ἐννοείτω
3207 5142 3422 5213 πρῶτον
3454 5143 3573 5212 μὲν,
3611 5143 3692 5194 ὅτι
3726 5140 3836 5192 δια-

666 5237 952 5293 incoluisse
988 5237 1248 5306 regiones,
1271 5255 1334 5294 ac
1362 5246 1478 5307 post
1505 5238 1787 5307 plurimum
1809 5247 2016 5306 tempus
2043 5235 2191 5288 multi

2290 5231 2487 5302 φόρους
2527 5228 2698 5300 ᾤκουν
2747 5228 2958 5300 χώρας,
3024 5231 3116 5283 καὶ⁵
3180 5231 3317 5300 μετὰ
3362 5231 3606 5284 πλεῖστον
3655 5229 3835 5299 χρόνον

665 5328 895 5382 fortasse
949 5326 1288 5380 audiverunt.
1341 5326 1692 5400 lnfortunium
1718 5327 1857 5380 ultra
1891 5324 2170 5394 opinioneu

2293 5320 2473 5374 πολλοὶ
2503 5321 2598 5390 μὲν
2620 5321 2852 5390 ἥκουσαν
2878 5321 3036 5386 ἴσως,
3097 5321 3158 5375 τδ
3185 5323 3241 5376 δὲ
3265 5321 3558 5392 παράδοξον
3578 5319 3675 5388 τῆς
3705 5335 3835 5386 συμ-

665 5431 728 5472 sc
750 5416 907 5471 ﬁdem
941 5429 1060 5470 esse
1086 5415 1381 5483 videbatur,
1415 5418 1459 5475 si
1480 5419 1640 5476 etiam
1668 5418 1720 5474 in
1742 5413 2078 5486 sterquilinio
2098 5410 2170 5468 iol

2297 5412 2464 5482 φορᾶς
2495 5410 2587 5464 καὶ
2615 5409 2838 5463 ἄπιστον
2877 5409 3072 5477 ἐδόκει,
3107 5414 3156 5464 εί
3179 5411 3269 5464 καὶ
3291 5411 3381 5462 ἐπὶ
3404 5408 3631 5480 κοπρίας
3655 5411 3683 5462 ὀ
3728 5404 3838 5459 Ἰὼϐ

739 5593 852 5664 (2i)
883 5591 1374 5664 [brasegaucupih

739 5659 852 5728 (‘22)
882 5660 1038 5714 Forte
1068 5659 1197 5714 τῶν.

763 5730 853 5799 2⁸5)
883 5730 1210 5800 Περιεπάρη.

2377 5584 2486 5649 (εἰ)
2518 5584 2588 5636 lux
2615 5585 2734 5638 cod.
2761 5583 2878 5637 558.
3385 5599 3388 5601 λ

2370 5653 2487 5774 ἐξελ)
2518 5654 2593 5710 Ex
2619 5654 2736 5711 cod.
2770 5653 2931 5717 Nan,
2963 5651 3052 5708 ubi
3107 5649 3392 5708 ascribitur
3431 5648 3601 5719 Ὡριγ.
3651 5648 3836 5715 Ὀλυμ-

2307 5738 2369 5774 πι
2430 5758 2445 5774 ο
