  <div class='ocr_page' id='page_1' title='image "/cluster/home/n/w/nwhite01/storage/ocr_20150623/17 (Origenes, pt. 7)/nyp.33433081862348/045.png"; bbox 0 0 3922 6378; ppageno 0'>
   <div class='ocr_carea' id='block_1_1' title="bbox 656 354 3788 468">
    <p class='ocr_par' dir='ltr' id='par_1_1' title="bbox 656 354 3788 468">
     <span class='ocr_line' id='line_1_1' title="bbox 656 354 3788 468; baseline -0.002 0"><span class='ocrx_word' id='word_1_1' title='bbox 656 414 724 468; x_wconf 81' lang='grc'><strong>6⁸1</strong></span> <span class='ocrx_word' id='word_1_2' title='bbox 1522 401 2069 464; x_wconf 78' lang='lat' dir='ltr'><strong>SUPPLEMENTUM</strong></span> <span class='ocrx_word' id='word_1_3' title='bbox 2105 406 2195 460; x_wconf 80' lang='lat' dir='ltr'><strong>AD</strong></span> <span class='ocrx_word' id='word_1_4' title='bbox 2231 405 2545 462; x_wconf 74' lang='lat' dir='ltr'><strong>ORIGENIS</strong></span> <span class='ocrx_word' id='word_1_5' title='bbox 2585 405 2992 461; x_wconf 77' lang='lat' dir='ltr'><strong>EXEGETICA.</strong></span> <span class='ocrx_word' id='word_1_6' title='bbox 3601 354 3622 378; x_wconf 57' lang='lat'><strong><em>.</em></strong></span> <span class='ocrx_word' id='word_1_7' title='bbox 3726 409 3788 462; x_wconf 70' lang='lat'><strong>68</strong></span> 
     </span>
    </p>
   </div>
   <div class='ocr_carea' id='block_1_2' title="bbox 655 519 2157 594">
    <p class='ocr_par' dir='ltr' id='par_1_2' title="bbox 655 521 2157 594">
     <span class='ocr_line' id='line_1_2' title="bbox 655 521 2157 594; baseline -0.005 -10"><span class='ocrx_word' id='word_1_8' title='bbox 655 530 907 592; x_wconf 88' lang='lat' dir='ltr'><strong>dicimus,</strong></span> <span class='ocrx_word' id='word_1_9' title='bbox 956 524 1092 594; x_wconf 89' lang='lat' dir='ltr'><strong>quod</strong></span> <span class='ocrx_word' id='word_1_10' title='bbox 1119 522 1257 578; x_wconf 90' lang='lat' dir='ltr'><strong>dolet</strong></span> <span class='ocrx_word' id='word_1_11' title='bbox 1283 521 1496 590; x_wconf 80' lang='lat' dir='ltr'><strong>quidem</strong></span> <span class='ocrx_word' id='word_1_12' title='bbox 1528 535 1610 577; x_wconf 78' lang='lat' dir='ltr'><strong>vrr</strong></span> <span class='ocrx_word' id='word_1_13' title='bbox 1653 524 1848 590; x_wconf 83' lang='lat' dir='ltr'><strong>justus.</strong></span> <span class='ocrx_word' id='word_1_14' title='bbox 1874 535 1930 578; x_wconf 89' lang='lat' dir='ltr'><strong>et</strong></span> <span class='ocrx_word' id='word_1_15' title='bbox 1968 526 2033 578; x_wconf 91' lang='lat' dir='ltr'><strong>de</strong></span> <span class='ocrx_word' id='word_1_16' title='bbox 2073 525 2157 576; x_wconf 66' lang='lat' dir='ltr'><strong>hoc</strong></span> 
     </span>
    </p>
   </div>
   <div class='ocr_carea' id='block_1_3' title="bbox 2255 519 3785 594">
    <p class='ocr_par' dir='ltr' id='par_1_3' title="bbox 2271 519 3785 589">
     <span class='ocr_line' id='line_1_3' title="bbox 2271 519 3785 589; baseline -0.001 -17"><span class='ocrx_word' id='word_1_17' title='bbox 2271 519 2345 580; x_wconf 84' lang='grc' dir='ltr'><strong>ὡς</strong></span> <span class='ocrx_word' id='word_1_18' title='bbox 2381 519 2533 586; x_wconf 85' lang='grc' dir='ltr'>ἀλγεῖ</span> <span class='ocrx_word' id='word_1_19' title='bbox 2567 520 2663 589; x_wconf 81' lang='grc' dir='ltr'>μὲν</span> <span class='ocrx_word' id='word_1_20' title='bbox 2695 522 2724 572; x_wconf 86' lang='grc' dir='ltr'><strong>ὁ</strong></span> <span class='ocrx_word' id='word_1_21' title='bbox 2758 520 2978 582; x_wconf 86' lang='grc' dir='ltr'>δίκαιος,</span> <span class='ocrx_word' id='word_1_22' title='bbox 3024 519 3117 572; x_wconf 70' lang='grc' dir='ltr'><strong>καὶ</strong></span> <span class='ocrx_word' id='word_1_23' title='bbox 3137 519 3236 572; x_wconf 84' lang='grc' dir='ltr'>οὐκ</span> <span class='ocrx_word' id='word_1_24' title='bbox 3272 519 3335 573; x_wconf 80' lang='grc' dir='ltr'>ἄν</span> <span class='ocrx_word' id='word_1_25' title='bbox 3373 535 3455 581; x_wconf 90' lang='grc' dir='ltr'><strong>τις</strong></span> <span class='ocrx_word' id='word_1_26' title='bbox 3483 519 3785 589; x_wconf 80' lang='grc' dir='ltr'>ἀρνήσαιτο·</span> 
     </span>
    </p>
   </div>
   <div class='ocr_carea' id='block_1_4' title="bbox 655 613 2174 674">
    <p class='ocr_par' dir='ltr' id='par_1_4' title="bbox 655 613 2174 674">
     <span class='ocr_line' id='line_1_4' title="bbox 655 613 2174 674; baseline -0.002 -2"><span class='ocrx_word' id='word_1_27' title='bbox 655 635 809 674; x_wconf 92' lang='lat' dir='ltr'><strong>nemo</strong></span> <span class='ocrx_word' id='word_1_28' title='bbox 835 617 1036 672; x_wconf 83' lang='lat' dir='ltr'><strong>inﬁcias</strong></span> <span class='ocrx_word' id='word_1_29' title='bbox 1057 616 1157 668; x_wconf 91' lang='lat' dir='ltr'><strong>iret</strong></span> <span class='ocrx_word' id='word_1_30' title='bbox 1185 631 1200 668; x_wconf 90' lang='lat'>:</span> <span class='ocrx_word' id='word_1_31' title='bbox 1241 627 1347 668; x_wconf 90' lang='lat' dir='ltr'><strong>non</strong></span> <span class='ocrx_word' id='word_1_32' title='bbox 1376 613 1518 667; x_wconf 90' lang='lat' dir='ltr'><strong>enim</strong></span> <span class='ocrx_word' id='word_1_33' title='bbox 1545 615 1930 670; x_wconf 87' lang='lat' dir='ltr'><strong>insensatorum</strong></span> <span class='ocrx_word' id='word_1_34' title='bbox 1953 625 2036 670; x_wconf 89' lang='lat' dir='ltr'><strong>est</strong></span> <span class='ocrx_word' id='word_1_35' title='bbox 2062 619 2174 669; x_wconf 84' lang='lat' dir='ltr'><strong>vir—-</strong></span> 
     </span>
    </p>
   </div>
   <div class='ocr_carea' id='block_1_5' title="bbox 655 703 2176 770">
    <p class='ocr_par' dir='ltr' id='par_1_5' title="bbox 655 703 2176 770">
     <span class='ocr_line' id='line_1_5' title="bbox 655 703 2176 770; baseline -0.001 -10"><span class='ocrx_word' id='word_1_36' title='bbox 655 707 873 770; x_wconf 90' lang='lat' dir='ltr'><strong>tus,.sed</strong></span> <span class='ocrx_word' id='word_1_37' title='bbox 901 718 1084 759; x_wconf 91' lang='lat' dir='ltr'><strong>eorum</strong></span> <span class='ocrx_word' id='word_1_38' title='bbox 1125 704 1214 770; x_wconf 89' lang='lat' dir='ltr'><strong>qui</strong></span> <span class='ocrx_word' id='word_1_39' title='bbox 1248 703 1300 756; x_wconf 93' lang='lat' dir='ltr'><strong>in</strong></span> <span class='ocrx_word' id='word_1_40' title='bbox 1329 703 1670 770; x_wconf 87' lang='lat' dir='ltr'><strong>passionibus</strong></span> <span class='ocrx_word' id='word_1_41' title='bbox 1693 707 1759 758; x_wconf 89' lang='lat' dir='ltr'><strong>ad</strong></span> <span class='ocrx_word' id='word_1_42' title='bbox 1791 720 1907 759; x_wconf 90' lang='lat' dir='ltr'><strong>eam</strong></span> <span class='ocrx_word' id='word_1_43' title='bbox 1941 706 2176 760; x_wconf 87' lang='lat' dir='ltr'><strong>studiose</strong></span> 
     </span>
    </p>
   </div>
   <div class='ocr_carea' id='block_1_6' title="bbox 651 791 2174 859">
    <p class='ocr_par' dir='ltr' id='par_1_6' title="bbox 651 791 2174 859">
     <span class='ocr_line' id='line_1_6' title="bbox 651 791 2174 859; baseline -0.003 -10"><span class='ocrx_word' id='word_1_44' title='bbox 651 794 996 849; x_wconf 87' lang='lat' dir='ltr'><strong>contendunt.</strong></span> <span class='ocrx_word' id='word_1_45' title='bbox 1032 791 1183 844; x_wconf 90' lang='lat' dir='ltr'><strong>Dolet</strong></span> <span class='ocrx_word' id='word_1_46' title='bbox 1210 805 1360 856; x_wconf 84' lang='lat' dir='ltr'><strong>vero,</strong></span> <span class='ocrx_word' id='word_1_47' title='bbox 1393 799 1708 859; x_wconf 90' lang='lat' dir='ltr'><strong>apparenter</strong></span> <span class='ocrx_word' id='word_1_48' title='bbox 1727 791 1961 859; x_wconf 89' lang='lat' dir='ltr'><strong>quidem,</strong></span> <span class='ocrx_word' id='word_1_49' title='bbox 1992 807 2022 845; x_wconf 91' lang='lat' dir='ltr'><strong>a</strong></span> <span class='ocrx_word' id='word_1_50' title='bbox 2051 805 2174 845; x_wconf 81' lang='lat' dir='ltr'><strong>cor-</strong></span> 
     </span>
    </p>
   </div>
   <div class='ocr_carea' id='block_1_7' title="bbox 650 882 2173 954">
    <p class='ocr_par' dir='ltr' id='par_1_7' title="bbox 650 882 2173 954">
     <span class='ocr_line' id='line_1_7' title="bbox 650 882 2173 954; baseline -0.003 -14"><span class='ocrx_word' id='word_1_51' title='bbox 650 887 812 954; x_wconf 91' lang='lat' dir='ltr'><strong>porali</strong></span> <span class='ocrx_word' id='word_1_52' title='bbox 842 884 991 954; x_wconf 79' lang='lat' dir='ltr'><strong>plaga</strong></span> <span class='ocrx_word' id='word_1_53' title='bbox 1019 883 1324 938; x_wconf 74' lang='lat' dir='ltr'><strong>acutissime</strong></span> <span class='ocrx_word' id='word_1_54' title='bbox 1345 884 1686 949; x_wconf 76' lang='lat' dir='ltr'><strong>stimulatus;</strong></span> <span class='ocrx_word' id='word_1_55' title='bbox 1721 893 1776 936; x_wconf 91' lang='lat' dir='ltr'><strong>at</strong></span> <span class='ocrx_word' id='word_1_56' title='bbox 1808 882 2173 937; x_wconf 89' lang='lat' dir='ltr'><strong>intellectuali-</strong></span> 
     </span>
    </p>
   </div>
   <div class='ocr_carea' id='block_1_8' title="bbox 647 974 2172 1042">
    <p class='ocr_par' dir='ltr' id='par_1_8' title="bbox 647 974 2172 1042">
     <span class='ocr_line' id='line_1_8' title="bbox 647 974 2172 1042; baseline 0.001 -13"><span class='ocrx_word' id='word_1_57' title='bbox 647 985 750 1037; x_wconf 92' lang='lat' dir='ltr'><strong>ter,</strong></span> <span class='ocrx_word' id='word_1_58' title='bbox 779 985 1024 1042; x_wconf 88' lang='lat' dir='ltr'><strong>tanquam</strong></span> <span class='ocrx_word' id='word_1_59' title='bbox 1045 976 1221 1041; x_wconf 89' lang='lat' dir='ltr'><strong>justus</strong></span> <span class='ocrx_word' id='word_1_60' title='bbox 1249 982 1301 1027; x_wconf 89' lang='lat' dir='ltr'><strong>et</strong></span> <span class='ocrx_word' id='word_1_61' title='bbox 1329 974 1419 1028; x_wconf 88' lang='lat' dir='ltr'><strong>Dei</strong></span> <span class='ocrx_word' id='word_1_62' title='bbox 1443 988 1646 1036; x_wconf 90' lang='lat' dir='ltr'><strong>amans,</strong></span> <span class='ocrx_word' id='word_1_63' title='bbox 1677 975 1769 1042; x_wconf 87' lang='lat' dir='ltr'><strong>qui</strong></span> <span class='ocrx_word' id='word_1_64' title='bbox 1795 975 2010 1028; x_wconf 83' lang='lat' dir='ltr'><strong>videbat</strong></span> <span class='ocrx_word' id='word_1_65' title='bbox 2039 987 2172 1030; x_wconf 87' lang='lat' dir='ltr'><strong>non-</strong></span> 
     </span>
    </p>
   </div>
   <div class='ocr_carea' id='block_1_9' title="bbox 645 1062 2170 1134">
    <p class='ocr_par' dir='ltr' id='par_1_9' title="bbox 645 1062 2170 1134">
     <span class='ocr_line' id='line_1_9' title="bbox 645 1062 2170 1134; baseline -0.002 -15"><span class='ocrx_word' id='word_1_66' title='bbox 645 1067 818 1120; x_wconf 80' lang='lat' dir='ltr'><strong>nullos</strong></span> <span class='ocrx_word' id='word_1_67' title='bbox 847 1067 1234 1121; x_wconf 84' lang='lat' dir='ltr'><strong>scandalizatus</strong></span> <span class='ocrx_word' id='word_1_68' title='bbox 1279 1074 1499 1134; x_wconf 83' lang='lat' dir='ltr'><strong>propter</strong></span> <span class='ocrx_word' id='word_1_69' title='bbox 1540 1065 1816 1133; x_wconf 81' lang='lat' dir='ltr'><strong>passiones</strong></span> <span class='ocrx_word' id='word_1_70' title='bbox 1854 1079 2001 1127; x_wconf 89' lang='lat' dir='ltr'><strong>suas,</strong></span> <span class='ocrx_word' id='word_1_71' title='bbox 2040 1062 2170 1117; x_wconf 88' lang='lat' dir='ltr'><strong>utsi</strong></span> 
     </span>
    </p>
   </div>
   <div class='ocr_carea' id='block_1_10' title="bbox 643 1151 2171 1224">
    <p class='ocr_par' dir='ltr' id='par_1_10' title="bbox 643 1151 2171 1224">
     <span class='ocr_line' id='line_1_10' title="bbox 643 1151 2171 1224; baseline -0.001 -19"><span class='ocrx_word' id='word_1_72' title='bbox 643 1154 733 1208; x_wconf 91' lang='lat' dir='ltr'><strong>Dei</strong></span> <span class='ocrx_word' id='word_1_73' title='bbox 762 1154 942 1224; x_wconf 77' lang='lat' dir='ltr'><strong>gloriae</strong></span> <span class='ocrx_word' id='word_1_74' title='bbox 968 1155 1020 1207; x_wconf 87' lang='lat' dir='ltr'><strong>in</strong></span> <span class='ocrx_word' id='word_1_75' title='bbox 1054 1154 1169 1224; x_wconf 91' lang='lat' dir='ltr'><strong>ipso</strong></span> <span class='ocrx_word' id='word_1_76' title='bbox 1193 1154 1581 1215; x_wconf 84' lang='lat' dir='ltr'><strong>detraheretur,</strong></span> <span class='ocrx_word' id='word_1_77' title='bbox 1597 1153 1742 1220; x_wconf 80' lang='lat' dir='ltr'><strong>justo</strong></span> <span class='ocrx_word' id='word_1_78' title='bbox 1768 1153 1881 1207; x_wconf 86' lang='lat' dir='ltr'><strong>haec</strong></span> <span class='ocrx_word' id='word_1_79' title='bbox 1905 1151 2171 1206; x_wconf 88' lang='lat' dir='ltr'><strong>sustinen-</strong></span> 
     </span>
    </p>
   </div>
   <div class='ocr_carea' id='block_1_11' title="bbox 641 1240 2168 1310">
    <p class='ocr_par' dir='ltr' id='par_1_11' title="bbox 641 1240 2168 1310">
     <span class='ocr_line' id='line_1_11' title="bbox 641 1240 2168 1310; baseline -0.003 -13"><span class='ocrx_word' id='word_1_80' title='bbox 641 1251 711 1297; x_wconf 91' lang='lat' dir='ltr'><strong>te.</strong></span> <span class='ocrx_word' id='word_1_81' title='bbox 747 1243 877 1297; x_wconf 88' lang='lat' dir='ltr'><strong>Cum</strong></span> <span class='ocrx_word' id='word_1_82' title='bbox 905 1245 1045 1298; x_wconf 91' lang='lat' dir='ltr'><strong>enim</strong></span> <span class='ocrx_word' id='word_1_83' title='bbox 1075 1242 1202 1297; x_wconf 80' lang='lat' dir='ltr'><strong>dicit</strong></span> <span class='ocrx_word' id='word_1_84' title='bbox 1229 1263 1242 1296; x_wconf 90' lang='lat'>:</span> <span class='ocrx_word' id='word_1_85' title='bbox 1281 1240 1476 1310; x_wconf 86' lang='lat' dir='ltr'><strong>thuid</strong></span> <span class='ocrx_word' id='word_1_86' title='bbox 1520 1242 1736 1310; x_wconf 73' lang='lat' dir='ltr'><strong>posuisti</strong></span> <span class='ocrx_word' id='word_1_87' title='bbox 1775 1257 1854 1294; x_wconf 84' lang='lat' dir='ltr'><strong>me</strong></span> <span class='ocrx_word' id='word_1_88' title='bbox 1886 1241 2168 1294; x_wconf 80' lang='lat' dir='ltr'><strong>obviantem</strong></span> 
     </span>
    </p>
   </div>
   <div class='ocr_carea' id='block_1_12' title="bbox 641 1332 2169 1403">
    <p class='ocr_par' dir='ltr' id='par_1_12' title="bbox 641 1332 2169 1403">
     <span class='ocr_line' id='line_1_12' title="bbox 641 1332 2169 1403; baseline -0.003 -15"><span class='ocrx_word' id='word_1_89' title='bbox 641 1337 733 1388; x_wconf 81' lang='lat' dir='ltr'><strong>tibi</strong></span> <span class='ocrx_word' id='word_1_90' title='bbox 760 1335 840 1388; x_wconf 68' lang='lat'><strong>“1?</strong></span> <span class='ocrx_word' id='word_1_91' title='bbox 876 1350 978 1388; x_wconf 91' lang='lat' dir='ltr'><strong>non</strong></span> <span class='ocrx_word' id='word_1_92' title='bbox 1009 1335 1119 1403; x_wconf 90' lang='lat' dir='ltr'><strong>ipse</strong></span> <span class='ocrx_word' id='word_1_93' title='bbox 1159 1335 1264 1388; x_wconf 90' lang='lat' dir='ltr'><strong>Deo</strong></span> <span class='ocrx_word' id='word_1_94' title='bbox 1298 1333 1552 1394; x_wconf 86' lang='lat' dir='ltr'><strong>obviavit,</strong></span> <span class='ocrx_word' id='word_1_95' title='bbox 1574 1332 1742 1387; x_wconf 87' lang='lat' dir='ltr'><strong>absit!</strong></span> <span class='ocrx_word' id='word_1_96' title='bbox 1775 1333 1858 1388; x_wconf 93' lang='lat' dir='ltr'><strong>cui</strong></span> <span class='ocrx_word' id='word_1_97' title='bbox 1895 1332 2034 1386; x_wconf 91' lang='lat' dir='ltr'><strong>enim</strong></span> <span class='ocrx_word' id='word_1_98' title='bbox 2076 1345 2169 1401; x_wconf 84' lang='lat' dir='ltr'><strong>po—</strong></span> 
     </span>
    </p>
   </div>
   <div class='ocr_carea' id='block_1_13' title="bbox 641 1419 2166 1492">
    <p class='ocr_par' dir='ltr' id='par_1_13' title="bbox 641 1419 2166 1492">
     <span class='ocr_line' id='line_1_13' title="bbox 641 1419 2166 1492; baseline -0.003 -17"><span class='ocrx_word' id='word_1_99' title='bbox 641 1434 780 1479; x_wconf 83' lang='lat' dir='ltr'><strong>terat</strong></span> <span class='ocrx_word' id='word_1_100' title='bbox 823 1425 1075 1478; x_wconf 82' lang='lat' dir='ltr'><strong>obviare?</strong></span> <span class='ocrx_word' id='word_1_101' title='bbox 1116 1423 1221 1478; x_wconf 88' lang='lat' dir='ltr'><strong>Scd</strong></span> <span class='ocrx_word' id='word_1_102' title='bbox 1266 1424 1405 1492; x_wconf 91' lang='lat' dir='ltr'><strong>quod</strong></span> <span class='ocrx_word' id='word_1_103' title='bbox 1437 1422 1607 1485; x_wconf 89' lang='lat' dir='ltr'><strong>dicit,</strong></span> <span class='ocrx_word' id='word_1_104' title='bbox 1643 1421 1771 1474; x_wconf 91' lang='lat' dir='ltr'><strong>illud</strong></span> <span class='ocrx_word' id='word_1_105' title='bbox 1810 1430 1928 1475; x_wconf 91' lang='lat' dir='ltr'><strong>est:</strong></span> <span class='ocrx_word' id='word_1_106' title='bbox 1970 1419 2166 1488; x_wconf 90' lang='lat' dir='ltr'><strong>thuid</strong></span> 
     </span>
    </p>
   </div>
   <div class='ocr_carea' id='block_1_14' title="bbox 638 1511 2169 1582">
    <p class='ocr_par' dir='ltr' id='par_1_14' title="bbox 638 1511 2169 1582">
     <span class='ocr_line' id='line_1_14' title="bbox 638 1511 2169 1582; baseline -0.001 -16"><span class='ocrx_word' id='word_1_107' title='bbox 638 1525 856 1582; x_wconf 89' lang='lat' dir='ltr'><strong>propter</strong></span> <span class='ocrx_word' id='word_1_108' title='bbox 885 1528 992 1576; x_wconf 91' lang='lat' dir='ltr'><strong>me,</strong></span> <span class='ocrx_word' id='word_1_109' title='bbox 1037 1513 1275 1578; x_wconf 88' lang='lat' dir='ltr'><strong>Domine,</strong></span> <span class='ocrx_word' id='word_1_110' title='bbox 1319 1528 1510 1568; x_wconf 91' lang='lat' dir='ltr'><strong>nomen</strong></span> <span class='ocrx_word' id='word_1_111' title='bbox 1544 1522 1690 1566; x_wconf 90' lang='lat' dir='ltr'><strong>tuum</strong></span> <span class='ocrx_word' id='word_1_112' title='bbox 1735 1511 2169 1580; x_wconf 78' lang='lat' dir='ltr'><strong>blasphematur?</strong></span> 
     </span>
    </p>
   </div>
   <div class='ocr_carea' id='block_1_15' title="bbox 637 1600 2166 1668">
    <p class='ocr_par' dir='ltr' id='par_1_15' title="bbox 637 1600 2166 1668">
     <span class='ocr_line' id='line_1_15' title="bbox 637 1600 2166 1668; baseline 0.001 -15"><span class='ocrx_word' id='word_1_113' title='bbox 637 1600 906 1654; x_wconf 84' lang='lat' dir='ltr'><strong>Turbatur</strong></span> <span class='ocrx_word' id='word_1_114' title='bbox 960 1611 1131 1655; x_wconf 88' lang='lat' dir='ltr'><strong>tamen</strong></span> <span class='ocrx_word' id='word_1_115' title='bbox 1180 1601 1526 1656; x_wconf 78' lang='lat' dir='ltr'><strong>nihilominus</strong></span> <span class='ocrx_word' id='word_1_116' title='bbox 1573 1610 1627 1656; x_wconf 91' lang='lat' dir='ltr'><strong>et</strong></span> <span class='ocrx_word' id='word_1_117' title='bbox 1662 1609 1876 1668; x_wconf 66' lang='lat' dir='ltr'><strong>aestuat,</strong></span> <span class='ocrx_word' id='word_1_118' title='bbox 1909 1615 1974 1655; x_wconf 88' lang='lat' dir='ltr'><strong>ne</strong></span> <span class='ocrx_word' id='word_1_119' title='bbox 2027 1600 2166 1654; x_wconf 81' lang='lat' dir='ltr'><strong>forte</strong></span> 
     </span>
    </p>
   </div>
   <div class='ocr_carea' id='block_1_16' title="bbox 633 1689 2165 1755">
    <p class='ocr_par' dir='ltr' id='par_1_16' title="bbox 633 1689 2165 1755">
     <span class='ocr_line' id='line_1_16' title="bbox 633 1689 2165 1755; baseline -0.001 -14"><span class='ocrx_word' id='word_1_120' title='bbox 633 1689 852 1755; x_wconf 72' lang='lat' dir='ltr'><strong>omnino</strong></span> <span class='ocrx_word' id='word_1_121' title='bbox 882 1705 912 1742; x_wconf 89' lang='lat' dir='ltr'><strong>a</strong></span> <span class='ocrx_word' id='word_1_122' title='bbox 960 1691 1067 1742; x_wconf 85' lang='lat' dir='ltr'><strong>Deo</strong></span> <span class='ocrx_word' id='word_1_123' title='bbox 1100 1690 1340 1744; x_wconf 89' lang='lat' dir='ltr'><strong>desertus</strong></span> <span class='ocrx_word' id='word_1_124' title='bbox 1370 1689 1578 1746; x_wconf 77' lang='lat' dir='ltr'><strong>fuisset.</strong></span> <span class='ocrx_word' id='word_1_125' title='bbox 1606 1689 1748 1743; x_wconf 85' lang='lat' dir='ltr'><strong>Nihil</strong></span> <span class='ocrx_word' id='word_1_126' title='bbox 1793 1689 1933 1744; x_wconf 90' lang='lat' dir='ltr'><strong>enim</strong></span> <span class='ocrx_word' id='word_1_127' title='bbox 1984 1697 2165 1741; x_wconf 86' lang='lat' dir='ltr'><strong>tanto-</strong></span> 
     </span>
    </p>
   </div>
   <div class='ocr_carea' id='block_1_17' title="bbox 635 1778 2163 1845">
    <p class='ocr_par' dir='ltr' id='par_1_17' title="bbox 635 1778 2163 1845">
     <span class='ocr_line' id='line_1_17' title="bbox 635 1778 2163 1845; baseline 0.003 -18"><span class='ocrx_word' id='word_1_128' title='bbox 635 1789 760 1842; x_wconf 84' lang='lat' dir='ltr'><strong>pere</strong></span> <span class='ocrx_word' id='word_1_129' title='bbox 782 1778 1052 1831; x_wconf 77' lang='lat' dir='ltr'><strong>excruciat</strong></span> <span class='ocrx_word' id='word_1_130' title='bbox 1073 1779 1300 1830; x_wconf 88' lang='lat' dir='ltr'><strong>animam</strong></span> <span class='ocrx_word' id='word_1_131' title='bbox 1325 1779 1414 1832; x_wconf 90' lang='lat' dir='ltr'><strong>Dei</strong></span> <span class='ocrx_word' id='word_1_132' title='bbox 1438 1787 1799 1844; x_wconf 89' lang='lat' dir='ltr'><strong>amantem,ut</strong></span> <span class='ocrx_word' id='word_1_133' title='bbox 1825 1778 2081 1845; x_wconf 85' lang='lat' dir='ltr'><strong>suspicari</strong></span> <span class='ocrx_word' id='word_1_134' title='bbox 2105 1791 2163 1831; x_wconf 89' lang='lat' dir='ltr'><strong>se</strong></span> 
     </span>
    </p>
   </div>
   <div class='ocr_carea' id='block_1_18' title="bbox 2272 608 3790 680">
    <p class='ocr_par' dir='ltr' id='par_1_18' title="bbox 2272 608 3790 680">
     <span class='ocr_line' id='line_1_18' title="bbox 2272 608 3790 680; baseline 0.003 -21"><span class='ocrx_word' id='word_1_135' title='bbox 2272 609 2332 660; x_wconf 88' lang='grc' dir='ltr'><strong>ού</strong></span> <span class='ocrx_word' id='word_1_136' title='bbox 2359 609 2464 679; x_wconf 82' lang='grc' dir='ltr'>γὰρ</span> <span class='ocrx_word' id='word_1_137' title='bbox 2489 608 2594 661; x_wconf 89' lang='grc' dir='ltr'><strong>τῶν</strong></span> <span class='ocrx_word' id='word_1_138' title='bbox 2641 609 2970 679; x_wconf 81' lang='grc' dir='ltr'>ἀναισθήτων</span> <span class='ocrx_word' id='word_1_139' title='bbox 3007 611 3040 678; x_wconf 83' lang='grc' dir='ltr'><strong>ή</strong></span> <span class='ocrx_word' id='word_1_140' title='bbox 3075 609 3263 680; x_wconf 86' lang='grc' dir='ltr'>ἀρετὴ,</span> <span class='ocrx_word' id='word_1_141' title='bbox 3299 609 3433 662; x_wconf 81' lang='grc' dir='ltr'>ἀλλὰ</span> <span class='ocrx_word' id='word_1_142' title='bbox 3461 609 3567 661; x_wconf 89' lang='grc' dir='ltr'><strong>τῶν</strong></span> <span class='ocrx_word' id='word_1_143' title='bbox 3603 611 3659 663; x_wconf 80' lang='grc' dir='ltr'>ὲν</span> <span class='ocrx_word' id='word_1_144' title='bbox 3691 615 3790 674; x_wconf 87' lang='grc' dir='ltr'>τοῖς</span> 
     </span>
    </p>
   </div>
   <div class='ocr_carea' id='block_1_19' title="bbox 2273 698 3791 767">
    <p class='ocr_par' dir='ltr' id='par_1_19' title="bbox 2273 698 3791 767">
     <span class='ocr_line' id='line_1_19' title="bbox 2273 698 3791 767; baseline 0.004 -18"><span class='ocrx_word' id='word_1_145' title='bbox 2273 698 2465 750; x_wconf 89' lang='grc' dir='ltr'>πάθεσι</span> <span class='ocrx_word' id='word_1_146' title='bbox 2513 698 2954 766; x_wconf 81' lang='grc' dir='ltr'><strong>φιλοσοφούντων.</strong></span> <span class='ocrx_word' id='word_1_147' title='bbox 3002 700 3077 750; x_wconf 80' lang='grc' dir='ltr'><strong>Οὐ</strong></span> <span class='ocrx_word' id='word_1_148' title='bbox 3117 699 3334 752; x_wconf 87' lang='grc' dir='ltr'>δύναται</span> <span class='ocrx_word' id='word_1_149' title='bbox 3382 699 3490 767; x_wconf 82' lang='grc'>(29)</span> <span class='ocrx_word' id='word_1_150' title='bbox 3537 699 3614 763; x_wconf 83' lang='grc' dir='ltr'>δὲ,</span> <span class='ocrx_word' id='word_1_151' title='bbox 3665 707 3791 756; x_wconf 72' lang='grc' dir='ltr'>κατὰ</span> 
     </span>
    </p>
   </div>
   <div class='ocr_carea' id='block_1_20' title="bbox 2274 787 3791 860">
    <p class='ocr_par' dir='ltr' id='par_1_20' title="bbox 2274 787 3791 860">
     <span class='ocr_line' id='line_1_20' title="bbox 2274 787 3791 860; baseline 0.003 -22"><span class='ocrx_word' id='word_1_152' title='bbox 2274 787 2370 856; x_wconf 83' lang='grc' dir='ltr'>μὲν</span> <span class='ocrx_word' id='word_1_153' title='bbox 2398 787 2460 840; x_wconf 88' lang='lat' dir='ltr'><strong>rb</strong></span> <span class='ocrx_word' id='word_1_154' title='bbox 2489 787 2821 857; x_wconf 84' lang='grc' dir='ltr'>φαινόμενον,</span> <span class='ocrx_word' id='word_1_155' title='bbox 2848 788 2951 840; x_wconf 83' lang='grc' dir='ltr'><strong>ὑπὸ</strong></span> <span class='ocrx_word' id='word_1_156' title='bbox 2979 789 3078 858; x_wconf 86' lang='grc' dir='ltr'>τῆς</span> <span class='ocrx_word' id='word_1_157' title='bbox 3107 789 3164 840; x_wconf 82' lang='grc' dir='ltr'>ὲν</span> <span class='ocrx_word' id='word_1_158' title='bbox 3197 790 3357 860; x_wconf 82' lang='grc' dir='ltr'>σαρκὶ</span> <span class='ocrx_word' id='word_1_159' title='bbox 3390 788 3594 859; x_wconf 84' lang='grc' dir='ltr'><strong>πληγῆς</strong></span> <span class='ocrx_word' id='word_1_160' title='bbox 3618 789 3791 859; x_wconf 89' lang='grc' dir='ltr'>δριμυ-</span> 
     </span>
    </p>
   </div>
   <div class='ocr_carea' id='block_1_21' title="bbox 2269 873 3790 948">
    <p class='ocr_par' dir='ltr' id='par_1_21' title="bbox 2269 873 3790 948">
     <span class='ocr_line' id='line_1_21' title="bbox 2269 873 3790 948; baseline 0.001 -19"><span class='ocrx_word' id='word_1_161' title='bbox 2269 879 2441 941; x_wconf 85' lang='grc' dir='ltr'>τάτως</span> <span class='ocrx_word' id='word_1_162' title='bbox 2472 877 2842 946; x_wconf 82' lang='grc' dir='ltr'><strong>κεντούμενος·</strong></span> <span class='ocrx_word' id='word_1_163' title='bbox 2888 878 3027 932; x_wconf 85' lang='grc' dir='ltr'>κατὰ</span> <span class='ocrx_word' id='word_1_164' title='bbox 3059 878 3116 930; x_wconf 86' lang='grc' dir='ltr'>δὲ</span> <span class='ocrx_word' id='word_1_165' title='bbox 3154 877 3215 930; x_wconf 91' lang='lat' dir='ltr'><strong>rb</strong></span> <span class='ocrx_word' id='word_1_166' title='bbox 3251 879 3550 948; x_wconf 81' lang='grc' dir='ltr'>νοούμενον,</span> <span class='ocrx_word' id='word_1_167' title='bbox 3595 873 3676 932; x_wconf 78' lang='grc' dir='ltr'>οἷα</span> <span class='ocrx_word' id='word_1_168' title='bbox 3718 879 3790 932; x_wconf 87' lang='grc' dir='ltr'>δί-</span> 
     </span>
    </p>
   </div>
   <div class='ocr_carea' id='block_1_22' title="bbox 2270 967 3789 1040">
    <p class='ocr_par' dir='ltr' id='par_1_22' title="bbox 2270 967 3789 1040">
     <span class='ocr_line' id='line_1_22' title="bbox 2270 967 3789 1040; baseline 0 -18"><span class='ocrx_word' id='word_1_169' title='bbox 2270 985 2420 1032; x_wconf 88' lang='grc' dir='ltr'>καιος</span> <span class='ocrx_word' id='word_1_170' title='bbox 2443 969 2536 1022; x_wconf 71' lang='grc' dir='ltr'><strong>κα)⁹</strong></span> <span class='ocrx_word' id='word_1_171' title='bbox 2570 967 2808 1037; x_wconf 80' lang='grc' dir='ltr'>φιλόθεος</span> <span class='ocrx_word' id='word_1_172' title='bbox 2845 968 2982 1038; x_wconf 81' lang='grc' dir='ltr'>ἀνὴρ</span> <span class='ocrx_word' id='word_1_173' title='bbox 3019 968 3162 1038; x_wconf 85' lang='grc' dir='ltr'>ὁρῶν</span> <span class='ocrx_word' id='word_1_174' title='bbox 3203 986 3352 1033; x_wconf 86' lang='grc' dir='ltr'>τινας</span> <span class='ocrx_word' id='word_1_175' title='bbox 3393 969 3789 1040; x_wconf 75' lang='grc' dir='ltr'>σκανδαλιζομέο</span> 
     </span>
    </p>
   </div>
   <div class='ocr_carea' id='block_1_23' title="bbox 2269 1058 3790 1129">
    <p class='ocr_par' dir='ltr' id='par_1_23' title="bbox 2269 1058 3790 1129">
     <span class='ocr_line' id='line_1_23' title="bbox 2269 1058 3790 1129; baseline 0.001 -17"><span class='ocrx_word' id='word_1_176' title='bbox 2269 1077 2390 1122; x_wconf 90' lang='grc' dir='ltr'>νους</span> <span class='ocrx_word' id='word_1_177' title='bbox 2436 1059 2527 1111; x_wconf 77' lang='grc' dir='ltr'><strong>ἐπὶ</strong></span> <span class='ocrx_word' id='word_1_178' title='bbox 2561 1061 2671 1121; x_wconf 89' lang='grc' dir='ltr'>τοῖς</span> <span class='ocrx_word' id='word_1_179' title='bbox 2713 1058 2888 1111; x_wconf 80' lang='grc' dir='ltr'>αὐτῶν</span> <span class='ocrx_word' id='word_1_180' title='bbox 2926 1059 3033 1128; x_wconf 80' lang='grc'>(50)</span> <span class='ocrx_word' id='word_1_181' title='bbox 3085 1058 3413 1129; x_wconf 85' lang='grc' dir='ltr'><strong>παθήμασιν,</strong></span> <span class='ocrx_word' id='word_1_182' title='bbox 3455 1060 3530 1122; x_wconf 84' lang='grc' dir='ltr'>ὡς</span> <span class='ocrx_word' id='word_1_183' title='bbox 3567 1060 3664 1129; x_wconf 81' lang='grc' dir='ltr'>τῆς</span> <span class='ocrx_word' id='word_1_184' title='bbox 3704 1061 3790 1114; x_wconf 89' lang='grc' dir='ltr'><strong>τοῦ</strong></span> 
     </span>
    </p>
   </div>
   <div class='ocr_carea' id='block_1_24' title="bbox 2269 1148 3790 1220">
    <p class='ocr_par' dir='ltr' id='par_1_24' title="bbox 2269 1148 3790 1220">
     <span class='ocr_line' id='line_1_24' title="bbox 2269 1148 3790 1220; baseline 0 -18"><span class='ocrx_word' id='word_1_185' title='bbox 2269 1149 2400 1202; x_wconf 90' lang='grc' dir='ltr'>Θεοῦ</span> <span class='ocrx_word' id='word_1_186' title='bbox 2449 1149 2604 1220; x_wconf 80' lang='grc' dir='ltr'>δόξης</span> <span class='ocrx_word' id='word_1_187' title='bbox 2668 1149 2752 1201; x_wconf 74' lang='grc' dir='ltr'><strong>ἐπ’</strong></span> <span class='ocrx_word' id='word_1_188' title='bbox 2797 1149 2944 1218; x_wconf 82' lang='grc' dir='ltr'>αύτῷ</span> <span class='ocrx_word' id='word_1_189' title='bbox 2981 1148 3392 1218; x_wconf 88' lang='grc' dir='ltr'>διασυρομένης,</span> <span class='ocrx_word' id='word_1_190' title='bbox 3445 1151 3494 1201; x_wconf 82' lang='grc' dir='ltr'><strong>εί</strong></span> <span class='ocrx_word' id='word_1_191' title='bbox 3538 1151 3566 1202; x_wconf 83' lang='grc' dir='ltr'><strong>ό</strong></span> <span class='ocrx_word' id='word_1_192' title='bbox 3605 1149 3790 1214; x_wconf 87' lang='grc' dir='ltr'>δίκαιος</span> 
     </span>
    </p>
   </div>
   <div class='ocr_carea' id='block_1_25' title="bbox 2267 1239 3785 1309">
    <p class='ocr_par' dir='ltr' id='par_1_25' title="bbox 2267 1239 3785 1309">
     <span class='ocr_line' id='line_1_25' title="bbox 2267 1239 3785 1309; baseline 0.001 -17"><span class='ocrx_word' id='word_1_193' title='bbox 2267 1239 2434 1292; x_wconf 86' lang='grc' dir='ltr'>ταῦτα</span> <span class='ocrx_word' id='word_1_194' title='bbox 2459 1239 2729 1308; x_wconf 84' lang='grc' dir='ltr'>ὑπομένει.</span> <span class='ocrx_word' id='word_1_195' title='bbox 2759 1240 2867 1292; x_wconf 75' lang='grc' dir='ltr'><strong>Καὶ</strong></span> <span class='ocrx_word' id='word_1_196' title='bbox 2883 1241 2988 1309; x_wconf 85' lang='grc' dir='ltr'>γὰρ</span> <span class='ocrx_word' id='word_1_197' title='bbox 3011 1240 3100 1292; x_wconf 83' lang='grc' dir='ltr'>ὅτε</span> <span class='ocrx_word' id='word_1_198' title='bbox 3127 1239 3299 1306; x_wconf 78' lang='grc' dir='ltr'>λέγει’</span> <span class='ocrx_word' id='word_1_199' title='bbox 3335 1240 3453 1292; x_wconf 82' lang='grc' dir='ltr'><strong>Ἵνα</strong></span> <span class='ocrx_word' id='word_1_200' title='bbox 3483 1239 3539 1292; x_wconf 84' lang='grc' dir='ltr'><strong>τί</strong></span> <span class='ocrx_word' id='word_1_201' title='bbox 3564 1241 3695 1293; x_wconf 70' lang='grc' dir='ltr'>ἔθου</span> <span class='ocrx_word' id='word_1_202' title='bbox 3715 1257 3785 1308; x_wconf 75' lang='grc' dir='ltr'><strong>με</strong></span> 
     </span>
    </p>
   </div>
   <div class='ocr_carea' id='block_1_26' title="bbox 2267 1329 3786 1401">
    <p class='ocr_par' dir='ltr' id='par_1_26' title="bbox 2267 1329 3786 1401">
     <span class='ocr_line' id='line_1_26' title="bbox 2267 1329 3786 1401; baseline 0.001 -19"><span class='ocrx_word' id='word_1_203' title='bbox 2267 1332 2392 1383; x_wconf 80' lang='grc' dir='ltr'>κατ’</span> <span class='ocrx_word' id='word_1_204' title='bbox 2417 1331 2737 1398; x_wconf 74' lang='grc' dir='ltr'>ἐντευκτήν</span> <span class='ocrx_word' id='word_1_205' title='bbox 2764 1332 2870 1401; x_wconf 77' lang='grc'>(51)</span> <span class='ocrx_word' id='word_1_206' title='bbox 2904 1346 3049 1393; x_wconf 87' lang='grc' dir='ltr'>σου;</span> <span class='ocrx_word' id='word_1_207' title='bbox 3069 1330 3166 1382; x_wconf 77' lang='grc' dir='ltr'><strong>οὐκ</strong></span> <span class='ocrx_word' id='word_1_208' title='bbox 3192 1329 3352 1392; x_wconf 76' lang='grc' dir='ltr'>αὐτὸς</span> <span class='ocrx_word' id='word_1_209' title='bbox 3382 1329 3522 1381; x_wconf 86' lang='grc' dir='ltr'><strong>κατά</strong></span> <span class='ocrx_word' id='word_1_210' title='bbox 3550 1329 3640 1382; x_wconf 89' lang='grc' dir='ltr'><strong>τοῦ</strong></span> <span class='ocrx_word' id='word_1_211' title='bbox 3663 1329 3786 1383; x_wconf 87' lang='grc' dir='ltr'>Θεοῦ</span> 
     </span>
    </p>
   </div>
   <div class='ocr_carea' id='block_1_27' title="bbox 2265 1415 3785 1495">
    <p class='ocr_par' dir='ltr' id='par_1_27' title="bbox 2265 1415 3785 1495">
     <span class='ocr_line' id='line_1_27' title="bbox 2265 1415 3785 1495; baseline 0.001 -23"><span class='ocrx_word' id='word_1_212' title='bbox 2265 1420 2540 1491; x_wconf 79' lang='grc' dir='ltr'>ἐτύγχανε,</span> <span class='ocrx_word' id='word_1_213' title='bbox 2574 1422 2644 1495; x_wconf 81' lang='grc' dir='ltr'>μὴ</span> <span class='ocrx_word' id='word_1_214' title='bbox 2687 1423 2916 1490; x_wconf 75' lang='grc' dir='ltr'>γένοιτοί</span> <span class='ocrx_word' id='word_1_215' title='bbox 2959 1421 3061 1475; x_wconf 87' lang='grc' dir='ltr'>τίνι</span> <span class='ocrx_word' id='word_1_216' title='bbox 3098 1421 3204 1493; x_wconf 79' lang='grc' dir='ltr'><strong>γὰρ</strong></span> <span class='ocrx_word' id='word_1_217' title='bbox 3247 1415 3388 1490; x_wconf 69' lang='grc' dir='ltr'>εἶχεν</span> <span class='ocrx_word' id='word_1_218' title='bbox 3426 1420 3785 1490; x_wconf 83' lang='grc' dir='ltr'>ὲντυγχάνειν;</span> 
     </span>
    </p>
   </div>
   <div class='ocr_carea' id='block_1_28' title="bbox 2277 1510 3782 1583">
    <p class='ocr_par' dir='ltr' id='par_1_28' title="bbox 2277 1510 3782 1583">
     <span class='ocr_line' id='line_1_28' title="bbox 2277 1510 3782 1583; baseline -0.001 -19"><span class='ocrx_word' id='word_1_219' title='bbox 2277 1513 2433 1565; x_wconf 82' lang='grc' dir='ltr'>Ἀλλά</span> <span class='ocrx_word' id='word_1_220' title='bbox 2456 1512 2611 1566; x_wconf 90' lang='grc' dir='ltr'>τοῦτό</span> <span class='ocrx_word' id='word_1_221' title='bbox 2637 1517 2778 1568; x_wconf 77' lang='grc' dir='ltr'>ἐστιν</span> <span class='ocrx_word' id='word_1_222' title='bbox 2796 1514 2824 1566; x_wconf 86' lang='grc' dir='ltr'>ὅ</span> <span class='ocrx_word' id='word_1_223' title='bbox 2852 1528 3026 1583; x_wconf 86' lang='grc' dir='ltr'>φησιν·</span> <span class='ocrx_word' id='word_1_224' title='bbox 3065 1513 3180 1564; x_wconf 84' lang='grc' dir='ltr'>Ἵνα</span> <span class='ocrx_word' id='word_1_225' title='bbox 3199 1510 3251 1563; x_wconf 89' lang='grc' dir='ltr'><strong>τί</strong></span> <span class='ocrx_word' id='word_1_226' title='bbox 3278 1510 3345 1563; x_wconf 85' lang='grc' dir='ltr'><strong>δι’</strong></span> <span class='ocrx_word' id='word_1_227' title='bbox 3380 1511 3499 1579; x_wconf 79' lang='grc' dir='ltr'>ἐμὲ,</span> <span class='ocrx_word' id='word_1_228' title='bbox 3536 1511 3782 1575; x_wconf 81' lang='grc' dir='ltr'><strong>Δέσποτα,</strong></span> 
     </span>
    </p>
   </div>
   <div class='ocr_carea' id='block_1_29' title="bbox 2263 1601 3785 1674">
    <p class='ocr_par' dir='ltr' id='par_1_29' title="bbox 2263 1601 3785 1674">
     <span class='ocr_line' id='line_1_29' title="bbox 2263 1601 3785 1674; baseline -0.001 -19"><span class='ocrx_word' id='word_1_229' title='bbox 2263 1603 2322 1656; x_wconf 90' lang='lat' dir='ltr'><strong>rb</strong></span> <span class='ocrx_word' id='word_1_230' title='bbox 2361 1603 2526 1674; x_wconf 74' lang='grc' dir='ltr'>ὄνομά</span> <span class='ocrx_word' id='word_1_231' title='bbox 2573 1620 2664 1656; x_wconf 91' lang='grc' dir='ltr'><strong>σου</strong></span> <span class='ocrx_word' id='word_1_232' title='bbox 2708 1603 3129 1673; x_wconf 86' lang='grc' dir='ltr'>βλασφημεῖται;</span> <span class='ocrx_word' id='word_1_233' title='bbox 3187 1601 3500 1672; x_wconf 78' lang='grc' dir='ltr'>Θορυὸεῖται</span> <span class='ocrx_word' id='word_1_234' title='bbox 3550 1601 3604 1653; x_wconf 87' lang='grc' dir='ltr'>δὲ</span> <span class='ocrx_word' id='word_1_235' title='bbox 3648 1602 3785 1654; x_wconf 76' lang='grc' dir='ltr'>οὐδὲν</span> 
     </span>
    </p>
   </div>
   <div class='ocr_carea' id='block_1_30' title="bbox 2261 1690 3786 1764">
    <p class='ocr_par' dir='ltr' id='par_1_30' title="bbox 2261 1690 3786 1764">
     <span class='ocr_line' id='line_1_30' title="bbox 2261 1690 3786 1764; baseline -0.003 -17"><span class='ocrx_word' id='word_1_236' title='bbox 2261 1690 2418 1764; x_wconf 78' lang='grc' dir='ltr'>ἦττον</span> <span class='ocrx_word' id='word_1_237' title='bbox 2492 1695 2584 1747; x_wconf 77' lang='grc' dir='ltr'>καὶ</span> <span class='ocrx_word' id='word_1_238' title='bbox 2640 1695 2838 1764; x_wconf 82' lang='grc' dir='ltr'>ίλιγγιᾷ</span> <span class='ocrx_word' id='word_1_239' title='bbox 2857 1732 2871 1756; x_wconf 91' lang='grc'><strong>,</strong></span> <span class='ocrx_word' id='word_1_240' title='bbox 2932 1694 3121 1763; x_wconf 84' lang='grc' dir='ltr'><strong>μήπως</strong></span> <span class='ocrx_word' id='word_1_241' title='bbox 3169 1691 3365 1755; x_wconf 89' lang='grc' dir='ltr'>πλείως</span> <span class='ocrx_word' id='word_1_242' title='bbox 3432 1691 3786 1759; x_wconf 80' lang='grc' dir='ltr'>ὲγκατάλειψιν</span> 
     </span>
    </p>
   </div>
   <div class='ocr_carea' id='block_1_31' title="bbox 2263 1779 3782 1854">
    <p class='ocr_par' dir='ltr' id='par_1_31' title="bbox 2263 1779 3782 1854">
     <span class='ocr_line' id='line_1_31' title="bbox 2263 1779 3782 1854; baseline -0.003 -17"><span class='ocrx_word' id='word_1_243' title='bbox 2263 1785 2465 1854; x_wconf 81' lang='grc' dir='ltr'><strong>ὑπέστη</strong></span> <span class='ocrx_word' id='word_1_244' title='bbox 2498 1784 2644 1854; x_wconf 86' lang='grc' dir='ltr'>παρὰ</span> <span class='ocrx_word' id='word_1_245' title='bbox 2666 1785 2817 1837; x_wconf 83' lang='grc' dir='ltr'>Θεοῦ.</span> <span class='ocrx_word' id='word_1_246' title='bbox 2857 1783 2988 1836; x_wconf 81' lang='grc' dir='ltr'><strong>Οὐδὲ</strong></span> <span class='ocrx_word' id='word_1_247' title='bbox 3014 1782 3121 1851; x_wconf 84' lang='grc' dir='ltr'><strong>γὰρ</strong></span> <span class='ocrx_word' id='word_1_248' title='bbox 3149 1780 3288 1834; x_wconf 74' lang='grc' dir='ltr'>οὕτω</span> <span class='ocrx_word' id='word_1_249' title='bbox 3312 1784 3622 1851; x_wconf 81' lang='grc' dir='ltr'><strong>τιμωρεῖται</strong></span> <span class='ocrx_word' id='word_1_250' title='bbox 3652 1779 3782 1851; x_wconf 71' lang='grc' dir='ltr'>ψυχὴ</span> 
     </span>
    </p>
   </div>
   <div class='ocr_carea' id='block_1_32' title="bbox 635 1853 2157 1942">
    <p class='ocr_par' dir='ltr' id='par_1_32' title="bbox 635 1865 2157 1936">
     <span class='ocr_line' id='line_1_32' title="bbox 635 1865 2157 1936; baseline 0.002 -19"><span class='ocrx_word' id='word_1_251' title='bbox 635 1881 663 1917; x_wconf 92' lang='lat' dir='ltr'><strong>a</strong></span> <span class='ocrx_word' id='word_1_252' title='bbox 695 1866 799 1920; x_wconf 88' lang='lat' dir='ltr'><strong>Deo</strong></span> <span class='ocrx_word' id='word_1_253' title='bbox 837 1880 953 1920; x_wconf 89' lang='lat' dir='ltr'><strong>esse</strong></span> <span class='ocrx_word' id='word_1_254' title='bbox 979 1865 1244 1921; x_wconf 91' lang='lat' dir='ltr'><strong>desertam</strong></span> <span class='ocrx_word' id='word_1_255' title='bbox 1278 1885 1292 1921; x_wconf 91' lang='lat'>:</span> <span class='ocrx_word' id='word_1_256' title='bbox 1323 1869 1448 1936; x_wconf 90' lang='lat' dir='ltr'><strong>quin</strong></span> <span class='ocrx_word' id='word_1_257' title='bbox 1503 1869 1756 1922; x_wconf 86' lang='lat' dir='ltr'><strong>inlinities</strong></span> <span class='ocrx_word' id='word_1_258' title='bbox 1799 1869 1930 1921; x_wconf 92' lang='lat' dir='ltr'><strong>mori</strong></span> <span class='ocrx_word' id='word_1_259' title='bbox 1962 1867 2157 1932; x_wconf 90' lang='lat' dir='ltr'><strong>mallet,</strong></span> 
     </span>
    </p>
   </div>
   <div class='ocr_carea' id='block_1_33' title="bbox 2255 1853 3783 1942">
    <p class='ocr_par' dir='ltr' id='par_1_33' title="bbox 2263 1853 3783 1942">
     <span class='ocr_line' id='line_1_33' title="bbox 2263 1853 3783 1942; baseline -0.005 -15"><span class='ocrx_word' id='word_1_260' title='bbox 2263 1853 2520 1942; x_wconf 82' lang='grc' dir='ltr'>φιλόθεος,</span> <span class='ocrx_word' id='word_1_261' title='bbox 2543 1853 2618 1936; x_wconf 79' lang='grc' dir='ltr'><strong>ῶς</strong></span> <span class='ocrx_word' id='word_1_262' title='bbox 2636 1873 2696 1925; x_wconf 91' lang='lat' dir='ltr'><strong>rb</strong></span> <span class='ocrx_word' id='word_1_263' title='bbox 2721 1870 2828 1941; x_wconf 82' lang='grc'>(52)</span> <span class='ocrx_word' id='word_1_264' title='bbox 2857 1869 3175 1924; x_wconf 82' lang='grc' dir='ltr'>ὑποπτεύειν</span> <span class='ocrx_word' id='word_1_265' title='bbox 3218 1869 3624 1937; x_wconf 81' lang='grc' dir='ltr'>καταλελεῖφθαι</span> <span class='ocrx_word' id='word_1_266' title='bbox 3649 1868 3783 1938; x_wconf 78' lang='grc' dir='ltr'>παρὰ</span> 
     </span>
    </p>
   </div>
   <div class='ocr_carea' id='block_1_34' title="bbox 631 1957 2162 2026">
    <p class='ocr_par' dir='ltr' id='par_1_34' title="bbox 631 1957 2162 2026">
     <span class='ocr_line' id='line_1_34' title="bbox 631 1957 2162 2026; baseline 0.002 -19"><span class='ocrx_word' id='word_1_267' title='bbox 631 1971 789 2022; x_wconf 89' lang='lat' dir='ltr'><strong>quam</strong></span> <span class='ocrx_word' id='word_1_268' title='bbox 821 1971 939 2009; x_wconf 92' lang='lat' dir='ltr'><strong>cum</strong></span> <span class='ocrx_word' id='word_1_269' title='bbox 965 1957 1256 2025; x_wconf 85' lang='lat' dir='ltr'><strong>angoribus</strong></span> <span class='ocrx_word' id='word_1_270' title='bbox 1280 1966 1334 2010; x_wconf 87' lang='lat' dir='ltr'><strong>et</strong></span> <span class='ocrx_word' id='word_1_271' title='bbox 1360 1958 1660 2026; x_wconf 89' lang='lat' dir='ltr'><strong>suspicione</strong></span> <span class='ocrx_word' id='word_1_272' title='bbox 1687 1957 1986 2024; x_wconf 89' lang='lat' dir='ltr'><strong>hujusmodi</strong></span> <span class='ocrx_word' id='word_1_273' title='bbox 2021 1957 2162 2010; x_wconf 90' lang='lat' dir='ltr'><strong>inter</strong></span> 
     </span>
    </p>
   </div>
   <div class='ocr_carea' id='block_1_35' title="bbox 629 2046 2161 2116">
    <p class='ocr_par' dir='ltr' id='par_1_35' title="bbox 629 2046 2161 2116">
     <span class='ocr_line' id='line_1_35' title="bbox 629 2046 2161 2116; baseline 0.005 -20"><span class='ocrx_word' id='word_1_274' title='bbox 629 2046 775 2099; x_wconf 79' lang='lat' dir='ltr'><strong>vivos</strong></span> <span class='ocrx_word' id='word_1_275' title='bbox 824 2046 1108 2099; x_wconf 84' lang='lat' dir='ltr'><strong>recenseri.</strong></span> <span class='ocrx_word' id='word_1_276' title='bbox 1152 2046 1566 2116; x_wconf 26' lang='lat' dir='ltr'><strong>Itaque‘pmpter</strong></span> <span class='ocrx_word' id='word_1_277' title='bbox 1594 2048 1957 2115; x_wconf 72' lang='lat' dir='ltr'><strong>iumentorum</strong></span> <span class='ocrx_word' id='word_1_278' title='bbox 1996 2050 2161 2104; x_wconf 88' lang='lat' dir='ltr'><strong>amis-</strong></span> 
     </span>
    </p>
   </div>
   <div class='ocr_carea' id='block_1_36' title="bbox 629 2134 2160 2204">
    <p class='ocr_par' dir='ltr' id='par_1_36' title="bbox 629 2134 2160 2204">
     <span class='ocr_line' id='line_1_36' title="bbox 629 2134 2160 2204; baseline 0.003 -17"><span class='ocrx_word' id='word_1_279' title='bbox 629 2134 853 2194; x_wconf 87' lang='lat' dir='ltr'><strong>sionem,</strong></span> <span class='ocrx_word' id='word_1_280' title='bbox 874 2142 927 2188; x_wconf 87' lang='lat' dir='ltr'><strong>et</strong></span> <span class='ocrx_word' id='word_1_281' title='bbox 955 2134 1179 2188; x_wconf 79' lang='lat' dir='ltr'><strong>ﬁliorum</strong></span> <span class='ocrx_word' id='word_1_282' title='bbox 1207 2135 1502 2188; x_wconf 81' lang='lat' dir='ltr'><strong>confertam</strong></span> <span class='ocrx_word' id='word_1_283' title='bbox 1528 2147 1781 2201; x_wconf 88' lang='lat' dir='ltr'><strong>mortem,</strong></span> <span class='ocrx_word' id='word_1_284' title='bbox 1813 2138 1997 2204; x_wconf 87' lang='lat' dir='ltr'><strong>quales</strong></span> <span class='ocrx_word' id='word_1_285' title='bbox 2024 2138 2160 2192; x_wconf 88' lang='lat' dir='ltr'><strong>emi-</strong></span> 
     </span>
    </p>
   </div>
   <div class='ocr_carea' id='block_1_37' title="bbox 628 2225 2157 2294">
    <p class='ocr_par' dir='ltr' id='par_1_37' title="bbox 628 2225 2157 2294">
     <span class='ocr_line' id='line_1_37' title="bbox 628 2225 2157 2294; baseline 0.004 -16"><span class='ocrx_word' id='word_1_286' title='bbox 628 2226 759 2278; x_wconf 80' lang='lat' dir='ltr'><strong>serit</strong></span> <span class='ocrx_word' id='word_1_287' title='bbox 795 2225 977 2294; x_wconf 88' lang='lat' dir='ltr'><strong>plenas</strong></span> <span class='ocrx_word' id='word_1_288' title='bbox 1011 2226 1306 2294; x_wconf 83' lang='lat' dir='ltr'><strong>gratiarum</strong></span> <span class='ocrx_word' id='word_1_289' title='bbox 1344 2227 1570 2281; x_wconf 89' lang='lat' dir='ltr'><strong>actionis</strong></span> <span class='ocrx_word' id='word_1_290' title='bbox 1617 2243 1776 2282; x_wconf 87' lang='lat' dir='ltr'><strong>voces</strong></span> <span class='ocrx_word' id='word_1_291' title='bbox 1820 2229 2157 2284; x_wconf 85' lang='lat' dir='ltr'><strong>audivimus:</strong></span> 
     </span>
    </p>
   </div>
   <div class='ocr_carea' id='block_1_38' title="bbox 626 2315 2156 2388">
    <p class='ocr_par' dir='ltr' id='par_1_38' title="bbox 626 2315 2156 2388">
     <span class='ocr_line' id='line_1_38' title="bbox 626 2315 2156 2388; baseline 0.003 -23"><span class='ocrx_word' id='word_1_292' title='bbox 626 2315 891 2380; x_wconf 89' lang='lat' dir='ltr'><strong>quomodo</strong></span> <span class='ocrx_word' id='word_1_293' title='bbox 923 2316 1084 2369; x_wconf 88' lang='lat' dir='ltr'><strong>etiam</strong></span> <span class='ocrx_word' id='word_1_294' title='bbox 1139 2332 1360 2372; x_wconf 81' lang='lat' dir='ltr'><strong>uxorem</strong></span> <span class='ocrx_word' id='word_1_295' title='bbox 1389 2317 1668 2378; x_wconf 86' lang='lat' dir='ltr'><strong>erudierit,</strong></span> <span class='ocrx_word' id='word_1_296' title='bbox 1711 2331 1830 2386; x_wconf 64' lang='lat' dir='ltr'><strong>quae</strong></span> <span class='ocrx_word' id='word_1_297' title='bbox 1881 2318 2156 2388; x_wconf 75' lang='lat' dir='ltr'><strong>indignum</strong></span> 
     </span>
    </p>
   </div>
   <div class='ocr_carea' id='block_1_39' title="bbox 627 2404 2156 2476">
    <p class='ocr_par' dir='ltr' id='par_1_39' title="bbox 627 2404 2156 2476">
     <span class='ocr_line' id='line_1_39' title="bbox 627 2404 2156 2476; baseline 0.005 -21"><span class='ocrx_word' id='word_1_298' title='bbox 627 2404 804 2457; x_wconf 87' lang='lat' dir='ltr'><strong>nescio</strong></span> <span class='ocrx_word' id='word_1_299' title='bbox 853 2407 990 2472; x_wconf 88' lang='lat' dir='ltr'><strong>quod</strong></span> <span class='ocrx_word' id='word_1_300' title='bbox 1017 2406 1081 2460; x_wconf 89' lang='lat' dir='ltr'><strong>de</strong></span> <span class='ocrx_word' id='word_1_301' title='bbox 1126 2407 1350 2466; x_wconf 83' lang='lat' dir='ltr'><strong>Domino</strong></span> <span class='ocrx_word' id='word_1_302' title='bbox 1384 2416 1722 2474; x_wconf 86' lang='lat' dir='ltr'><strong>repntaverat</strong></span> <span class='ocrx_word' id='word_1_303' title='bbox 1757 2425 1771 2462; x_wconf 90' lang='lat'><strong>:</strong></span> <span class='ocrx_word' id='word_1_304' title='bbox 1805 2407 1982 2476; x_wconf 88' lang='lat' dir='ltr'><strong>qualia</strong></span> <span class='ocrx_word' id='word_1_305' title='bbox 2029 2409 2156 2463; x_wconf 89' lang='lat' dir='ltr'><strong>item</strong></span> 
     </span>
    </p>
   </div>
   <div class='ocr_carea' id='block_1_40' title="bbox 624 2493 2159 2565">
    <p class='ocr_par' dir='ltr' id='par_1_40' title="bbox 624 2493 2159 2565">
     <span class='ocr_line' id='line_1_40' title="bbox 624 2493 2159 2565; baseline 0.006 -23"><span class='ocrx_word' id='word_1_306' title='bbox 624 2499 746 2554; x_wconf 86' lang='lat' dir='ltr'><strong>post</strong></span> <span class='ocrx_word' id='word_1_307' title='bbox 775 2493 1120 2547; x_wconf 87' lang='lat' dir='ltr'><strong>tentationem</strong></span> <span class='ocrx_word' id='word_1_308' title='bbox 1144 2503 1197 2548; x_wconf 89' lang='lat' dir='ltr'><strong>et</strong></span> <span class='ocrx_word' id='word_1_309' title='bbox 1223 2494 1642 2550; x_wconf 83' lang='lat' dir='ltr'><strong>exinanitionem</strong></span> <span class='ocrx_word' id='word_1_310' title='bbox 1663 2495 2017 2565; x_wconf 86' lang='lat' dir='ltr'><strong>acerbamque</strong></span> <span class='ocrx_word' id='word_1_311' title='bbox 2042 2511 2159 2565; x_wconf 86' lang='lat' dir='ltr'><strong>pas-</strong></span> 
     </span>
    </p>
   </div>
   <div class='ocr_carea' id='block_1_41' title="bbox 623 2581 2157 2655">
    <p class='ocr_par' dir='ltr' id='par_1_41' title="bbox 623 2581 2157 2655">
     <span class='ocr_line' id='line_1_41' title="bbox 623 2581 2157 2655; baseline 0.007 -21"><span class='ocrx_word' id='word_1_312' title='bbox 623 2581 824 2636; x_wconf 81' lang='lat' dir='ltr'><strong>sionem</strong></span> <span class='ocrx_word' id='word_1_313' title='bbox 865 2586 1312 2649; x_wconf 86' lang='lat' dir='ltr'><strong>pronuntiaverit,</strong></span> <span class='ocrx_word' id='word_1_314' title='bbox 1348 2596 1402 2640; x_wconf 90' lang='lat' dir='ltr'><strong>et</strong></span> <span class='ocrx_word' id='word_1_315' title='bbox 1447 2601 1553 2655; x_wconf 90' lang='lat' dir='ltr'><strong>quo</strong></span> <span class='ocrx_word' id='word_1_316' title='bbox 1593 2595 1746 2654; x_wconf 90' lang='lat' dir='ltr'><strong>pacto</strong></span> <span class='ocrx_word' id='word_1_317' title='bbox 1793 2587 1942 2641; x_wconf 91' lang='lat' dir='ltr'><strong>illum</strong></span> <span class='ocrx_word' id='word_1_318' title='bbox 1978 2587 2157 2644; x_wconf 80' lang='lat' dir='ltr'><strong>nullus</strong></span> 
     </span>
    </p>
   </div>
   <div class='ocr_carea' id='block_1_42' title="bbox 623 2673 2156 2745">
    <p class='ocr_par' dir='ltr' id='par_1_42' title="bbox 623 2673 2156 2745">
     <span class='ocr_line' id='line_1_42' title="bbox 623 2673 2156 2745; baseline 0.005 -19"><span class='ocrx_word' id='word_1_319' title='bbox 623 2673 974 2727; x_wconf 81' lang='lat' dir='ltr'><strong>humanorum</strong></span> <span class='ocrx_word' id='word_1_320' title='bbox 1006 2685 1288 2729; x_wconf 79' lang='lat' dir='ltr'><strong>eventuum</strong></span> <span class='ocrx_word' id='word_1_321' title='bbox 1328 2677 1735 2745; x_wconf 85' lang='lat' dir='ltr'><strong>perturbaverit.</strong></span> <span class='ocrx_word' id='word_1_322' title='bbox 1779 2676 2000 2743; x_wconf 86' lang='lat' dir='ltr'><strong>Quando</strong></span> <span class='ocrx_word' id='word_1_323' title='bbox 2027 2692 2156 2732; x_wconf 87' lang='lat' dir='ltr'><strong>vero</strong></span> 
     </span>
    </p>
   </div>
   <div class='ocr_carea' id='block_1_43' title="bbox 621 2762 2155 2833">
    <p class='ocr_par' dir='ltr' id='par_1_43' title="bbox 621 2762 2155 2833">
     <span class='ocr_line' id='line_1_43' title="bbox 621 2762 2155 2833; baseline 0.005 -20"><span class='ocrx_word' id='word_1_324' title='bbox 621 2762 778 2816; x_wconf 86' lang='lat' dir='ltr'><strong>amici</strong></span> <span class='ocrx_word' id='word_1_325' title='bbox 806 2763 1154 2830; x_wconf 81' lang='lat' dir='ltr'><strong>advenerunt,</strong></span> <span class='ocrx_word' id='word_1_326' title='bbox 1187 2765 1428 2819; x_wconf 88' lang='lat' dir='ltr'><strong>homines</strong></span> <span class='ocrx_word' id='word_1_327' title='bbox 1466 2765 1596 2833; x_wconf 83' lang='lat' dir='ltr'><strong>justi</strong></span> <span class='ocrx_word' id='word_1_328' title='bbox 1638 2774 1693 2820; x_wconf 93' lang='lat' dir='ltr'><strong>et</strong></span> <span class='ocrx_word' id='word_1_329' title='bbox 1724 2765 2020 2830; x_wconf 83' lang='lat' dir='ltr'><strong>aﬂ‘ectuosi,</strong></span> <span class='ocrx_word' id='word_1_330' title='bbox 2056 2779 2155 2833; x_wconf 91' lang='lat' dir='ltr'><strong>op-</strong></span> 
     </span>
    </p>
   </div>
   <div class='ocr_carea' id='block_1_44' title="bbox 622 2854 2152 2919">
    <p class='ocr_par' dir='ltr' id='par_1_44' title="bbox 622 2854 2152 2919">
     <span class='ocr_line' id='line_1_44' title="bbox 622 2854 2152 2919; baseline 0.003 -16"><span class='ocrx_word' id='word_1_331' title='bbox 622 2861 904 2918; x_wconf 88' lang='lat' dir='ltr'><strong>portunum</strong></span> <span class='ocrx_word' id='word_1_332' title='bbox 934 2855 1224 2907; x_wconf 88' lang='lat' dir='ltr'><strong>arbitratus</strong></span> <span class='ocrx_word' id='word_1_333' title='bbox 1247 2863 1351 2919; x_wconf 87' lang='lat' dir='ltr'><strong>est,</strong></span> <span class='ocrx_word' id='word_1_334' title='bbox 1384 2855 1568 2909; x_wconf 87' lang='lat' dir='ltr'><strong>videns</strong></span> <span class='ocrx_word' id='word_1_335' title='bbox 1593 2869 1776 2910; x_wconf 89' lang='lat' dir='ltr'><strong>eorum</strong></span> <span class='ocrx_word' id='word_1_336' title='bbox 1812 2854 2152 2909; x_wconf 86' lang='lat' dir='ltr'><strong>tolerantiam</strong></span> 
     </span>
    </p>
   </div>
   <div class='ocr_carea' id='block_1_45' title="bbox 619 2942 2153 3014">
    <p class='ocr_par' dir='ltr' id='par_1_45' title="bbox 619 2942 2153 3014">
     <span class='ocr_line' id='line_1_45' title="bbox 619 2942 2153 3014; baseline 0.001 -18"><span class='ocrx_word' id='word_1_337' title='bbox 619 2952 674 2996; x_wconf 92' lang='lat' dir='ltr'><strong>et</strong></span> <span class='ocrx_word' id='word_1_338' title='bbox 725 2942 1064 2998; x_wconf 88' lang='lat' dir='ltr'><strong>dilectionem</strong></span> <span class='ocrx_word' id='word_1_339' title='bbox 1098 2959 1224 3014; x_wconf 77' lang='lat' dir='ltr'><strong>erga</strong></span> <span class='ocrx_word' id='word_1_340' title='bbox 1271 2960 1356 3009; x_wconf 86' lang='lat' dir='ltr'><strong>se,</strong></span> <span class='ocrx_word' id='word_1_341' title='bbox 1390 2959 1647 2999; x_wconf 89' lang='lat' dir='ltr'><strong>enarrare</strong></span> <span class='ocrx_word' id='word_1_342' title='bbox 1694 2954 1856 3013; x_wconf 88' lang='lat' dir='ltr'><strong>atque</strong></span> <span class='ocrx_word' id='word_1_343' title='bbox 1885 2958 2153 3012; x_wconf 66' lang='lat' dir='ltr'><strong>eaponere</strong></span> 
     </span>
    </p>
   </div>
   <div class='ocr_carea' id='block_1_46' title="bbox 616 3032 2152 3102">
    <p class='ocr_par' dir='ltr' id='par_1_46' title="bbox 616 3032 2152 3102">
     <span class='ocr_line' id='line_1_46' title="bbox 616 3032 2152 3102; baseline -0.001 -17"><span class='ocrx_word' id='word_1_344' title='bbox 616 3032 777 3086; x_wconf 91' lang='lat' dir='ltr'><strong>animi</strong></span> <span class='ocrx_word' id='word_1_345' title='bbox 799 3034 880 3087; x_wconf 89' lang='lat' dir='ltr'><strong>sui</strong></span> <span class='ocrx_word' id='word_1_346' title='bbox 907 3033 1142 3096; x_wconf 85' lang='lat' dir='ltr'><strong>dolores.</strong></span> <span class='ocrx_word' id='word_1_347' title='bbox 1177 3034 1402 3102; x_wconf 87' lang='lat' dir='ltr'><strong>illosque</strong></span> <span class='ocrx_word' id='word_1_348' title='bbox 1432 3034 1690 3088; x_wconf 89' lang='lat' dir='ltr'><strong>historice</strong></span> <span class='ocrx_word' id='word_1_349' title='bbox 1717 3032 1918 3086; x_wconf 73' lang='lat' dir='ltr'><strong>referre</strong></span> <span class='ocrx_word' id='word_1_350' title='bbox 1943 3033 2152 3100; x_wconf 79' lang='lat' dir='ltr'><strong>putavit</strong></span> 
     </span>
    </p>
   </div>
   <div class='ocr_carea' id='block_1_47' title="bbox 615 3122 2150 3193">
    <p class='ocr_par' dir='ltr' id='par_1_47' title="bbox 615 3122 2150 3193">
     <span class='ocr_line' id='line_1_47' title="bbox 615 3122 2150 3193; baseline -0.001 -17"><span class='ocrx_word' id='word_1_351' title='bbox 615 3137 734 3178; x_wconf 87' lang='lat' dir='ltr'><strong>esse</strong></span> <span class='ocrx_word' id='word_1_352' title='bbox 757 3123 875 3178; x_wconf 88' lang='lat' dir='ltr'><strong>sine</strong></span> <span class='ocrx_word' id='word_1_353' title='bbox 897 3124 1148 3193; x_wconf 88' lang='lat' dir='ltr'><strong>periculo.</strong></span> <span class='ocrx_word' id='word_1_354' title='bbox 1179 3125 1405 3178; x_wconf 88' lang='lat' dir='ltr'><strong>Unicum</strong></span> <span class='ocrx_word' id='word_1_355' title='bbox 1433 3137 1661 3190; x_wconf 88' lang='lat' dir='ltr'><strong>namque</strong></span> <span class='ocrx_word' id='word_1_356' title='bbox 1687 3132 1801 3176; x_wconf 88' lang='lat' dir='ltr'><strong>erat</strong></span> <span class='ocrx_word' id='word_1_357' title='bbox 1825 3122 2018 3176; x_wconf 85' lang='lat' dir='ltr'><strong>diaboli</strong></span> <span class='ocrx_word' id='word_1_358' title='bbox 2041 3133 2150 3176; x_wconf 88' lang='lat' dir='ltr'><strong>stu-</strong></span> 
     </span>
    </p>
   </div>
   <div class='ocr_carea' id='block_1_48' title="bbox 615 3209 2149 3278">
    <p class='ocr_par' dir='ltr' id='par_1_48' title="bbox 615 3209 2149 3278">
     <span class='ocr_line' id='line_1_48' title="bbox 615 3209 2149 3278; baseline 0.001 -14"><span class='ocrx_word' id='word_1_359' title='bbox 615 3212 781 3275; x_wconf 90' lang='lat' dir='ltr'><strong>dium,</strong></span> <span class='ocrx_word' id='word_1_360' title='bbox 809 3211 1014 3265; x_wconf 88' lang='lat' dir='ltr'><strong>elliccre</strong></span> <span class='ocrx_word' id='word_1_361' title='bbox 1042 3220 1100 3263; x_wconf 90' lang='lat' dir='ltr'><strong>ut</strong></span> <span class='ocrx_word' id='word_1_362' title='bbox 1123 3210 1300 3278; x_wconf 80' lang='lat' dir='ltr'><strong>justus</strong></span> <span class='ocrx_word' id='word_1_363' title='bbox 1329 3211 1428 3263; x_wconf 91' lang='lat' dir='ltr'><strong>iste</strong></span> <span class='ocrx_word' id='word_1_364' title='bbox 1454 3209 1616 3261; x_wconf 90' lang='lat' dir='ltr'><strong>Deum</strong></span> <span class='ocrx_word' id='word_1_365' title='bbox 1646 3210 2058 3277; x_wconf 88' lang='lat' dir='ltr'><strong>blasphemaret.</strong></span> <span class='ocrx_word' id='word_1_366' title='bbox 2082 3212 2149 3265; x_wconf 84' lang='lat' dir='ltr'><strong>At</strong></span> 
     </span>
    </p>
   </div>
   <div class='ocr_carea' id='block_1_49' title="bbox 611 3295 2150 3366">
    <p class='ocr_par' dir='ltr' id='par_1_49' title="bbox 611 3295 2150 3366">
     <span class='ocr_line' id='line_1_49' title="bbox 611 3295 2150 3366; baseline -0.003 -13"><span class='ocrx_word' id='word_1_367' title='bbox 611 3314 738 3353; x_wconf 80' lang='lat' dir='ltr'><strong>vero</strong></span> <span class='ocrx_word' id='word_1_368' title='bbox 763 3298 1060 3350; x_wconf 88' lang='lat' dir='ltr'><strong>nullatenus</strong></span> <span class='ocrx_word' id='word_1_369' title='bbox 1093 3306 1311 3365; x_wconf 88' lang='lat' dir='ltr'><strong>apparet</strong></span> <span class='ocrx_word' id='word_1_370' title='bbox 1347 3310 1466 3348; x_wconf 91' lang='lat' dir='ltr'><strong>eum</strong></span> <span class='ocrx_word' id='word_1_371' title='bbox 1505 3295 1643 3348; x_wconf 90' lang='lat' dir='ltr'><strong>istud</strong></span> <span class='ocrx_word' id='word_1_372' title='bbox 1672 3297 1881 3359; x_wconf 83' lang='lat' dir='ltr'><strong>fecisse,</strong></span> <span class='ocrx_word' id='word_1_373' title='bbox 1906 3298 2033 3366; x_wconf 89' lang='lat' dir='ltr'><strong>quin</strong></span> <span class='ocrx_word' id='word_1_374' title='bbox 2058 3312 2150 3366; x_wconf 83' lang='lat' dir='ltr'><strong>po-</strong></span> 
     </span>
    </p>
   </div>
   <div class='ocr_carea' id='block_1_50' title="bbox 613 3385 2150 3454">
    <p class='ocr_par' dir='ltr' id='par_1_50' title="bbox 613 3385 2150 3454">
     <span class='ocr_line' id='line_1_50' title="bbox 613 3385 2150 3454; baseline 0 -14"><span class='ocrx_word' id='word_1_375' title='bbox 613 3388 718 3440; x_wconf 88' lang='lat' dir='ltr'><strong>tius</strong></span> <span class='ocrx_word' id='word_1_376' title='bbox 743 3385 1077 3440; x_wconf 77' lang='lat' dir='ltr'><strong>benedixisse</strong></span> <span class='ocrx_word' id='word_1_377' title='bbox 1102 3394 1155 3438; x_wconf 88' lang='lat' dir='ltr'><strong>et</strong></span> <span class='ocrx_word' id='word_1_378' title='bbox 1185 3385 1477 3453; x_wconf 83' lang='lat' dir='ltr'><strong>gratiarum</strong></span> <span class='ocrx_word' id='word_1_379' title='bbox 1509 3387 1740 3440; x_wconf 86' lang='lat' dir='ltr'><strong>actionis</strong></span> <span class='ocrx_word' id='word_1_380' title='bbox 1768 3395 1930 3440; x_wconf 85' lang='lat' dir='ltr'><strong>testes</strong></span> <span class='ocrx_word' id='word_1_381' title='bbox 1965 3398 2150 3454; x_wconf 85' lang='lat' dir='ltr'><strong>protu-</strong></span> 
     </span>
    </p>
   </div>
   <div class='ocr_carea' id='block_1_51' title="bbox 610 3473 2149 3537">
    <p class='ocr_par' dir='ltr' id='par_1_51' title="bbox 610 3473 2149 3537">
     <span class='ocr_line' id='line_1_51' title="bbox 610 3473 2149 3537; baseline 0.003 -10"><span class='ocrx_word' id='word_1_382' title='bbox 610 3475 738 3529; x_wconf 87' lang='lat' dir='ltr'><strong>lisse</strong></span> <span class='ocrx_word' id='word_1_383' title='bbox 777 3489 958 3528; x_wconf 83' lang='lat' dir='ltr'><strong>voces.</strong></span> <span class='ocrx_word' id='word_1_384' title='bbox 993 3473 1264 3527; x_wconf 74' lang='lat' dir='ltr'><strong>Maledicit</strong></span> <span class='ocrx_word' id='word_1_385' title='bbox 1310 3482 1486 3527; x_wconf 91' lang='lat' dir='ltr'><strong>autem</strong></span> <span class='ocrx_word' id='word_1_386' title='bbox 1543 3474 1682 3527; x_wconf 89' lang='lat' dir='ltr'><strong>diem</strong></span> <span class='ocrx_word' id='word_1_387' title='bbox 1731 3476 2043 3537; x_wconf 87' lang='lat' dir='ltr'><strong>nativitatis.</strong></span> <span class='ocrx_word' id='word_1_388' title='bbox 2094 3488 2149 3532; x_wconf 89' lang='lat' dir='ltr'><strong>et</strong></span> 
     </span>
    </p>
   </div>
   <div class='ocr_carea' id='block_1_52' title="bbox 610 3562 2148 3630">
    <p class='ocr_par' dir='ltr' id='par_1_52' title="bbox 610 3562 2148 3630">
     <span class='ocr_line' id='line_1_52' title="bbox 610 3562 2148 3630; baseline 0.001 -13"><span class='ocrx_word' id='word_1_389' title='bbox 610 3571 838 3617; x_wconf 89' lang='lat' dir='ltr'><strong>mortem</strong></span> <span class='ocrx_word' id='word_1_390' title='bbox 884 3562 1187 3624; x_wconf 83' lang='lat' dir='ltr'><strong>desiderat,</strong></span> <span class='ocrx_word' id='word_1_391' title='bbox 1235 3571 1449 3630; x_wconf 90' lang='lat' dir='ltr'><strong>propter</strong></span> <span class='ocrx_word' id='word_1_392' title='bbox 1489 3564 1732 3630; x_wconf 91' lang='lat' dir='ltr'><strong>superius</strong></span> <span class='ocrx_word' id='word_1_393' title='bbox 1763 3565 1951 3618; x_wconf 84' lang='lat' dir='ltr'><strong>allatas</strong></span> <span class='ocrx_word' id='word_1_394' title='bbox 1983 3567 2148 3620; x_wconf 89' lang='lat' dir='ltr'><strong>ratio-</strong></span> 
     </span>
    </p>
   </div>
   <div class='ocr_carea' id='block_1_53' title="bbox 609 3651 2143 3725">
    <p class='ocr_par' dir='ltr' id='par_1_53' title="bbox 609 3651 2143 3725">
     <span class='ocr_line' id='line_1_53' title="bbox 609 3651 2143 3725; baseline 0.003 -19"><span class='ocrx_word' id='word_1_395' title='bbox 609 3668 724 3708; x_wconf 86' lang='lat' dir='ltr'><strong>nes.</strong></span> <span class='ocrx_word' id='word_1_396' title='bbox 745 3651 813 3705; x_wconf 82' lang='lat' dir='ltr'><strong>At</strong></span> <span class='ocrx_word' id='word_1_397' title='bbox 843 3653 999 3706; x_wconf 87' lang='lat' dir='ltr'><strong>rebus</strong></span> <span class='ocrx_word' id='word_1_398' title='bbox 1040 3653 1107 3706; x_wconf 90' lang='lat' dir='ltr'><strong>ad</strong></span> <span class='ocrx_word' id='word_1_399' title='bbox 1140 3661 1373 3706; x_wconf 88' lang='lat' dir='ltr'><strong>mentem</strong></span> <span class='ocrx_word' id='word_1_400' title='bbox 1404 3652 1608 3715; x_wconf 84' lang='lat' dir='ltr'><strong>relatis.</strong></span> <span class='ocrx_word' id='word_1_401' title='bbox 1649 3655 1903 3723; x_wconf 86' lang='lat' dir='ltr'><strong>mysteria</strong></span> <span class='ocrx_word' id='word_1_402' title='bbox 1938 3655 2113 3725; x_wconf 87' lang='lat' dir='ltr'><strong>eloqui</strong></span> <span class='ocrx_word' id='word_1_403' title='bbox 2126 3687 2143 3698; x_wconf 62' lang='grc' dir='ltr'><strong><em>η</em></strong></span> 
     </span>
    </p>
   </div>
   <div class='ocr_carea' id='block_1_54' title="bbox 608 3742 2140 3812">
    <p class='ocr_par' dir='ltr' id='par_1_54' title="bbox 608 3742 2140 3812">
     <span class='ocr_line' id='line_1_54' title="bbox 608 3742 2140 3812; baseline 0.003 -17"><span class='ocrx_word' id='word_1_404' title='bbox 608 3753 734 3796; x_wconf 88' lang='lat' dir='ltr'><strong>tur:</strong></span> <span class='ocrx_word' id='word_1_405' title='bbox 766 3751 820 3796; x_wconf 91' lang='lat' dir='ltr'><strong>et</strong></span> <span class='ocrx_word' id='word_1_406' title='bbox 869 3742 934 3795; x_wconf 89' lang='lat' dir='ltr'><strong>de</strong></span> <span class='ocrx_word' id='word_1_407' title='bbox 982 3742 1047 3796; x_wconf 91' lang='lat' dir='ltr'><strong>iis</strong></span> <span class='ocrx_word' id='word_1_408' title='bbox 1079 3743 1295 3810; x_wconf 90' lang='lat' dir='ltr'><strong>quidem</strong></span> <span class='ocrx_word' id='word_1_409' title='bbox 1336 3757 1457 3810; x_wconf 63' lang='lat' dir='ltr'><strong>quae</strong></span> <span class='ocrx_word' id='word_1_410' title='bbox 1495 3742 1603 3810; x_wconf 88' lang='lat' dir='ltr'><strong>jam</strong></span> <span class='ocrx_word' id='word_1_411' title='bbox 1649 3753 1808 3798; x_wconf 89' lang='lat' dir='ltr'><strong>antea</strong></span> <span class='ocrx_word' id='word_1_412' title='bbox 1832 3758 2140 3812; x_wconf 85' lang='lat' dir='ltr'><strong>evenerant,</strong></span> 
     </span>
    </p>
   </div>
   <div class='ocr_carea' id='block_1_55' title="bbox 605 3831 2138 3899">
    <p class='ocr_par' dir='ltr' id='par_1_55' title="bbox 605 3831 2138 3899">
     <span class='ocr_line' id='line_1_55' title="bbox 605 3831 2138 3899; baseline 0.004 -14"><span class='ocrx_word' id='word_1_413' title='bbox 605 3832 1042 3899; x_wconf 83' lang='lat' dir='ltr'><strong>philosOphatur;</strong></span> <span class='ocrx_word' id='word_1_414' title='bbox 1093 3833 1157 3886; x_wconf 90' lang='lat' dir='ltr'><strong>de</strong></span> <span class='ocrx_word' id='word_1_415' title='bbox 1207 3831 1406 3886; x_wconf 84' lang='lat' dir='ltr'><strong>futuris</strong></span> <span class='ocrx_word' id='word_1_416' title='bbox 1462 3847 1587 3887; x_wconf 88' lang='lat' dir='ltr'><strong>vero</strong></span> <span class='ocrx_word' id='word_1_417' title='bbox 1641 3834 1902 3888; x_wconf 87' lang='lat' dir='ltr'><strong>certiores</strong></span> <span class='ocrx_word' id='word_1_418' title='bbox 1945 3837 2138 3892; x_wconf 89' lang='lat' dir='ltr'><strong>reddit.</strong></span> 
     </span>
    </p>
   </div>
   <div class='ocr_carea' id='block_1_56' title="bbox 606 3921 2140 3994">
    <p class='ocr_par' dir='ltr' id='par_1_56' title="bbox 606 3921 2140 3994">
     <span class='ocr_line' id='line_1_56' title="bbox 606 3921 2140 3994; baseline 0.003 -20"><span class='ocrx_word' id='word_1_419' title='bbox 606 3921 913 3990; x_wconf 84' lang='lat' dir='ltr'><strong>Hujusmodi</strong></span> <span class='ocrx_word' id='word_1_420' title='bbox 957 3923 1100 3976; x_wconf 90' lang='lat' dir='ltr'><strong>enim</strong></span> <span class='ocrx_word' id='word_1_421' title='bbox 1130 3938 1341 3991; x_wconf 88' lang='lat' dir='ltr'><strong>semper</strong></span> <span class='ocrx_word' id='word_1_422' title='bbox 1363 3933 1490 3977; x_wconf 88' lang='lat' dir='ltr'><strong>sunt</strong></span> <span class='ocrx_word' id='word_1_423' title='bbox 1518 3933 1822 3978; x_wconf 86' lang='lat' dir='ltr'><strong>sanctorum</strong></span> <span class='ocrx_word' id='word_1_424' title='bbox 1851 3927 2140 3994; x_wconf 87' lang='lat' dir='ltr'><strong>propheta-</strong></span> 
     </span>
    </p>
   </div>
   <div class='ocr_carea' id='block_1_57' title="bbox 604 4011 2141 4080">
    <p class='ocr_par' dir='ltr' id='par_1_57' title="bbox 604 4011 2141 4080">
     <span class='ocr_line' id='line_1_57' title="bbox 604 4011 2141 4080; baseline 0.003 -16"><span class='ocrx_word' id='word_1_425' title='bbox 604 4026 720 4068; x_wconf 86' lang='lat' dir='ltr'><strong>rum</strong></span> <span class='ocrx_word' id='word_1_426' title='bbox 758 4011 918 4064; x_wconf 89' lang='lat' dir='ltr'><strong>dicta.</strong></span> <span class='ocrx_word' id='word_1_427' title='bbox 951 4011 1030 4064; x_wconf 82' lang='lat' dir='ltr'><strong>Ad</strong></span> <span class='ocrx_word' id='word_1_428' title='bbox 1055 4012 1166 4080; x_wconf 87' lang='lat' dir='ltr'><strong>ipsa</strong></span> <span class='ocrx_word' id='word_1_429' title='bbox 1207 4012 1369 4080; x_wconf 80' lang='lat' dir='ltr'><strong>igitur</strong></span> <span class='ocrx_word' id='word_1_430' title='bbox 1406 4015 1565 4067; x_wconf 88' lang='lat' dir='ltr'><strong>verba</strong></span> <span class='ocrx_word' id='word_1_431' title='bbox 1599 4016 1937 4076; x_wconf 87' lang='lat' dir='ltr'><strong>accedentes,</strong></span> <span class='ocrx_word' id='word_1_432' title='bbox 1966 4017 2141 4069; x_wconf 87' lang='lat' dir='ltr'><strong>decla-</strong></span> 
     </span>
    </p>
   </div>
   <div class='ocr_carea' id='block_1_58' title="bbox 606 4103 2140 4170">
    <p class='ocr_par' dir='ltr' id='par_1_58' title="bbox 606 4103 2140 4170">
     <span class='ocr_line' id='line_1_58' title="bbox 606 4103 2140 4170; baseline 0.005 -17"><span class='ocrx_word' id='word_1_433' title='bbox 606 4116 782 4156; x_wconf 88' lang='lat' dir='ltr'><strong>remus</strong></span> <span class='ocrx_word' id='word_1_434' title='bbox 815 4116 1029 4158; x_wconf 88' lang='lat' dir='ltr'><strong>sensum</strong></span> <span class='ocrx_word' id='word_1_435' title='bbox 1072 4117 1279 4166; x_wconf 88' lang='lat' dir='ltr'><strong>eorum,</strong></span> <span class='ocrx_word' id='word_1_436' title='bbox 1305 4117 1370 4156; x_wconf 92' lang='lat' dir='ltr'><strong>eo</strong></span> <span class='ocrx_word' id='word_1_437' title='bbox 1415 4103 1480 4156; x_wconf 88' lang='lat' dir='ltr'><strong>ad</strong></span> <span class='ocrx_word' id='word_1_438' title='bbox 1521 4103 2010 4170; x_wconf 86' lang='lat' dir='ltr'><strong>interpretationem</strong></span> <span class='ocrx_word' id='word_1_439' title='bbox 2043 4122 2140 4161; x_wconf 90' lang='lat' dir='ltr'><strong>nos</strong></span> 
     </span>
    </p>
   </div>
   <div class='ocr_carea' id='block_1_59' title="bbox 603 4191 2138 4260">
    <p class='ocr_par' dir='ltr' id='par_1_59' title="bbox 603 4191 2138 4260">
     <span class='ocr_line' id='line_1_59' title="bbox 603 4191 2138 4260; baseline 0.004 -16"><span class='ocrx_word' id='word_1_440' title='bbox 603 4191 919 4257; x_wconf 87' lang='lat' dir='ltr'><strong>deducente,</strong></span> <span class='ocrx_word' id='word_1_441' title='bbox 967 4192 1056 4260; x_wconf 83' lang='lat' dir='ltr'><strong>qui</strong></span> <span class='ocrx_word' id='word_1_442' title='bbox 1108 4201 1350 4246; x_wconf 89' lang='lat' dir='ltr'><strong>sanctum</strong></span> <span class='ocrx_word' id='word_1_443' title='bbox 1401 4192 1561 4245; x_wconf 90' lang='lat' dir='ltr'><strong>etiam</strong></span> <span class='ocrx_word' id='word_1_444' title='bbox 1607 4191 1707 4246; x_wconf 78' lang='lat' dir='ltr'><strong>Job</strong></span> <span class='ocrx_word' id='word_1_445' title='bbox 1738 4192 1807 4244; x_wconf 88' lang='lat' dir='ltr'><strong>ad</strong></span> <span class='ocrx_word' id='word_1_446' title='bbox 1845 4195 2138 4250; x_wconf 76' lang='lat' dir='ltr'><strong>certamina</strong></span> 
     </span>
    </p>
   </div>
   <div class='ocr_carea' id='block_1_60' title="bbox 601 4278 894 4334">
    <p class='ocr_par' dir='ltr' id='par_1_60' title="bbox 601 4278 894 4334">
     <span class='ocr_line' id='line_1_60' title="bbox 601 4278 894 4334; baseline 0.003 -3"><span class='ocrx_word' id='word_1_447' title='bbox 601 4278 894 4334; x_wconf 84' lang='lat' dir='ltr'><strong>roboravit.</strong></span> 
     </span>
    </p>
   </div>
   <div class='ocr_carea' id='block_1_61' title="bbox 834 4369 1908 4439">
    <p class='ocr_par' dir='ltr' id='par_1_61' title="bbox 834 4369 1908 4439">
     <span class='ocr_line' id='line_1_61' title="bbox 834 4369 1908 4439; baseline 0.002 -17"><span class='ocrx_word' id='word_1_448' title='bbox 834 4369 896 4422; x_wconf 73' lang='grc' dir='ltr'><strong>γ.</strong></span> <span class='ocrx_word' id='word_1_449' title='bbox 935 4369 983 4422; x_wconf 81' lang='lat' dir='ltr'><strong>l.</strong></span> <span class='ocrx_word' id='word_1_450' title='bbox 1020 4369 1143 4422; x_wconf 73' lang='lat' dir='ltr'><strong>Post</strong></span> <span class='ocrx_word' id='word_1_451' title='bbox 1176 4372 1270 4423; x_wconf 84' lang='lat' dir='ltr'><strong>hoc</strong></span> <span class='ocrx_word' id='word_1_452' title='bbox 1299 4370 1501 4439; x_wconf 77' lang='lat' dir='ltr'><strong>aperuit</strong></span> <span class='ocrx_word' id='word_1_453' title='bbox 1530 4370 1630 4424; x_wconf 84' lang='lat' dir='ltr'><strong>Job</strong></span> <span class='ocrx_word' id='word_1_454' title='bbox 1657 4386 1712 4423; x_wconf 74' lang='grc' dir='ltr'><strong>οι</strong></span> <span class='ocrx_word' id='word_1_455' title='bbox 1736 4388 1908 4424; x_wconf 72' lang='lat' dir='ltr'><strong>natm.</strong></span> 
     </span>
    </p>
   </div>
   <div class='ocr_carea' id='block_1_62' title="bbox 667 4457 2206 4532">
    <p class='ocr_par' dir='ltr' id='par_1_62' title="bbox 667 4457 2206 4532">
     <span class='ocr_line' id='line_1_62' title="bbox 667 4457 2206 4532; baseline 0.003 -22"><span class='ocrx_word' id='word_1_456' title='bbox 667 4457 800 4525; x_wconf 85' lang='lat' dir='ltr'><strong>Quia</strong></span> <span class='ocrx_word' id='word_1_457' title='bbox 825 4459 1000 4528; x_wconf 82' lang='lat' dir='ltr'><strong>justus</strong></span> <span class='ocrx_word' id='word_1_458' title='bbox 1026 4473 1087 4512; x_wconf 87' lang='lat' dir='ltr'><strong>os</strong></span> <span class='ocrx_word' id='word_1_459' title='bbox 1116 4461 1310 4528; x_wconf 90' lang='lat' dir='ltr'><strong>aperit,</strong></span> <span class='ocrx_word' id='word_1_460' title='bbox 1353 4474 1457 4512; x_wconf 89' lang='lat' dir='ltr'><strong>non</strong></span> <span class='ocrx_word' id='word_1_461' title='bbox 1496 4461 1950 4514; x_wconf 86' lang='lat' dir='ltr'><strong>inconsideranter</strong></span> <span class='ocrx_word' id='word_1_462' title='bbox 1976 4475 2133 4529; x_wconf 86' lang='lat' dir='ltr'><strong>opor-</strong></span> <span class='ocrx_word' id='word_1_463' title='bbox 2162 4478 2206 4532; x_wconf 76' lang='grc' dir='ltr'><strong>ι)</strong></span> 
     </span>
    </p>
   </div>
   <div class='ocr_carea' id='block_1_63' title="bbox 600 4547 2130 4615">
    <p class='ocr_par' dir='ltr' id='par_1_63' title="bbox 600 4547 2130 4615">
     <span class='ocr_line' id='line_1_63' title="bbox 600 4547 2130 4615; baseline 0.002 -15"><span class='ocrx_word' id='word_1_464' title='bbox 600 4557 676 4602; x_wconf 90' lang='lat' dir='ltr'><strong>tet</strong></span> <span class='ocrx_word' id='word_1_465' title='bbox 705 4548 939 4600; x_wconf 87' lang='lat' dir='ltr'><strong>animum</strong></span> <span class='ocrx_word' id='word_1_466' title='bbox 973 4547 1037 4600; x_wconf 90' lang='lat' dir='ltr'><strong>iis</strong></span> <span class='ocrx_word' id='word_1_467' title='bbox 1066 4562 1183 4614; x_wconf 81' lang='lat' dir='ltr'><strong>quae</strong></span> <span class='ocrx_word' id='word_1_468' title='bbox 1207 4549 1460 4602; x_wconf 88' lang='lat' dir='ltr'><strong>dicuntur</strong></span> <span class='ocrx_word' id='word_1_469' title='bbox 1484 4549 1787 4612; x_wconf 85' lang='lat' dir='ltr'><strong>advertere,</strong></span> <span class='ocrx_word' id='word_1_470' title='bbox 1819 4550 1908 4602; x_wconf 83' lang='lat' dir='ltr'><strong>sed</strong></span> <span class='ocrx_word' id='word_1_471' title='bbox 1951 4552 2130 4615; x_wconf 89' lang='lat' dir='ltr'><strong>requi-</strong></span> 
     </span>
    </p>
   </div>
   <div class='ocr_carea' id='block_1_64' title="bbox 2261 1959 3786 2034">
    <p class='ocr_par' dir='ltr' id='par_1_64' title="bbox 2261 1959 3786 2034">
     <span class='ocr_line' id='line_1_64' title="bbox 2261 1959 3786 2034; baseline -0.002 -18"><span class='ocrx_word' id='word_1_472' title='bbox 2261 1965 2424 2017; x_wconf 86' lang='grc' dir='ltr'>Θεοῦ·</span> <span class='ocrx_word' id='word_1_473' title='bbox 2474 1966 2565 2017; x_wconf 76' lang='grc' dir='ltr'>καὶ</span> <span class='ocrx_word' id='word_1_474' title='bbox 2607 1963 2858 2034; x_wconf 84' lang='grc' dir='ltr'>μυριάκις</span> <span class='ocrx_word' id='word_1_475' title='bbox 2898 1963 3131 2031; x_wconf 87' lang='grc' dir='ltr'>αἱρεῖται</span> <span class='ocrx_word' id='word_1_476' title='bbox 3170 1963 3260 2015; x_wconf 80' lang='grc' dir='ltr'>τὸν</span> <span class='ocrx_word' id='word_1_477' title='bbox 3314 1960 3556 2026; x_wconf 89' lang='grc' dir='ltr'>θάνατον,</span> <span class='ocrx_word' id='word_1_478' title='bbox 3593 1959 3626 2030; x_wconf 75' lang='grc' dir='ltr'>ἢ</span> <span class='ocrx_word' id='word_1_479' title='bbox 3663 1960 3786 2030; x_wconf 78' lang='grc' dir='ltr'><strong>μετά</strong></span> 
     </span>
    </p>
   </div>
   <div class='ocr_carea' id='block_1_65' title="bbox 2258 2051 3784 2125">
    <p class='ocr_par' dir='ltr' id='par_1_65' title="bbox 2258 2051 3784 2125">
     <span class='ocr_line' id='line_1_65' title="bbox 2258 2051 3784 2125; baseline -0.005 -17"><span class='ocrx_word' id='word_1_480' title='bbox 2258 2055 2558 2125; x_wconf 83' lang='grc' dir='ltr'>ἀλγηδόνων</span> <span class='ocrx_word' id='word_1_481' title='bbox 2579 2055 2669 2107; x_wconf 76' lang='grc' dir='ltr'>καὶ</span> <span class='ocrx_word' id='word_1_482' title='bbox 2687 2053 2937 2124; x_wconf 80' lang='grc' dir='ltr'>τοιαύτης</span> <span class='ocrx_word' id='word_1_483' title='bbox 2964 2053 3197 2122; x_wconf 78' lang='grc' dir='ltr'>ὑποψίας</span> <span class='ocrx_word' id='word_1_484' title='bbox 3241 2053 3353 2114; x_wconf 79' lang='grc' dir='ltr'>τοῖς</span> <span class='ocrx_word' id='word_1_485' title='bbox 3380 2051 3541 2115; x_wconf 82' lang='grc' dir='ltr'>ζῶσιν</span> <span class='ocrx_word' id='word_1_486' title='bbox 3575 2051 3784 2118; x_wconf 78' lang='grc' dir='ltr'>ἐγκατα-</span> 
     </span>
    </p>
   </div>
   <div class='ocr_carea' id='block_1_66' title="bbox 2257 2137 3785 2216">
    <p class='ocr_par' dir='ltr' id='par_1_66' title="bbox 2257 2137 3785 2216">
     <span class='ocr_line' id='line_1_66' title="bbox 2257 2137 3785 2216; baseline -0.005 -19"><span class='ocrx_word' id='word_1_487' title='bbox 2257 2143 2523 2212; x_wconf 88' lang='grc' dir='ltr'>λέγεσθαι.</span> <span class='ocrx_word' id='word_1_488' title='bbox 2565 2145 2684 2196; x_wconf 76' lang='grc' dir='ltr'><strong>Ἐπὶ</strong></span> <span class='ocrx_word' id='word_1_489' title='bbox 2728 2143 2824 2216; x_wconf 80' lang='grc' dir='ltr'>μὲν</span> <span class='ocrx_word' id='word_1_490' title='bbox 2863 2139 2954 2196; x_wconf 81' lang='grc' dir='ltr'><strong>οῦν</strong></span> <span class='ocrx_word' id='word_1_491' title='bbox 2982 2146 3050 2214; x_wconf 82' lang='grc' dir='ltr'><strong>τῇ</strong></span> <span class='ocrx_word' id='word_1_492' title='bbox 3084 2142 3192 2195; x_wconf 86' lang='grc' dir='ltr'><strong>τῶν</strong></span> <span class='ocrx_word' id='word_1_493' title='bbox 3234 2141 3522 2210; x_wconf 80' lang='grc' dir='ltr'>κτημάτων</span> <span class='ocrx_word' id='word_1_494' title='bbox 3560 2137 3785 2208; x_wconf 74' lang='grc' dir='ltr'>ἀπωλείᾳ</span> 
     </span>
    </p>
   </div>
   <div class='ocr_carea' id='block_1_67' title="bbox 2259 2231 3784 2305">
    <p class='ocr_par' dir='ltr' id='par_1_67' title="bbox 2259 2231 3784 2305">
     <span class='ocr_line' id='line_1_67' title="bbox 2259 2231 3784 2305; baseline -0.004 -17"><span class='ocrx_word' id='word_1_495' title='bbox 2259 2237 2349 2288; x_wconf 78' lang='grc' dir='ltr'>καὶ</span> <span class='ocrx_word' id='word_1_496' title='bbox 2386 2237 2451 2305; x_wconf 83' lang='grc' dir='ltr'><strong>τῇ</strong></span> <span class='ocrx_word' id='word_1_497' title='bbox 2491 2235 2596 2288; x_wconf 88' lang='grc' dir='ltr'><strong>τῶν</strong></span> <span class='ocrx_word' id='word_1_498' title='bbox 2626 2234 2824 2286; x_wconf 83' lang='grc' dir='ltr'>παίδων</span> <span class='ocrx_word' id='word_1_499' title='bbox 2859 2233 3030 2304; x_wconf 79' lang='grc' dir='ltr'>ἀθρόᾳ</span> <span class='ocrx_word' id='word_1_500' title='bbox 3063 2233 3284 2303; x_wconf 83' lang='grc' dir='ltr'>τελευτῇ</span> <span class='ocrx_word' id='word_1_501' title='bbox 3321 2232 3434 2294; x_wconf 80' lang='grc' dir='ltr'>οἵας</span> <span class='ocrx_word' id='word_1_502' title='bbox 3479 2231 3650 2300; x_wconf 79' lang='grc' dir='ltr'>ἀφῆκε</span> <span class='ocrx_word' id='word_1_503' title='bbox 3693 2247 3784 2298; x_wconf 85' lang='grc' dir='ltr'><strong>χα-</strong></span> 
     </span>
    </p>
   </div>
   <div class='ocr_carea' id='block_1_68' title="bbox 2260 2321 3784 2396">
    <p class='ocr_par' dir='ltr' id='par_1_68' title="bbox 2260 2321 3784 2396">
     <span class='ocr_line' id='line_1_68' title="bbox 2260 2321 3784 2396; baseline -0.003 -20"><span class='ocrx_word' id='word_1_504' title='bbox 2260 2326 2558 2396; x_wconf 88' lang='grc' dir='ltr'>ριστηρίους</span> <span class='ocrx_word' id='word_1_505' title='bbox 2582 2324 2758 2394; x_wconf 81' lang='grc' dir='ltr'>φωνάς</span> <span class='ocrx_word' id='word_1_506' title='bbox 2792 2323 3122 2394; x_wconf 82' lang='grc' dir='ltr'>ἠκούσαμεν,</span> <span class='ocrx_word' id='word_1_507' title='bbox 3154 2324 3247 2376; x_wconf 68' lang='grc' dir='ltr'><strong>κα)⁵</strong></span> <span class='ocrx_word' id='word_1_508' title='bbox 3282 2324 3427 2385; x_wconf 84' lang='grc' dir='ltr'>ὅπως</span> <span class='ocrx_word' id='word_1_509' title='bbox 3454 2321 3547 2392; x_wconf 76' lang='grc' dir='ltr'>τὴν</span> <span class='ocrx_word' id='word_1_510' title='bbox 3572 2321 3784 2389; x_wconf 85' lang='grc' dir='ltr'>γυναῖκα</span> 
     </span>
    </p>
   </div>
   <div class='ocr_carea' id='block_1_69' title="bbox 2255 2411 3787 2486">
    <p class='ocr_par' dir='ltr' id='par_1_69' title="bbox 2255 2411 3787 2486">
     <span class='ocr_line' id='line_1_69' title="bbox 2255 2411 3787 2486; baseline -0.003 -21"><span class='ocrx_word' id='word_1_511' title='bbox 2255 2413 2621 2478; x_wconf 82' lang='grc' dir='ltr'>έξεπαίδευσεν</span> <span class='ocrx_word' id='word_1_512' title='bbox 2649 2414 2888 2486; x_wconf 88' lang='grc' dir='ltr'>ἀπρεπές</span> <span class='ocrx_word' id='word_1_513' title='bbox 2911 2431 2962 2466; x_wconf 87' lang='grc' dir='ltr'><strong>τι</strong></span> <span class='ocrx_word' id='word_1_514' title='bbox 2991 2413 3120 2484; x_wconf 70' lang='grc' dir='ltr'>περ).</span> <span class='ocrx_word' id='word_1_515' title='bbox 3150 2411 3244 2465; x_wconf 91' lang='grc' dir='ltr'><strong>τοῦ</strong></span> <span class='ocrx_word' id='word_1_516' title='bbox 3297 2412 3561 2465; x_wconf 87' lang='grc' dir='ltr'>Δεσπότου</span> <span class='ocrx_word' id='word_1_517' title='bbox 3590 2411 3787 2478; x_wconf 90' lang='grc' dir='ltr'>λογισα-</span> 
     </span>
    </p>
   </div>
   <div class='ocr_carea' id='block_1_70' title="bbox 2259 2498 3784 2574">
    <p class='ocr_par' dir='ltr' id='par_1_70' title="bbox 2259 2498 3784 2574">
     <span class='ocr_line' id='line_1_70' title="bbox 2259 2498 3784 2574; baseline -0.005 -16"><span class='ocrx_word' id='word_1_518' title='bbox 2259 2506 2443 2574; x_wconf 85' lang='grc' dir='ltr'>μένην,</span> <span class='ocrx_word' id='word_1_519' title='bbox 2473 2505 2564 2557; x_wconf 73' lang='grc' dir='ltr'><strong>καὶ</strong></span> <span class='ocrx_word' id='word_1_520' title='bbox 2588 2508 2711 2558; x_wconf 87' lang='grc' dir='ltr'>ποῖα</span> <span class='ocrx_word' id='word_1_521' title='bbox 2746 2504 2880 2574; x_wconf 82' lang='grc' dir='ltr'>μετὰ</span> <span class='ocrx_word' id='word_1_522' title='bbox 2907 2507 3102 2574; x_wconf 88' lang='grc' dir='ltr'>πεῖραν</span> <span class='ocrx_word' id='word_1_523' title='bbox 3133 2504 3227 2556; x_wconf 74' lang='grc' dir='ltr'>καὶ</span> <span class='ocrx_word' id='word_1_524' title='bbox 3260 2503 3595 2567; x_wconf 80' lang='grc' dir='ltr'>ὲξουδένωσιν</span> <span class='ocrx_word' id='word_1_525' title='bbox 3623 2500 3712 2554; x_wconf 69' lang='grc' dir='ltr'>καὶ</span> <span class='ocrx_word' id='word_1_526' title='bbox 3732 2498 3784 2551; x_wconf 87' lang='lat' dir='ltr'><strong>rb</strong></span> 
     </span>
    </p>
   </div>
   <div class='ocr_carea' id='block_1_71' title="bbox 2252 2591 3786 2665">
    <p class='ocr_par' dir='ltr' id='par_1_71' title="bbox 2252 2591 3786 2665">
     <span class='ocr_line' id='line_1_71' title="bbox 2252 2591 3786 2665; baseline -0.005 -18"><span class='ocrx_word' id='word_1_527' title='bbox 2252 2596 2412 2665; x_wconf 79' lang='grc' dir='ltr'>δριμὺ</span> <span class='ocrx_word' id='word_1_528' title='bbox 2440 2594 2606 2656; x_wconf 87' lang='grc' dir='ltr'>πάθος</span> <span class='ocrx_word' id='word_1_529' title='bbox 2631 2594 2943 2663; x_wconf 82' lang='grc' dir='ltr'>ἐφθέγξατο,</span> <span class='ocrx_word' id='word_1_530' title='bbox 2976 2595 3076 2647; x_wconf 71' lang='grc' dir='ltr'>καὶ</span> <span class='ocrx_word' id='word_1_531' title='bbox 3102 2595 3176 2657; x_wconf 87' lang='grc' dir='ltr'><strong>ὡς</strong></span> <span class='ocrx_word' id='word_1_532' title='bbox 3212 2594 3361 2646; x_wconf 85' lang='grc' dir='ltr'>οὐδὲν</span> <span class='ocrx_word' id='word_1_533' title='bbox 3393 2592 3548 2646; x_wconf 73' lang='grc' dir='ltr'>αὐτὸν</span> <span class='ocrx_word' id='word_1_534' title='bbox 3580 2591 3682 2644; x_wconf 89' lang='grc' dir='ltr'><strong>τῶν</strong></span> <span class='ocrx_word' id='word_1_535' title='bbox 3704 2591 3786 2642; x_wconf 86' lang='grc' dir='ltr'>ἀν-</span> 
     </span>
    </p>
   </div>
   <div class='ocr_carea' id='block_1_72' title="bbox 2253 2676 3786 2756">
    <p class='ocr_par' dir='ltr' id='par_1_72' title="bbox 2253 2676 3786 2756">
     <span class='ocr_line' id='line_1_72' title="bbox 2253 2676 3786 2756; baseline -0.005 -20"><span class='ocrx_word' id='word_1_536' title='bbox 2253 2684 2530 2755; x_wconf 85' lang='grc' dir='ltr'>θρωπίνων</span> <span class='ocrx_word' id='word_1_537' title='bbox 2568 2684 2975 2753; x_wconf 85' lang='grc' dir='ltr'>συμπτωμάτων</span> <span class='ocrx_word' id='word_1_538' title='bbox 3002 2684 3413 2756; x_wconf 78' lang='grc' dir='ltr'>διεθορύϐησενο</span> <span class='ocrx_word' id='word_1_539' title='bbox 3442 2683 3515 2745; x_wconf 88' lang='grc' dir='ltr'><strong>ὡς</strong></span> <span class='ocrx_word' id='word_1_540' title='bbox 3545 2681 3599 2734; x_wconf 88' lang='grc' dir='ltr'>δὲ</span> <span class='ocrx_word' id='word_1_541' title='bbox 3625 2680 3672 2733; x_wconf 92' lang='grc' dir='ltr'><strong>οί</strong></span> <span class='ocrx_word' id='word_1_542' title='bbox 3707 2676 3786 2748; x_wconf 89' lang='grc' dir='ltr'>φί-</span> 
     </span>
    </p>
   </div>
   <div class='ocr_carea' id='block_1_73' title="bbox 2249 2765 3786 2842">
    <p class='ocr_par' dir='ltr' id='par_1_73' title="bbox 2249 2765 3786 2842">
     <span class='ocr_line' id='line_1_73' title="bbox 2249 2765 3786 2842; baseline -0.002 -20"><span class='ocrx_word' id='word_1_543' title='bbox 2249 2769 2330 2824; x_wconf 89' lang='grc' dir='ltr'><strong>λοι</strong></span> <span class='ocrx_word' id='word_1_544' title='bbox 2371 2772 2720 2841; x_wconf 82' lang='grc' dir='ltr'>παρεγένοντο</span> <span class='ocrx_word' id='word_1_545' title='bbox 2752 2772 2941 2842; x_wconf 78' lang='grc' dir='ltr'>ἄνδρες</span> <span class='ocrx_word' id='word_1_546' title='bbox 2974 2773 3181 2826; x_wconf 85' lang='grc' dir='ltr'>δίκαιοι</span> <span class='ocrx_word' id='word_1_547' title='bbox 3222 2774 3316 2826; x_wconf 72' lang='grc' dir='ltr'>καὶ</span> <span class='ocrx_word' id='word_1_548' title='bbox 3354 2770 3664 2842; x_wconf 85' lang='grc' dir='ltr'>συμπαθεῖς,</span> <span class='ocrx_word' id='word_1_549' title='bbox 3705 2765 3786 2820; x_wconf 77' lang='grc' dir='ltr'>εῦ-</span> 
     </span>
    </p>
   </div>
   <div class='ocr_carea' id='block_1_74' title="bbox 2251 2853 3784 2930">
    <p class='ocr_par' dir='ltr' id='par_1_74' title="bbox 2251 2853 3784 2930">
     <span class='ocr_line' id='line_1_74' title="bbox 2251 2853 3784 2930; baseline -0.003 -20"><span class='ocrx_word' id='word_1_550' title='bbox 2251 2874 2436 2927; x_wconf 76' lang='grc' dir='ltr'>καιρον</span> <span class='ocrx_word' id='word_1_551' title='bbox 2476 2857 2646 2927; x_wconf 81' lang='grc' dir='ltr'>ᾠήθη,</span> <span class='ocrx_word' id='word_1_552' title='bbox 2682 2857 2894 2928; x_wconf 85' lang='grc' dir='ltr'>θεωρῶν</span> <span class='ocrx_word' id='word_1_553' title='bbox 2924 2859 3112 2912; x_wconf 79' lang='grc' dir='ltr'>αὐτῶν</span> <span class='ocrx_word' id='word_1_554' title='bbox 3144 2859 3241 2930; x_wconf 82' lang='grc' dir='ltr'>τὴν</span> <span class='ocrx_word' id='word_1_555' title='bbox 3271 2857 3540 2928; x_wconf 73' lang='grc' dir='ltr'>ὑπομονὴν</span> <span class='ocrx_word' id='word_1_556' title='bbox 3577 2856 3663 2909; x_wconf 80' lang='grc' dir='ltr'><strong>καὶ</strong></span> <span class='ocrx_word' id='word_1_557' title='bbox 3696 2853 3784 2922; x_wconf 78' lang='grc' dir='ltr'><strong>τὴν</strong></span> 
     </span>
    </p>
   </div>
   <div class='ocr_carea' id='block_1_75' title="bbox 2249 2943 3783 3019">
    <p class='ocr_par' dir='ltr' id='par_1_75' title="bbox 2249 2943 3783 3019">
     <span class='ocr_line' id='line_1_75' title="bbox 2249 2943 3783 3019; baseline -0.003 -19"><span class='ocrx_word' id='word_1_558' title='bbox 2249 2947 2461 3015; x_wconf 80' lang='grc' dir='ltr'>ἀγάπην</span> <span class='ocrx_word' id='word_1_559' title='bbox 2489 2947 2573 2998; x_wconf 81' lang='grc' dir='ltr'><strong>ἐπ’</strong></span> <span class='ocrx_word' id='word_1_560' title='bbox 2603 2947 2776 2998; x_wconf 87' lang='grc' dir='ltr'>αὐτῶν</span> <span class='ocrx_word' id='word_1_561' title='bbox 2814 2945 2944 3014; x_wconf 79' lang='grc'>(55),</span> <span class='ocrx_word' id='word_1_562' title='bbox 2976 2950 3155 3002; x_wconf 72' lang='grc' dir='ltr'>εἰπεῖν</span> <span class='ocrx_word' id='word_1_563' title='bbox 3191 2949 3284 3002; x_wconf 76' lang='grc' dir='ltr'><strong>καὶ</strong></span> <span class='ocrx_word' id='word_1_564' title='bbox 3325 2945 3665 3019; x_wconf 77' lang='grc' dir='ltr'>δημοσιεῦσαι</span> <span class='ocrx_word' id='word_1_565' title='bbox 3693 2943 3783 3007; x_wconf 84' lang='grc' dir='ltr'>τὰς</span> 
     </span>
    </p>
   </div>
   <div class='ocr_carea' id='block_1_76' title="bbox 2247 3034 3784 3107">
    <p class='ocr_par' dir='ltr' id='par_1_76' title="bbox 2247 3034 3784 3107">
     <span class='ocr_line' id='line_1_76' title="bbox 2247 3034 3784 3107; baseline -0.003 -18"><span class='ocrx_word' id='word_1_566' title='bbox 2247 3037 2386 3089; x_wconf 85' lang='grc' dir='ltr'><strong>κατά</strong></span> <span class='ocrx_word' id='word_1_567' title='bbox 2401 3037 2574 3106; x_wconf 55' lang='grc' dir='ltr'>φυγὴν</span> <span class='ocrx_word' id='word_1_568' title='bbox 2599 3036 2909 3106; x_wconf 82' lang='grc' dir='ltr'>ἀλγηδόνας,</span> <span class='ocrx_word' id='word_1_569' title='bbox 2939 3040 3036 3092; x_wconf 73' lang='grc' dir='ltr'>καὶ</span> <span class='ocrx_word' id='word_1_570' title='bbox 3061 3039 3353 3106; x_wconf 81' lang='grc' dir='ltr'>φθέγγεται</span> <span class='ocrx_word' id='word_1_571' title='bbox 3387 3037 3482 3107; x_wconf 84' lang='grc' dir='ltr'>μὲν</span> <span class='ocrx_word' id='word_1_572' title='bbox 3513 3034 3628 3088; x_wconf 81' lang='grc' dir='ltr'>καθ’</span> <span class='ocrx_word' id='word_1_573' title='bbox 3661 3034 3784 3086; x_wconf 73' lang='lat' dir='ltr'><strong>iero-</strong></span> 
     </span>
    </p>
   </div>
   <div class='ocr_carea' id='block_1_77' title="bbox 2249 3122 3780 3200">
    <p class='ocr_par' dir='ltr' id='par_1_77' title="bbox 2249 3122 3780 3200">
     <span class='ocr_line' id='line_1_77' title="bbox 2249 3122 3780 3200; baseline -0.001 -22"><span class='ocrx_word' id='word_1_574' title='bbox 2249 3126 2368 3196; x_wconf 81' lang='grc' dir='ltr'>ρίαν</span> <span class='ocrx_word' id='word_1_575' title='bbox 2411 3126 2700 3180; x_wconf 85' lang='grc' dir='ltr'>ἀκίνδυνον.</span> <span class='ocrx_word' id='word_1_576' title='bbox 2753 3129 2845 3180; x_wconf 89' lang='grc' dir='ltr'>Ἓν</span> <span class='ocrx_word' id='word_1_577' title='bbox 2879 3129 2990 3200; x_wconf 82' lang='grc' dir='ltr'><strong>γὰρ</strong></span> <span class='ocrx_word' id='word_1_578' title='bbox 3016 3126 3082 3200; x_wconf 80' lang='grc' dir='ltr'>ἦν</span> <span class='ocrx_word' id='word_1_579' title='bbox 3122 3130 3216 3183; x_wconf 87' lang='grc' dir='ltr'><strong>τοῦ</strong></span> <span class='ocrx_word' id='word_1_580' title='bbox 3255 3128 3497 3182; x_wconf 76' lang='grc' dir='ltr'>διαϐόλου</span> <span class='ocrx_word' id='word_1_581' title='bbox 3541 3127 3599 3178; x_wconf 87' lang='lat' dir='ltr'><strong>rb</strong></span> <span class='ocrx_word' id='word_1_582' title='bbox 3627 3122 3780 3178; x_wconf 74' lang='grc' dir='ltr'>σπούο</span> 
     </span>
    </p>
   </div>
   <div class='ocr_carea' id='block_1_78' title="bbox 2249 3213 3778 3286">
    <p class='ocr_par' dir='ltr' id='par_1_78' title="bbox 2249 3213 3778 3286">
     <span class='ocr_line' id='line_1_78' title="bbox 2249 3213 3778 3286; baseline -0.003 -20"><span class='ocrx_word' id='word_1_583' title='bbox 2249 3213 2445 3285; x_wconf 87' lang='grc' dir='ltr'>δασμα,</span> <span class='ocrx_word' id='word_1_584' title='bbox 2489 3216 2546 3268; x_wconf 88' lang='lat' dir='ltr'><strong>rb</strong></span> <span class='ocrx_word' id='word_1_585' title='bbox 2584 3218 2992 3283; x_wconf 85' lang='grc' dir='ltr'>παρασκευάσαι</span> <span class='ocrx_word' id='word_1_586' title='bbox 3034 3219 3124 3271; x_wconf 81' lang='grc' dir='ltr'>τὸν</span> <span class='ocrx_word' id='word_1_587' title='bbox 3163 3219 3370 3271; x_wconf 83' lang='grc' dir='ltr'>δίκαιον</span> <span class='ocrx_word' id='word_1_588' title='bbox 3413 3214 3778 3286; x_wconf 81' lang='grc' dir='ltr'>βλασφημῆσαι</span> 
     </span>
    </p>
   </div>
   <div class='ocr_carea' id='block_1_79' title="bbox 2247 3303 3780 3378">
    <p class='ocr_par' dir='ltr' id='par_1_79' title="bbox 2247 3303 3780 3378">
     <span class='ocr_line' id='line_1_79' title="bbox 2247 3303 3780 3378; baseline 0.004 -22"><span class='ocrx_word' id='word_1_589' title='bbox 2247 3303 2396 3357; x_wconf 86' lang='grc' dir='ltr'>Θεόν.</span> <span class='ocrx_word' id='word_1_590' title='bbox 2431 3306 2487 3358; x_wconf 84' lang='grc'><strong>’0</strong></span> <span class='ocrx_word' id='word_1_591' title='bbox 2519 3306 2574 3358; x_wconf 84' lang='grc' dir='ltr'>δὲ</span> <span class='ocrx_word' id='word_1_592' title='bbox 2599 3307 2844 3377; x_wconf 79' lang='grc' dir='ltr'>οὐδαμῶς</span> <span class='ocrx_word' id='word_1_593' title='bbox 2870 3310 3119 3378; x_wconf 78' lang='grc' dir='ltr'>φαίνεται</span> <span class='ocrx_word' id='word_1_594' title='bbox 3147 3309 3304 3361; x_wconf 82' lang='grc' dir='ltr'>τοῦτο</span> <span class='ocrx_word' id='word_1_595' title='bbox 3345 3304 3780 3376; x_wconf 67' lang='grc' dir='ltr'>διαπραξάμενος,</span> 
     </span>
    </p>
   </div>
   <div class='ocr_carea' id='block_1_80' title="bbox 2246 3391 3782 3470">
    <p class='ocr_par' dir='ltr' id='par_1_80' title="bbox 2246 3391 3782 3470">
     <span class='ocr_line' id='line_1_80' title="bbox 2246 3391 3782 3470; baseline -0.005 -22"><span class='ocrx_word' id='word_1_596' title='bbox 2246 3395 2378 3449; x_wconf 84' lang='grc' dir='ltr'><strong>ἀλλά</strong></span> <span class='ocrx_word' id='word_1_597' title='bbox 2398 3396 2492 3449; x_wconf 69' lang='grc' dir='ltr'><strong>καὶ</strong></span> <span class='ocrx_word' id='word_1_598' title='bbox 2525 3397 2720 3466; x_wconf 81' lang='grc' dir='ltr'>μᾶλλον</span> <span class='ocrx_word' id='word_1_599' title='bbox 2746 3397 3088 3470; x_wconf 81' lang='grc' dir='ltr'>εύφημήσας.</span> <span class='ocrx_word' id='word_1_600' title='bbox 3131 3401 3224 3452; x_wconf 73' lang='grc' dir='ltr'>καὶ</span> <span class='ocrx_word' id='word_1_601' title='bbox 3255 3395 3629 3468; x_wconf 85' lang='grc' dir='ltr'>χαριστηρίους</span> <span class='ocrx_word' id='word_1_602' title='bbox 3663 3391 3782 3442; x_wconf 83' lang='grc' dir='ltr'>ἀνα-</span> 
     </span>
    </p>
   </div>
   <div class='ocr_carea' id='block_1_81' title="bbox 2246 3474 3781 3556">
    <p class='ocr_par' dir='ltr' id='par_1_81' title="bbox 2246 3474 3781 3556">
     <span class='ocr_line' id='line_1_81' title="bbox 2246 3474 3781 3556; baseline 0 -21"><span class='ocrx_word' id='word_1_603' title='bbox 2246 3483 2462 3555; x_wconf 77' lang='grc' dir='ltr'>πέμψας</span> <span class='ocrx_word' id='word_1_604' title='bbox 2510 3485 2708 3553; x_wconf 88' lang='grc' dir='ltr'>φωνάς.</span> <span class='ocrx_word' id='word_1_605' title='bbox 2771 3487 3093 3556; x_wconf 82' lang='grc' dir='ltr'>Καταρᾶται</span> <span class='ocrx_word' id='word_1_606' title='bbox 3157 3487 3213 3538; x_wconf 84' lang='grc' dir='ltr'>δὲ</span> <span class='ocrx_word' id='word_1_607' title='bbox 3273 3484 3371 3554; x_wconf 83' lang='grc' dir='ltr'>τὴν</span> <span class='ocrx_word' id='word_1_608' title='bbox 3432 3480 3642 3551; x_wconf 79' lang='grc' dir='ltr'>ἡμέραν</span> <span class='ocrx_word' id='word_1_609' title='bbox 3690 3474 3781 3542; x_wconf 80' lang='grc' dir='ltr'><strong>τῆς</strong></span> 
     </span>
    </p>
   </div>
   <div class='ocr_carea' id='block_1_82' title="bbox 2243 3565 3786 3644">
    <p class='ocr_par' dir='ltr' id='par_1_82' title="bbox 2243 3565 3786 3644">
     <span class='ocr_line' id='line_1_82' title="bbox 2243 3565 3786 3644; baseline -0.012 -13"><span class='ocrx_word' id='word_1_610' title='bbox 2243 3575 2562 3644; x_wconf 82' lang='grc' dir='ltr'>γεννήσεως,</span> <span class='ocrx_word' id='word_1_611' title='bbox 2599 3574 2692 3627; x_wconf 69' lang='grc' dir='ltr'><strong>καὶ</strong></span> <span class='ocrx_word' id='word_1_612' title='bbox 2716 3573 2806 3626; x_wconf 82' lang='grc' dir='ltr'>τὸν</span> <span class='ocrx_word' id='word_1_613' title='bbox 2836 3574 3064 3628; x_wconf 84' lang='grc' dir='ltr'>θάνατον</span> <span class='ocrx_word' id='word_1_614' title='bbox 3101 3573 3367 3632; x_wconf 77' lang='grc' dir='ltr'>ἐπιποθεῖ,</span> <span class='ocrx_word' id='word_1_615' title='bbox 3408 3570 3494 3622; x_wconf 78' lang='grc' dir='ltr'>διὰ</span> <span class='ocrx_word' id='word_1_616' title='bbox 3529 3566 3626 3627; x_wconf 85' lang='grc' dir='ltr'><strong>τὰς</strong></span> <span class='ocrx_word' id='word_1_617' title='bbox 3662 3565 3786 3617; x_wconf 87' lang='grc' dir='ltr'>ἀνω-</span> 
     </span>
    </p>
   </div>
   <div class='ocr_carea' id='block_1_83' title="bbox 2241 3653 3783 3736">
    <p class='ocr_par' dir='ltr' id='par_1_83' title="bbox 2241 3653 3783 3736">
     <span class='ocr_line' id='line_1_83' title="bbox 2241 3653 3783 3736; baseline -0.002 -21"><span class='ocrx_word' id='word_1_618' title='bbox 2241 3663 2382 3734; x_wconf 87' lang='grc' dir='ltr'>τέρω</span> <span class='ocrx_word' id='word_1_619' title='bbox 2421 3663 2698 3733; x_wconf 85' lang='grc' dir='ltr'>λεχθείσας</span> <span class='ocrx_word' id='word_1_620' title='bbox 2733 3664 2927 3727; x_wconf 85' lang='grc' dir='ltr'>αίτίας.</span> <span class='ocrx_word' id='word_1_621' title='bbox 2969 3665 3114 3736; x_wconf 79' lang='grc' dir='ltr'>Πρὸς</span> <span class='ocrx_word' id='word_1_622' title='bbox 3159 3662 3215 3716; x_wconf 78' lang='grc' dir='ltr'>δὲ</span> <span class='ocrx_word' id='word_1_623' title='bbox 3254 3661 3488 3714; x_wconf 87' lang='grc' dir='ltr'>διάνοιαν</span> <span class='ocrx_word' id='word_1_624' title='bbox 3529 3653 3783 3726; x_wconf 80' lang='grc' dir='ltr'>μυστήρια</span> 
     </span>
    </p>
   </div>
   <div class='ocr_carea' id='block_1_84' title="bbox 2240 3741 3781 3827">
    <p class='ocr_par' dir='ltr' id='par_1_84' title="bbox 2240 3741 3781 3827">
     <span class='ocr_line' id='line_1_84' title="bbox 2240 3741 3781 3827; baseline -0.005 -20"><span class='ocrx_word' id='word_1_625' title='bbox 2240 3755 2420 3807; x_wconf 87' lang='grc' dir='ltr'>λαλεῖ·</span> <span class='ocrx_word' id='word_1_626' title='bbox 2471 3755 2562 3808; x_wconf 76' lang='grc' dir='ltr'><strong>καὶ</strong></span> <span class='ocrx_word' id='word_1_627' title='bbox 2599 3756 2724 3825; x_wconf 75' lang='grc' dir='ltr'>περὶ</span> <span class='ocrx_word' id='word_1_628' title='bbox 2759 3755 2864 3807; x_wconf 89' lang='grc' dir='ltr'><strong>τῶν</strong></span> <span class='ocrx_word' id='word_1_629' title='bbox 2907 3756 3012 3827; x_wconf 69' lang='grc' dir='ltr'>ἤδη</span> <span class='ocrx_word' id='word_1_630' title='bbox 3052 3752 3454 3826; x_wconf 85' lang='grc' dir='ltr'>προγεγονότων</span> <span class='ocrx_word' id='word_1_631' title='bbox 3497 3741 3781 3814; x_wconf 70' lang='grc' dir='ltr'>φιλοσοφεῖ,</span> 
     </span>
    </p>
   </div>
   <div class='ocr_carea' id='block_1_85' title="bbox 2239 3829 3784 3915">
    <p class='ocr_par' dir='ltr' id='par_1_85' title="bbox 2239 3829 3784 3915">
     <span class='ocr_line' id='line_1_85' title="bbox 2239 3829 3784 3915; baseline -0.011 -19"><span class='ocrx_word' id='word_1_632' title='bbox 2239 3846 2331 3898; x_wconf 60' lang='grc' dir='ltr'><strong>καὶ¹</strong></span> <span class='ocrx_word' id='word_1_633' title='bbox 2367 3845 2695 3915; x_wconf 85' lang='grc' dir='ltr'>πληροφορεῖ</span> <span class='ocrx_word' id='word_1_634' title='bbox 2731 3844 2792 3897; x_wconf 90' lang='lat' dir='ltr'><strong>rb</strong></span> <span class='ocrx_word' id='word_1_635' title='bbox 2842 3843 3059 3914; x_wconf 77' lang='grc' dir='ltr'>μέλλον.</span> <span class='ocrx_word' id='word_1_636' title='bbox 3103 3841 3359 3895; x_wconf 86' lang='grc' dir='ltr'>Τοιαῦται</span> <span class='ocrx_word' id='word_1_637' title='bbox 3409 3838 3516 3908; x_wconf 82' lang='grc' dir='ltr'><strong>γὰρ</strong></span> <span class='ocrx_word' id='word_1_638' title='bbox 3564 3833 3647 3886; x_wconf 73' lang='grc' dir='ltr'><strong>ἀεὶ</strong></span> <span class='ocrx_word' id='word_1_639' title='bbox 3683 3829 3784 3881; x_wconf 87' lang='grc' dir='ltr'><strong>τῶν</strong></span> 
     </span>
    </p>
   </div>
   <div class='ocr_carea' id='block_1_86' title="bbox 2239 3919 3781 4004">
    <p class='ocr_par' dir='ltr' id='par_1_86' title="bbox 2239 3919 3781 4004">
     <span class='ocr_line' id='line_1_86' title="bbox 2239 3919 3781 4004; baseline -0.008 -18"><span class='ocrx_word' id='word_1_640' title='bbox 2239 3933 2403 4000; x_wconf 86' lang='grc' dir='ltr'>ἁγίων</span> <span class='ocrx_word' id='word_1_641' title='bbox 2427 3933 2716 4004; x_wconf 83' lang='grc' dir='ltr'>προφητῶν</span> <span class='ocrx_word' id='word_1_642' title='bbox 2754 3935 2810 3987; x_wconf 89' lang='grc' dir='ltr'>αἱ</span> <span class='ocrx_word' id='word_1_643' title='bbox 2850 3936 3058 4004; x_wconf 80' lang='grc' dir='ltr'>ῥήσεις.</span> <span class='ocrx_word' id='word_1_644' title='bbox 3095 3933 3218 3985; x_wconf 83' lang='grc' dir='ltr'><strong>Ἐπὶ</strong></span> <span class='ocrx_word' id='word_1_645' title='bbox 3249 3932 3306 3983; x_wconf 84' lang='grc' dir='ltr'>δὲ</span> <span class='ocrx_word' id='word_1_646' title='bbox 3341 3928 3518 3982; x_wconf 84' lang='grc' dir='ltr'>αὐτῶν</span> <span class='ocrx_word' id='word_1_647' title='bbox 3559 3923 3664 3976; x_wconf 88' lang='grc' dir='ltr'><strong>τῶν</strong></span> <span class='ocrx_word' id='word_1_648' title='bbox 3696 3919 3781 3970; x_wconf 74' lang='grc' dir='ltr'>λέ-</span> 
     </span>
    </p>
   </div>
   <div class='ocr_carea' id='block_1_87' title="bbox 2239 4007 3780 4095">
    <p class='ocr_par' dir='ltr' id='par_1_87' title="bbox 2239 4007 3780 4095">
     <span class='ocr_line' id='line_1_87' title="bbox 2239 4007 3780 4095; baseline -0.017 -9"><span class='ocrx_word' id='word_1_649' title='bbox 2239 4023 2370 4086; x_wconf 79' lang='grc' dir='ltr'>ξεων</span> <span class='ocrx_word' id='word_1_650' title='bbox 2413 4025 2709 4094; x_wconf 84' lang='grc' dir='ltr'>γενόμενοι,</span> <span class='ocrx_word' id='word_1_651' title='bbox 2755 4026 3145 4095; x_wconf 78' lang='grc' dir='ltr'>σαφηνίσωμεν</span> <span class='ocrx_word' id='word_1_652' title='bbox 3189 4023 3289 4092; x_wconf 80' lang='grc' dir='ltr'>τὴν</span> <span class='ocrx_word' id='word_1_653' title='bbox 3337 4021 3591 4078; x_wconf 84' lang='grc' dir='ltr'>διάνοιαν,</span> <span class='ocrx_word' id='word_1_654' title='bbox 3625 4007 3780 4065; x_wconf 76' lang='grc' dir='ltr'>αὑτοῦ</span> 
     </span>
    </p>
   </div>
   <div class='ocr_carea' id='block_1_88' title="bbox 2236 4101 3783 4185">
    <p class='ocr_par' dir='ltr' id='par_1_88' title="bbox 2236 4101 3783 4185">
     <span class='ocr_line' id='line_1_88' title="bbox 2236 4101 3783 4185; baseline -0.01 -18"><span class='ocrx_word' id='word_1_655' title='bbox 2236 4113 2587 4183; x_wconf 85' lang='grc' dir='ltr'>ποδηγοῦντος</span> <span class='ocrx_word' id='word_1_656' title='bbox 2614 4114 2747 4184; x_wconf 84' lang='grc' dir='ltr'>πρὸς</span> <span class='ocrx_word' id='word_1_657' title='bbox 2775 4115 2872 4184; x_wconf 84' lang='grc' dir='ltr'>τὴν</span> <span class='ocrx_word' id='word_1_658' title='bbox 2901 4113 3224 4185; x_wconf 78' lang='grc' dir='ltr'>ἑρμηνείαν,</span> <span class='ocrx_word' id='word_1_659' title='bbox 3260 4108 3354 4161; x_wconf 89' lang='grc' dir='ltr'><strong>τοῦ</strong></span> <span class='ocrx_word' id='word_1_660' title='bbox 3388 4107 3483 4162; x_wconf 78' lang='grc' dir='ltr'>καὶ</span> <span class='ocrx_word' id='word_1_661' title='bbox 3509 4105 3598 4158; x_wconf 82' lang='grc' dir='ltr'>τὸν</span> <span class='ocrx_word' id='word_1_662' title='bbox 3637 4101 3783 4166; x_wconf 73' lang='grc' dir='ltr'>ἅγιον</span> 
     </span>
    </p>
   </div>
   <div class='ocr_carea' id='block_1_89' title="bbox 2246 4202 3372 4274">
    <p class='ocr_par' dir='ltr' id='par_1_89' title="bbox 2246 4202 3372 4274">
     <span class='ocr_line' id='line_1_89' title="bbox 2246 4202 3372 4274; baseline -0.004 -18"><span class='ocrx_word' id='word_1_663' title='bbox 2246 4202 2364 4256; x_wconf 82' lang='grc' dir='ltr'><strong>’1ὼὸ</strong></span> <span class='ocrx_word' id='word_1_664' title='bbox 2398 4204 2530 4274; x_wconf 77' lang='grc' dir='ltr'>πρὸς</span> <span class='ocrx_word' id='word_1_665' title='bbox 2564 4204 2688 4266; x_wconf 79' lang='grc' dir='ltr'>τοὺς</span> <span class='ocrx_word' id='word_1_666' title='bbox 2716 4203 2927 4271; x_wconf 86' lang='grc' dir='ltr'>ἀγῶνας</span> <span class='ocrx_word' id='word_1_667' title='bbox 2973 4202 3372 4273; x_wconf 84' lang='grc' dir='ltr'>ὲνισχύσαντος.</span> 
     </span>
    </p>
   </div>
   <div class='ocr_carea' id='block_1_90' title="bbox 2233 4358 3774 4448">
    <p class='ocr_par' dir='ltr' id='par_1_90' title="bbox 2233 4358 3774 4448">
     <span class='ocr_line' id='line_1_90' title="bbox 2233 4358 3774 4448; baseline 0.006 -19"><span class='ocrx_word' id='word_1_668' title='bbox 2233 4376 2376 4446; x_wconf 88' lang='grc' dir='ltr'>Στίχ.</span> <span class='ocrx_word' id='word_1_669' title='bbox 2399 4383 2464 4430; x_wconf 83' lang='grc' dir='ltr'><strong>α’.</strong></span> <span class='ocrx_word' id='word_1_670' title='bbox 2487 4377 2644 4431; x_wconf 83' lang='grc' dir='ltr'>Μετὰ</span> <span class='ocrx_word' id='word_1_671' title='bbox 2665 4379 2834 4432; x_wconf 87' lang='grc' dir='ltr'>τοῦτο</span> <span class='ocrx_word' id='word_1_672' title='bbox 2855 4379 3101 4448; x_wconf 77' lang='grc' dir='ltr'>ἤνοιξεν</span> <span class='ocrx_word' id='word_1_673' title='bbox 3136 4375 3257 4431; x_wconf 76' lang='grc' dir='ltr'><strong>Ἰὼϐ</strong></span> <span class='ocrx_word' id='word_1_674' title='bbox 3273 4373 3339 4426; x_wconf 82' lang='grc' dir='ltr'>τὸ</span> <span class='ocrx_word' id='word_1_675' title='bbox 3369 4370 3560 4434; x_wconf 80' lang='grc' dir='ltr'>στόμα</span> <span class='ocrx_word' id='word_1_676' title='bbox 3579 4358 3774 4448; x_wconf 52' lang='lat' dir='ltr'><strong>alim&quot;:</strong></span> 
     </span>
    </p>
   </div>
   <div class='ocr_carea' id='block_1_91' title="bbox 2306 4446 3777 4538">
    <p class='ocr_par' dir='ltr' id='par_1_91' title="bbox 2306 4446 3777 4538">
     <span class='ocr_line' id='line_1_91' title="bbox 2306 4446 3777 4538; baseline -0.015 -19"><span class='ocrx_word' id='word_1_677' title='bbox 2306 4469 2423 4519; x_wconf 86' lang='grc' dir='ltr'>Ὅτι</span> <span class='ocrx_word' id='word_1_678' title='bbox 2455 4467 2657 4530; x_wconf 85' lang='grc' dir='ltr'>δίκαιος</span> <span class='ocrx_word' id='word_1_679' title='bbox 2682 4446 2891 4536; x_wconf 23' lang='grc' dir='ltr'>ἀνοίγει.</span> <span class='ocrx_word' id='word_1_680' title='bbox 2911 4471 2973 4522; x_wconf 89' lang='lat' dir='ltr'><strong>rb</strong></span> <span class='ocrx_word' id='word_1_681' title='bbox 3003 4469 3198 4538; x_wconf 86' lang='grc' dir='ltr'>στόμα,</span> <span class='ocrx_word' id='word_1_682' title='bbox 3236 4465 3332 4532; x_wconf 79' lang='grc' dir='ltr'>οὐχ</span> <span class='ocrx_word' id='word_1_683' title='bbox 3365 4457 3552 4518; x_wconf 83' lang='grc' dir='ltr'>ἁπλῶς</span> <span class='ocrx_word' id='word_1_684' title='bbox 3588 4446 3777 4506; x_wconf 79' lang='grc' dir='ltr'>οὑτωσὶ</span> 
     </span>
    </p>
   </div>
   <div class='ocr_carea' id='block_1_92' title="bbox 2228 4539 3776 4628">
    <p class='ocr_par' dir='ltr' id='par_1_92' title="bbox 2228 4539 3776 4628">
     <span class='ocr_line' id='line_1_92' title="bbox 2228 4539 3776 4628; baseline -0.001 -19"><span class='ocrx_word' id='word_1_685' title='bbox 2228 4557 2486 4626; x_wconf 82' lang='grc' dir='ltr'>προσήκει</span> <span class='ocrx_word' id='word_1_686' title='bbox 2514 4557 2794 4628; x_wconf 77' lang='grc' dir='ltr'>προσέχειν</span> <span class='ocrx_word' id='word_1_687' title='bbox 2825 4563 2938 4624; x_wconf 84' lang='grc' dir='ltr'>τοῖς</span> <span class='ocrx_word' id='word_1_688' title='bbox 2970 4557 3303 4627; x_wconf 82' lang='grc' dir='ltr'>λεγομένοις,</span> <span class='ocrx_word' id='word_1_689' title='bbox 3333 4549 3466 4603; x_wconf 81' lang='grc' dir='ltr'>ἀλλὰ</span> <span class='ocrx_word' id='word_1_690' title='bbox 3491 4543 3559 4598; x_wconf 79' lang='grc' dir='ltr'><strong>τὰ</strong></span> <span class='ocrx_word' id='word_1_691' title='bbox 3589 4541 3695 4612; x_wconf 71' lang='grc'>(54)</span> <span class='ocrx_word' id='word_1_692' title='bbox 3717 4539 3776 4588; x_wconf 69' lang='grc' dir='ltr'>ὲκ</span> 
     </span>
    </p>
   </div>
   <div class='ocr_carea' id='block_1_93' title="bbox 601 4630 2157 4720">
    <p class='ocr_par' dir='ltr' id='par_1_93' title="bbox 601 4637 2127 4705">
     <span class='ocr_line' id='line_1_93' title="bbox 601 4637 2127 4705; baseline 0.003 -16"><span class='ocrx_word' id='word_1_693' title='bbox 601 4652 718 4691; x_wconf 88' lang='lat' dir='ltr'><strong>rere</strong></span> <span class='ocrx_word' id='word_1_694' title='bbox 741 4637 878 4705; x_wconf 89' lang='lat' dir='ltr'><strong>quod</strong></span> <span class='ocrx_word' id='word_1_695' title='bbox 928 4651 993 4689; x_wconf 81' lang='lat' dir='ltr'><strong>ex</strong></span> <span class='ocrx_word' id='word_1_696' title='bbox 1043 4637 1221 4690; x_wconf 81' lang='lat' dir='ltr'><strong>verbis</strong></span> <span class='ocrx_word' id='word_1_697' title='bbox 1261 4640 1440 4705; x_wconf 88' lang='lat' dir='ltr'><strong>prodit</strong></span> <span class='ocrx_word' id='word_1_698' title='bbox 1484 4639 1921 4692; x_wconf 87' lang='lat' dir='ltr'><strong>emolumentum.</strong></span> <span class='ocrx_word' id='word_1_699' title='bbox 1965 4639 2127 4693; x_wconf 80' lang='lat' dir='ltr'><strong>Plena</strong></span> 
     </span>
    </p>
   </div>
   <div class='ocr_carea' id='block_1_94' title="bbox 2255 4630 3776 4720">
    <p class='ocr_par' dir='ltr' id='par_1_94' title="bbox 2255 4630 3776 4720">
     <span class='ocr_line' id='line_1_94' title="bbox 2255 4630 3776 4720; baseline -0.003 -22"><span class='ocrx_word' id='word_1_700' title='bbox 2255 4647 2334 4698; x_wconf 42' lang='grc' dir='ltr'>κῶν</span> <span class='ocrx_word' id='word_1_701' title='bbox 2362 4647 2534 4714; x_wconf 91' lang='grc' dir='ltr'>λόγων</span> <span class='ocrx_word' id='word_1_702' title='bbox 2561 4648 2841 4718; x_wconf 77' lang='grc' dir='ltr'>ἀναζητεῖν</span> <span class='ocrx_word' id='word_1_703' title='bbox 2867 4652 3154 4720; x_wconf 82' lang='grc' dir='ltr'>ὠφέλειαν.</span> <span class='ocrx_word' id='word_1_704' title='bbox 3191 4640 3380 4698; x_wconf 87' lang='grc' dir='ltr'>Μεστά</span> <span class='ocrx_word' id='word_1_705' title='bbox 3406 4637 3514 4706; x_wconf 78' lang='grc' dir='ltr'><strong>γὰρ</strong></span> <span class='ocrx_word' id='word_1_706' title='bbox 3537 4633 3622 4686; x_wconf 71' lang='grc' dir='ltr'>ἀεὶ</span> <span class='ocrx_word' id='word_1_707' title='bbox 3643 4630 3776 4720; x_wconf 44' lang='lat' dir='ltr'><strong>iiii?“</strong></span> 
     </span>
    </p>
   </div>
   <div class='ocr_carea' id='block_1_95' title="bbox 596 4718 2157 4809">
    <p class='ocr_par' dir='ltr' id='par_1_95' title="bbox 596 4725 2126 4792">
     <span class='ocr_line' id='line_1_95' title="bbox 596 4725 2126 4792; baseline 0.002 -13"><span class='ocrx_word' id='word_1_708' title='bbox 596 4726 737 4779; x_wconf 90' lang='lat' dir='ltr'><strong>enim</strong></span> <span class='ocrx_word' id='word_1_709' title='bbox 770 4738 983 4792; x_wconf 79' lang='lat' dir='ltr'><strong>semper</strong></span> <span class='ocrx_word' id='word_1_710' title='bbox 1018 4734 1140 4777; x_wconf 90' lang='lat' dir='ltr'><strong>sunt</strong></span> <span class='ocrx_word' id='word_1_711' title='bbox 1199 4725 1446 4779; x_wconf 84' lang='lat' dir='ltr'><strong>utilitatis</strong></span> <span class='ocrx_word' id='word_1_712' title='bbox 1482 4725 1781 4791; x_wconf 83' lang='lat' dir='ltr'><strong>hujusmodi</strong></span> <span class='ocrx_word' id='word_1_713' title='bbox 1821 4737 2126 4782; x_wconf 84' lang='lat' dir='ltr'><strong>sanctorqu</strong></span> 
     </span>
    </p>
   </div>
   <div class='ocr_carea' id='block_1_96' title="bbox 2255 4718 3777 4809">
    <p class='ocr_par' dir='ltr' id='par_1_96' title="bbox 2258 4718 3777 4809">
     <span class='ocr_line' id='line_1_96' title="bbox 2258 4718 3777 4809; baseline -0.016 -20"><span class='ocrx_word' id='word_1_714' title='bbox 2258 4735 2371 4796; x_wconf 87' lang='grc' dir='ltr'>είας</span> <span class='ocrx_word' id='word_1_715' title='bbox 2401 4735 2466 4788; x_wconf 74' lang='grc' dir='ltr'><strong>τὰ</strong></span> <span class='ocrx_word' id='word_1_716' title='bbox 2496 4735 2714 4789; x_wconf 87' lang='grc' dir='ltr'>τοιαῦτα</span> <span class='ocrx_word' id='word_1_717' title='bbox 2749 4718 2965 4809; x_wconf 78' lang='grc' dir='ltr'>ῥήματα</span> <span class='ocrx_word' id='word_1_718' title='bbox 3017 4738 3126 4790; x_wconf 87' lang='grc' dir='ltr'><strong>τῶν</strong></span> <span class='ocrx_word' id='word_1_719' title='bbox 3170 4733 3373 4800; x_wconf 59' lang='grc' dir='ltr'>ἁγίων</span> <span class='ocrx_word' id='word_1_720' title='bbox 3418 4725 3512 4778; x_wconf 75' lang='grc' dir='ltr'>καὶ</span> <span class='ocrx_word' id='word_1_721' title='bbox 3555 4718 3777 4782; x_wconf 85' lang='grc' dir='ltr'>ἀνοίγων</span> 
     </span>
    </p>
   </div>
   <div class='ocr_carea' id='block_1_97' title="bbox 596 4809 2157 4901">
    <p class='ocr_par' dir='ltr' id='par_1_97' title="bbox 596 4816 2128 4886">
     <span class='ocr_line' id='line_1_97' title="bbox 596 4816 2128 4886; baseline 0.004 -18"><span class='ocrx_word' id='word_1_722' title='bbox 596 4817 736 4870; x_wconf 89' lang='lat' dir='ltr'><strong>dicta</strong></span> <span class='ocrx_word' id='word_1_723' title='bbox 764 4833 777 4868; x_wconf 88' lang='lat'><strong>:</strong></span> <span class='ocrx_word' id='word_1_724' title='bbox 805 4824 859 4869; x_wconf 91' lang='lat' dir='ltr'><strong>et</strong></span> <span class='ocrx_word' id='word_1_725' title='bbox 880 4816 1129 4883; x_wconf 83' lang='lat' dir='ltr'><strong>aperiens</strong></span> <span class='ocrx_word' id='word_1_726' title='bbox 1153 4816 1327 4885; x_wconf 84' lang='lat' dir='ltr'><strong>justus</strong></span> <span class='ocrx_word' id='word_1_727' title='bbox 1353 4833 1435 4881; x_wconf 90' lang='lat' dir='ltr'><strong>os,</strong></span> <span class='ocrx_word' id='word_1_728' title='bbox 1455 4817 1692 4870; x_wconf 90' lang='lat' dir='ltr'><strong>occultos</strong></span> <span class='ocrx_word' id='word_1_729' title='bbox 1714 4816 1984 4886; x_wconf 87' lang='lat' dir='ltr'><strong>depromit</strong></span> <span class='ocrx_word' id='word_1_730' title='bbox 2011 4820 2128 4874; x_wconf 76' lang='lat' dir='ltr'><strong>the-</strong></span> 
     </span>
    </p>
   </div>
   <div class='ocr_carea' id='block_1_98' title="bbox 2255 4809 3779 4901">
    <p class='ocr_par' dir='ltr' id='par_1_98' title="bbox 2257 4809 3779 4901">
     <span class='ocr_line' id='line_1_98' title="bbox 2257 4809 3779 4901; baseline 0.014 -25"><span class='ocrx_word' id='word_1_731' title='bbox 2257 4824 2285 4876; x_wconf 90' lang='lat' dir='ltr'><strong>b</strong></span> <span class='ocrx_word' id='word_1_732' title='bbox 2327 4825 2494 4895; x_wconf 89' lang='grc' dir='ltr'>στόμα</span> <span class='ocrx_word' id='word_1_733' title='bbox 2520 4826 2740 4893; x_wconf 88' lang='grc' dir='ltr'>δίκαιος,</span> <span class='ocrx_word' id='word_1_734' title='bbox 2784 4827 3202 4901; x_wconf 80' lang='grc' dir='ltr'>κεκρυμμένους</span> <span class='ocrx_word' id='word_1_735' title='bbox 3243 4813 3554 4901; x_wconf 62' lang='grc' dir='ltr'>δημοσιεύξ,ι</span> <span class='ocrx_word' id='word_1_736' title='bbox 3589 4809 3779 4901; x_wconf 42' lang='lat' dir='ltr'><strong>0n?”-</strong></span> 
     </span>
    </p>
   </div>
   <div class='ocr_carea' id='block_1_99' title="bbox 593 4895 2157 4988">
    <p class='ocr_par' dir='ltr' id='par_1_99' title="bbox 593 4906 2124 4974">
     <span class='ocr_line' id='line_1_99' title="bbox 593 4906 2124 4974; baseline 0.004 -16"><span class='ocrx_word' id='word_1_737' title='bbox 593 4920 801 4959; x_wconf 78' lang='lat' dir='ltr'><strong>sauros.</strong></span> <span class='ocrx_word' id='word_1_738' title='bbox 832 4906 1013 4974; x_wconf 86' lang='lat' dir='ltr'><strong>Itaque</strong></span> <span class='ocrx_word' id='word_1_739' title='bbox 1046 4917 1099 4959; x_wconf 90' lang='lat' dir='ltr'><strong>et</strong></span> <span class='ocrx_word' id='word_1_740' title='bbox 1129 4923 1222 4960; x_wconf 87' lang='lat' dir='ltr'><strong>vas</strong></span> <span class='ocrx_word' id='word_1_741' title='bbox 1259 4907 1533 4961; x_wconf 86' lang='lat' dir='ltr'><strong>electionis</strong></span> <span class='ocrx_word' id='word_1_742' title='bbox 1557 4907 1752 4962; x_wconf 88' lang='lat' dir='ltr'><strong>Paulus</strong></span> <span class='ocrx_word' id='word_1_743' title='bbox 1781 4910 2020 4963; x_wconf 88' lang='lat' dir='ltr'><strong>scribens</strong></span> <span class='ocrx_word' id='word_1_744' title='bbox 2042 4911 2124 4964; x_wconf 84' lang='lat' dir='ltr'><strong>di-</strong></span> 
     </span>
    </p>
   </div>
   <div class='ocr_carea' id='block_1_100' title="bbox 2255 4895 3775 4988">
    <p class='ocr_par' dir='ltr' id='par_1_100' title="bbox 2255 4895 3775 4988">
     <span class='ocr_line' id='line_1_100' title="bbox 2255 4895 3775 4988; baseline 0.015 -25"><span class='ocrx_word' id='word_1_745' title='bbox 2255 4911 2367 4975; x_wconf 71' lang='lat' dir='ltr'><strong>utig.</strong></span> <span class='ocrx_word' id='word_1_746' title='bbox 2403 4914 2491 4966; x_wconf 82' lang='grc' dir='ltr'><strong>Διὸ</strong></span> <span class='ocrx_word' id='word_1_747' title='bbox 2521 4915 2613 4968; x_wconf 77' lang='grc' dir='ltr'>καὶ</span> <span class='ocrx_word' id='word_1_748' title='bbox 2648 4916 2708 4968; x_wconf 87' lang='lat' dir='ltr'><strong>rb</strong></span> <span class='ocrx_word' id='word_1_749' title='bbox 2745 4895 2934 4981; x_wconf 84' lang='grc' dir='ltr'>σκεῦος</span> <span class='ocrx_word' id='word_1_750' title='bbox 3097 4909 3326 4977; x_wconf 75' lang='grc' dir='ltr'>ἐκλογῆς</span> <span class='ocrx_word' id='word_1_751' title='bbox 3355 4907 3384 4957; x_wconf 67' lang='grc' dir='ltr'><strong>ὁ</strong></span> <span class='ocrx_word' id='word_1_752' title='bbox 3411 4899 3630 4988; x_wconf 20' lang='grc' dir='ltr'><strong>Παῦλος,</strong></span> <span class='ocrx_word' id='word_1_753' title='bbox 3658 4895 3775 4988; x_wconf 47' lang='lat' dir='ltr'><strong>E1.“-</strong></span> 
     </span>
    </p>
   </div>
   <div class='ocr_carea' id='block_1_101' title="bbox 592 4986 2157 5082">
    <p class='ocr_par' dir='ltr' id='par_1_101' title="bbox 592 4993 2122 5062">
     <span class='ocr_line' id='line_1_101' title="bbox 592 4993 2122 5062; baseline 0.005 -16"><span class='ocrx_word' id='word_1_754' title='bbox 592 4995 667 5048; x_wconf 83' lang='lat' dir='ltr'><strong>cit</strong></span> <span class='ocrx_word' id='word_1_755' title='bbox 698 5017 709 5049; x_wconf 93' lang='lat'><strong>:</strong></span> <span class='ocrx_word' id='word_1_756' title='bbox 741 4993 812 5048; x_wconf 69' lang='lat' dir='ltr'><strong>Os</strong></span> <span class='ocrx_word' id='word_1_757' title='bbox 840 5010 1007 5048; x_wconf 76' lang='lat' dir='ltr'><strong>meum</strong></span> <span class='ocrx_word' id='word_1_758' title='bbox 1044 4996 1242 5062; x_wconf 77' lang='lat' dir='ltr'><strong>aperuit</strong></span> <span class='ocrx_word' id='word_1_759' title='bbox 1271 5011 1326 5048; x_wconf 75' lang='lat' dir='ltr'><strong>se</strong></span> <span class='ocrx_word' id='word_1_760' title='bbox 1360 4997 1427 5048; x_wconf 85' lang='lat' dir='ltr'><strong>ad</strong></span> <span class='ocrx_word' id='word_1_761' title='bbox 1460 5013 1566 5059; x_wconf 81' lang='lat' dir='ltr'><strong>vos,</strong></span> <span class='ocrx_word' id='word_1_762' title='bbox 1589 4996 1843 5051; x_wconf 83' lang='lat' dir='ltr'><strong>Corinthii</strong></span> <span class='ocrx_word' id='word_1_763' title='bbox 1865 5000 1930 5052; x_wconf 79' lang='grc'><strong>⁵⁸.</strong></span> <span class='ocrx_word' id='word_1_764' title='bbox 1965 4999 2028 5052; x_wconf 85' lang='grc' dir='ltr'>Ει</span> <span class='ocrx_word' id='word_1_765' title='bbox 2056 5002 2122 5056; x_wconf 88' lang='lat' dir='ltr'><strong>de</strong></span> 
     </span>
    </p>
   </div>
   <div class='ocr_carea' id='block_1_102' title="bbox 2255 4986 3772 5082">
    <p class='ocr_par' dir='ltr' id='par_1_102' title="bbox 2255 4986 3772 5082">
     <span class='ocr_line' id='line_1_102' title="bbox 2255 4986 3772 5082; baseline -0.004 -28"><span class='ocrx_word' id='word_1_766' title='bbox 2255 5003 2448 5056; x_wconf 89' lang='grc' dir='ltr'>τέλλων</span> <span class='ocrx_word' id='word_1_767' title='bbox 2479 5006 2633 5076; x_wconf 88' lang='grc' dir='ltr'>φησί·</span> <span class='ocrx_word' id='word_1_768' title='bbox 2674 5006 2742 5060; x_wconf 73' lang='lat' dir='ltr'><strong>Td</strong></span> <span class='ocrx_word' id='word_1_769' title='bbox 2779 5009 2973 5076; x_wconf 80' lang='grc' dir='ltr'>στόμα</span> <span class='ocrx_word' id='word_1_770' title='bbox 3012 5022 3133 5074; x_wconf 83' lang='grc' dir='ltr'><strong>μου</strong></span> <span class='ocrx_word' id='word_1_771' title='bbox 3177 4997 3398 5082; x_wconf 60' lang='grc' dir='ltr'>ἁνέφτβ</span> <span class='ocrx_word' id='word_1_772' title='bbox 3429 4988 3580 5057; x_wconf 78' lang='grc' dir='ltr'>πρὸς</span> <span class='ocrx_word' id='word_1_773' title='bbox 3602 4986 3772 5082; x_wconf 57' lang='grc' dir='ltr'><strong>ὑμίξςν</strong></span> 
     </span>
    </p>
   </div>
   <div class='ocr_carea' id='block_1_103' title="bbox 592 5081 2157 5166">
    <p class='ocr_par' dir='ltr' id='par_1_103' title="bbox 592 5085 2149 5159">
     <span class='ocr_line' id='line_1_103' title="bbox 592 5085 2149 5159; baseline 0.002 -19"><span class='ocrx_word' id='word_1_774' title='bbox 592 5086 816 5140; x_wconf 87' lang='lat' dir='ltr'><strong>Domino</strong></span> <span class='ocrx_word' id='word_1_775' title='bbox 843 5086 1100 5154; x_wconf 85' lang='lat' dir='ltr'><strong>scriptum</strong></span> <span class='ocrx_word' id='word_1_776' title='bbox 1127 5093 1208 5138; x_wconf 88' lang='lat' dir='ltr'><strong>est</strong></span> <span class='ocrx_word' id='word_1_777' title='bbox 1231 5102 1246 5138; x_wconf 92' lang='lat'><strong>:</strong></span> <span class='ocrx_word' id='word_1_778' title='bbox 1270 5085 1515 5153; x_wconf 79' lang='lat' dir='ltr'><strong>Aperiem</strong></span> <span class='ocrx_word' id='word_1_779' title='bbox 1545 5104 1600 5138; x_wconf 76' lang='lat' dir='ltr'><strong>ua</strong></span> <span class='ocrx_word' id='word_1_780' title='bbox 1629 5103 1797 5149; x_wconf 76' lang='lat' dir='ltr'><strong>suum.</strong></span> <span class='ocrx_word' id='word_1_781' title='bbox 1824 5089 2033 5142; x_wconf 82' lang='lat' dir='ltr'><strong>docebat</strong></span> <span class='ocrx_word' id='word_1_782' title='bbox 2052 5091 2110 5143; x_wconf 82' lang='grc'><strong>⁸⁷.</strong></span> <span class='ocrx_word' id='word_1_783' title='bbox 2137 5149 2149 5159; x_wconf 50' lang='grc'><em>,</em></span> 
     </span>
    </p>
   </div>
   <div class='ocr_carea' id='block_1_104' title="bbox 2255 5081 3774 5166">
    <p class='ocr_par' dir='ltr' id='par_1_104' title="bbox 2255 5081 3774 5166">
     <span class='ocr_line' id='line_1_104' title="bbox 2255 5081 3774 5166; baseline -0.017 -20"><span class='ocrx_word' id='word_1_784' title='bbox 2255 5093 2525 5159; x_wconf 57' lang='lat' dir='ltr'><strong>{opta-Orat.</strong></span> <span class='ocrx_word' id='word_1_785' title='bbox 2587 5094 2696 5148; x_wconf 74' lang='grc' dir='ltr'><strong>Καὶ</strong></span> <span class='ocrx_word' id='word_1_786' title='bbox 2747 5096 2872 5166; x_wconf 80' lang='grc' dir='ltr'>περὶ</span> <span class='ocrx_word' id='word_1_787' title='bbox 2916 5094 3012 5149; x_wconf 79' lang='grc' dir='ltr'><strong>τοῦ</strong></span> <span class='ocrx_word' id='word_1_788' title='bbox 3075 5088 3284 5160; x_wconf 81' lang='grc' dir='ltr'>Κυρίου</span> <span class='ocrx_word' id='word_1_789' title='bbox 3338 5081 3646 5166; x_wconf 79' lang='grc' dir='ltr'>γέγραπται</span> <span class='ocrx_word' id='word_1_790' title='bbox 3671 5081 3774 5166; x_wconf 28' lang='grc' dir='ltr'>’ότι</span> 
     </span>
    </p>
   </div>
   <div class='ocr_carea' id='block_1_105' title="bbox 589 5157 2157 5255">
    <p class='ocr_par' dir='ltr' id='par_1_105' title="bbox 589 5157 2147 5248">
     <span class='ocr_line' id='line_1_105' title="bbox 589 5157 2147 5248; baseline 0.003 -20"><span class='ocrx_word' id='word_1_791' title='bbox 589 5177 666 5228; x_wconf 80' lang='lat' dir='ltr'><strong>Ac</strong></span> <span class='ocrx_word' id='word_1_792' title='bbox 693 5174 1006 5243; x_wconf 85' lang='lat' dir='ltr'><strong>simpliciter</strong></span> <span class='ocrx_word' id='word_1_793' title='bbox 1038 5175 1104 5226; x_wconf 93' lang='lat' dir='ltr'><strong>de</strong></span> <span class='ocrx_word' id='word_1_794' title='bbox 1129 5188 1193 5228; x_wconf 88' lang='lat' dir='ltr'><strong>eo</strong></span> <span class='ocrx_word' id='word_1_795' title='bbox 1228 5175 1586 5229; x_wconf 89' lang='lat' dir='ltr'><strong>testimonium</strong></span> <span class='ocrx_word' id='word_1_796' title='bbox 1615 5176 1949 5244; x_wconf 85' lang='lat' dir='ltr'><strong>perhibetur,</strong></span> <span class='ocrx_word' id='word_1_797' title='bbox 1977 5181 2116 5248; x_wconf 89' lang='lat' dir='ltr'><strong>quod</strong></span> <span class='ocrx_word' id='word_1_798' title='bbox 2139 5157 2147 5159; x_wconf 12' lang='grc' dir='ltr'>ἡ</span> 
     </span>
    </p>
   </div>
   <div class='ocr_carea' id='block_1_106' title="bbox 2255 5157 3775 5255">
    <p class='ocr_par' dir='ltr' id='par_1_106' title="bbox 2255 5157 3775 5255">
     <span class='ocr_line' id='line_1_106' title="bbox 2255 5157 3775 5255; baseline -0.026 -7"><span class='ocrx_word' id='word_1_799' title='bbox 2255 5157 2489 5249; x_wconf 42' lang='grc' dir='ltr'><strong>ἢὀί‹⁴ἱἰι‹.“</strong></span> <span class='ocrx_word' id='word_1_800' title='bbox 2525 5184 2592 5238; x_wconf 85' lang='grc' dir='ltr'>τὸ</span> <span class='ocrx_word' id='word_1_801' title='bbox 2624 5157 3040 5255; x_wconf 46' lang='grc' dir='ltr'>στόμα-αὐτοῦ</span> <span class='ocrx_word' id='word_1_802' title='bbox 3086 5157 3387 5235; x_wconf 70' lang='grc' dir='ltr'>ἐδίδασκε.</span> <span class='ocrx_word' id='word_1_803' title='bbox 3438 5165 3546 5220; x_wconf 76' lang='grc' dir='ltr'><strong>Καὶ</strong></span> <span class='ocrx_word' id='word_1_804' title='bbox 3592 5157 3775 5255; x_wconf 72' lang='grc' dir='ltr'>ἁπλῶς</span> 
     </span>
    </p>
   </div>
   <div class='ocr_carea' id='block_1_107' title="bbox 587 5246 2157 5347">
    <p class='ocr_par' dir='ltr' id='par_1_107' title="bbox 587 5246 2112 5336">
     <span class='ocr_line' id='line_1_107' title="bbox 587 5246 2112 5336; baseline 0.002 -15"><span class='ocrx_word' id='word_1_805' title='bbox 587 5282 649 5322; x_wconf 88' lang='lat' dir='ltr'><strong>os</strong></span> <span class='ocrx_word' id='word_1_806' title='bbox 687 5267 910 5336; x_wconf 89' lang='lat' dir='ltr'><strong>aperiat,</strong></span> <span class='ocrx_word' id='word_1_807' title='bbox 943 5265 1035 5334; x_wconf 90' lang='lat' dir='ltr'><strong>qui</strong></span> <span class='ocrx_word' id='word_1_808' title='bbox 1082 5264 1278 5319; x_wconf 91' lang='lat' dir='ltr'><strong>silentii</strong></span> <span class='ocrx_word' id='word_1_809' title='bbox 1314 5267 1499 5318; x_wconf 87' lang='lat' dir='ltr'><strong>modos</strong></span> <span class='ocrx_word' id='word_1_810' title='bbox 1543 5276 1699 5320; x_wconf 89' lang='lat' dir='ltr'><strong>antea</strong></span> <span class='ocrx_word' id='word_1_811' title='bbox 1741 5269 1958 5323; x_wconf 87' lang='lat' dir='ltr'><strong>edoctus</strong></span> <span class='ocrx_word' id='word_1_812' title='bbox 1991 5246 2112 5324; x_wconf 71' lang='lat' dir='ltr'><strong>iuit.</strong></span> 
     </span>
    </p>
   </div>
   <div class='ocr_carea' id='block_1_108' title="bbox 2255 5246 3773 5347">
    <p class='ocr_par' dir='ltr' id='par_1_108' title="bbox 2255 5246 3773 5347">
     <span class='ocr_line' id='line_1_108' title="bbox 2255 5246 3773 5347; baseline 0.016 -24"><span class='ocrx_word' id='word_1_813' title='bbox 2255 5275 2418 5336; x_wconf 75' lang='grc' dir='ltr'>κεῖνος</span> <span class='ocrx_word' id='word_1_814' title='bbox 2451 5246 2794 5346; x_wconf 66' lang='grc' dir='ltr'>μαρτυρεῖται</span> <span class='ocrx_word' id='word_1_815' title='bbox 2821 5279 2995 5347; x_wconf 90' lang='grc' dir='ltr'>στόμα</span> <span class='ocrx_word' id='word_1_816' title='bbox 3025 5271 3282 5336; x_wconf 65' lang='grc' dir='ltr'>ἀνοίγειν*</span> <span class='ocrx_word' id='word_1_817' title='bbox 3314 5264 3343 5313; x_wconf 72' lang='grc' dir='ltr'><strong>ὁ</strong></span> <span class='ocrx_word' id='word_1_818' title='bbox 3370 5255 3576 5347; x_wconf 37' lang='lat' dir='ltr'><strong>“amyli;</strong></span> <span class='ocrx_word' id='word_1_819' title='bbox 3605 5246 3773 5347; x_wconf 38' lang='grc' dir='ltr'><strong>μέῗρῗ</strong></span> 
     </span>
    </p>
   </div>
   <div class='ocr_carea' id='block_1_109' title="bbox 588 5333 2157 5436">
    <p class='ocr_par' dir='ltr' id='par_1_109' title="bbox 588 5333 2117 5430">
     <span class='ocr_line' id='line_1_109' title="bbox 588 5333 2117 5430; baseline 0.003 -19"><span class='ocrx_word' id='word_1_820' title='bbox 588 5333 766 5427; x_wconf 87' lang='lat' dir='ltr'><strong>Itaque</strong></span> <span class='ocrx_word' id='word_1_821' title='bbox 789 5369 843 5412; x_wconf 88' lang='lat' dir='ltr'><strong>et</strong></span> <span class='ocrx_word' id='word_1_822' title='bbox 866 5333 1045 5411; x_wconf 15' lang='lat' dir='ltr'><strong>Jobros</strong></span> <span class='ocrx_word' id='word_1_823' title='bbox 1089 5357 1260 5425; x_wconf 88' lang='lat' dir='ltr'><strong>aperit</strong></span> <span class='ocrx_word' id='word_1_824' title='bbox 1287 5367 1466 5427; x_wconf 81' lang='lat' dir='ltr'><strong>postea</strong></span> <span class='ocrx_word' id='word_1_825' title='bbox 1490 5377 1504 5413; x_wconf 92' lang='lat'><strong>:</strong></span> <span class='ocrx_word' id='word_1_826' title='bbox 1529 5361 1580 5414; x_wconf 91' lang='lat' dir='ltr'><strong>id</strong></span> <span class='ocrx_word' id='word_1_827' title='bbox 1619 5368 1700 5414; x_wconf 90' lang='lat' dir='ltr'><strong>est</strong></span> <span class='ocrx_word' id='word_1_828' title='bbox 1725 5369 1841 5428; x_wconf 88' lang='lat' dir='ltr'><strong>post</strong></span> <span class='ocrx_word' id='word_1_829' title='bbox 1872 5377 2117 5430; x_wconf 81' lang='lat' dir='ltr'><strong>magnum</strong></span> 
     </span>
    </p>
   </div>
   <div class='ocr_carea' id='block_1_110' title="bbox 2255 5333 3771 5436">
    <p class='ocr_par' dir='ltr' id='par_1_110' title="bbox 2255 5333 3771 5436">
     <span class='ocr_line' id='line_1_110' title="bbox 2255 5333 3771 5436; baseline -0.02 -19"><span class='ocrx_word' id='word_1_830' title='bbox 2255 5333 2477 5434; x_wconf 68' lang='grc' dir='ltr'>πρότερον</span> <span class='ocrx_word' id='word_1_831' title='bbox 2497 5333 2776 5436; x_wconf 55' lang='grc' dir='ltr'>δὶδαέοεις.</span> <span class='ocrx_word' id='word_1_832' title='bbox 2803 5333 3010 5423; x_wconf 77' lang='grc' dir='ltr'>Οὐκοῦν</span> <span class='ocrx_word' id='word_1_833' title='bbox 3033 5363 3127 5418; x_wconf 70' lang='grc' dir='ltr'><strong>και</strong></span> <span class='ocrx_word' id='word_1_834' title='bbox 3157 5333 3283 5410; x_wconf 66' lang='grc' dir='ltr'>ὀιὼε</span> <span class='ocrx_word' id='word_1_835' title='bbox 3299 5347 3502 5414; x_wconf 81' lang='grc' dir='ltr'>ἀνοίγει</span> <span class='ocrx_word' id='word_1_836' title='bbox 3519 5339 3577 5392; x_wconf 84' lang='lat' dir='ltr'><strong>rb</strong></span> <span class='ocrx_word' id='word_1_837' title='bbox 3601 5333 3771 5401; x_wconf 70' lang='grc' dir='ltr'>στόμα</span> 
     </span>
    </p>
   </div>
   <div class='ocr_carea' id='block_1_111' title="bbox 651 5487 2096 5559">
    <p class='ocr_par' dir='ltr' id='par_1_111' title="bbox 651 5487 2096 5559">
     <span class='ocr_line' id='line_1_111' title="bbox 651 5487 2096 5559; baseline 0.003 -15"><span class='ocrx_word' id='word_1_838' title='bbox 651 5492 697 5524; x_wconf 72' lang='grc'><strong>³⁸</strong></span> <span class='ocrx_word' id='word_1_839' title='bbox 726 5489 822 5544; x_wconf 77' lang='lat' dir='ltr'><strong>Job</strong></span> <span class='ocrx_word' id='word_1_840' title='bbox 851 5505 946 5554; x_wconf 84' lang='lat' dir='ltr'><strong>vn,</strong></span> <span class='ocrx_word' id='word_1_841' title='bbox 974 5489 1064 5542; x_wconf 87' lang='grc'><strong>20.</strong></span> <span class='ocrx_word' id='word_1_842' title='bbox 1135 5489 1182 5522; x_wconf 83' lang='grc'><strong><em>³⁸</em></strong></span> <span class='ocrx_word' id='word_1_843' title='bbox 1212 5487 1253 5544; x_wconf 88' lang='lat' dir='ltr'><strong>ll</strong></span> <span class='ocrx_word' id='word_1_844' title='bbox 1278 5489 1399 5544; x_wconf 89' lang='lat' dir='ltr'><strong>Cor.</strong></span> <span class='ocrx_word' id='word_1_845' title='bbox 1433 5505 1507 5556; x_wconf 80' lang='lat' dir='ltr'><strong>vr,</strong></span> <span class='ocrx_word' id='word_1_846' title='bbox 1526 5491 1548 5545; x_wconf 76' lang='lat' dir='ltr'><strong>‘l</strong></span> <span class='ocrx_word' id='word_1_847' title='bbox 1567 5491 1611 5546; x_wconf 89' lang='grc' dir='ltr'><strong>Ι.</strong></span> <span class='ocrx_word' id='word_1_848' title='bbox 1684 5492 1726 5524; x_wconf 85' lang='grc'><strong>⁵⁷</strong></span> <span class='ocrx_word' id='word_1_849' title='bbox 1755 5491 1939 5548; x_wconf 79' lang='lat' dir='ltr'><strong>Matth.</strong></span> <span class='ocrx_word' id='word_1_850' title='bbox 1972 5508 2021 5559; x_wconf 81' lang='grc' dir='ltr'><strong>ν,</strong></span> <span class='ocrx_word' id='word_1_851' title='bbox 2044 5493 2096 5548; x_wconf 91' lang='grc'>2.</span> 
     </span>
    </p>
   </div>
   <div class='ocr_carea' id='block_1_112' title="bbox 655 5583 1392 5654">
    <p class='ocr_par' dir='ltr' id='par_1_112' title="bbox 655 5583 1392 5654">
     <span class='ocr_line' id='line_1_112' title="bbox 655 5583 1392 5654; baseline 0.003 -18"><span class='ocrx_word' id='word_1_852' title='bbox 655 5584 763 5654; x_wconf 85' lang='grc'>(29)</span> <span class='ocrx_word' id='word_1_853' title='bbox 799 5583 1392 5654; x_wconf 63' lang='lat' dir='ltr'><strong>Legeudnmbbuvarat.</strong></span> 
     </span>
    </p>
   </div>
   <div class='ocr_carea' id='block_1_113' title="bbox 657 5651 1154 5720">
    <p class='ocr_par' dir='ltr' id='par_1_113' title="bbox 657 5651 1154 5720">
     <span class='ocr_line' id='line_1_113' title="bbox 657 5651 1154 5720; baseline -0.01 -11"><span class='ocrx_word' id='word_1_854' title='bbox 657 5651 765 5720; x_wconf 81' lang='grc'>(50)</span> <span class='ocrx_word' id='word_1_855' title='bbox 792 5651 946 5706; x_wconf 65' lang='lat' dir='ltr'><strong>Forte</strong></span> <span class='ocrx_word' id='word_1_856' title='bbox 972 5651 1154 5706; x_wconf 86' lang='grc' dir='ltr'>αὑτοῦ.</span> 
     </span>
    </p>
   </div>
   <div class='ocr_carea' id='block_1_114' title="bbox 652 5725 1207 5792">
    <p class='ocr_par' dir='ltr' id='par_1_114' title="bbox 652 5725 1207 5792">
     <span class='ocr_line' id='line_1_114' title="bbox 652 5725 1207 5792; baseline -0.007 -16"><span class='ocrx_word' id='word_1_857' title='bbox 652 5725 760 5791; x_wconf 80' lang='grc'>(51)</span> <span class='ocrx_word' id='word_1_858' title='bbox 786 5725 1207 5792; x_wconf 78' lang='grc' dir='ltr'>Κατεντευκτήν,</span> 
     </span>
    </p>
   </div>
   <div class='ocr_carea' id='block_1_115' title="bbox 2291 5585 2541 5655">
    <p class='ocr_par' dir='ltr' id='par_1_115' title="bbox 2291 5585 2541 5655">
     <span class='ocr_line' id='line_1_115' title="bbox 2291 5585 2541 5655; baseline 0 0"><span class='ocrx_word' id='word_1_859' title='bbox 2291 5585 2401 5655; x_wconf 61' lang='lat'><strong>(3?)</strong></span> <span class='ocrx_word' id='word_1_860' title='bbox 2436 5585 2541 5655; x_wconf 73' lang='grc' dir='ltr'><strong>Ῑῷ·</strong></span> 
     </span>
    </p>
   </div>
   <div class='ocr_carea' id='block_1_116' title="bbox 2291 5652 2810 5721">
    <p class='ocr_par' dir='ltr' id='par_1_116' title="bbox 2291 5652 2810 5721">
     <span class='ocr_line' id='line_1_116' title="bbox 2291 5652 2810 5721; baseline -0.002 -17"><span class='ocrx_word' id='word_1_861' title='bbox 2291 5654 2401 5721; x_wconf 72' lang='grc'>(55)</span> <span class='ocrx_word' id='word_1_862' title='bbox 2439 5652 2597 5710; x_wconf 76' lang='lat' dir='ltr'><strong>Ferte</strong></span> <span class='ocrx_word' id='word_1_863' title='bbox 2634 5652 2810 5706; x_wconf 68' lang='grc' dir='ltr'>αὐτόν.</span> 
     </span>
    </p>
   </div>
   <div class='ocr_carea' id='block_1_117' title="bbox 2295 5722 2734 5791">
    <p class='ocr_par' dir='ltr' id='par_1_117' title="bbox 2295 5722 2734 5791">
     <span class='ocr_line' id='line_1_117' title="bbox 2295 5722 2734 5791; baseline 0 -17"><span class='ocrx_word' id='word_1_864' title='bbox 2295 5723 2401 5791; x_wconf 67' lang='grc'>(54)</span> <span class='ocrx_word' id='word_1_865' title='bbox 2439 5722 2591 5777; x_wconf 77' lang='lat' dir='ltr'><strong>Forte</strong></span> <span class='ocrx_word' id='word_1_866' title='bbox 2619 5724 2734 5791; x_wconf 83' lang='grc' dir='ltr'>τήν.</span> 
     </span>
    </p>
   </div>
  </div>
