3922 6396
1482 414 1568 470 EN
1575 414 2005 472 ABRATIONES
2043 415 2105 478 IN
2142 411 2282 470 JOB.
3382 421 3446 477 70

108 513 274 615 μίαν
295 500 835 615 τοῦξ⁰”οξουτξστι
893 526 1068 592 μετὰ.
1105 529 1170 582 τδ
1211 529 1349 600 μέγα
1385 531 1654 600 τρόπαιον,
1703 549 1791 602 μετ

1920 542 2194 598 tropaeum,
2223 530 2344 596 post
2364 527 2648 592 passiones
2670 529 2804 592 illas.
2827 544 2930 584 non
2958 544 3074 584 stne
3102 533 3345 588 examine
3367 534 3445 588 Io-

121 596 421 699 ἐκεῖνα,τά
435 599 628 706 ξεάθην
664 608 790 706 Oti-nc
827 596 1256 684 ἀϐασανίστως
1286 596 1575 690 φθέγγεται
1597 596 1818 692 περιαλ-

141 716 255 782 τῶν
285 698 369 758 τῳ
387 698 637 782 “ibimus
666 698 788 768 τῆς
815 703 1123 780 γλώσσης
1147 709 1446 780 φθανούσης
1471 711 1532 763 τὸ
1561 711 1660 780 τῆς
1685 728 1817 782 φρο-

156 779 370 868 ,ἥσεως
415 779 727 854 ἒνθεσμον.
771 789 943 845 ἀλλὰ
1002 779 1307 866 σωφρονῶν
1342 779 1435 850 καὶ
1471 799 1590 860 ταῖς
1619 779 1819 866 φωναῖς

179 870 572 937 δποδείκνυται.
611 875 798 946 Δηλοῖ
835 880 907 932 δὲ
960 885 1070 936 καὶ
1102 884 1202 956 τὴν
1238 886 1471 956 γαλήνην
1517 887 1614 956 τῆς
1644 887 1817 957 ψυχῆς

166 972 283 1034 καλ
297 961 402 1015 τῶν
428 965 702 1034 ῥημάτων
725 969 798 1021 τδ
823 970 1147 1044 ἐμπρεπὲς
1173 976 1207 1045 ή
1229 975 1320 1028 τοῦ
1346 976 1544 1042 ἀνοῖξαι
1568 976 1627 1030 τὸ
1647 976 1818 1047 στόμα

152 1053 362 1129 (ιμοῦ
389 1056 679 1128 μαρτυρία
708 1059 864 1131 ('55).
1104 1112 1108 1116 .

867 1152 1047 1206 ΚΕΦ.
1094 1154 1176 1206 19’
1183 1191 1199 1206 .

188 1238 336 1311 (δε)
359 1237 508 1309 Στὶχ.
534 1243 606 1292 α’.
635 1238 796 1304 Ἕως
819 1241 1008 1306 τινος
1039 1243 1300 1311 ἔγκωπον
1313 1242 1587 1309 ποιήσετε
1612 1243 1817 1311 ψυχήν

953 1327 1120 1378 μου;

283 1399 512 1469 ⁴Ωσπερ
554 1397 788 1468 σώματα
836 1399 1025 1472 βαρέα
1067 1400 1414 1471 ἐπιτιθέμενα
1451 1399 1612 1464 ζώων
1643 1399 1818 1469 σώμα-

189 1507 334 1550 σιν,
381 1490 612 1559 κάμνειν
651 1491 833 1542 ποιεῖν
877 1490 952 1542 τὰ
999 1489 1366 1558 βαστάζοντα·
1411 1489 1579 1551 οὕτως
1607 1490 1709 1541 είσί
1737 1506 1814 1540 τι-

187 1597 318 1642 νες
355 1580 512 1647 λόγοι
546 1579 756 1648 βαρεῖς,
802 1579 901 1642 οὒς
934 1581 1178 1642 ἀκούσας
1205 1597 1287 1643 τις
1327 1581 1543 1650 κάμνει.
1593 1579 1679 1642 Ὣς
1712 1577 1815 1630 ὑπὸ

184 1670 450 1740 βὼρους
475 1669 816 1738 πιεζόμενος,
846 1670 950 1739 τῆς
981 1670 1260 1740 δυνάμεως
1294 1669 1401 1721 τῶν
1431 1670 1599 1736 λόγων
1627 1668 1730 1721 τῶν
1752 1667 1812 1719 οὐ

184 1760 455 1820 κακῶς,
496 1759 584 1811 καὶ
625 1759 888 1828 χαλεπῶς
922 1761 1056 1830 (57),
1088 1761 1122 1830 ἢ
1164 1760 1256 1812 ἐπὶ
1302 1760 1560 1829 λοιδορίας
1596 1757 1812 1828 εἰρημέ-

1915 623 2099 690 quitur
2122 628 2228 674 toto
2257 630 2486 683 corpore
2507 617 2712 683 dolens,
2735 618 3091 687 prteveniente
3114 618 3289 687 lingua
3318 638 3414 690 prtt

1916 713 2110 772 demite
2133 710 2296 777 leges,
2321 708 2416 762 sed
2439 708 2520 761 vel
2551 708 2602 761 in
2633 708 2763 776 ipsis
2786 709 3005 764 vocibus
3023 708 3234 763 sobrius
3262 720 3436 764 aster,-

1914 800 2078 854 ditur.
2121 798 2322 851 Iudicat
2361 795 2522 849 etiam
2559 796 2746 848 anima:
2786 795 3248 862 tranquillitatem,
3299 798 3436 863 ipso-

1914 902 2139 956 rumque
2173 887 2452 944 verborum
2491 885 2758 950 decorem,
2787 884 2928 954 quod
2950 885 3014 939 de
3039 884 3438 955 illo-perhibes-

1916 987 1998 1031 tur
2028 977 2302 1045 aperuisse
2331 989 2413 1028 os.

2595 1153 2654 1210 Ρ.
2697 1153 2810 1208 XIX
2823 1197 2835 1208 .

2595 1154 2654 1210 Ρ.
2697 1154 2762 1207 XI
2823 1197 2835 1208 .

1914 1239 1981 1294 ν.
2018 1240 2068 1294 ί.
2103 1239 2378 1310 Quousque
2405 1155 2714 1295 Ιαὺξνῒυεαηι
2744 1154 2948 1310 [ξοῑειὶε
2989 1246 3212 1297 animam
3238 1247 3438 1315 meam?

1980 1389 2432 1455 Quemadmodum
2485 1406 2706 1460 corpora
2751 1393 2932 1461 gravia
2971 1392 3215 1461 imposita
3240 1396 3436 1449 anima-

1912 1480 2039 1534 lium
2066 1482 2400 1548 corporibus,
2423 1484 2680 1550 gestantia
2708 1483 3126 1551 defatigantzsie
3158 1494 3284 1538 sunt
3316 1487 3435 1553 qui-

1910 1571 2030 1625 dam
2054 1585 2325 1626 sermones
2362 1587 2572 1640 graves.
2600 1587 2733 1640 quos
2766 1574 2990 1626 audiens
3014 1575 3137 1641 quis
3165 1573 3436 1641 fatigatur.

1912 1659 2186 1728 Tanquam
2221 1676 2248 1713 a
2297 1661 2504 1714 sarcina
2555 1677 2869 1730 oppressus,
2896 1663 2946 1715 vi
2993 1677 3297 1717 sermonum
3331 1677 3434 1716 non

1910 1751 2051 1805 male
2072 1765 2134 1804 ac
2157 1749 2395 1812 moleste,
2422 1749 2503 1802 vel
2528 1752 2593 1802 ad
2621 1751 2918 1803 convicium
2941 1750 3204 1804 dictorum
3229 1753 3293 1805 ab
3317 1752 3435 1804 aliis

183 1865 334 1900 νων
372 1846 481 1900 ὑπὸ
507 1845 614 1898 τῶν
657 1847 840 1899 ἄλλων
894 1847 992 1900 δύο
1041 1848 1176 1918 μετὰ
1229 1847 1428 1900 Βαλδὰὸ
1471 1847 1791 1917 ἐληλυθότων

1913 1842 2138 1904 duobus,
2170 1842 2260 1909 qui
2291 1855 2408 1895 cum
2432 1839 2666 1893 Baldadn
2691 1852 2966 1906 venerant,
2987 1851 3235 1911 tanquam
3258 1843 3435 1897 oneris

179 1933 395 1984 οἱονεὶ
442 1933 664 2002 φορτίου
714 1933 976 2003 αἴσθησις
1009 1934 1121 2004 (58)
1174 1934 1386 2005 βαρέος,
1433 1936 1462 1987 ό
1517 1933 1631 1984 ’1ώό
1679 1949 1809 2002 φησι

183 2039 278 2072 κα.
293 2021 434 2090 μὼν
484 2024 554 2092 τῇ
607 2021 759 2092 ψυχῇ
817 2023 906 2091 ἐφ’
968 2016 1052 2086 οἷς
1105 2023 1411 2094 εἰρήκασιν·
1462 2023 1606 2086 Ἕως
1651 2022 1810 2086 τινος

177 2109 496 2179 ἐγχοπον
515 2111 805 2177 ποιήσετε
831 2112 1044 2180 ψυχήν
1056 2130 1172 2180 μου
1187 2129 1282 2174 ;-
1296 2113 1403 2165 Καὶ
1424 2113 1547 2180 μετ’
1577 2113 1806 2181 ὀλίγον*

191 2199 405 2270 Ὁρᾷς
457 2201 536 2262 ὡς
583 2201 1017 2271 προγέγραπται
1042 2202 1071 2252 ὁ
1099 2201 1376 2269 Σαυχαίων
1411 2200 1681 2270 τύραννος.
1709 2199 1811 2250 Τυ-

179 2292 482 2360 ρειννικοὶ
505 2291 674 2344 αὐτοῦ
701 2293 844 2344 εἰσιν
869 2293 919 2343 οἱ
947 2291 1114 2357 λόγοι,
1135 2290 1226 2353 οὒς
1257 2289 1490 2352 ἀκούσας
1506 2291 1534 2342 ό
1572 2289 1707 2354 Ἰὼϐ,
1731 2289 1810 2342 λέ-

173 2396 248 2445 γε
267 2382 474 2432 ε”Εω
529 2381 700 2445 τίνος
717 2381 982 2450 ἐγκοπον
1005 2380 1281 2444 ποιήσετε
1311 2378 1424 2446 τὴν
1438 2378 1644 2446 ψυχήν
1661 2395 1808 2448 μους

171 2470 329 2539 οὐχ
361 2470 556 2532 οὕτως
593 2469 938 2522 καθικνεῖται
968 2469 1144 2538 ψυχῆς
1179 2468 1457 2539 ἀνθρώπου
1493 2469 1617 2522 ἄλλο
1641 2487 1711 2532 τι,
1736 2469 1810 2530 ὡς

170 2557 381 2626 λόγος
439 2559 706 2629 σκληρός.
767 2559 1038 2620 Πολλάκις
1081 2558 1371 2626 ὑπομείνας
1413 2558 1509 2620 τὰς
1551 2557 1808 2626 βασάνους

171 2645 451 2717 σώματι
503 2647 988 2718 προσφερομένας,
1027 2646 1216 2714 λόγους
1265 2647 1361 2715 οὐχ
1401 2647 1704 2716 ὑπέμεινεν.
1753 2646 1810 2697 '0

167 2736 488 2804 μέντοιγε
512 2738 727 2799 τέλειος
755 2737 1014 2807 ἀθλητὴς,
1059 2739 1106 2789 εἰ
1140 2738 1230 2789 καὶ
1259 2737 1497 2804 κάμνων,
1532 2735 1646 2788 ἀλλ’
1677 2735 1809 2788 ὑπο·-

165 2827 374 2894 μένει
417 2828 558 2890 τοὺς
600 2827 874 2897 χαλεποὺς
908 2826 1116 2892 λόγους.
1150 2827 1342 2896 Ὕϐριν
1383 2827 1487 2896 γὰρ
1531 2825 1810 2894 ὑπομένειν

164 2919 477 2988 μεγάλου
509 2919 711 2988 ἀνδρός
736 2919 905 2969 ἐστιν.
937 2916 1136 2986 Διόπερ
1173 2918 1229 2968 ὲν
1257 2918 1366 2980 τοῖς
1402 2913 1812 2984 ἀνδραγαθήμα-

163 3024 290 3060 σῑν
317 3007 540 3062 ἑαυτοῦ
568 3010 598 3060 ό
640 3006 964 3070 Ἀπόστολος
986 3007 1130 3074 λέγει
1149 3023 1164 3037 ο
1187 3005 1624 3072 Λοιδορούμενοι
1650 3005 1812 3056 εὐλο-

158 3099 476 3166 γοῦμεν,
531 3097 888 3164 διωκόμενοι
943 3095 1302 3162 ἀνεχόμεθα,
1335 3093 1812 3160 δυσφημούμενοι

1907 1948 2065 1987 sensu
2118 1935 2316 2002 gravis,
2357 1934 2484 1986 dicit
2511 1931 2609 1986 Job
2638 1933 2958 2004 defatigatus
3004 1935 3185 1988 animo
3215 1944 3435 2005 propter

1906 2039 1966 2078 ea
2000 2038 2116 2091 qum
2146 2024 2430 2078 dixerant:
2459 2026 2730 2093 Quousque
2751 2025 3059 2078 laboriosam
3094 2025 3292 2092 {arietis
3319 2027 3435 2076 ani-

1906 2130 2041 2165 mam
2063 2130 2224 2166 meam
2243 2117 2268 2169 .’
2291 2143 2359 2154 —-
2389 2117 2453 2169 Et
2477 2130 2588 2184 post
2613 2132 2780 2184 pauca
2812 2130 2831 2168 :
2868 2115 3024 2168 Vides
3047 2115 3186 2182 quod
3229 2115 3399 2168 deseri
3421 2145 3429 2150 -

1906 2209 2029 2269 pttts
2076 2202 2236 2256 fuerit
2271 2203 2642 2259 Sattchaaorttm
2671 2216 2945 2272 tyrannus.
2981 2205 3266 2273 Tyrannici
3308 2212 3434 2257 sunt

1906 2290 2019 2358 eius
2051 2278 2342 2354 serniones,
2371 2308 2502 2361 quos
2539 2295 2760 2350 audiens
2786 2293 2884 2347 Job
2914 2295 3023 2347 ait:
3055 2294 3331 2362 Quousque
3359 2293 3434 2344 la-

1907 2382 2160 2434 boriosam
2191 2383 2390 2449 facietis
2411 2385 2635 2436 animant
2667 2400 2830 2437 meam
2851 2384 2875 2437 .9
2893 2383 3007 2438 Non
3037 2385 3110 2436 ita
3139 2383 3299 2436 allicit
3324 2385 3434 2435 ani-

1907 2483 2046 2521 mam
2080 2469 2310 2523 hominis
2337 2471 2476 2523 aliud
2501 2471 2650 2540 quid,
2681 2479 2738 2525 ut
2761 2487 2939 2526 sermo
2963 2473 3256 2539 prmdurus.
3281 2471 3432 2541 Saepe

1907 2557 1994 2623 qui
2025 2559 2276 2611 sustinuit
2306 2569 2568 2613 tormenta
2604 2562 2816 2629 corpori
2863 2561 3131 2625 adhibita,
3157 2574 3432 2614 sermones

1906 2659 2012 2698 non
2044 2647 2316 2701 sustinuit.
2352 2647 2623 2704 Perfectus
2651 2661 2822 2704 tamen
2854 2650 2941 2704 hic
2971 2649 3194 2713 athleta,
3223 2651 3322 2705 etsi
3340 2651 3430 2704 de-

1907 2733 2177 2802 fatigatus,
2213 2737 2438 2791 sustinet
2469 2738 2819 2793 nihilominus
2851 2740 3101 2793 molestos
3137 2753 3427 2793 sermones.

1907 2819 2285 2875 Contumeliam
2314 2825 2454 2877 enim
2480 2824 2720 2888 sull'erre,
2739 2827 2911 2896 magni
2942 2837 3024 2881 est
3046 2828 3164 2880 viri.
3185 2827 3432 2895 Propter-

1906 2921 1968 2960 ea
2009 2907 2060 2960 in
2093 2909 2202 2962 suis
2231 2909 2517 2963 virtutibus
2549 2897 2834 2979 Apostolus
2867 2927 3112 2968 recenset
3134 2931 3149 2967 :
3171 2913 3430 2968 Conviciis

1907 2996 2154 3058 lacessiti,
2189 2998 2569 3062 benedicimus;
2594 3003 2993 3060 persecutionem
3015 3004 3282 3069 patientes,
3311 3005 3432 3056 tole-

1908 3101 2120 3151 ramus;
2153 3088 2479 3156 blasphemiis
2507 3093 2773 3158 proseissi,
2789 3093 3141 3159 deprecamur.
3163 3092 3426 3160 Tanquam

158 3183 733 3252 παρακαλοῦμεν.
787 3183 1013 3248 ’Ὠσπερ
1061 3179 1394 3247 καθάρματα
1432 3178 1535 3231 τοῦ
1579 3178 1791 3244 κόσμοι

1906 3186 2241 3245 purgamenta
2265 3181 2441 3231 mundi
2469 3181 2634 3248 eﬁ‘ecti
2663 3197 2858 3244 sumus,
2898 3183 3122 3234 omnium
3145 3183 3432 3250 peripsemc

155 3273 630 3342 ἐγ-ενήθημεν,
655 3271 902 3324 πάντων
930 3270 1234 3337 περίψημα
1255 3269 1362 3332 ἕως
1381 3267 1523 3335 ἄρτι.
1549 3267 1658 3320 Καὶ
1689 3267 1805 3336 μετ’

158 3360 234 3413 ὸλ
249 3365 403 3432 (γον
444 3361 620 3429 φησιν
643 3356 785 3422 εἶτα,
807 3359 896 3410 διὰ
914 3359 994 3420 τὸ,
1027 3357 1174 3421 Ἕως
1191 3357 1352 3420 τίνος
1368 3357 1618 3425 ἐγκοπον
1639 3353 1806 3420 ποιή-

161 3467 353 3506 σετε
385 3450 619 3520 ψυχήν
644 3465 808 3518 μου;
851 3449 1045 3518 Ὀρᾷς;
1093 3446 1210 3499 Ἰὼϐ
1241 3447 1404 3509 ἐστιν,
1431 3438 1491 3497 οὗ
1526 3444 1699 3496 καὶτὸ
1728 3444 1805 3513 βι-

164 3541 252 3593 6λ
269 3544 363 3596 εον
400 3542 571 3594 οὐδὲν
626 3541 758 3594 ἄλλο
784 3538 1078 3609 ἐξαιρέτως
1109 3537 1346 3607 περιέχει
1389 3536 1423 3606 ἢ
1463 3536 1561 3605 τὴν
1590 3536 1804 3606 ἀνδρίαν

162 3630 259 3680 αὖ
275 3631 388 3684 τοῦ
447 3631 553 3683 καὶ
596 3629 698 3699 τὴν
759 3629 1056 3697 ὒπομονήν.
1127 3625 1262 3677 Ἀλλ’
1300 3626 1444 3694 ὅμως
1497 3625 1802 3677 αἰσθάνεται

163 3719 319 3775 τῶν
337 3721 654 3790 καμάτων,
685 3713 764 3770 ὧν
786 3721 1059 3787 κεκμήκει
1083 3715 1191 3767 ἀπὸ
1211 3713 1301 3766 τοῦ
1329 3713 1484 3782 λόγου
1519 3713 1611 3766 τοῦ
1638 3713 1801 3784 σκλη-

167 3812 306 3877 po?»
366 3811 491 3862 τῶν
543 3805 888 3877 ἐληλυθότων
921 3805 1083 3856 αὑτὸν
1117 3803 1495 3872 ὲπισκοπῆσαι.

167 3897 321 3970 ('59)
361 3899 531 3967 Στίχ.
564 3904 634 3965 γ’.
669 3893 875 3948 Γνῶτε
895 3895 1108 3978 μόνον,
1142 3891 1230 3944 ὅτι
1265 3895 1297 3945 ό
1320 3894 1528 3960 Κύριος
1557 3893 1802 3963 ἐποίησέ

873 3979 950 4030 με
979 3978 1185 4026 ουτως.

282 4059 361 4109 ..Α
398 4053 639 4125 βλέπετε
664 4051 799 4122 ,περὶ⁸
823 4050 946 4119 ἐμὲ,
984 4049 1058 4118 μὴ
1083 4047 1339 4117 νομίσητε
1369 4047 1584 4101 ἄλλοθεν
1616 4050 1801 4121 ἐληλυ-

167 4138 372 4196 θέναι
413 4157 510 4210 μοι
541 4140 578 4208 η
607 4138 723 4190 ἀπὸ
744 4137 838 4189 τοῦ
865 4135 1020 4189 Θεοῦ.
1061 4133 1332 4203 Φοϐήθητε
1364 4134 1556 4186 τοίνυν.
1612 4136 1669 4188 '0
1697 4137 1800 4207 γὰρ

167 4227 338 4294 ἐμοὶ
369 4229 562 4281 ταῦτα
587 4225 815 4292 ἐπάγων
843 4223 1067 4276 δύναται
1097 4221 1192 4273 καὶ
1220 4220 1345 4289 ὑμῖν
1367 4221 1678 4287 ἐπαγαγεῖν.

167 4316 369 4388 Στξχ,
405 4319 482 4387 γ’.
512 4313 925 4388 Καταλαλεςῖτᾴ
945 4312 1236 4388 μουΑ-,οὑκ
1266 4310 1682 4378 αἰσχυνόμενοί
1703 4327 1797 4378 με,

810 4379 1114 4434 ἐπίκέισθέ
1137 4396 1256 4446 μοι.

1901 3283 2060 3336 usque
2081 3269 2230 3322 modo
2257 3269 2326 3322 ⁸⁸.
2355 3270 2418 3323 Ει
2448 3271 2604 3339 paulo
2627 3285 2744 3341 post
2767 3271 3018 3341 deinceps
3040 3275 3188 3337 dicit,
3216 3283 3430 3340 propter

1903 3356 2026 3410 illud
2054 3373 2068 3410 :
2105 3357 2374 3427 Usquequo
2403 3357 2711 3413 laboriosam
2746 3360 2941 3426 facietis
2973 3362 3195 3414 animam
3225 3377 3385 3414 meam
3405 3365 3432 3416 ?

1907 3445 2130 3500 Viden’?
2153 3445 2248 3500 Job
2274 3456 2356 3500 est
2380 3464 2395 3502 τ
2417 3449 2566 3516 cujus
2589 3449 2895 3503 etiatnlibcr
2913 3449 3042 3502 nihil
3074 3449 3214 3502 aliud
3245 3452 3430 3518 prmci-

1900 3549 2000 3604 pue
2047 3537 2302 3602 continet,
2349 3551 2508 3605 quam
2560 3537 2724 3593 robur
2765 3551 2821 3592 et
2865 3539 3195 3593 tolerantiam
3265 3539 3426 3594 illius.

1901 3623 2256 3680 Nihilominus
2282 3626 2446 3681 sentit
2467 3627 2698 3692 labores,
2728 3627 2918 3696 quibus
2942 3627 3274 3683 laboraverat
3297 3644 3426 3697 pro-

1899 3719 2018 3778 pter
2061 3711 2250 3765 durum
2285 3726 2581 3767 sermonem
2611 3729 2826 3780 eorum,
2851 3715 2940 3784 qui
2971 3725 3228 3770 venerant
3252 3718 3318 3770 ad
3349 3717 3430 3771 in-

1898 3799 2170 3853 visendnm
2197 3801 2362 3855 illum.

1899 3887 1963 3942 γ.
1988 3889 2040 3942 5.
2069 3889 2338 3957 Agnoscite
2355 3894 2628 3959 duntaxat,
2650 3895 2786 3962 quod
2809 3894 3060 3948 Dominus
3084 3895 3204 3964 fecit
3231 3914 3308 3951 me
3329 3899 3424 3953 sic.

1966 4063 2094 4129 Quae
2134 4066 2274 4120 circa
2318 4081 2404 4122 me
2453 4070 2694 4134 cernitis,
2738 4085 2805 4124 ne
2858 4075 3173 4141 putaveritis
3216 4075 3426 4132 aliunde

1896 4154 2137 4208 evenisse
2161 4155 2310 4220 mihi,
2334 4171 2490 4224 quam
2519 4172 2548 4211 a
2576 4160 2704 4214 Deo.
2743 4158 2958 4215 Metuite
2979 4177 3124 4230 ergo.
3156 4165 3256 4229 Qui
3283 4167 3424 4218 enim

1897 4242 2027 4294 mihi
2057 4243 2238 4298 istluec
2260 4246 2492 4311 adducit,
2523 4257 2695 4316 potest
2729 4256 2782 4303 et
2811 4249 2963 4304 vobis
2986 4252 3264 4306 adducere.

1901 4328 1962 4382 ν.
1981 4329 2034 4384 5.
2057 4328 2406 4396 Obloquimini
2429 4335 2492 4388 de
2518 4351 2598 4388 me
2617 4351 2636 4388 :
2652 4352 2762 4454 sum
2789 4337 2988 4390 reveriti
3014 4355 3113 4404 me,
3135 4339 3426 4394 incumbitis

2591 4419 2660 4454 nu
2679 4421 2737 4454 ιι.

2591 4419 2737 4456 MU".

277 4477 414 4547 (40)
448 4473 730 4536 Πολλάκις
766 4472 864 4525 καὶ
914 4467 1204 4523 καταλαλεῖ
1237 4484 1320 4530 τις
1368 4468 1549 4530 κακῶς
1605 4467 1790 4521 ποιῶν,

1962 4486 2112 4556 Saepe
2131 4497 2184 4542 et
2203 4488 2508 4557 obloquitur
2533 4492 2654 4560 quis
2691 4507 2962 4562 perperam
2990 4509 3173 4562 agens.
3205 4497 3428 4563 Quando

169 4561 351 4620 Ὀτε
389 4567 466 4621 ἂν
510 4566 573 4618 δὲ
617 4565 725 4618 οὐκ
770 4558 1174 4631 άπερυθριάσῃ,
1225 4559 1304 4620 είς
1347 4558 1627 4628 πρόσωπον
1656 4558 1800 4626 λέγει

162 4655 449 4729 ἐκείνῳ,
470 4658 596 4727 οὐχὶ
630 4656 895 4724 ἐλέγχων,
929 4650 1051 4704 οὐδὲ
1075 4648 1277 4719 τάληθῆ
1304 4647 1492 4715 λέγων,
1521 4648 1631 4701 ἀλλ’
1661 4649 1798 4702 ὀνει-

161 4745 386 4818 δίζων
443 4751 546 4803 καὶ
589 4746 854 4818 ὑϐρίζων.
895 4744 1022 4805 Τοῖς
1072 4740 1178 4811 γὰρ
1219 4741 1321 4794 ὑπὸ
1356 4739 1488 4792 Θεοῦ
1531 4757 1797 4812 τιμωρου-

163 4842 412 4902 μένοις
461 4834 830 4906 ἑπεμὸαίνειν
873 4830 938 4884 οὐ
979 4828 1105 4899 χρὴ,
1150 4827 1282 4881 ἀλλὰ
1329 4826 1542 4898 θρηνεῖν
1586 4828 1677 4881 καὶ
1705 4845 1799 4897 φο-

162 5007 325 5082 (ιι)
343 4943 510 5132 Et???
541 5008 607 5064 δ’.
633 5008 748 5064 Nai
776 5005 858 5070 δὴ
873 5004 971 5057 ἐπ’
1003 5001 1282 5085 ἀληθείας
1299 5002 1413 5072 ἐγὼ
1435 5001 1796 5081 ἑξτλανήρην,

272 5083 432 5132 καθ’
495 5078 593 5132 μοι
623 5077 694 5130 δὲ
720 5071 1028 5132 αὐλίζεται
1053 5074 1275 5132 πλάνος
1294 5089 1307 5102 ο
1335 5073 1596 5132 mnam
1613 5071 1796 5132 ρημα,

272 5071 432 5167 ξαρ
454 5071 593 5199 ἓὲἓὶ
623 5077 694 5130 δὲ
720 5071 1028 5134 αὐλίζεται
1053 5071 1275 5136 πλάνος
1294 5089 1307 5102 ⁸
1335 5071 1596 5137 λαλῆσαι
1613 5071 1796 5140 ῥῆμα,

273 5169 308 5199 ο
343 5167 467 5199 ουκ
570 5164 643 5199 ει.

273 5152 308 5202 ὃ
343 5151 467 5202 οὐκ
498 5149 643 5199 ἔδει.

273 5236 427 5291 Εἶτά
456 5251 628 5305 φησιν
659 5231 786 5286 καθ’
834 5226 1133 5281 ὕπόθεσινο
1173 5225 1325 5296 Ὑμῖν
1347 5227 1559 5296 δίδωμι,
1584 5225 1657 5290 ὡς
1682 5227 1798 5283 ὑπο.

281 5351 376 5404 ⁸⁸1
404 5351 538 5406 Cor.
570 5363 646 5414 iv,
682 5345 775 5408 12,
817 5345 910 5398 13.

284 5482 406 5549 (35)
437 5478 585 5534 Nihil
614 5477 891 5549 deinceps
916 5484 989 5524 ex
1044 5471 1141 5549 hoc
1191 5469 1432 5549 Naniano
1475 5472 1656 5549 codice
1711 5478 1798 5532 de.

189 5537 739 5619 scriptitarinveni,
782 5537 892 5594 nisi
936 5537 1182 5619 quaedam
1237 5542 1299 5619 in_
1326 5541 1543 5595 Venetis
1581 5551 1795 5599 exstan-

197 5620 313 5677 tia.
333 5611 461 5682 'qua:
492 5617 543 5670 in
574 5630 642 5669 eo
668 5623 904 5682 quoque
925 5618 1226 5682 gemuere
1244 5611 1520 5682 dicuntur.

287 5671 394 5750 (δέ)
421 5687 499 5740 Et
533 5671 724 5745 utroq.
754 5671 1115 5750 οόόλνθηεῑο
1140 5696 1210 5713 ·-
1235 5677 1449 5732 confer.
1501 5685 1623 5732 tom.
1678 5678 1787 5744 XII,

193 5739 319 5812 (⁵01.
348 5739 509 5812 i032.
536 5781 610 5809 -.-
644 5739 816 5803 Εόιτ.
873 5739 1055 5791 Pars.
1383 5757 1392 5768 ο

1903 4585 2078 4630 autem
2105 4593 2209 4632 non
2239 4581 2528 4644 erubescit,
2561 4584 2614 4635 in
2649 4581 2837 4637 faciem
2861 4585 2990 4640 dicit
3019 4585 3114 4648 illi,
3141 4603 3246 4640 non
3271 4590 3423 4642 erin-

1903 4679 2048 4730 cens,
2083 4681 2253 4736 neque
2301 4684 2426 4724 vere
2471 4669 2713 4738 loquens,
2740 4674 2832 4727 sed
2885 4674 3144 4729 conviciis
3189 4685 3341 4731 utens
3371 4687 3426 4730 et

1899 4757 2254 4811 contumeliis.
2280 4756 2393 4810 Non
2438 4760 2580 4812 enim
2615 4775 2645 4814 a
2672 4761 2778 4816 Deo
2805 4762 3017 4818 alilictis
3066 4765 3424 4820 insultandunt

1900 4854 2001 4910 est,
2028 4846 2120 4900 sed
2143 4847 2534 4903 lamentandum
2563 4852 2738 4920 potius
2761 4863 2817 4908 et
2840 4855 3200 4910 metuendum.

1906 5011 1966 5066 V.
1991 5013 2045 5067 4.
2088 5013 2346 5093 Nerone
2387 5034 2442 5071 in
2491 5022 2702 5093 veritate
2746 5038 2838 5092 ego
2881 5025 3142 5087 aberraui,
3171 5028 3308 5093 apud
3345 5043 3423 5079 me

1969 5093 2140 5202 ﬁngetur
2175 5086 2310 5154 degit
2355 5102 2468 5141 erro
2506 5103 2526 5142 :
2563 5089 2701 5158 loqui
2732 5086 2937 5146 virbum
2971 5086 3241 5163 quodnon
3272 5111 3424 5163 opor-

2054 5169 2083 5202 a
2113 5191 2125 5202 .

2054 5169 2125 5205 αι.

1968 5238 2167 5300 Deinde
2196 5245 2326 5302 dicit
2362 5263 2430 5304 ex
2477 5250 2756 5321 hypothesi
2782 5271 2799 5310 :
2825 5253 3073 5310 Concedo
3099 5253 3250 5308 vobis
3280 5251 3421 5321 quod

1969 5485 2080 5556 (gift)
2101 5485 2230 5556 ςοά.
2261 5502 2378 5548 nt.
2405 5489 3008 5554 ἀλλἐῐτιόνειόιστικῶς
3039 5489 3130 5542 καὶ
3153 5479 3418 5556 χαλεπῶςο

2103 5554 2257 5626 Ij‘orte
2289 5556 2549 5626 αἰσθήσει.

1966 5622 2075 5687 ('59)
2115 5623 2250 5676 Idem
2281 5626 2332 5676 in
2370 5622 2593 5687 utroque
2637 5627 2754 5681 cod.

1964 5689 2074 5758 (40)
2107 5689 2319 5758 Confer.
2354 5704 2483 5746 totn.
2508 5689 2623 5758 XII,
2652 5697 2752 5751 col.
2781 5694 2934 5749 ηεαδ.

1963 5757 2069 5821 (il)
2097 5757 2224 5814 Cod.
2251 5771 2491 5821 uterque.
