3922 6402
619 438 680 492 71
1471 423 2023 480 SUPPLEMENTUM
2059 426 2149 479 AD
2187 427 2504 483 ORIGENIS
2535 427 2938 487 EXEGETICA.
3259 491 3268 500 ,
3743 432 3812 485 72

617 541 933 614 supponitis,
969 551 1052 591 mc
1079 541 1296 604 propter
1324 544 1541 604 peccata
1572 535 1686 588 haec
1722 511 1854 603 pati.
1890 537 1969 588 An
2007 551 2135 604 ergo

2247 538 2588 606 λαμϐάνεται,
2628 539 2709 591 ὅτι
2750 540 2838 592 διὰ
2862 541 2929 592 τὰ
2953 541 3327 612 ἁμαρτήματα
3365 540 3544 594 ταῦτα
3583 542 3805 613 πάσχω·

617 631 890 703 Oportebat
923 639 1017 678 vos
1046 639 1129 676 me
1146 624 1218 676 ita
1249 624 1586 678 contumeliis
1611 625 1969 691 exciperetis?
1993 625 2142 690 Apud

617 737 695 773 me
728 727 895 770 autem
929 713 1065 779 degit
1102 727 1241 767 erro.
1275 713 1341 768 Et
1385 713 1430 768 si
1463 728 1558 782 per
1586 713 1998 781 suppositionem
2030 715 2144 768 haec

619 809 878 866 fecissem,
917 817 1034 872 qua:
1078 817 1180 856 non
1214 810 1370 856 erant
1409 801 1645 857 iacienda
1675 819 1690 855 :
1720 802 1816 856 etsi
1845 800 2144 869 huiusmodi

616 897 861 957 luissem;
905 905 972 944 an
1025 905 1127 946 non
1174 893 1448 960 oportebat
1475 905 1570 944 vos
1613 892 1881 945 intuentes
1914 889 2140 959 ﬂagella,

617 984 817 1044 tabum,
872 995 1095 1046 vermes,
1139 980 1398 1035 bonorum
1455 980 1816 1046 amissionem,
1867 980 2145 1034 revereri?

616 1069 987 1123 Verumtamen
1015 1069 1290 1137 appetistis
1317 1085 1401 1124 me
1428 1084 1532 1123 non
1559 1069 1872 1125 miserentes
1895 1072 2018 1136 mei,
2050 1086 2144 1127 ne-

613 1175 718 1226 que
742 1159 1127 1227 compatientes
1149 1160 1281 1214 meis
1307 1159 1726 1213 calamitatibus.

614 1248 678 1303 γ.
707 1247 760 1303 5.
791 1245 920 1319 Esto
956 1256 1162 1319 autem,
1209 1249 1330 1314 quia
1368 1259 1549 1319 contra
1592 1265 1671 1300 me
1715 1250 2141 1319 magniﬁcamini,

903 1315 1166 1369 inanitatis
1197 1325 1368 1368 autem
1389 1317 1516 1368 mihi
1539 1315 1868 1370 contumelia.

679 1403 792 1457 Non
818 1404 1155 1456 mediocriter
1184 1403 1310 1456 mihi
1340 1404 1741 1471 conviclamini,
1769 1405 1862 1461 sed
1888 1407 1976 1460 alii
2009 1398 2143 1462 alios

613 1494 938 1562 excipientes
969 1491 1278 1546 insultatis:
1319 1502 1567 1560 tanquam
1613 1493 1878 1549 irruentes
1923 1506 1976 1549 et
2012 1511 2143 1550 con—

613 1581 874 1635 culcantes
899 1595 980 1634 me
1014 1579 1408 1634 conviciamini.

652 1671 712 1724 V.
737 1671 789 1725 6.
829 1670 1170 1724 Munitionem
1194 1680 1364 1724 autem
1391 1686 1538 1724 suam
1563 1687 1717 1740 super
1737 1688 1818 1725 me
1845 1670 2103 1725 exultavit.

683 1761 956 1829 Tanquam
1001 1762 1100 1815 sub
1141 1776 1347 1814 llllll‘lllll
1383 1761 1702 1815 calamitatis
1743 1777 1859 1816 sum
1892 1763 2139 1824 munitio,

2241 623 2330 697 ἆρ’
2352 625 2444 680 οὖν
2466 629 2633 698 ἐχρῆν
2665 630 2806 699 ὑμᾶς
2828 631 2968 683 οὕτω
2992 649 3078 701 μοι
3123 631 3452 697 ὀνειδίζειν;
3497 635 3646 700 Πυρ’
3685 637 3808 700 ἐμοὶ

2241 715 2309 769 δὲ
2325 717 2616 778 αὐλίζεται
2645 719 2892 786 πλάνος.
2921 722 2981 774 Εἰ
3014 723 3106 775 καὶ
3141 723 3267 775 καθ’
3300 723 3564 776 ὑπόθεσιν
3593 724 3808 778 τοιαῦτα

2242 807 2606 877 ἐπεποιήκειν,
2642 804 2729 860 οἷα
2773 809 2872 862 οὐκ
2915 810 3051 863 ἐδειο
3100 813 3152 864 εί
3201 813 3300 866 καὶ
3354 813 3604 875 τοιοῦτος
3644 815 3806 886 ήμην,

2241 892 2329 966 ἄρ’
2363 898 2460 950 οὐκ
2481 899 2642 969 ἐχρῆν
2664 899 2806 969 ὑμᾶς
2848 899 3138 969 βλέποντας
3174 903 3475 973 μάστιγας,
3515 905 3644 968 τοὺς
3689 905 3808 975 ἰχῶ-

2245 1003 2362 1056 ρας,
2396 989 2519 1049 τοὺς
2543 988 2846 1058 σκώληκας,
2867 993 2964 1062 τὴν
2991 993 3270 1047 ἀπώλειαν
3295 994 3408 1047 τῶν
3432 995 3806 1064 ὑπαρχόντων,

2241 1075 2571 1146 αίδεσθῆναι;
2614 1079 2771 1132 Ἀλλά
2798 1082 3250 1151 προσεπιϐαίνετέ
3284 1101 3377 1153 μοι
3419 1084 3495 1154 μὴ
3543 1085 3809 1151 ἐλεοῦντες

2245 1181 2333 1234 με,
2361 1166 2490 1235 μηδὲ
2523 1167 2927 1237 συμπαθοῦντες
2954 1188 3054 1240 μου
3084 1175 3156 1243 τῇ
3182 1173 3531 1244 περιστάσει.

2241 1257 2352 1328 (42)
2386 1259 2530 1329 Στίχ.
2571 1258 2630 1334 ε’ἶ
2674 1260 2786 1334 Ἔα
2822 1259 2909 1322 δὲ,
2953 1260 3041 1334 δτι
3072 1263 3173 1316 ἐπ’
3219 1264 3353 1334 ἐμοὶ
3388 1265 3807 1334 μεγαλύνεσθε,

2604 1326 2931 1382 ἐνάλλεσθε
2960 1330 3026 1383 δέ
3050 1349 3162 1398 μοι
3191 1326 3430 1386 ὀνείδει.

2308 1414 2380 1467 Οὐ
2429 1415 2659 1484 μετρίως
2722 1433 2809 1486 μοι
2866 1418 3192 1485 ὀνειδίζετε,
3253 1420 3373 1473 ἀλλ’
3429 1420 3800 1492 ἐναλλόμενοι·

2241 1505 2477 1576 ὡσπερεὶ
2547 1506 2911 1574 ἐπιϐαίνοντες
2944 1511 3038 1564 καὶ
3078 1510 3532 1576 καταπατοῦντες
3567 1529 3636 1584 με
3669 1514 3799 1566 ὀνει-

2238 1594 2430 1657 δίζετε.

2241 1682 2352 1752 (45)
2378 1685 2522 1753 Στίχ.
2546 1684 2619 1749 ς’.
2654 1686 2944 1754 Ὀχύρωμα
2974 1686 3042 1739 δὲ
3070 1688 3262 1741 αὐτοῦ
3289 1688 3384 1741 ἐπ’
3413 1688 3520 1758 ἐμὲ
3539 1689 3795 1759 ὕψωσεν.

2309 1775 2480 1826 Οίονεὶ
2505 1775 2606 1826 ὑπὸ
2641 1777 2813 1844 τεῖχος
2843 1775 2941 1844 τῆς
2971 1777 3349 1846 περιστάσεώς
3375 1781 3490 1848 εἰμι
3523 1780 3794 1850 ὀχύρωμα,

612 1867 770 1920 quam
801 1867 902 1904 non
928 1865 1141 1920 possum
1168 1853 1416 1916 evadere,
1445 1853 1614 1906 donec
1641 1852 1845 1920 judicet
1887 1852 2028 1907 Deus
2052 1852 2134 1905 di-

2247 1861 2261 1912 l
2288 1863 2348 1914 οὐ
2376 1861 2602 1933 δύναμαι
2636 1864 2868 1932 φεύγειν,
2893 1864 2996 1928 ἐως
3018 1859 3079 1918 οὗ
3117 1869 3300 1936 κρινεῖ
3330 1869 3359 1920 ὁ
3385 1868 3520 1932 Θεὸς
3558 1849 3795 1923 καθελεῖν

615 1955 772 1994 ruere
807 1940 973 1994 illam.

788 2029 848 2082 V.
885 2029 936 2081 7.
969 2029 1101 2082 Ecce
1127 2029 1268 2082 rideo
1295 2029 1542 2092 conuicio,
1570 2037 1616 2082 et
1645 2045 1745 2082 non
1769 2029 1980 2095 loquar.

683 2120 795 2174 Hoc
830 2120 957 2174 illtid
995 2130 1077 2174 est
1109 2141 1121 2174 :
1159 2120 1318 2172 Vince
1341 2121 1394 2172 in
1427 2121 1556 2173 bono
1589 2119 1782 2172 malum
1802 2120 1867 2172 ".

683 2206 953 2275 Ejusdem.
1002 2207 1140 2261 Ecce
1195 2207 1248 2261 in
1296 2208 1538 2262 convicio
1588 2216 1764 2261 vestro
1809 2208 2002 2288 ridere,
2039 2223 2142 2262 non

616 2295 760 2366 loqui
783 2297 1042 2350 arbitror.

1231 2384 1378 2461 CAP.
1417 2383 1536 2438 xx.

615 2475 681 2530 V.
707 2475 761 2532 6.
791 2473 851 2530 Si
883 2475 1166 2528 ascendant
1193 2477 1248 2528 in
1276 2475 1455 2528 caelum
1486 2475 1598 2541 ejus
1627 2474 1763 2527 dona
1782 2515 1798 2540 ,
1828 2474 2142 2542 sacri/icium

1001 2556 1172 2596 autem
1201 2544 1342 2596 illius
1367 2544 1521 2595 nubes
1548 2554 1748 2610 tangat.

683 2630 832 2700 lmpii
856 2632 900 2685 si
938 2633 1228 2685 ascendant
1264 2630 1400 2684 dona
1446 2632 1498 2684 in
1530 2635 1744 2696 cretum,
1769 2632 1814 2686 si
1860 2635 2141 2687 admodum

615 2724 908 2785 eleventur,
936 2723 979 2774 si
1010 2721 1330 2775 sacriﬁcium
1361 2721 1501 2775 illius
1533 2721 1700 2775 nubes
1733 2731 1932 2791 tangat.
1961 2726 2144 2788 Quan-

614 2809 892 2875 docunque
932 2810 1168 2862 oraverit
1205 2809 1507 2870 haereticus,
1533 2809 1953 2879 quandocunque
1971 2814 2145 2866 sacri-

617 2901 794 2952 licium
829 2899 971 2953 illius
1018 2900 1313 2953 ascenderit
1341 2913 1406 2952 ex
1435 2900 1704 2967 superbia,
1734 2903 2143 2971 quandocunque

614 2987 850 3039 uideatur
884 2987 1043 3054 fuisse
1077 2987 1415 3050 conﬁrmatus
1443 2987 1512 3052 ⁸⁸,
1535 2995 1656 3040 tunc
1671 2989 1903 3052 funditus
1945 2993 2138 3044 interit.

617 3075 801 3128 Oratio
835 3078 971 3129 enim
1015 3077 1160 3130 illius
1198 3088 1470 3144 reputatur
1514 3078 1561 3130 ei
1593 3078 1649 3131 in
1686 3089 1972 3147 peccatum,
1993 3090 2041 3133 et
2064 3090 2141 3134 est

613 3167 726 3231 ίμιι
748 3170 915 3220 oratio
930 3167 1040 3235 ejus
1069 3169 1122 3220 in
1152 3177 1415 3235 peccatum
1437 3168 1503 3220 “.

617 3259 680 3313 γ.
710 3259 762 3312 7.
797 3258 1219 3324 Quandocunque
1243 3259 1649 3327 enimridentur
1673 3259 1834 3327 fuisse
1863 3260 2142 3315 conﬁrma-

1005 3337 1107 3388 tus,
1139 3340 1259 3378 tunc
1287 3329 1338 3378 in
1364 3326 1517 3388 ﬁnem
1540 3326 1734 3382 interit.

681 3415 886 3478 Simile,
919 3414 1128 3467 Inimici
1171 3423 1340 3466 autem
1378 3414 1585 3468 Domini
1625 3418 1780 3469 simul
1813 3430 1960 3486 atque
1985 3420 2143 3488 glori-

613 3504 754 3569 ﬁcnti
780 3512 826 3556 et
847 3503 1061 3556 exaltati
1089 3503 1611 3571 fuerint,de/icientes
1636 3508 1765 3559 sicut
1798 3512 1972 3576 {unius
1994 3509 2138 3577 defe-

613 3604 788 3645 cerunt
809 3593 874 3645 δ’.

688 3681 753 3734 ν.
793 3683 847 3736 7.
889 3683 992 3747 Qui
1029 3694 1199 3738 autem
1231 3684 1464 3741 uiderant
1488 3705 1604 3741 cum
1631 3689 1824 3756 dicent,
1853 3688 1948 3743 Ubi
1975 3698 2088 3745 est!

684 3774 782 3839 Qui
807 3784 930 3826 sunt
962 3776 1050 3842 qui
1081 3777 1327 3832 viderant
1347 3781 1503 3832 eum?
1529 3780 1886 3836 Ecclesiastici
1915 3799 2032 3845 nos,
2050 3783 2140 3852 qui

614 3861 852 3916 videntes
876 3877 1058 3917 eorum
1092 3880 1322 3934 errores,
1349 3869 1618 3924 dicemus:
1649 3870 1745 3924 Ubi
1777 3871 1938 3924 sunt?

616 3952 676 4007 γ.
708 3951 761 4006 8.
799 3951 1064 4023 Tanquam
1125 3960 1393 4040 somniant
1445 3961 1775 4030 explicatum,
1820 3978 2141 4031 nequaquam

1229 4042 1528 4084 inveniatur.

685 4111 1052 4168 Somniatores
1083 4115 1490 4184 hujusmodi,et
1514 4119 1603 4186 qui
1640 4119 1737 4172 sibi
1771 4120 2141 4186 phantasmata

612 4200 882 4271 ellingnnt,
917 4219 1250 4273 nequaquam
1277 4209 1495 4262 veritate
1521 4217 1748 4261 mentem
1776 4208 1997 4261 fulciunt
2021 4223 2140 4261 cum

612 4291 968 4358 decipiantur,
992 4297 1226 4364 liuntque
1249 4307 1491 4364 tanquam
1514 4299 1768 4349 somnium
1798 4299 2139 4365 explicatur»,

609 4377 747 4444 quod
777 4394 878 4430 non
908 4379 1226 4433 inveniatur.

849 4465 912 4518 ν.
955 4466 1038 4518 10.
1081 4465 1247 4520 Filios
1272 4469 1384 4536 ejus
1411 4469 1628 4537 perdant
1665 4470 1913 4526 minores.

677 4553 839 4608 Filios
861 4569 923 4608 ac
958 4554 1241 4624 discipulos
1263 4559 1378 4625 ejus
1408 4559 1496 4625 qui
1529 4558 1642 4611 haec
1671 4559 1874 4612 docuit.

715 4645 778 4700 γ.
819 4645 904 4698 10.
945 4644 1134 4708 Manus
1155 4657 1324 4700 autem
1359 4648 1473 4716 ejus
1511 4649 1781 4702 incendant
1803 4650 2030 4705 dolores.

678 4803 862 4858 Manus
884 4803 1017 4872 ejus,
1047 4805 1304 4873 inquit,id
1327 4816 1409 4860 est
1429 4821 1592 4876 opera
1623 4807 1782 4877 illius,
1814 4811 2138 4866 succenderit

608 4893 657 4946 ei
686 4893 1037 4959 punitionem.

679 4980 866 5033 Manus
901 4992 1072 5034 autem
1101 4983 1232 5050 ejus.
1282 4983 1431 5053 lmpii
1479 4983 1634 5053 hujus
1657 4997 1709 5042 et
1739 4990 1962 5054 seducti,
1986 4991 2136 5060 cujus

2240 1954 2390 2008 αὐτό.

2238 2043 2384 2113 Στίχ.
2418 2042 2481 2108 ζ’.
2527 2044 2666 2098 Ἰδοὺ
2697 2045 2845 2114 γελῶ
2875 2046 3086 2100 ὀνείδει
3115 2048 3252 2118 (44),
3281 2051 3382 2102 καὶ
3421 2053 3495 2105 οὐ
3533 2051 3790 2118 λαλήσω.

2309 2133 2475 2186 Τοῦτό
2503 2135 2615 2186 ἐστι
2643 2135 2702 2187 τό
2721 2151 2734 2165 ο
2761 2136 2909 2188 Νίκα
2941 2137 3010 2188 ἐν
3039 2137 3122 2201 τῷ
3151 2139 3356 2206 ἀγαθῷ
3384 2140 3453 2193 τὸ
3486 2143 3695 2196 κακόν.

2313 2226 2420 2279 Τοῦ
2455 2227 2657 2280 αὐτοῦ.
2694 2227 2823 2281 Ἰδοὺ
2861 2229 2949 2282 ἐπὶ
2979 2229 3057 2300 τῷ
3094 2231 3291 2283 ὀνείδει
3327 2232 3483 2302 ὑμῶν
3515 2233 3694 2306 γελᾷν,
3734 2235 3791 2288 οὐ

2251 2315 2427 2367 λαλεῖν
2461 2315 2770 2386 νομίζομαι.

2874 2409 3030 2460 ΚΕΦ.
3060 2410 3125 2461 K'
3137 2447 3150 2464 .

2240 2493 2349 2565 (45)
2374 2494 2518 2572 ξτίχ.
2551 2492 2623 2572 ςῗ,
2671 2495 2806 2572 ξιξὰν
2841 2497 3033 2572 ἀναϐῇ
3075 2501 3164 2572 εἰς
3200 2501 3462 2572 οὐρανὸν
3503 2503 3684 2557 αὐτοῦ
3723 2505 3788 2556 τὰ

2379 2564 2563 2630 δῶρα”
2592 2567 2630 2632 ἡ
2660 2564 2726 2616 δὲ
2755 2567 2932 2618 θυσία
2962 2569 3152 2620 αὑτοῦ
3189 2564 3391 2636 νεφῶν
3429 2571 3666 2638 ἅψηται.

2307 2652 2412 2704 Τοῦ
2444 2653 2668 2716 ἀσεϐοῦς
2691 2654 2783 2708 ἐὰν
2805 2656 2976 2725 ἀναϐῇ
3016 2656 3086 2708 τὰ
3121 2657 3272 2728 δῶρα
3313 2661 3395 2722 εἰς
3435 2660 3528 2712 τὸν
3553 2659 3784 2731 οὐρανὸν,

2239 2742 2331 2795 ἐὰν
2359 2743 2496 2796 πάνυ
2522 2744 2726 2814 ὑψωθῇ.
2773 2745 2866 2798 ἐὰν
2896 2749 2927 2815 ἡ
2965 2745 3127 2799 θυσία
3169 2749 3333 2802 αὑτοῦ
3366 2749 3541 2818 νεφῶν
3575 2751 3785 2820 ἅψηται.

2247 2834 2364 2886 Ὅτ’
2401 2835 2467 2887 ἀν
2507 2833 2723 2904 εὔξηται
2749 2837 2777 2886 ὁ
2809 2837 3104 2905 αἱρετικὸς,
3140 2840 3216 2891 ὅτ’
3266 2839 3333 2892 ἂν
3372 2842 3404 2910 ἡ
3441 2841 3598 2895 θυσία
3635 2841 3785 2894 αὑτοῦ

2239 2924 2406 2994 ἀναϐῇ
2427 2927 2494 2994 τῇ
2513 2924 2797 2996 ὑψηγορίᾳ,
2819 2925 2900 2978 ὅτ’
2923 2924 3006 2979 ἂν
3029 2929 3180 2997 δοκῇ
3200 2933 3646 3000 κατεστηρίχθαι
3663 2933 3784 3003 (46)·

2238 3013 2369 3065 τότε
2398 3016 2483 3079 είς
2511 3012 2680 3078 τέλος
2701 3015 3033 3070 ἀπολεῖται.
3072 3019 3134 3071 Ἠ
3165 3021 3275 3088 γὰρ
3303 3021 3453 3090 εὐχὴ
3487 3022 3668 3075 αὑτοῦ
3695 3026 3787 3076 λο-

2239 3100 2444 3170 γίζεται
2472 3099 2628 3165 αὐτῷ
2656 3104 2741 3166 εἰς
2762 3103 3074 3170 ἁμαρτίαν,
3097 3108 3196 3160 καὶ
3222 3110 3395 3163 ἐστιν
3409 3111 3560 3179 αὐτὴ
3588 3113 3626 3180 ἠ
3643 3111 3782 3180 εὐχὴ

2240 3187 2421 3240 αὐτοῦ
2446 3187 2709 3255 ἁμαρτία.

2240 3276 2384 3346 Στίχ.
2414 3277 2478 3340 ζ’.
2515 3279 2686 3329 Ὅταν
2718 3277 2857 3358 ,γὰρ’
2878 3278 3044 3358 δοκῇ
3077 3278 3604 3358 ἧδηᾼὲστηρίχθαι,
3653 3289 3778 3342 τότε

2683 3348 2768 3412 είς
2795 3347 2972 3415 τέλος
3011 3347 3344 3409 ἀπολεῖται.
3367 3402 3370 3406 .

2309 3435 2549 3504 Ὅμοιον,
2587 3437 2649 3486 Ol
2675 3435 2742 3487 δὲ
2763 3437 2961 3503 ἐχθροί
2997 3442 3102 3494 τοῦ
3132 3447 3353 3510 Κυρίου
3375 3446 3492 3514 ἅμα
3516 3446 3595 3512 τῷ
3617 3446 3778 3510 δοξα-

2238 3521 2451 3588 σθῆναι
2467 3521 2561 3574 καὶ
2588 3519 2910 3589 ὑψωθῆναι,
2960 3526 3342 3595 ἐκλείποντες
3387 3531 3528 3584 ὡσεὶ
3565 3531 3778 3595 καπνὸς

2237 3611 2535 3674 ἐξέλιπον.

2273 3701 2416 3770 Στίχ.
2451 3699 2514 3762 ζ’.
2537 3703 2600 3753 Οἱ
2625 3699 2692 3753 δὲ
2712 3702 2942 3769 ἰδόντες
2958 3707 3145 3759 αὐτὸν
3167 3708 3389 3774 ἐροῦσι·
3420 3711 3538 3765 Ποῦ
3568 3714 3749 3772 ἐστιν;

2305 3790 2459 3851 Τίνες
2483 3791 2531 3841 οἱ
2564 3789 2755 3852 ἰδόντες
2783 3792 2947 3845 αὐτόν
2977 3794 3118 3864 (47);
3163 3799 3225 3850 0i
3257 3799 3701 3870 ἐκκλησιαστικοὶ,
3732 3799 3778 3850 οἱ

2134 3902 2136 3904 τ
2239 3877 2431 3939 ἰδόντες
2462 3877 2678 3930 ἐκείνων
2702 3879 2770 3930 τὰ
2801 3879 3108 3950 σφάλματα,
3145 3885 3390 3954 ἐροῦμεν·
3428 3887 3536 3940 Ποῦ
3563 3887 3736 3951 Eat-tv;

2305 3965 2451 4034 Στὶχ.
2483 3971 2550 4035 η’.
2586 3966 2806 4033 Ὥσπερ
2839 3967 3126 4091 evang?
3146 3973 3510 4028 ἐκπετασθὲν
3539 3979 3608 4030 οὐ
3628 3977 3710 4045 μὴ

2883 4053 3020 4091 ευοε
3060 4057 3119 4091 n-

2883 4053 3119 4098 ευρευῃ,

2883 4054 2952 4089 ευ
2991 4054 3056 4091 ευ
3103 4084 3119 4098 ,

2307 4120 2371 4172 Οἱ
2418 4121 2641 4174 τοιοῦτοι
2693 4054 3131 4197 ἐνυωιαξὲμεκῖἒι
3151 4168 3168 4194 ,
3215 4130 3310 4184 καὶ
3359 4132 3774 4193 ἀναπλάσσοντες

2239 4212 2606 4282 φαντάσματα,
2639 4213 2698 4266 οὑ
2742 4218 2808 4285 τῇ
2835 4217 3064 4290 ἀληθείᾳ
3095 4221 3192 4290 τὴν
3225 4223 3457 4277 διάνοιαν
3485 4223 3772 4294 ἐπερείδον-

2239 4317 2320 4352 σιν
2367 4301 2751 4370 σφαλλόμενοι,
2805 4305 2901 4357 καὶ
2953 4307 3192 4374 γίνονται
3243 4309 3445 4381 ὥσπερ
3499 4313 3771 4367 ἐνύπνιον

2235 4389 2614 4453 ἐκπετασθὲν,
2650 4390 2681 4442 ὃ
2713 4393 2782 4444 οὐ
2808 4394 2894 4463 μὴ
2925 4397 3154 4465 εὑρεθῇ.

2168 4462 2218 4520 Ι)
2293 4476 2435 4546 Στίχ.
2463 4483 2512 4528 ι’.
2537 4478 2679 4544 Τοὺς
2706 4483 2873 4549 υἱοὺς
2886 4462 3081 4540 αὑτοῦ
3105 4462 3434 4542 δλέσαισαν
3457 4491 3710 4558 ἣττονες.

2305 4567 2440 4628 Τοὺς
2466 4568 2609 4631 υἱοὺς
2638 4572 2728 4624 καὶ
2763 4574 3006 4646 μαθητὰς
3034 4577 3126 4630 τοῦ
3162 4579 3330 4632 ταῦτα
3355 4581 3670 4645 διδάξαντος.

2238 4654 2346 4726 (48)
2384 4657 2528 4726 Στίχ.
2561 4657 2612 4714 t'.
2645 4663 2712 4714 Αἱ
2752 4662 2820 4715 δὲ
2860 4665 3054 4784 χὲἕρες
3101 4667 3286 4720 αὑτοῦ
3326 4673 3768 4736 πιφσεύσαισαν

2959 4751 3121 4784 urar-

2959 4751 3121 4798 υνας.

2304 4817 2367 4868 Αἱ
2395 4821 2571 4888 χεῖρες
2594 4819 2774 4885 αὐτοῦ,
2803 4823 2987 4891 φησὶν,
3014 4826 3286 4880 τουτέστιν
3308 4829 3364 4881 αἱ
3392 4828 3630 4898 πράξεις,
3651 4827 3766 4892 ἐξά-

2236 4906 2423 4976 ψουσιν
2457 4908 2602 4977 αὑτῷ
2633 4909 2868 4963 κόλασιν.

2307 4995 2415 5065 (49)
2473 4998 2535 5051 Αἱ
2564 4997 2631 5050 δὲ
2651 4999 2839 5066 χεῖρες
2859 5002 3065 5055 αὑτοῦ.
3095 5004 3202 5056 Τοῦ
3224 5006 3450 5069 ἀσεϐοῦς
3471 5007 3654 5058 τούτου
3680 5002 3765 5056 καὶ

608 5071 774 5122 oratio
807 5080 1077 5137 reputatur
1107 5073 1158 5123 in
1187 5083 1488 5139 peccatum;
1527 5075 1677 5142 cujus
1720 5079 2036 5145 sacri/icium
2086 5082 2132 5131 si

2247 5086 2584 5158 ἐσφαλμένοι),
2620 5085 2692 5143 οὗ
2740 5091 2779 5158 ἠ
2823 5093 3123 5160 προσευχὴ
3166 5096 3447 5164 λογίζεται
3486 5099 3571 5160 είς
3597 5097 3763 5162 ἁμαρ-

608 5161 850 5213 ascendat
894 5162 948 5214 in
991 5163 1194 5229 caelum,
1223 5174 1269 5217 et
1298 5165 1454 5220 nubes
1493 5177 1695 5238 tangat,
1717 5180 1840 5224 tunc
1868 5173 1922 5226 in
1973 5174 2132 5241 ﬁnem

2247 5176 2386 5242 τίαν,
2420 5172 2490 5231 οὗ
2521 5179 2559 5245 ἠ
2584 5179 2762 5230 θυσία
2788 5178 2895 5232 ἐὰν
2919 5182 3110 5251 ἀναϐῇ
3137 5186 3224 5250 είς
3250 5161 3525 5253 οὐρανὸν,
3553 5161 3644 5236 καί
3673 5198 3762 5235 νε-

674 5337 719 5370 ⁸’
749 5337 900 5393 Rom.
923 5355 1018 5406 sit,
1041 5339 1130 5396 21.
1207 5343 1251 5374 ⁸⁸
1267 5343 1368 5402 Job
1389 5362 1480 5412 xx,
1500 5348 1552 5403 7.
1573 5351 1614 5383 “
1641 5351 1779 5408 Psal.
1808 5368 1955 5420 cvm,
1986 5354 2036 5410 7.
2109 5356 2151 5390 ⁸⁸
2176 5357 2317 5414 Psal.
2349 5376 2534 5426 xxxvr,
2563 5360 2652 5418 20.

697 5499 785 5572 lg)
821 5501 948 5572 Cori.
977 5511 1214 5572 uterque.

703 5570 787 5638 45)
825 5571 955 5638 Cod.
997 5570 1241 5638 uterque.

696 5637 785 5711 id)
822 5637 982 5711 Forte
1012 5640 1182 5711 ὀνείδη
1211 5657 1328 5711 qun
1356 5647 1473 5700 cod.
1499 5645 1649 5702 Alex.

674 5705 784 5773 (45)
822 5705 877 5760 In
901 5711 1015 5763 cod.
1049 5726 1136 5763 xxi
1164 5705 1217 5765 et
1237 5705 1369 5768 Nan.
1399 5744 1465 5756 -
1491 5717 1702 5775 Confer.
1735 5728 1773 5774 t.
1804 5716 1894 5775 Xll
1926 5722 2051 5786 ibid.

2452 5521 2538 5600 gn
2564 5523 2998 5600 κατηστερέχθαι,
3025 5528 3094 5580 ad
3132 5539 3270 5582 astra
3300 5523 3621 5600 pervenisse?

2310 5588 2419 5652 (47)
2452 5589 2574 5644 Tria
2618 5588 2726 5646 huic
2761 5588 2918 5647 verba
2953 5588 3144 5648 desunt
3179 5600 3231 5653 in
3269 5588 3388 5651 cod.
3415 5596 3551 5648 Nan.

2449 5659 2584 5734 god:
2606 5670 2850 5728 uterque,
2887 5662 3172 5734 etOIymp.

2301 5725 2412 5789 (£9)
2447 5727 2638 5781 Confer
2656 5725 2817 5791 supra
2843 5745 2892 5784 v.
2919 5732 2972 5783 6.
