3922 6366
634 421 708 480 '75
1489 393 2029 454 SUPPLEMENTUM
2064 390 2150 440 AD
2187 388 2500 441 ORIGENIS
2533 382 2929 437 EXEGETICA.
3727 377 3790 434 76

925 527 990 579 ν.
1028 523 1116 576 9.2.
1156 518 1381 586 Ningere
1407 516 1459 567 in
1491 531 1606 568 eum
1635 511 1856 564 dolores.

701 625 842 681 Loco
868 617 1002 671 nivis
1029 612 1240 666 dolores
1269 595 1480 661 venient
1501 605 1552 656 in
1593 602 1766 654 virum
1800 594 2117 662 huiusmodi.

835 708 898 762 V.
935 703 1024 756 24.
1066 701 1133 753 Et
1156 714 1258 751 non
1287 698 1512 749 salvetur
1541 708 1568 745 e
1594 706 1750 742 manu
1781 687 1932 756 ferri.

699 800 917 854 Ferrum
946 807 1051 845 non
1086 789 1214 843 dicit
1237 787 1340 840 hoc
1368 781 1643 845 sensibile,
1675 778 1766 834 sed
1789 773 2155 831 scindentissi-

629 904 771 944 mum
799 895 1118 940 sermonem.

665 995 741 1054 ν.
780 995 868 1049 25.
910 991 1246 1046 Pertranseat
1269 993 1438 1036 autem
1465 996 1554 1048 per
1574 993 1755 1046 corpus
1790 976 1900 1044 ejus
1931 975 2111 1028 telum.

703 1128 830 1184 Teia
859 1119 1163 1191 huiusmodi
1197 1118 1358 1186 ignita
1391 1113 1672 1166 vulnerant
1697 1124 1835 1164 eum.

761 1219 827 1274 ν.
868 1217 956 1270 25.
997 1211 1273 1267 Devorabit
1298 1222 1412 1261 eum
1434 1206 1564 1272 ignis
1582 1218 1683 1256 non
1706 1203 2029 1256 comburens.

701 1307 1007 1378 Mysterium
1051 1300 1314 1369 quoddam
1365 1291 1683 1347 addiscimus
1740 1290 1804 1343 de
1842 1304 1996 1359 poena
2043 1304 2160 1359 qua:

631 1405 906 1456 reservata
932 1400 1031 1455 est,
1067 1399 1125 1443 ut
1151 1399 1432 1441 caveamus
1458 1396 1571 1436 eam
1597 1381 1725 1449 pati.
1756 1381 1932 1448 Ignem
1962 1380 2035 1433 ait
2055 1395 2160 1434 non

631 1489 1036 1547 comburentem
1071 1481 1444 1534 devoraturum
1471 1473 1583 1525 fore
1631 1471 1870 1538 impium.
1906 1470 2002 1525 Hic
2025 1471 2160 1539 ignis

637 1579 776 1648 apud
813 1590 907 1630 nos
937 1568 1243 1630 materialis,
1281 1580 1384 1619 non
1409 1573 1490 1617 est
1517 1563 1650 1631 ignis
1678 1577 1778 1615 non
1817 1560 2156 1615 comburens:

632 1660 875 1721 ‘videmus
933 1661 1070 1717 enim
1107 1658 1300 1726 ipsum.
1331 1654 1398 1705 At
1439 1652 1578 1721 ignis
1618 1651 1704 1705 ille
1738 1649 2018 1704 invisibilis
2057 1657 2160 1713 est,

630 1759 728 1829 qui
772 1761 1076 1826 peccatores
1121 1747 1339 1810 invadit,
1391 1745 1478 1813 qui
1511 1743 1647 1795 intra
1702 1741 1820 1795 illos
1851 1741 2043 1794 exurit.
2077 1739 2163 1793 ln-

2087 1195 2112 1225 ο

2475 499 2619 566 Στίχ.
2647 497 2745 550 κδ’.
2797 498 2974 562 Νίψαι
2997 495 3086 547 ἐπ’
3111 494 3299 546 αὑτὸν
3330 493 3568 556 ὀδύνας.

2338 591 2479 642 Ἀντὶ
2505 586 2717 654 νιφετοῦ
2745 586 2921 638 ὀδύναι
2949 585 3194 654 ἔρχονται
3226 584 3321 635 ἐπὶ
3357 583 3450 634 τὸν
3475 584 3724 635 τοιοῦτον.

2255 681 2344 750 (56
2349 700 2364 747 )
2389 681 2533 748 Στίχ.
2565 677 2661 728 κδ’.
2685 677 2791 731 Καὶ
2822 677 2890 727 οὐ
2917 674 2992 740 μὴ
3016 672 3178 739 σωθῇ
3203 675 3270 724 ἐκ
3300 672 3498 739 χειρὸς
3530 671 3789 738 σιδήρου.

2322 771 2541 840 Σίδηρον
2565 770 2624 820 οὐ
2656 768 2800 835 λέγει
2830 765 3014 818 τοῦτον
3050 764 3140 814 τὸν
3195 761 3472 830 αἰσθητὸν,
3505 761 3636 814 ἀλλὰ
3659 780 3791 832 τμη-

2253 859 2544 913 τικώτατον
2583 858 2754 926 λόγον.

2257 951 2364 1020 (57)
2414 949 2557 1018 Στίχ.
2605 954 2700 999 κε’.
2735 944 3040 1075 Διεξέλὲἓέ
3078 943 3149 994 δὲ
3190 941 3288 994 διὰ
3326 940 3596 1009 σώματος
3626 941 3796 996 αὐτοῦ

3046 1029 3138 1075 ος.

3046 1029 3138 1076 ος.

2325 1108 2406 1161 Τὰ
2430 1107 2556 1177 βέλη
2583 1104 2750 1156 ταῦτα
2795 1102 2862 1154 τὰ
2899 1099 3280 1170 πεπυρωμένα
3311 1098 3600 1169 τιτρώσκει
3634 1100 3796 1153 αὐτόν.

2258 1197 2367 1268 (58)
2409 1197 2552 1265 Στίχ.
2597 1201 2692 1246 κε’.
2739 1190 3046 1246 Κατέδεται
3099 1190 3288 1243 αὐτὸν
3338 1189 3458 1254 πῦρ
3489 1189 3793 1243 ἇκαυστον.

2324 1284 2627 1355 Μυστήριόν
2666 1300 2718 1334 τι
2750 1280 3086 1352 μανθάνομεν
3127 1279 3255 1347 περὶ
3284 1277 3383 1346 τῆς
3416 1277 3679 1340 κολάσεως
3706 1278 3792 1348 τῆς

2259 1375 2637 1444 ἀποκειμένης,
2672 1372 2756 1422 ἵνα
2795 1366 3188 1437 φυλασσὼμεθα
3229 1366 3397 1434 αὐτὴν
3442 1364 3649 1417 παθεῖν.
3689 1365 3793 1434 Πῦρ

2259 1463 2406 1519 εἶπεν
2437 1465 2696 1517 ἆκαυστον
2727 1457 3039 1512 κατέδεσθαι
3066 1456 3158 1507 τὸν
3189 1454 3390 1522 ἀσεϐῆ·
3431 1453 3586 1505 τοῦτο
3613 1453 3670 1505 τὸ
3696 1451 3794 1522 πῦρ

2257 1557 2318 1610 τὸ
2349 1556 2473 1626 παρ’
2505 1555 2630 1623 ἡμῖν
2658 1551 2832 1604 ὑλικὸν
2864 1551 2962 1600 οὐκ
2989 1547 3132 1598 ἐστιν
3158 1544 3426 1597 ἅκαυστον
3457 1542 3591 1613 πῦρ·
3620 1542 3795 1610 βλεπό-

2265 1662 2418 1717 μενον
2434 1641 2551 1712 ’γὰρ
2588 1641 2730 1694 αὐτό.
2779 1641 2978 1692 Ἐκεῖνο
3003 1636 3058 1688 δὲ
3082 1633 3314 1704 ἀόρατόν
3348 1634 3460 1684 ἐστι
3497 1632 3558 1683 τὸ
3586 1631 3715 1702 πῦρ,¹
3742 1632 3794 1684 τὺ

2263 1735 2351 1787 ἐπὶ
2373 1735 2493 1795 τοὺς
2521 1729 2866 1800 ἁμαρτωλοὺς
2885 1725 3194 1796 ἐρχόμενον,
3218 1723 3244 1774 ὃ
3267 1721 3410 1774 ἔνδον
3431 1721 3622 1784 αὐτοὺς
3646 1720 3789 1773 καίει.

635 1812 952 1904 tellectualis
987 1850 1069 1896 est
1090 1849 1145 1892 et
1165 1832 1485 1908 puniens.Si
1515 1831 1596 1884 vis
1620 1827 2165 1899 imaginem‘accipere

2277 1825 2466 1894 Nontbv
2506 1825 2618 1874 ἐστι
2650 1822 2742 1873 καὶ
2780 1817 3020 1878 κολάζον.
3064 1813 3188 1865 Ἐὰν
3223 1812 3384 1883 θέλῃς
3415 1813 3592 1864 εἰκόνα
3630 1829 3792 1882 παρα-

639 1934 781 1993 illius
836 1932 990 2002 ignis,
1043 1927 1216 1996 cogita
1254 1922 1380 1976 mihi
1417 1919 1686 1976 hominem
1735 1916 2038 1969 immaniter
2093 1913 2164 1968 le-

632 2026 924 2086 brieutem,
959 2032 1012 2075 et
1069 2019 1134 2072 ab
1187 2030 1250 2068 eo
1300 2013 1422 2080 igne
1458 2015 1723 2062 exustum.
1772 2002 1886 2058 Non
1927 2004 2166 2056 invenies

641 2119 830 2170 obtutu
860 2116 1033 2180 ignem
1064 2110 1116 2162 in
1149 2107 1240 2160 illo
1267 2122 1279 2157 :
1313 2103 1494 2157 subest
1527 2108 1729 2159 tamen,
1755 2103 1810 2148 et
1845 2092 2019 2148 exurit
2050 2091 2167 2158 ejus

635 2209 864 2259 Viscera.
893 2200 1042 2254 Haud
1073 2195 1225 2250 aliter
1263 2207 1292 2245 a
1334 2186 1567 2259 peccatis
1605 2185 1834 2238 febriens
1871 2180 1989 2249 quis
2037 2193 2166 2233 estt-

635 2297 800 2347 Titur.

707 2384 763 2436 ν.
793 2381 882 2435 25.
922 2377 1077 2431 Malis
1107 2383 1279 2427 autem
1301 2370 1506 2438 ofﬁciat
1538 2367 1731 2420 advena
1751 2364 1957 2416 domum
1988 2360 2119 2428 ejus.

695 2473 818 2538 τρυε
842 2480 1024 2526 contra
1054 2465 1300 2536 populum
1330 2462 1474 2515 illum
1499 2459 1713 2528 gerebat
1731 2454 1947 2517 bellum,
1971 2453 2172 2504 advena

648 2573 765 2616 erat
799 2567 852 2612 et
905 2571 1008 2609 non
1055 2551 1371 2623 proselytus.
1419 2548 1515 2613 Qui
1553 2545 1706 2598 malis
1751 2542 1924 2595 affecit
1957 2541 2169 2594 domum

641 2651 793 2719 ejus,
839 2645 1131 2701 dissolvens
1154 2642 1294 2711 quod
1327 2639 1460 2692 tanti
1495 2636 1654 2689 [iebat
1695 2629 2079 2693 sanctuarium,
2121 2637 2175 2681 et

641 2731 947 2803 civitatem,
971 2752 1129 2808 quam
1162 2731 1492 2802 appellabant
1517 2736 1774 2782 sanctam.

755 2833 821 2888 ν.
857 2831 944 2884 27.
988 2826 1186 2880 Revelet
1219 2831 1390 2876 autem
1419 2818 1598 2872 caelum
1629 2815 1922 2882 iniquitates
1945 2810 2074 2879 ejus.

695 2971 846 3051 'Pro,
875 2993 923 3039 et
961 2999 1024 3036 ex
1077 2979 1178 3031 Deo
1208 2983 1255 3028 et
1281 2989 1341 3028 ea:
1380 2970 1502 3024 caelo
1537 2965 1807 3023 sustinebit
1858 2962 2023 3016 mala.
2058 2959 2180 3013 Haec

637 3050 837 3135 ‘autem
859 3074 1010 3137 dixit,
1046 3069 1168 3138 quia
1199 3079 1317 3118 cum
1347 3062 1571 3114 dixisset
1595 3058 1697 3112 Job
1729 3071 1757 3108 a
1786 3055 1893 3108 Deo
1921 3066 1979 3107 se
2018 3050 2182 3103 fuisse

2261 1914 2439 1967 λαϐεῖν
2464 1911 2665 1964 ἐκείνου
2701 1906 2790 1960 τοῦ
2819 1906 3003 1976 πυρὸς,
3033 1903 3142 1956 νόει
3169 1919 3259 1972 μοι
3287 1902 3376 1953 τὸν
3403 1902 3481 1963 είς
3513 1901 3793 1971 ὑπερϐολὴν

2265 2002 2610 2074 πυρέσσοντα,
2643 2000 2734 2051 κα).
2770 1996 2870 2048 ὑπὸ
2911 1995 3080 2065 πυρὸς
3129 1992 3474 2061 φλεγόμενον.
3510 1991 3617 2060 Οὐχ
3646 1991 3792 2060 εὑρήι

2267 2109 2376 2154 σεις
2407 2090 2524 2159 ὄψει
2554 2089 2613 2140 τὸ
2639 2087 2744 2156 πῦρ
2779 2087 2834 2137 ἐν
2859 2082 3003 2152 αὐτῴ
3021 2121 3035 2144 ,
3074 2083 3360 2134 ὑπόκειται
3385 2079 3465 2144 δὲ,
3495 2080 3585 2132 καὶ
3605 2079 3794 2132 ἐκκαίει

2266 2179 2424 2232 αὐτοῦ
2470 2177 2535 2231 τὰ
2574 2175 2868 2244 σπλάγχνα.
2915 2173 3100 2234 Οὕτως
3131 2171 3238 2223 ἀπὸ
3269 2169 3376 2222 τῶν
3411 2169 3796 2239 ἁμαρτημάτων

2269 2266 2541 2336 πυρέττων
2572 2280 2653 2328 τις
2678 2262 2970 2315 ἐκκαίεται.

2270 2357 2413 2425 Στίχ.
2444 2361 2536 2408 κε’.
2566 2352 2832 2408 Κακώσαι
2859 2351 2925 2402 δὲ
2952 2349 3140 2403 αὐτοῦ
3168 2347 3467 2414 ἐπήλυτος
3504 2348 3606 2401 τὸν
3629 2348 3794 2399 οἷκον.

2348 2447 2406 2498 '0
2434 2444 2735 2513 πολεμήσας
2769 2441 2856 2492 τὸν
2900 2439 3025 2491 λαὸν
3061 2441 3263 2491 ἐκεῖνον
3308 2439 3564 2509 ἐπήλυτος
3593 2434 3674 2507 ἦν,
3717 2437 3797 2487 καὶ

2271 2536 2330 2588 οὑ
2358 2533 2682 2604 προσήλυτος
2700 2548 2713 2561 θ
2745 2529 3102 2592 ὂς.ὲκὰκωσεν
3128 2529 3292 2580 αὐτοῦ
3328 2530 3416 2581 τὸν
3456 2524 3618 2588 οἷκον,
3647 2543 3796 2579 κατα·

2273 2625 2410 2677 λύων
2440 2624 2498 2674 τὸ
2525 2621 2865 2692 νομιζόμενον
2893 2621 3160 2691 ἁγίασμα,
3195 2619 3287 2672 καὶ
3318 2619 3412 2688 τὴν
3445 2618 3592 2670 πόλιν
3615 2618 3675 2686 ἢν
3697 2616 3797 2667 ἐλε-

2274 2731 2366 2783 γον
2400 2710 2534 2766 εἶναι
2567 2712 2738 2780 ἁγίαν.

2279 2805 2388 2876 (59)
2421 2804 2565 2873 Στίχ.
2595 2803 2694 2866 κζ’.
2739 2803 3150 2876 Ἀνακαλρψαι-
3173 2801 3240 2854 δὲ
3270 2799 3455 2854 αὑτοῦ
3497 2801 3529 2851 ό
3571 2795 3801 2865 οὐρανὸς

2841 2871 2945 2934 τὰς
2975 2872 3244 2940 ἀνομίας.

2361 2964 2501 3043 ’ᾼντὶ
2530 2960 2643 3024 τοῦ,
2669 2959 2772 3013 Καὶ
2795 2959 2861 3011 ἐκ
2886 2961 3039 3013 Θεοῦ
3073 2960 3172 3013 καὶ
3198 2960 3264 3024 ἐξ
3297 2956 3544 3027 οὐρανοῦ
3570 2953 3804 3020 ὑποστή-

2281 3070 2445 3108 σεται
2479 3055 2548 3106 τὰ
2572 3051 2750 3105 δεινά.
2782 3049 2970 3104 Ταῦτα
2991 3053 3046 3104 δὲ
3076 3051 3198 3121 ἔφη,
3223 3052 3405 3121 ἐπειδὴ
3431 3054 3459 3102 ὁ
3495 3048 3627 3111 Ἰὼϐ,
3652 3049 3805 3116 φήσας

652 3171 1005 3227 vulneratum,
1037 3150 1701 3217 commemoraveratquod
1742 3155 1796 3200 et
1832 3145 1898 3198 ab
1945 3139 2170 3196 homini-

2277 3147 2375 3198 ὑπὸ
2399 3144 2530 3197 Θεοῦ
2568 3141 2887 3210 πεπλῆχθαι,
2919 3143 2944 3193 ἐ
2953 3143 3252 3212 μνημόνευε
3278 3143 3370 3195 καὶ
3394 3141 3467 3203 ὡς
3491 3139 3590 3193 ὑπὸ
3615 3134 3802 3206 ἀνθρώ-

636 3263 757 3315 ·ίεικιε
788 3254 977 3322 iniuria
1023 3248 1243 3301 atl‘ectus
1273 3244 1465 3296 fuerat.
1495 3239 1693 3292 Nititur
1727 3235 1882 3304 igitur
1912 3231 2174 3289 evincere,

655 3349 781 3417 quia
816 3316 995 3397 omnia
1027 3345 1242 3404 propter
1261 3338 1470 3401 peccata
1494 3329 1548 3380 in
1583 3340 1701 3381 eum
1728 3323 1939 3376 inducta
1964 3316 2175 3370 fuerint.

828 3427 892 3482 Ἴ.
919 3425 1008 3477 2'1.
1039 3420 1194 3473 Terra
1215 3427 1378 3471 autem
1405 3415 1637 3482 insurgat
1667 3423 1845 3464 contra
1872 3421 2004 3459 eum.

729 3523 842 3588 Ipsa
876 3526 1012 3568 terra
1049 3509 1275 3578 insurgit
1305 3508 1556 3561 adversus
1589 3499 1833 3571 populum
1861 3497 2028 3550 illum.

791 3618 882 3672 29.
912 3613 980 3668 Et
1010 3611 1255 3683 possessio
1285 3608 1591 3675 facultatum
1618 3603 1714 3671 ipsi
1752 3599 1813 3652 ab
1843 3598 2146 3665 inspectore.
2173 3591 2184 3602 ’

712 3774 986 3844 ἰηιεῖιῑείε
1009 3771 1128 3841 quis
1149 3769 1423 3835 inspector
1450 3763 1536 3817 hic
1565 3761 1876 3814 nominatus
1898 3755 2017 3809 est?
2049 3754 2186 3807 Deus

648 3873 936 3939 ’inspector
963 3862 1138 3917 dictus
1180 3867 1281 3924 est,
1333 3864 1386 3909 et
1431 3850 1663 3920 episcopi
1713 3848 1853 3901 illius
1907 3843 2184 3911 imaginem

649 3935 812 4016 °omni
835 3955 1010 4019 modo,
1037 3951 1078 4004 si
1115 3948 1237 4002 boni
1266 3944 1519 4015 probique
1548 3940 1672 4002 sint,
1692 3936 1831 3991 ferre
1853 3935 2186 3988 annituntur.

666 4053 734 4107 Et
763 4049 899 4103 sicut
918 4045 1007 4114 qui
1037 4041 1273 4095 imitatur
1309 4033 1594 4101 imaginem
1628 4028 1849 4095 regiam,
1895 4026 2190 4078 honoratur

656 4105 731 4193 ex
777 4149 840 4189 eo
888 4105 1025 4200 quod
1075 4123 1293 4194 pulchre
1349 4119 1587 4172 imitatus
1638 4113 1728 4176 sit,
1767 4112 2036 4175 etiamque
2067 4105 2187 4172 quia

663 4239 784 4281 eam
811 4193 1019 4277 ornavit
1050 4193 1161 4266 :ita
1216 4212 1402 4264 beatus
1453 4203 1755 4268 episcopus,
1800 4197 1892 4265 qui
1936 4193 2190 4260 recogitat

650 4323 851 4366 'verum
881 4309 1206 4376 episcopum,
1233 4310 1458 4363 euntque
1492 4291 1790 4352 aemulatur,
1817 4295 1870 4340 et
1896 4283 2074 4339 evadit
2095 4295 2188 4334 ceu

667 4406 810 4458 inter
839 4395 1075 4450 homines
1102 4392 1239 4443 Deus
1265 4406 1278 4440 :
1307 4386 1390 4439 vel
1413 4382 1504 4452 qui
1530 4381 1687 4434 habet
1723 4378 2025 4446 episcopum
2043 4385 2186 4430 eum,

2278 3254 2390 3289 πων
2437 3233 2776 3304 ἠδικημένος.
2819 3232 3231 3296 Κατασκευάζει
3263 3228 3375 3295 οῦν,
3421 3232 3502 3282 ὅτι
3537 3229 3702 3282 πάντα.
3744 3223 3802 3274 δι’

2278 3303 2547 3396 ἁμαρτίας
2576 3303 2732 3375 αὐτὸν
2761 3322 3050 3392 ὲπηνέχθη.
3552 3303 3556 3306 ’

2423 3413 2530 3483 (60)
2564 3411 2707 3480 Στίχ.
2741 3411 2838 3474 κζ’.
2872 3410 2963 3478 Γῆ
2994 3411 3060 3463 δὲ
3086 3410 3451 3475 ἐπανασταίη
3482 3403 3652 3470 αὐτῷ.

2330 3504 2490 3574 Ἀὐτὴ
2520 3505 2553 3572 ἡ
2575 3502 2645 3570 γῆ
2679 3500 3034 3553 ἐπανίσταται
3068 3502 3256 3571 ἐκείνῳ
3401 3497 3530 3566 λαῷ.

2352 3594 2462 3665 (61)
2495 3594 2642 3662 Στὶχ.
2694 3591 2795 3645 κθ¹.
2842 3592 2952 3665 Καὶ
2991 3592 3192 3665 κτῆμα
3245 3591 3628 3665 ὑπαρχόντων
3665 3579 3804 3645 αὐτῷ

2725 3660 2881 3726 παρὰ
2917 3661 3020 3714 τοῦ
3041 3662 3390 3713 ἐπισκόπου.

2350 3751 2618 3806 Μανθάνει
2669 3749 2778 3819 (62)
2821 3751 2903 3813 τίς
2944 3752 3236 3813 ἐπίσκοπος
3286 3748 3468 3802 ἐνθάδε
3497 3740 3803 3817 (ὠνομάσθηὶ

2282 3844 2363 3895 ὅτι
2394 3841 2521 3903 Θεὸς
2573 3840 2866 3901 ἐπίσκοπος
2896 3840 3130 3911 εἴρηται,
3169 3840 3260 3892 καὶ
3301 3840 3349 3890 oi
3375 3835 3652 3889 ἐπίσκοποι
3677 3827 3802 3882 ὲκεί-

2285 3945 2374 3982 νου
2426 3930 2522 3999 τὴν
2565 3928 2743 3979 εἰκόνα
2772 3927 2932 3979 παντὶ
2981 3927 3056 3996 τῷ
3099 3927 3282 3997 τρόπῳ
3329 3920 3736 3994 φιλοτιμοῦνται,
3761 3913 3802 3965 οἱ

2287 4019 2434 4072 καλοὶ
2459 4018 2552 4070 καὶ
2583 4016 2792 4083 ἀγαθοὶ,
2823 4019 3023 4085 φορεῖν.
3054 4017 3161 4068 Καὶ
3178 4016 3362 4084 ὥσπερ
3391 4016 3418 4066 ὁ
3457 4009 3801 4081 μιμησάμενος

2287 4108 2468 4159 εἰκόνα
2500 4106 2774 4176 βασιλικὴν
2804 4107 3026 4174 τιμᾶται
3056 4106 3145 4157 ἐπὶ
3172 4105 3232 4156 τὸ
3257 4102 3431 4164 καλῶς
3466 4094 3800 4170 μιμήσασθαι,

2289 4199 2505 4266 τιμᾶται
2536 4196 2591 4246 δὲ
2624 4195 2715 4246 καὶ
2753 4194 2843 4245 ἐπὶ
2885 4195 2963 4264 τῷ
2995 4195 3159 4265 αὐτὴν
3187 4189 3574 4262 κεκοσμηκέναι
3595 4203 3606 4216 ο
3653 4181 3803 4238 οὕτως

2295 4257 2552 4355 μᾶκάριος
2587 4284 2902 4347 ἐπίσκοπος,
2998 4257 3194 4353 νοήσας
3217 4282 3306 4334 τὸν
3329 4257 3570 4349 άληθινὺν
3605 4257 3820 4324 inicito?

2291 4391 2408 4438 πον,
2440 4373 2532 4425 καὶ
2565 4372 2736 4440 ζηλῶν
2754 4372 2934 4434 αὐτὸν,
2951 4372 3043 4426 κα)¹
3067 4372 3341 4440 γινόμενος
3363 4368 3437 4428 ὡς
3457 4369 3512 4417 ὲν
3528 4357 3805 4429 ἀνθρώποις

669 4491 763 4560 qui
798 4489 966 4554 ipsum
995 4480 1118 4535 fecit
1146 4492 1328 4532 revera
1358 4477 1408 4529 in
1435 4473 1648 4528 Christo
1685 4467 1810 4522 Jesu
1837 4441 2140 4533 episcopum
2173 4479 2176 4508 τ

2291 4463 2419 4524 Θεός
2436 4480 2448 4492 ⁸
2479 4463 2513 4528 ἢ
2539 4462 2672 4531 ἔχων
2707 4459 2997 4513 ἐπίσκοπον
3029 4461 3118 4513 τὸν
3147 4459 3396 4512 ποιοῦντα
3432 4454 3585 4508 αὑτὸν
3616 4441 3806 4516 ἀληθῶς

2296 4556 2308 4560 -
2376 4554 2419 4560 --
2553 4551 2579 4560 ..
2619 4552 2654 4560 --
2762 4551 2786 4560 ..
2827 4553 2839 4560 .
2902 4551 2913 4560 .
3184 4543 3209 4560 Ir
3257 4549 3270 4560 .
3322 4545 3402 4560 μοι
3536 4544 3550 4560 \
3603 4539 3653 4560 -1
3692 4532 3804 4560 ..-ιω

672 4579 756 4634 cui
812 4573 978 4643 gloria
1039 4581 1094 4623 et
1135 4567 1420 4636 imperium
1499 4564 1559 4615 in
1616 4557 1806 4613 secula
1843 4552 2189 4608 saeculorum.

655 4669 860 4723 'Amen.

1277 4740 1426 4797 CAP.
1453 4738 1590 4793 XXI.

785 4840 846 4894 V.
877 4838 928 4893 5.
958 4837 1218 4890 lntuentes
1241 4835 1295 4888 in
1319 4849 1417 4896 me,
1457 4827 1853 4883 admirationem
1889 4821 2087 4875 habete.

747 4928 938 4982 Dicitis
964 4940 1078 4980 esse
1099 4925 1384 4993 sapientes,
1416 4930 1471 4974 et
1491 4919 1629 4973 scire
1651 4915 1832 4983 utquid
1856 4915 1965 4965 haec
2000 4908 2192 4976 patior,

677 5028 926 5086 tanquam
954 5013 1062 5068 Beo
1095 5029 1198 5066 non
1227 5009 1578 5066 indormiente
1626 5003 1856 5072 peccatis
1902 4996 2193 5052 hominum.

2293 4556 2350 4606 ἐν
2376 4551 2588 4620 Χριστῷ
2619 4551 2790 4620 Ἰησοῦ
2824 4551 3142 4603 ἐπίσκοπονο
3176 4543 3220 4614 ᾧ
3247 4549 3280 4617 ἡ
3317 4545 3442 4611 δόξα
3471 4544 3560 4596 καὶ
3599 4539 3658 4592 τὸ
3692 4532 3806 4602 κρέ’

2295 4661 2382 4708 τος
2404 4645 2482 4706 εἰς
2505 4644 2627 4705 τοὺς
2652 4641 2847 4704 αἰῶνας
2869 4641 2976 4693 τῶν
2996 4639 3229 4694 αἰώνων.
3265 4637 3450 4705 Ἀμήν.

2907 4728 3212 4782 ΚΕΦῩΚΑἎ

2299 4825 2407 4896 (6⁷5)
2439 4824 2582 4893 Στίχ.
2614 4821 2674 4875 ε’,
2699 4819 3137 4887 Εὶσϐλέψαντες
3170 4821 3254 4882 εις
3277 4813 3378 4884 ἐμὲ
3409 4809 3598 4877 θαῦμα
3625 4799 3804 4896 σχέτεο

2365 4885 2501 4965 φατὲ
2533 4885 2684 4980 auuol
2713 4907 2867 4975 εἶναι,
2913 4885 3004 4960 καὶ
3048 4908 3238 4960 εἰδέναι
3293 4902 3376 4955 διὰ
3423 4902 3475 4952 τί
3517 4895 3676 4948 ταῦτα
3720 4885 3808 4937 πά·

2304 5023 2431 5072 σχω,
2459 5003 2533 5066 ὡς
2573 5000 2663 5054 τοῦ
2695 5000 2826 5053 Θεοῦ
2875 5001 2947 5069 μὴ
2994 4997 3326 5068 κοιμωμένου
3371 4990 3460 5042 ἐπὶ
3503 4988 3610 5046 τοῖς
3649 4982 3809 5046 ἀμαρ-

679 5108 748 5161 Ει
783 5106 895 5159 ausi
929 5104 1057 5160 estis
1093 5104 1269 5158 dicere
1303 5116 1387 5156 me
1413 5105 1743 5168 peccatorem
1787 5105 1923 5154 esse,
1970 5099 2022 5140 et
2062 5085 2176 5152 justi

2303 5067 2503 5162 τῆμασι
2531 5089 2636 5142 τῶν
2681 5067 2993 5158 ἀνθρώπων.
3049 5087 3158 5138 Καὶ
3197 5077 3517 5152 ἐτολμήσατέ
3561 5089 3624 5142 με
3653 5067 3810 5130 λέγειν

665 5198 736 5250 ιίιι
765 5198 875 5251 ιιεευ
901 5194 1221 5264 pervenisse.

851 5286 913 5340 V.
945 5287 996 5339 7.
1024 5284 1436 5338 lnoeteraverunt
1467 5285 1637 5329 autem
1660 5280 1706 5326 et
1734 5271 1788 5322 in
1821 5268 2028 5321 divitiis.

750 5380 860 5433 Non
885 5387 1008 5433 sunt
1033 5388 1197 5443 nuper
1225 5371 1418 5424 divites
1452 5365 1648 5429 eilecti,
1697 5359 1787 5414 sed
1820 5357 2010 5411 mult'bs
2041 5367 2201 5408 annos

753 5494 864 5562 (56)
883 5492 1011 5562 Cod.
1039 5499 1279 5552 uterque.

751 5561 862 5630 (57)
896 5561 1142 5624 Uterque.

889 5623 1083 5700 {imiter
1110 5635 1172 5700 et_
1189 5623 1396 5700 Oly_t_np_.

637 5705 642 5714 ’
894 5697 1040 5768 Unus
1078 5693 1195 5746 cod.
1233 5683 1417 5746 tribuit
1445 5683 1808 5754 Polychronio.

751 5766 861 5837 (66)
883 5766 1006 5822 Cod.
1037 5777 1144 5814 xxx.

2306 5155 2615 5250 ἁμαρτωλὸν
2645 5155 2800 5240 εἶναι,
2833 5176 2926 5228 καὶ
2953 5177 3170 5238 δικαίως
3203 5175 3281 5234 είς
3317 5167 3484 5222 ταῦτα
3519 5155 3808 5229 ἐφθακέναι-

2342 5244 2449 5337 (δι’)
2477 5266 2623 5335 Στίχ-
2661 5265 2723 5327 ξ.
2754 5265 3192 5317 Πεπαλαίωνται
3226 5258 3292 5312 δὲ
3322 5256 3413 5308 και
3444 5244 3780 5337 erucem:

2375 5317 2486 5408 Οῦκ
2543 5317 3015 5416 εῖσὶννεόπλουτοι,
3077 5351 3207 5404 ἀλλὰ
3271 5341 3568 5407 πολλὰ¹ἒτη
3602 5317 3798 5392 πεποιῆ

2377 5468 2486 5536 (61)
2517 5467 2711 5536 Confer
2753 5466 2814 5520 01
2821 5482 2962 5535 ymp.

2368 5537 2487 5674 (62)
2522 5535 2680 5590 Forte
2704 5536 3025 5595 Μανθάνεις.

2402 5606 2488 5674 65)
2520 5605 2646 5674 God.
2676 5614 2938 5674 uterquea

2351 5605 2488 5669 ,(65)
2520 5605 2646 5658 Cod.
2676 5614 2918 5669 uterque.
3111 5664 3143 5669 __
3207 5662 3219 5669 _
3290 5654 3311 5669 ,
3633 5642 3675 5669 ,.

2678 5635 3009 5736 υέξϊμᾛίὶιιε
3063 5662 3247 5721 tribuit
3287 5651 3493 5724 Joanni.
3521 5677 3585 5689 -—
3633 5635 3802 5698 Confel

2305 5754 2345 5798 t.
2374 5739 2483 5808 XII,
2516 5741 2614 5797 col.
2649 5739 2799 5794 1035.
