3922 6436
641 469 706 524 79
1506 460 2056 516 SUPPLEMENTUM
2091 461 2178 516 AD
2215 462 2530 517 ORIGENIS
2567 463 2961 516 EX-EGETICA.
3695 471 3752 527 30

854 582 910 635 V.
948 582 1030 632 Η.
1067 577 1251 632 Filioli
1284 587 1454 633 autem
1474 597 1648 633 eorum
1695 582 1938 636 illudunt.

776 669 836 723 V.
862 669 944 721 ιε.
975 667 1300 720 Assumentes
1343 669 1641 735 psalterium
1674 681 1720 722 et
1748 670 2016 722 citharam.

706 761 878 814 Nostri
901 767 1176 812 assumunt
1205 759 1509 826 psalterium
1541 768 1594 814 et
1619 761 1901 823 citharam,
1932 759 2154 813 laudan-

636 861 717 904 tes
763 849 947 913 Deum,
988 855 1041 900 et
1072 846 1430 915 gloriﬁcantes
1457 847 1621 916 illum.
1666 847 1881 901 Illorum
1929 866 2044 902 vero
2090 850 2156 915 ﬁ-

635 939 766 1004 lioli,
798 938 886 1006 qui
919 937 1092 991 stolidi
1122 945 1244 991 sunt
1275 937 1325 990 in
1349 937 1824 1006 seipsis,illudunt,
1846 928 2156 991 insumentes

634 1027 933 1096 psalterium
989 1037 1034 1079 et
1085 1026 1354 1078 citharam.
1400 1026 1849 1093 Quandocumque
1898 1034 2154 1094 usurpant

636 1120 775 1173 dicta
799 1118 1006 1172 Veteris
1034 1115 1378 1179 Testamenti,
1407 1116 1651 1180 illudunt,
1674 1125 1726 1170 et
1769 1117 1994 1170 irrident
2029 1131 2151 1171 ora-

635 1209 751 1263 cula
778 1207 906 1275 legis
928 1221 991 1264 ac
1020 1206 1415 1274 prophetarum.
1449 1208 1793 1260 Assumentes
1824 1205 2149 1270 harmonica,

638 1297 943 1367 psalterium
982 1311 1168 1364 nempe
1207 1295 1351 1364 legis,
1385 1303 1436 1347 et
1468 1295 1728 1349 citharam
1771 1295 2151 1364 propheticam,

638 1387 859 1441 illudunt
895 1387 1015 1439 illis.

951 1563 1009 1616 V.
1041 1562 1121 1614 i2.
1151 1560 1215 1612 Et
1245 1559 1482 1612 (tutantur
1506 1574 1621 1611 voce
1641 1556 1843 1625 psalmi.

705 1656 806 1723 Ipsi
859 1668 1070 1722 quoque
1103 1653 1284 1706 dicunt
1317 1647 1546 1716 psalmos
1592 1645 1878 1710 Valentini,
1925 1654 1981 1698 et
2027 1643 2154 1698 ollas

636 1744 900 1805 Basilidis,
933 1753 986 1798 et
1014 1743 1252 1810 quaedam
1288 1736 1588 1806 huiusmodi
1643 1735 2011 1805 pronuntiant,
2061 1733 2154 1786 lte-

636 1845 806 1888 tantes
837 1847 961 1885 voce
992 1830 1194 1898 psalmi.

772 1923 833 1975 ν.
865 1922 950 1974 15.
979 1920 1043 1973 1η
1073 1921 1242 1988 requie
1273 1927 1444 1970 autem
1465 1916 1653 1983 inferni
1679 1915 2010 1967 dormierunt.

703 2013 756 2066 In
793 2013 973 2078 requie
999 2018 1192 2071 autem,
1222 2022 1325 2062 non
1352 2006 1493 2071 cteli,
1547 2007 1638 2061 sed
1687 2003 1879 2057 inferni
1925 2003 2151 2056 dormie-

627 2115 778 2156 runt.
830 2101 935 2155 Nos
980 2109 1154 2155 autem
1194 2112 1427 2162 oramus,
1472 2095 1610 2149 haud
1654 2095 1706 2147 in
1743 2096 1924 2162 requie
1961 2091 2149 2146 interni

616 2193 888 2257 dormire,
925 2192 1018 2245 sed
1049 2190 1102 2244 in
1135 2189 1226 2244 Dei
1261 2189 1442 2256 requie
1484 2187 1534 2240 in
1581 2185 1783 2240 sanctis
1825 2183 1998 2243 costis,
2028 2197 2149 2236 cum

627 2282 845 2336 Christo
873 2295 994 2350 rege
1018 2290 1240 2343 nostro;
1276 2278 1357 2330 cui
1393 2275 1560 2344 gloria
1590 2285 1647 2328 et
1678 2274 1952 2342 imperium
1977 2272 2028 2324 in
2051 2284 2150 2324 ste-

629 2371 748 2426 cula
781 2372 1108 2425 saeculorum.
1149 2371 1330 2423 Amen.

1189 2547 1406 2602 CAPUT
1432 2545 1589 2600 XXII.

621 2641 696 2696 Ὺ.
720 2642 772 2696 2.
812 2641 1060 2710 Nunquid
1105 2656 1202 2693 non
1241 2639 1486 2710 Dominus
1512 2647 1607 2710 est,
1643 2636 1731 2710 qui
1767 2633 1908 2686 docet
1957 2631 2149 2684 intelli-

1071 2712 1294 2777 gentiam
1317 2719 1360 2760 et
1387 2707 1648 2758 scientiam
1665 2706 1690 2758 ?

701 2801 828 2868 Quae
856 2799 1291 2854 administrantur
1312 2813 1338 2848 a
1366 2796 1566 2864 Spiritu
1597 2804 1798 2856 sancto,
1837 2793 1993 2862 digna
2026 2800 2150 2845 sunt

633 2901 689 2945 ut
721 2886 1415 2956 describantur.~Propterea
1459 2884 1853 2948 describuntur,
1881 2891 1938 2936 ut
1982 2883 2149 2936 lector

621 2981 840 3050 juvetur
867 2994 932 3033 ex
980 2979 1043 3032 iis
1090 2993 1206 3047 qua:
1233 2977 1494 3045 leguntur.
1536 2973 1647 3028 Nisi
1683 2975 1842 3042 igitur
1875 2974 2032 3026 utiles
2061 2988 2148 3025 es-

631 3080 746 3126 sent
777 3083 1049 3123 sermones
1082 3067 1268 3120 horum
1301 3067 1482 3130 trium,
1512 3063 1599 3131 qui
1623 3072 1880 3116 venerunt
1913 3062 1978 3114 ad
2020 3059 2142 3125 Joh,

2188 587 2230 641 Α
2339 581 2483 649 Στίχ.
2521 581 2607 632 ια’.
2649 581 2720 632 Τὰ
2741 580 2806 630 δὲ
2837 579 3035 631 παίδιά
3053 579 3244 632 αὐτῶν
3269 581 3692 647 προσπαίζουσι.

2259 671 2401 737 Στίχ.
2441 669 2524 722 ιϐ’.
2574 670 2978 733 Ἀναλαϐόντες
3023 669 3346 736 ψαλτήριον
3385 671 3477 722 καὶ
3512 671 3754 739 κιθάραν.

2321 759 2380 810 Οἱ
2411 757 2662 827 ἡμέτεροι
2700 756 3123 826 ἀναλαμϐάνουσι
3161 757 3443 828 ψαλτήριον
3485 759 3576 812 καὶ
3622 762 3757 814 κιθά-

2260 863 2372 921 ραν,
2428 845 2711 915 ὑμνοῦντες
2747 847 2834 898 τὸν
2860 846 3127 910 Θεὸνριαὶ
3161 847 3550 914 δοξολογοῦντες
3595 850 3755 903 αὐτόν.

2267 938 2531 990 Ἐκείνων
2550 937 2616 989 δὲ
2641 940 2709 990 τὰ
2736 937 2954 1001 παιδία,
2981 938 3028 988 οἱ
3057 937 3264 1006 ἀνόητοι
3295 939 3349 991 ἐν
3380 940 3758 1006 αὐτοῖς,προσο

2252 1028 2589 1092 παίζουσιν,
2632 1027 3138 1095 ἀναλαμϐάνοντες
3202 1027 3526 1094 ψαλτήριον
3563 1031 3653 1081 καὶ
3688 1049 3760 1082 κι-

2255 1118 2453 1185 θάραν.
2487 1118 2599 1169 Ὄτ’
2631 1118 2694 1170 ἂν
2735 1118 3032 1172 ἀναλάϐωσι
3054 1121 3176 1182 τοὺς
3217 1121 3398 1187 λόγους
3423 1123 3517 1189 τῆς
3545 1122 3758 1186 Παλαιᾶς

2253 1206 2540 1277 Διαθήκης,
2592 1208 2996 1275 προσπαίζουσι,
3039 1209 3130 1261 καὶ
3174 1210 3365 1276 γελῶσι
3398 1212 3463 1263 τὰ
3507 1211 3652 1277 λόγια
3678 1212 3761 1265 τοῦ

2253 1299 2410 1367 νόμου
2461 1297 2552 1349 καὶ
2584 1297 2687 1366 τῶν
2715 1299 3020 1368 προφητῶν.
3037 1283 3514 1368 Ἀναλαμϐἀνοντες
3541 1301 3605 1353 τά
3624 1302 3763 1370 εναρ-

2257 1386 2430 1454 μόνια,
2463 1385 2751 1454 ψαλτήριον
2775 1386 2833 1437 τὸ
2865 1387 2958 1439 τοῦ
2984 1387 3164 1456 νόμου,
3199 1387 3424 1456 κιθάραν
3450 1387 3543 1457 τὴν
3571 1403 3762 1456 προφη-

2253 1475 2424 1544 τικὴν,
2459 1475 2872 1545 προσπαίζουσιν
2893 1477 3089 1540 αὐτοῖς.

2354 1563 2495 1632 Στίχ.
2547 1563 2628 1616 ιϐ’.
2658 1564 2764 1618 Καὶ
2793 1567 3199 1634 εὐφραίνονται
3227 1567 3395 1634 φωνῇ
3420 1567 3674 1635 ψαλμοῦ.

2321 1655 2428 1707 Καὶ
2451 1656 2599 1708 αὐτοὶ
2620 1653 2858 1723 λέγουσιν
2900 1656 3140 1726 ψαλμοὺς
3183 1658 3550 1722 Οὐαλεντίνου,
3572 1659 3660 1711 καὶ
3701 1659 3769 1712 λέ-

2251 1760 2429 1811 γουσιν
2467 1745 2606 1814 ᾠδὰς
2647 1747 2971 1810 Βασιλείδου,
3006 1748 3100 1799 καὶ
3133 1749 3350 1802 τοιαῦτά
3375 1765 3491 1802 τινα
3531 1750 3769 1818 φθόγγον·

2251 1852 2358 1901 ται,
2387 1838 2790 1906 εὐφραινόμενοι
2821 1841 2965 1908 φωνῇ
2988 1838 3219 1908 ψαλμοῦ.

2184 1904 2224 1957 Β
2255 1923 2402 1992 Στίχ.
2451 1904 2536 1993 ιγ’.
2582 1904 2675 1977 Ἐν
2709 1925 2777 1978 δὲ
2808 1904 3139 1980 ἀναπαύσει
3181 1927 3325 1992 ᾅδου
3368 1928 3767 1996 ἐκοιμήθησαν.

2335 2014 2418 2065 Ἐν
2451 2013 2504 2064 δὲ
2543 2013 2836 2067 ἀναπαύσει
2867 2015 2963 2067 οὐκ
3002 2015 3251 2085 οὐρανοῦ,
3285 2016 3396 2068 ἀλλ’
3428 2016 3548 2086 ᾅδου
3570 2019 3773 2086 ἐκοιμή-

2255 2101 2436 2171 θησαν.
2480 2102 2663 2171 Ἡμεῖς
2708 2103 2762 2156 δὲ
2801 2103 3066 2173 εὐχόμεθα
3105 2105 3205 2158 οὐκ
3243 2108 3298 2158 ὲν
3327 2107 3618 2159 ἀναπαύσει
3659 2107 3770 2176 ᾅδου

2253 2190 2591 2259 κοιμηθῆναι,
2629 2190 2740 2244 ἀλλ’
2768 2194 2823 2244 ὲν
2844 2193 3141 2248 ἀναπαύσει
3170 2195 3303 2248 θεοῦ
3333 2197 3390 2248 ὲν
3414 2199 3525 2258 τοῖς
3545 2196 3771 2265 οὐρανοῖς

2251 2281 2361 2341 τοῖς
2382 2280 2552 2347 ἁγίοις
2599 2282 2732 2349 μετὰ
2771 2283 3002 2351 Χριστοῦ
3043 2284 3414 2353 βασιλεύοντος
3454 2285 3634 2356 ἡμῶν
3675 2279 3772 2355 ᾦή

2247 2368 2374 2430 δόξα
2414 2371 2503 2421 καὶ
2537 2371 2594 2422 τὸ
2648 2373 2844 2440 κράτος
2895 2374 2974 2436 εἰς
3017 2375 3140 2437 τοὺς
3183 2375 3386 2438 αἰῶνας
3427 2376 3532 2428 τῶν
3560 2375 3771 2428 αἰώνων.

2266 2456 2447 2526 Ἀμήν.

2857 2549 3022 2605 ΚΕΦ.
3054 2553 3182 2604 KB'.

2254 2636 2360 2708 (66)
2395 2639 2539 2706 Στίχ.
2581 2638 2640 2707 β’.
2675 2639 2925 2706 Πότερον
2962 2640 3101 2708 οὐχὶ
3138 2641 3354 2707 Κύριός
3387 2641 3556 2698 ἐστιν
3579 2641 3610 2691 ό
3637 2638 3780 2692 διδά-

2449 2708 2461 2719 ’
2521 2723 2684 2760 σκων
2722 2709 2972 2761 σύνεσιν
3009 2709 3108 2762 καὶ
3141 2709 3516 2777 ἐπιστήμην;

2322 2796 2398 2848 Ta
2435 2797 2849 2866 οἰκονομούμενα
2879 2796 2981 2850 ὑπὸ
3014 2797 3107 2849 τοῦ
3135 2799 3290 2865 ἁγίου
3321 2797 3639 2867 Πνεύματος
3670 2798 3777 2868 ἀνα·

2251 2886 2462 2954 γραφῆς
2489 2886 2774 2954 ἀξιωθῆναι
2806 2888 2928 2957 χρή.
2953 2887 3051 2940 Διά
3080 2888 3238 2940 τοῦτο
3262 2889 3631 2960 ἀναγράφεται
3658 2887 3779 2956 ὑπὲρ

2249 2974 2339 3025 τοῦ
2372 2975 2460 3026 τὸν
2507 2977 2890 3044 ἐντυγχάνοντα
2936 2978 3258 3044 ὠφελεῖσθαι
3293 2983 3358 3032 ὲκ
3389 2981 3496 3033 τῶν
3535 2981 3780 3046 ἀναγινω-

2251 3063 2540 3130 σκομένων.
2590 3064 2650 3114 Εἰ
2706 3064 2777 3132 μὴ
2824 3059 2914 3116 οὖν
2959 3066 3222 3136 χρήσιμοι
3247 3063 3386 3137 ἦσαν
3421 3071 3472 3121 οἱ
3516 3069 3658 3136 λόγοι
3685 3066 3779 3120 τῶν

632 3161 704 3212 ita
745 3166 801 3210 ut
826 3157 990 3210 lector
1014 3155 1253 3221 accipere
1279 3151 1477 3220 aliquid
1507 3151 1669 3218 possit
1699 3149 1764 3201 ab
1801 3150 1866 3202 iis
1901 3164 2015 3216 quae
2052 3163 2146 3217 per

2247 3152 2430 3221 τριῶν,
2460 3151 2565 3204 τῶν
2599 3154 3044 3222 παραγενομένων
3093 3156 3230 3224 πρὸς
3281 3158 3372 3211 τὸν
3412 3159 3551 3224 Ἰὼϐ,
3591 3159 3664 3221 ὼς
3702 3159 3780 3210 τὸν

630 3249 748 3303 illos
775 3246 839 3299 ad
876 3243 975 3298 Job
1006 3243 1144 3297 dicta
1185 3251 1342 3301 sunt;
1382 3255 1483 3292 non
1535 3239 1712 3304 utique
1744 3238 1922 3290 divina
1970 3236 2146 3304 provi-

2245 3240 2621 3308 ἐντυγχάνοντα
2648 3240 2824 3293 λαϐεῖν
2847 3259 2897 3293 τι
2921 3243 3028 3295 ἀπὸ
3047 3223 3155 3296 τῶν
3186 3247 3490 3316 εἰρημένων
3511 3223 3601 3301 ὑπ’
3623 3248 3782 3302 αὐτῶν

627 3337 806 3393 tientia
835 3336 889 3388 iu
927 3334 1118 3387 librum
1150 3331 1248 3386 Job
1263 3330 1480 3384 describi
1500 3329 1706 3382 fecisset
1737 3340 2007 3380 sermones
2055 3327 2148 3380 ho-

630 3442 746 3482 rum
783 3425 960 3478 trium.
994 3421 1142 3475 Licet
1174 3432 1300 3486 ergo
1331 3425 1390 3470 ut
1419 3416 1538 3485 quis
1571 3415 1979 3470 emolumentum
2029 3429 2148 3484 per-

612 3518 790 3585 cipiat
810 3529 840 3567 a
877 3510 1205 3568 sermonibus
1234 3522 1439 3570 eorum,
1471 3506 1801 3576 dogmatibus
1831 3506 2142 3560 intendens:

627 3609 871 3662 observet
894 3617 1020 3658 vero
1057 3602 1242 3654 vitium
1292 3612 1599 3653 sermonum
1639 3598 1691 3651 in
1733 3611 1837 3651 uno
1872 3610 1992 3651 esse
2014 3599 2145 3650 duu-

628 3706 797 3760 taxat,
821 3695 1030 3764 quoties
1062 3705 1248 3760 nempe
1268 3689 1456 3746 Jobum
1495 3687 1821 3752 insimulant,
1863 3688 1963 3741 rati
2003 3687 2145 3740 illum

628 3788 734 3858 pati
763 3797 975 3854 propter
1003 3797 1085 3846 ea,
1116 3795 1232 3850 qua:
1259 3779 1558 3849 peccaverit
1583 3796 1596 3832 :
1635 3793 1736 3832 non
1779 3775 2014 3831 videntes
2036 3815 2050 3840 ,
2091 3785 2146 3830 et

629 3877 760 3931 alias
794 3887 909 3930 esse
939 3872 1127 3926 multas
1163 3884 1375 3934 causas,
1401 3869 1740 3939 quamobrem
1793 3867 1933 3921 istud
1972 3868 2144 3920 homi-

629 3966 783 4020 nibus
811 3962 1104 4030 contingat.
1137 3957 1289 4012 Talia
1342 3966 1465 4013 sunt
1525 3972 1640 4026 qua:
1688 3957 2030 4010 constitutum
2064 3965 2146 4010 est

627 4055 763 4116 ﬁeri,
789 4055 923 4107 hona
965 4053 1078 4106 sive
1109 4050 1352 4114 molesta,
1398 4059 1490 4102 aut
1537 4063 1867 4117 quocumque
1921 4048 2144 4101 voluerit

627 4146 744 4214 quis
777 4158 836 4197 ea
861 4144 1075 4198 nomine
1106 4157 1318 4197 vocare.
1356 4140 1424 4193 Et
1457 4150 1566 4203 post
1595 4155 1759 4207 pauca
1786 4153 1804 4190 :
1828 4137 2010 4190 Nonne
2038 4137 2144 4189 Do-

603 4237 790 4289 minus
818 4243 912 4297 ert,
965 4234 1054 4302 qui
1115 4234 1257 4286 docet
1313 4229 1700 4296 intelligentiam
1731 4235 1778 4280 et
1827 4227 2145 4281 scientiam?

2245 3326 2377 3396 πρὸς
2396 3327 2484 3380 τὸν
2527 3327 2670 3380 Ἰώὸ·
2697 3329 2794 3381 οὐκ
2825 3328 2889 3381 ἂν
2921 3331 2953 3400 ἡ
2990 3332 3214 3401 πρόνοια
3248 3336 3328 3398 εἰς
3357 3335 3456 3406 τὴν
3498 3337 3676 3406 βίϐλον
3700 3336 3780 3389 τοῦ

2256 3414 2372 3468 Ἰὼϐ
2420 3417 2667 3486 ἐποίησεν
2711 3419 3090 3490 ἀναγραφῆναι
3131 3424 3226 3476 καὶ
3275 3425 3402 3488 τοὺς
3460 3427 3650 3494 λόγους
3689 3427 3783 3478 τῶν

2243 3506 2425 3575 τριῶν.
2464 3508 2647 3560 Ἔστιν
2678 3503 2768 3561 οὖν
2799 3508 3142 3579 ὠφεληθῆναι
3202 3513 3302 3583 μὲν
3345 3515 3455 3568 ἀπὸ
3493 3517 3601 3570 τῶν
3628 3517 3782 3584 λόγων

2243 3595 2402 3649 αὐτοῦ
2426 3596 2554 3670 (67),
2579 3599 2839 3667 ἐνορῶντα
2861 3603 2972 3663 τοῖς
2987 3601 3252 3672 δόγμασιν
3268 3622 3282 3635 ο
3313 3607 3447 3677 όρᾷν
3463 3608 3520 3661 δὲ
3541 3608 3601 3661 τὸ
3614 3608 3786 3678 ἐγκλη-

2241 3702 2329 3738 τον
2348 3686 2454 3739 τῶν
2483 3686 2651 3754 λόγων
2673 3689 2797 3758 περὶ
2816 3689 2872 3742 ἓν
2901 3691 3081 3759 μόνον,
3115 3695 3204 3747 ὅτε
3231 3697 3509 3752 αἰτιῶνται
3535 3698 3626 3752 τὸν
3659 3696 3783 3762 Ἰὼϐ,

2226 3775 2467 3845 οἰόμενοι
2509 3777 2665 3829 αὐτὸν
2705 3778 2928 3847 πάσχειν
2961 3781 3051 3834 διὰ
3085 3783 3157 3836 τὰ
3208 3785 3578 3859 ἡμαρτημένα
3614 3787 3781 3857 αὐτῷ·

2241 3864 2334 3932 οὐχ
2359 3865 2606 3934 ὁρῶντες,
2633 3867 2712 3918 ὅτι
2747 3868 2837 3919 καὶ
2864 3867 2999 3921 ἀλλα
3032 3871 3207 3927 πολλὰ
3235 3876 3382 3934 αἰτιά
3405 3879 3520 3932 ἐστι
3544 3878 3634 3931 τοῦ
3665 3896 3784 3947 συμ-

2242 3953 2439 4005 ϐαίνειν
2474 3954 2791 4024 ἀνθρώποις.
2831 3958 3070 4013 Τοιαῦτά
3095 3963 3212 4016 ἐστι
3249 3970 3616 4039 νενομισμένα
3660 3965 3783 4021 εἶναι

2241 4040 2377 4093 καλά
2419 4042 2450 4112 ἢ
2506 4043 2799 4112 χαλεπάμῆ
2851 4046 3001 4109 ὅπως
3057 4052 3188 4103 ποτὲ
3237 4053 3486 4122 βούλεταί
3529 4075 3612 4122 τις
3661 4056 3784 4111 αὐτὰ

2240 4130 2533 4199 ὀνομάζειν.
2574 4133 2680 4184 Καὶ
2713 4133 2838 4200 μετ’
2879 4137 3082 4206 όλίτιῑο
3140 4142 3403 4211 Πότερον
3435 4149 3571 4215 οὐχὶ
3614 4151 3646 4201 ὁ
3690 4147 3784 4200 Kri-

2231 4221 2359 4286 ριός
2411 4222 2575 4273 ἐστιν
2605 4225 2637 4275 ό
2679 4221 2978 4280 διδάσκων
3009 4231 3269 4286 σύνεσιν
3296 4237 3392 4289 καὶ
3433 4237 3783 4307 ἐπιστήμηνς

623 4323 819 4390 Dogma
857 4337 1039 4376 sanum
1077 4331 1158 4376 est
1189 4339 1203 4375 :
1242 4320 1490 4390 quoniam
1525 4333 1682 4371 verus
1722 4318 1904 4371 doctor
1933 4317 2143 4371 virtutis

2244 4308 2346 4377 (68)
2364 4307 2437 4361 Τὸ
2465 4309 2634 4379 δόγμα
2663 4312 2812 4378 ὑγιές
2871 4316 3021 4368 ἐστι⁸
3054 4320 3137 4373 ὅτι
3190 4323 3444 4393 ἀληθινὸς
3485 4327 3786 4388 διδάσκαλος

623 4430 725 4470 non
757 4422 933 4480 potest
981 4427 1097 4466 esse
1148 4413 1324 4466 homo.
1375 4409 1478 4474 Qui
1523 4409 1666 4461 docet
1713 4408 1852 4460 enim
1887 4409 2142 4460 hominem

2244 4398 2433 4467 ἀρετῆς
2472 4399 2530 4449 οὐ
2576 4399 2792 4453 δύναται
2837 4400 2981 4458 εἶναι
3031 4409 3342 4481 ἄνθρωπος.
3398 4417 3462 4469 '0
3504 4418 3787 4471 διδάσκων

620 4505 887 4558 scientiam
911 4505 978 4570 θ’,
1002 4504 1159 4558 etiam
1182 4505 1233 4557 in
1276 4501 1499 4557 Psalmis
1524 4497 1792 4562 scribitur,
1824 4513 1927 4552 non
1980 4499 2136 4550 alium

2244 4487 2344 4554 γὰρ
2367 4489 2688 4587 ἄνθρωπον·
2704 4491 2952 4587 γνῶσιν,
2987 4501 3084 4552 καὶ
3115 4503 3171 4555 ἐν
3195 4509 3309 4569 τοῖς
3336 4507 3585 4580 Ψαλμοῖς
3609 4507 3787 4575 ἀναγέ·

601 4608 758 4660 -esse,
786 4607 943 4661 quam
968 4591 1150 4645 Deum.
1171 4591 1404 4657 -Et,Doce
1419 4605 1516 4653 me,
1545 4584 2002 4656 inquitPropheta,
2012 4585 2138 4653 jura

2244 4593 2492 4646 γραπται,
2529 4579 2607 4630 ὅτι
2638 4580 2735 4632 οὐκ
2761 4581 2922 4648 ἀλλος
2957 4590 3108 4642 ἐστὶν
3146 4593 3180 4662 ἢ
3208 4595 3362 4658 Θεός.
3394 4579 3525 4661 καὶ,
3546 4597 3785 4661 Δίδαξόν

603 4691 712 4738 “tu
741 4681 826 4735 τοι
882 4681 1053 4735 sciens
1079 4680 1244 4734 Deum
1278 4695 1395 4733 esse
1418 4679 1688 4733 doctorem
1714 4692 1895 4732 verum
1935 4687 1987 4730 et
2015 4692 2137 4746 per-

2244 4682 2323 4759 ae,
2357 4667 2616 4759 φησὶν,τὰ
2627 4668 2989 4739 δικαιώματά
3011 4696 3126 4734 σου
3135 4720 3149 4745 ,
3165 4684 3195 4734 ὁ
3222 4689 3531 4759 Προφήτης,
3545 4688 3696 4751 εἰδὼς
3715 4687 3785 4738 δι-

2233 4753 2489 4806 δάσκαλον
2527 4751 2662 4809 εῖναι
2706 4759 2887 4833 ἀληθῆ
2937 4769 3031 4821 καὶ
3067 4751 3281 4826 τέλειον
3650 4777 3787 4830 Διδά-

2233 4859 2349 4938 σκει
2371 4845 2425 4938 δὲ
2449 4847 2638 4938 ὁΫΘεὸς
2669 4850 2969 4920 ἐλλάμπων
3007 4863 3074 4930 τῇ
3109 4861 3254 4935 ψυχῇ
3297 4865 3392 4918 τοῦ
3447 4869 3789 4938 μανθάνοντος

2232 4935 2532 5029 αὐτοῦ,
2567 4941 2658 4992 καὶ
2693 4941 2789 5012 τὴν
2841 4947 3082 5004 διάνοιαν
3132 4957 3382 5022 φωτίζων
3418 4935 3495 5029 τῷ
3534 4961 3689 5029 φωτὶ,
3722 4955 3790 5026 τῷ

2228 5024 2470 5118 ἀληθινῷᾼ
2486 5027 2626 5118 λόγῳ
2657 5031 2844 5086 αὐτοῦ.
2871 5037 2983 5108 (69)
3007 5043 3219 5096 Οὐκοῦν
3251 5047 3345 5098 καὶ
3385 5024 3576 5118 ἄνδρες
3605 5024 3785 5102 δίκαιοι

2219 5113 2704 5208 ’τιμᾷς-διδάσκουσι
2747 5121 3142 5201 διδασκαλικὴν
3163 5133 3448 5204 εἰληφότες
3477 5113 3638 5208 γάριν
3659 5135 3782 5206 (70).

2233 5199 2342 5294 (71.)
2358 5203 2513 5294 ΔΣτίχ.
2536 5205 2594 5257 δ’.
2627 5209 2735 5260 Καὶ
2761 5199 3309 5274 συνεισελεῦσεταί
3329 5237 3428 5276 σοι
3451 5199 3781 5294 είςαρίσιν-

2299 5290 2469 5387 novae
2496 5294 2806 5366 ποιούμενος
2825 5305 2855 5353 ό
2883 5302 3015 5368 Θεὸς
3032 5308 3126 5360 τοῦ
3162 5315 3560 5387 προνοουμένου
3588 5290 3678 5370 ὐπ’
3699 5314 3786 5369 αὒ-

2230 5381 2344 5446 τοῦ,
2387 5383 2594 5456 ἐλέγχει
2621 5389 2801 5443 αὐτόν.
2840 5398 2952 5449 Καὶ
2987 5381 3530 5464 συνεισὲλεύσεταί
3570 5424 3666 5464 σοι
3707 5409 3785 5472 εις

2235 5473 2452 5540 κρίσιν.
2482 5476 2741 5542 Πολλάκις
2768 5482 3018 5555 εἴπομεν,
3049 5485 3235 5549 etme
3274 5499 3500 5554 ἐνέπεσε
3535 5501 3598 5556 τὸ
3621 5501 3784 5570 δόγμα

617 4772 832 4825 fectum.
865 4769 1025 4824 Docet
1049 4783 1174 4822 vero
1200 4767 1356 4832 Deus,
1388 4765 1642 4835 atiulgens
1671 4768 1861 4819 animze
1887 4765 2138 4821 discentis

605 4861 688 4916 ab
714 4863 850 4928 ipso,
880 4869 933 4914 et
954 4866 1182 4913 mentem
1199 4857 1501 4911 illuminans
1521 4856 1735 4922 lumine,
1754 4857 1928 4910 veraci
1949 4870 2134 4923 nempe

603 4953 781 5007 ‘verho
812 4967 927 5005 suo.
967 4951 1141 5015 Quare
1169 4950 1327 5002 etiam
1359 4949 1598 5001 homines
1633 4946 1760 5015 justi
1789 4948 1980 5000 docent
2015 4960 2128 5012 uos,

599 5042 708 5112 equi
740 5040 962 5096 docendi
984 5045 1218 5108 gratiam
1246 5048 1582 5106 acceperunt.

787 5201 851 5254 ν.
879 5199 932 5252 4.
982 5198 1046 5252 Et
1078 5198 1567 5267 ingredieturtecum
1596 5199 1647 5248 in
1681 5199 1954 5262 judicium.

681 5287 962 5342 Rationem
992 5285 1193 5339 bahens
1235 5284 1369 5338 Deus
1397 5285 1530 5354 ejus,
1567 5286 1651 5355 qui
1693 5287 1828 5339 illius
1857 5285 2129 5339 ordinatur
2156 5341 2164 5348 ,

597 5375 966 5445 providentia,
989 5372 1160 5440 arguit
1186 5387 1326 5426 eum.
1355 5371 1418 5424 Et
1442 5373 1752 5443 ingredietur
1773 5383 1940 5426 tecum
1965 5374 2017 5426 in
2047 5373 2131 5439 iu-

603 5467 819 5518 dicium.
851 5461 1000 5530 Saepe
1027 5461 1280 5527 diximus,
1307 5463 1350 5514 si
1381 5465 1588 5530 quando
1627 5464 1858 5517 occurrit
1884 5463 1982 5517 hoc
2035 5462 2129 5518 do-

676 5559 721 5590 ⁶⁰
750 5555 892 5610 Psal.
925 5554 1187 5617 xcnt,10.
1291 5557 1334 5588 ⁷⁰
1360 5556 1500 5612 Psal.
1532 5574 1716 5624 cxvnt,
1756 5558 1836 5613 12.

674 5668 784 5744 (66)
814 5668 950 5744 Cod2
973 5677 1211 5736 uterque.
1239 5668 1369 5725 Hinc
1389 5673 1563 5728 hausit
1588 5671 1885 5744 Olympiod.

669 5737 779 5805 (67)
807 5737 1010 5789 Αὐτῶν.

667 5804 776 5876 (σε)
804 5806 882 5861 cr.
920 5817 954 5860 ι.
982 5804 1089 5872 xu,
1131 5807 1232 5862 col.
1269 5808 1418 5865 1055.

2301 5675 2410 5744 {69)
2443 5676 2494 5729 In
2522 5679 2639 5733 cod.
2661 5679 3060 5742 Nani.additur.

2439 5744 2659 5870 ιέξιῶιὲιξι
2893 5756 3397 5892 ιίὶιὲέἀὲἕέογίνεται
3427 5780 3486 5826 ut
3533 5771 3585 5828 in
3613 5771 3779 5829 editis.
