3922 6382
181 443 228 498 ιι
1425 455 1937 512 ENARR'ATIONES
1973 455 2038 510 IN
2073 456 2209 512 JOB.
3297 463 3364 518 se

183 558 313 618 τοῦτο
338 561 392 614 ὲν
429 557 615 622 ἄλλαις
645 559 894 627 λέξεσιν,
931 567 1022 621 ὅτι
1049 568 1230 632 οὕτως
1251 570 1397 622 ἐστὶν
1421 573 1450 624 ὀ
1475 571 1604 635 Θεὸς
1628 572 1746 640 φιλ-

1861 587 1970 640 gma
2016 571 2068 624 in
2097 571 2216 625 aliis
2242 570 2421 636 dictis,
2455 570 2614 626 Deum
2643 587 2758 628 esse
2784 574 2914 629 adeo
2967 575 3271 645 benignum,
3307 589 3366 632 ut

193 652 457 721 ἅνθρωπος,
493 647 659 713 ὥστε,
713 652 820 704 καὶ
863 659 1132 727 χρηστῶς
1184 659 1385 728 κρίνων
1416 662 1580 729 ἡμᾶς,
1633 663 1748 712 ἑπι-

200 743 361 815 τρέπει
382 739 546 806 λέγειν
576 741 731 810 ἡμᾶς
763 745 914 815 πρὸς
943 749 1134 811 αὑτὸν,
1173 759 1251 811 ὡς
1280 749 1590 819 κρινόμενον
1633 749 1748 820 μεθ’

203 833 353 904 ἡμῶν,
380 831 495 901 περὶ
525 823 602 883 ὧν
638 830 979 903 βουλόμεθα.
1020 838 1372 909 Ἐχρησάμην
1401 835 1492 891 οὖν
1521 841 1629 901 τοῖς
1648 839 1752 892 ἀπὸ

205 924 286 979 τοῦ
314 921 498 975 Ἦσαῑα
519 937 532 950 ·
559 921 922 984 Δεῦτε,³καὶ
973 925 1400 996 διαλεχθῶμεν,
1437 925 1596 994 λέγει
1649 927 1754 979 Κύ-

195 1031 326 1082 ριος.
358 1013 430 1065 Τὸ
458 1012 586 1081 γὰρ,
618 1011 1065 1082 διαλεχθῶμεν,
1118 1015 1352 1068 τοιοῦτόν
1397 1015 1568 1066 ἐστιν’
1603 1004 1667 1066 Et
1703 1013 1754 1068 τί

201 1123 264 1174 με
291 1106 431 1174 ἔχεις
456 1104 692 1172 ἐλέγξαι,
725 1105 825 1158 καὶ
854 1105 958 1176 τὴν
1005 1084 1257 1177 πρόνοιάν
1287 1119 1408 1176 μου,
1453 1105 1527 1168 ὡς
1555 1096 1755 1175 ἀμελή-

200 1197 384 1258 σαντός
412 1213 500 1248 σου
527 1195 661 1265 (72),
700 1195 777 1257 ὼς
809 1196 886 1265 μὴ
913 1197 983 1249 τά
1003 1197 1186 1249 δέοντα
1208 1198 1575 1264 πεποιηκότος,
1598 1197 1751 1264 λέγε’

198 1284 385 1352 Κάγὼ,
412 1287 439 1338 ὃ
459 1302 510 1337 τι
551 1285 680 1337 ποτε
705 1285 817 1354 ἔχω
837 1286 974 1356 ὲρῶ,
1002 1287 1174 1338 πείσω
1205 1304 1281 1349 σε,
1309 1285 1673 1349 καταδικάζων
1698 1303 1754 1338 σε

194 1373 341 1438 ἀξιον
373 1374 500 1426 ὄντα
523 1374 616 1426 τοῦ
645 1374 1137 1442 καταδικασθῆναι.

195 1461 338 1530 Στίχ.
371 1460 436 1513 ε’.
466 1461 727 1528 Πότερον
751 1464 867 1530 οὐχ
903 1463 939 1529 ἡ
975 1462 1151 1514 κακία
1184 1475 1294 1513 σου
1341 1461 1473 1512 ἐστί
1524 1457 1755 1522 πολλή;

261 1551 508 1613 Εἰκότως
539 1553 638 1620 οὐχ
672 1552 862 1614 ἁπλῶς
918 1569 1062 1622 φημι
1107 1552 1218 1621 (75)
1247 1552 1520 1620 γεγονέναι
1546 1549 1721 1604 ἄδικον
1740 1567 1752 1578 ·

191 1643 320 1694 ἐπεὶ
355 1644 556 1712 πάσχει
584 1643 833 1705 τοιαῦτα,
853 1644 1009 1695 ὁποῖα
1041 1645 1211 1706 οὐδεὶς
1237 1642 1409 1696 αὐτῶν
1430 1640 1758 1710 τηλικούτοις

194 1733 516 1794 πέπτωκεν,
555 1733 687 1794 οῖοις
743 1732 830 1784 σύ.
884 1733 1042 1795 Εἰκὸς
1068 1732 1152 1784 διὰ
1180 1733 1240 1783 τὸ
1277 1730 1637 1800 ἀναρίθμητόν
1668 1747 1757 1782 σου

190 1822 304 1874 τῶν
333 1823 713 1890 πταισμάτων,
734 1823 910 1876 ταῦτά
940 1839 1019 1874 σοι
1051 1823 1375 1892 ἐληλυθέναι.

1846 667 1900 711 et
1933 655 2136 712 utiliter
2153 656 2400 726 judicans
2428 672 2524 712 nos
2565 661 2836 726 permittat
2865 677 2962 717 nos
2987 677 3168 717 secum
3202 665 3362 733 loqui,

1847 747 1996 816 quasi
2023 761 2242 802 causam
2267 749 2409 803 dicat
2443 748 2739 812 nobiscum,
2775 752 2838 806 de
2867 752 2930 806 iis
2960 768 3076 822 quae
3103 754 3363 811 volumus.

1850 835 1986 890 Usus
2017 851 2131 890 sum
2158 851 2285 906 ergo
2329 840 2446 891 loco
2483 837 2626 892 Isaia:
2651 856 2665 892 :
2711 838 2904 904 Venite,
2934 851 2981 894 et
3010 841 3326 910 disputemus
3349 884 3366 910 ,

1849 929 1921 980 ait
1953 926 2202 980 Dominus
2254 929 2320 980 '".
2357 928 2485 982 Illud
2515 927 2653 982 enim
2681 970 2696 994 ,
2751 930 3102 996 disputemus,
3136 932 3238 985 hoc
3265 933 3367 987 sibi

1851 1016 2006 1070 vult:
2039 1015 2095 1071 Si
2125 1017 2252 1084 quid
2301 1019 2464 1072 habes
2497 1033 2578 1071 me
2626 1033 2852 1086 arguere
2885 1028 2938 1073 ct
2985 1022 3370 1088 providentiam

1853 1121 2044 1170 meam,
2081 1115 2326 1174 tanquam
2355 1109 2440 1175 qui
2477 1107 2792 1176 neglexerint
2849 1117 2918 1169 te,
2979 1109 3228 1176 tanquam
3280 1111 3370 1179 qui

1853 1211 1967 1263 qua:
1996 1194 2233 1249 facienda
2261 1205 2409 1249 erant
2438 1180 2540 1250 non
2578 1194 2791 1249 fecerim
2812 1235 2826 1256 .
2861 1196 2982 1261 dic;
3037 1211 3137 1264 ego
3166 1211 3373 1268 quoque

1853 1287 2108 1355 quidquid
2138 1288 2326 1351 habeo,
2357 1288 2525 1340 dicam
2557 1303 2570 1340 :
2625 1287 2954 1356 persuadebo
2988 1296 3059 1352 te,
3096 1297 3283 1342 contra
3322 1297 3373 1342 te

1854 1377 2032 1432 ferens
2053 1379 2391 1443 sententiam,
2410 1377 2548 1445 quod
2573 1377 2762 1445 dignus
2781 1377 2855 1430 sis
2876 1377 2964 1444 qui
2987 1378 3372 1432 condemneris.

1952 1467 2013 1519 V.
2046 1467 2097 1520 5.
2136 1465 2381 1534 Nunquid
2417 1483 2515 1518 non
2541 1465 2836 1534 improbitas
2863 1475 2950 1518 tua
2982 1475 3054 1520 est
3085 1464 3291 1519 multa!

1926 1557 2112 1610 Merito
2142 1573 2243 1610 non
2285 1556 2598 1624 simpliciter
2627 1556 2713 1609 aio
2735 1555 2899 1609 fuisse
2949 1556 3224 1624 iujustum,
3253 1556 3380 1624 quia

1859 1647 1978 1700 talia
2009 1649 2224 1715 patitur,
2259 1647 2433 1715 qualia
2469 1660 2623 1700 nemo
2646 1646 2854 1700 illorum
2883 1647 2934 1698 in
2973 1645 3271 1712 hujusmodi
3298 1645 3381 1699 in-

1856 1737 2004 1800 cidit,
2031 1739 2168 1790 sicut
2191 1744 2266 1788 tu.
2297 1735 2501 1799 Merito,
2524 1744 2739 1803 propter
2767 1735 3178 1790 innumerabiles
3205 1735 3384 1804 lapsus

1860 1835 1997 1888 tuos,
2031 1825 2141 1878 haec
2174 1825 2267 1876 tibi
2299 1825 2593 1876 obvenisse.
3063 1839 3074 1850 ·

259 1872 377 1983 (vi)
392 1872 1154 1984 'iss‘;s;g.;1'as'.,a.'..;
1166 1872 1448 1982 sua...
1469 1910 1756 1982 ἁμαρτίαν,

1931 1914 2196 1983 Ejusdem.
2224 1912 2338 1968 Non
2370 1915 2514 1983 prius
2537 1915 2824 1969 nominavit
2853 1925 3126 1984 peccatum
3149 1955 3163 1979 ,
3190 1914 3384 1971 deinde
3465 1965 3467 1970 .

187 1999 310 2054 εἶτα
329 2003 435 2072 τὴν
464 2003 699 2057 κακίανθ
733 2003 847 2056 ἀλλ’
884 2003 1022 2073 ὀρῶν
1051 2003 1144 2072 τὴν
1183 2002 1377 2055 κακίαν
1419 2003 1514 2071 τὴν
1553 2001 1759 2070 φαύλην

188 2093 325 2157 ῑξιν,
380 2089 505 2147 εἶτα
558 2094 700 2163 μετά
733 2094 892 2146 τοῦτο
937 2093 1004 2146 τὰ
1054 2093 1159 2145 ἀπὸ
1210 2093 1306 2161 τῆς
1345 2091 1548 2160 φαύλης
1599 2090 1762 2154 ἕξεως

187 2184 648 2254 ἁμαρτανόμενα,
677 2183 822 2253 ἂπερ
844 2180 994 2236 εἶπεν
1020 2183 1411 2255 ἀναριθμήτους
1432 2179 1566 2236 εῖναι
1589 2184 1762 2252 ἀμαρ-

185 2288 331 2333 τιας.

219 2360 341 2428 (75)
379 2360 534 2430 Στίχ.
567 2359 631 2415 ε’.
673 2361 1073 2428 Ἀναρίθμητοι
1101 2359 1166 2412 δέ
1199 2374 1313 2414 σου
1340 2363 1397 2414 αὶ
1435 2362 1720 2430 ἁμαρτίαι.

269 2447 692 2517 ’Υπολαμϐἀνει
748 2447 907 2500 τοῦτο
959 2450 987 2500 ὀ
1039 2445 1254 2514 Ἐλιφάζ
1309 2449 1432 2518 περ)¹
1474 2447 1566 2500 τοῦ
1623 2447 1758 2501 Ἰὼϐ.

187 2537 350 2607 ᾜδει
386 2538 561 2590 αὑτὸν
589 2537 865 2600 πλούσιον,
920 2539 1013 2588 καί
1043 2553 1233 2606 φησιν’
1274 2537 1551 2605 Ἐνέχυρα
1588 2537 1764 2605 ἐλάμ-

179 2629 372 2694 ϐανες
401 2629 528 2681 ἀπὸ
577 2627 698 2680 τῶν
721 2627 849 2680 σῶν
879 2627 1169 2696 ἀδελφῶν,
1202 2629 1276 2690 ὼς
1323 2628 1637 2695 ὀφειλόντων
1691 2630 1764 2698 μὴ

184 2719 552 2786 ὀφειλόντων.
598 2718 673 2769 Τὸ
705 2718 832 2788 γὰρ,
878 2717 1238 2786 Ἠνεχύραζες
1269 2715 1567 2783 διακενῆς,
1599 2717 1765 2768 τοιού-

185 2809 284 2859 τόν
308 2811 492 2860 ἐστιν.

189 2898 307 2968 (76)
355 2899 516 2969 Στίχ.
589 2905 665 2962 ς’.
707 2898 1084 2977 Ἠνεζύραζες
1125 2898 1262 2962 τοὺς
1312 2895 1608 2963 ἀδελφούς
1652 2911 1765 2949 σου

886 2983 1141 3033 ιακενης.

264 3057 385 3111 Τοῦ
425 3057 646 3110 αὑτοῦ.
679 3056 1085 3126 Προσεπιτείνει
1129 3057 1184 3108 δὲ
1216 3057 1372 3109 πάλιν
1397 3055 1557 3125 ἄλλην
1606 3055 1764 3108 αὑτοῦ

184 3146 502 3218 ἁμαρτίαν.
533 3147 694 3198 Ἐστι
729 3146 860 3199 ποτὲ
886 3144 1064 3196 λαϐεῖν
1101 3144 1489 3212 ἀμφιάσματα;
1528 3143 1598 3195 Οὐ
1631 3159 1767 3210 γυμ-

187 3239 308 3301 νοῦ,
367 3237 512 3291 ἀλλά
565 3236 824 3288 πλουσίου
877 3235 1086 3304 ἔχοντος
1125 3234 1454 3302 ἀποκείμενα
1506 3232 1768 3299 ἐνδύματα

189 3327 369 3378 πολλὰ
398 3325 614 3378 λαϐεῖν.
650 3324 984 3394 Τρία...(77)
1007 3323 1069 3392 δὴ
1103 3323 1130 3374 ὀ
1154 3320 1260 3374 τῶν
1285 3320 1484 3373 πολλῶν
1515 3322 1626 3372 ἐκεῖ
1652 3318 1769 3370 έλα-

190 3416 289 3469 6ον
328 3415 648 3486 ἀμφίασινο
703 3412 842 3466 ἀλλά
883 3411 1109 3482 γυμνοῦ,
1151 3411 1283 3465 ἀλλά
1328 3410 1595 3462 πλουσίου.
1649 3408 1768 3459 Ἐὰν

181 3506 387 3576 μέντοι
408 3521 476 3571 γε
499 3501 711 3573 χιτῶνά
731 3519 816 3565 τις
843 3501 940 3571 ἔχῃ
969 3500 1082 3563 ἱνα,
1113 3501 1205 3552 καὶ
1226 3498 1408 3551 τοῦτον
1436 3498 1523 3550 τὸν
1554 3497 1766 3566 χιτῶνα,

171 3596 480 3666 προφάσει
494 3593 876 3646 τοῦλάπαιτεῖν
904 3592 965 3642 τὸ
994 3589 1144 3658 ἐμὸν,
1184 3588 1408 3652 ὲκδύσω,
1445 3587 1516 3656 μὴ
1549 3586 1770 3652 ἐλεήσας

174 3689 413 3739 ἐκεῖνον
438 3685 536 3736 τὸν
569 3683 800 3751 γυμνὸν,
827 3680 1090 3748 ἀμφίασιν
1114 3677 1208 3730 τοῦ
1234 3677 1435 3746 γυμνοῦ
1456 3675 1767 3744 ἀφειλόμην.

179 3774 384 3827 Πολλά
411 3774 469 3826 δὲ
516 3771 769 3833 τοιαῦτα,
812 3770 869 3822 ὲν
901 3770 1030 3838 ἡμῖν
1067 3767 1289 3835 γίνεται,
1327 3766 1400 3817 ὅτ’
1433 3764 1498 3817 ἂν
1534 3763 1773 3826 δανείζω-

186 3883 326 3934 μεν,
355 3866 434 3917 ὅτ’
460 3865 530 3917 ἂν
552 3863 693 3932 πρὸς
723 3859 1004 3928 ὀφειλέτας
1029 3856 1326 3926 ἐρχώμεθα.
1355 3854 1611 3916 Πολλάκις
1630 3855 1773 3917 ὀφει-

185 3954 368 4022 λέτης
410 3951 573 4022 ἡμῶν
607 3952 691 4012 είς
734 3947 1039 4017 ὑπερϐολὴν
1083 3946 1321 4024 πένεται,
1375 3946 1445 4014 μὴ
1489 3944 1772 4012 δυνάμενος

191 4041 536 4094 ἀποδοῦναι’
574 4042 674 4091 καὶ
713 4040 895 4106 ἡμεῖς,
929 4034 997 4086 τὰ
1043 4033 1318 4100 σπλάγχνα
1349 4031 1498 4100 ἡμῶν
1531 4031 1772 4083 ἀποκλεί-

191 4145 421 4192 σαντες,
453 4128 708 4197 ἀνηλεεῖς
743 4125 838 4178 καὶ
876 4123 1018 4192 ὠμοὶ
1060 4118 1336 4189 γινόμεθα,
1391 4119 1462 4187 μὴ
1497 4118 1773 4186 βλέποντες

193 4221 286 4272 ὃτι
332 4222 573 4287 γυναῖκα
613 4215 808 4288 τρέφει
853 4213 946 4264 καὶ
983 4211 1166 4274 τέκνα,
1200 4211 1293 4261 καὶ
1339 4208 1484 4278 μόλις
1527 4207 1773 4277 τρέφεται

205 4309 327 4361 ἀπὸ
356 4308 464 4361 τῶν
503 4303 888 4378 ποριζομένων
922 4298 1068 4368 αὐτῷ
1108 4298 1298 4364 ὀλίγων
1329 4294 1544 4347 ὀϐολῶν.
1602 4296 1775 4346 Ἀπαι-

201 4399 411 4469 τοῦμεν
448 4395 668 4467 πικρῶς
715 4393 828 4446 ἔσθ’
876 4391 964 4443 ὅτε
995 4390 1085 4442 καί
1129 4387 1356 4457 περισσά
1405 4385 1610 4454 ἔχοντες
1649 4387 1773 4453 παρ’

211 4491 452 4552 ἑαυτοῖς.
482 4487 674 4540 Ταῦτα
711 4479 806 4536 οὖν
827 4482 975 4549 λέγει
999 4477 1240 4546 ἐγκαλῶν
1262 4476 1338 4546 τῷ
1379 4475 1514 4538 Ἰὼϐ,
1556 4478 1636 4527 ὅτι
1673 4476 1774 4544 ἀμ-
1806 4502 1848 4556 n

207 4580 401 4646 φίασιν
419 4577 647 4648 γυμνῶν
669 4573 912 4642 ἀφεῖλεν.

207 4670 361 4740 Στίχ.
391 4671 456 4734 ξ’.
482 4667 641 4722 Οὐδὲ
691 4665 855 4740 ,ὕδωρ
906 4660 1209 4740 διψῶντας
1261 4659 1572 4740 έπότισας·
1622 4660 1776 4711 ἀλλὰ

334 4733 342 4738 ’
402 4729 417 4734 ⁷
523 4729 870 4790 πεινώντων
893 4729 1224 4795 ἐστέρησας
1254 4729 1474 4794 ψωμόν.

286 4831 402 4895 (78)
435 4831 541 4892 Είς
573 4825 643 4878 τὸ
695 4823 862 4876 αὑτό.
907 4818 1113 4872 Οὐκοῦν
1149 4817 1208 4868 ού
1269 4816 1422 4884 μόνον
1467 4816 1525 4867 τὸ
1559 4816 1775 4877 ἀδικεῖν,

201 4921 350 4972 ἀλλὰ
371 4920 462 4974 καί
489 4918 553 4969 τὸ
581 4914 661 4984 μὴ
685 4911 994 4980 εὐεργετεῖν
1025 4904 1332 4958 ὑπεύθυνον.

283 5009 399 5080 (79)
425 5007 617 5061 Ταῦτα
645 5002 827 5055 πάντα
856 4994 1278 5064 κατηγορήματά
1300 4995 1422 5052 είσι,
1455 4994 1546 5044 καὶ
1573 4993 1778 5062 ἀληθῶς

191 5099 409 5167 ψεκτά.
456 5095 600 5150 Ἀλλ’
643 5094 748 5144 οὑκ
784 5087 954 5156 ἀληθῆ
1005 5084 1130 5153 περὶ
1170 5082 1260 5134 τοῦ
1300 5082 1434 5145 Ἰὼϐ,
1467 5081 1581 5133 οὐδὲ
1610 5083 1778 5145 καλῶς

185 5188 429 5261 ἐλέγετο
459 5188 597 5258 περὶ
629 5182 827 5238 αὑτοῦ.

285 5281 399 5336 Τοῦ
455 5275 681 5332 αὐτοῦ.
745 5269 984 5324 Τοιαῦτα
1031 5268 1230 5332 γίνεται
1285 5268 1339 5316 ἐν
1391 5265 1505 5323 ταῖς
1562 5267 1778 5331 πικραῖς

177 5387 180 5390 ’
279 5396 326 5429 rs
375 5401 528 5453 18³οι
560 5429 576 5452 ν
615 5385 711 5437 18,
793 5383 839 5414 τ’
879 5380 980 5437 hic,
1009 5394 1057 5430 v.
1089 5380 1137 5429 6.

427 5545 854 5639 ᾦῆῥίιβςξ
891 5558 1179 5639 ςοιιλβτι..
1237 5623 1248 5639 ¹
1528 5624 1537 5633 '

425 5623 575 5694 (iud.
612 5623 717 5686 iii
751 5627 948 5681 tribuit
983 5623 1269 5690 Olympiod.
1300 5639 1447 5691 quem
1495 5624 1607 5677 vide
1653 5643 1778 5696 pag,

167 5710 319 5772 ΕΠ.

268 5761 384 5846 (is)
415 5778 473 5829 1η
512 5777 772 5830 utroque
818 5761 944 5812 cod.

1860 2006 2046 2056 vitium
2077 2023 2088 2056 :
2125 2006 2215 2058 sed
2265 2005 2451 2057 videns
2481 2004 2668 2056 vitium
2713 2004 2906 2058 malum
2938 2018 3056 2058 esse
3086 2005 3330 2057 habitum
3363 2041 3380 2068 ,

1860 2096 2046 2148 deinde
2069 2104 2246 2162 postea
2277 2108 2392 2162 qua:
2415 2103 2538 2146 sunt
2560 2107 2590 2145 a
2617 2093 2754 2146 malo
2776 2094 2960 2147 habitu
2992 2102 3212 2160 peccata
3236 2108 3383 2162 :quat

1860 2186 1989 2238 dixit
2021 2184 2420 2239 innumerabilia
2451 2200 2569 2240 esse
2601 2194 2838 2254 peccata.

2030 2367 2092 2418 V.
2121 2366 2172 2418 5.
2204 2365 2607 2416 Innumerabilia
2638 2375 2808 2417 autem
2846 2374 3054 2430 peccatu
3096 2373 3207 2417 tua.

1935 2454 2192 2523 Supponit
2222 2455 2319 2508 hoc
2347 2453 2563 2520 Eliphaz
2594 2455 2658 2507 de
2687 2452 2804 2508 Job.
2853 2452 3017 2506 Norat
3067 2467 3185 2506 eum
3221 2449 3384 2505 fuisse

1863 2546 2157 2608 divitem,et
2184 2545 2258 2597 ait
2281 2563 2294 2598 :
2316 2541 2542 2612 Pignora
2567 2543 2846 2609 accipiebas
2864 2560 2893 2595 a
2911 2542 3158 2611 fratribus
3193 2541 3294 2593 tuis
3315 2541 3386 2604 ",

1865 2642 2113 2700 tanquam
2147 2632 2415 2685 debitores
2462 2639 2662 2692 essent,
2690 2631 2778 2698 qui
2825 2632 2955 2684 nihil
3002 2631 3288 2685 debebant.
3320 2627 3386 2683 ll-

1862 2715 1950 2768 lud
1985 2715 2146 2779 enim,
2172 2713 2400 2785 Pignora
2444 2714 2738 2783 postulabas
2777 2717 3021 2782 inaniter,
3054 2718 3383 2771 tantumdem

1863 2803 2142 2873 signiﬁcat.

1933 2915 1994 2969 ν.
2025 2915 2077 2968 6.
2107 2913 2335 2983 Pignora
2364 2911 2665 2980 postulabas
2689 2913 2878 2978 fratres
2916 2923 3029 2968 tuos
3069 2917 3314 2970 inaniter.

1933 3025 2198 3094 Ejusdem.
2225 3023 2411 3078 Adhuc
2438 3023 2619 3090 objicit
2644 3024 2783 3077 aliud
2814 3024 3003 3077 iterum
3035 3024 3149 3093 ejus
3197 3039 3389 3093 pecca-

1867 3125 1997 3170 tum.
2043 3115 2256 3168 Licetne
2301 3128 2532 3181 unquam
2591 3115 2829 3181 accipere
2862 3115 3216 3168 indumenta?
3273 3113 3390 3166 Non

1793 3196 1833 3250 C
1869 3207 2014 3272 nudi,
2046 3206 2138 3260 sed
2165 3205 2344 3258 divitis
2369 3204 2612 3271 accipere
2651 3204 2791 3265 licet,
2816 3205 2905 3271 qui
2932 3205 3096 3257 multa
3123 3205 3281 3257 habet
3305 3217 3390 3256 re-

1868 3297 2036 3364 posita
2071 3296 2400 3349 indumenta.
2455 3291 2696 3346 Tria.....
2733 3293 2938 3346 scilicet
2989 3293 3271 3346 multorum
3316 3293 3389 3345 ibi

1868 3387 2048 3455 accepi
2090 3387 2492 3442 indumentum:
2527 3386 2618 3442 sed
2642 3384 2798 3450 nudi,
2851 3383 2941 3438 sed
2992 3383 3191 3438 divitis.
3237 3385 3305 3436 At
3345 3385 3390 3437 si

1867 3478 1988 3544 quis
2021 3478 2249 3530 tunicam
2274 3477 2591 3546 singularem
2609 3475 2824 3537 haheat,
2848 3484 2901 3527 et
2921 3475 3018 3527 hac
3045 3475 3244 3540 tunica,
3262 3489 3393 3542 prii!-

1873 3575 2016 3620 textu
2046 3567 2290 3636 exigendi
2317 3568 2454 3636 quod
2487 3579 2660 3619 meum
2688 3575 2787 3630 est,
2815 3580 2911 3633 ego
2956 3580 3075 3618 eunt
3129 3565 3344 3634 spoliem
3376 3603 3392 3626 ,

1870 3671 1971 3708 non
1997 3655 2246 3707 misertus
2278 3653 2535 3707 nuditatis
2563 3653 2698 3718 ejus,
2724 3653 3107 3706 vestimentum
3139 3653 3262 3706 nudi
3283 3651 3398 3702 abs-

1872 3743 1978 3796 tuli.
2032 3743 2199 3798 .Multa
2233 3742 2527 3809 hujusmodi
2555 3756 2583 3794 a
2619 3741 2772 3796 nobis
2804 3742 2954 3806 ﬁunt,
2981 3742 3196 3808 quando
3214 3751 3396 3795 mutuo

1870 3833 2079 3896 damus,
2113 3833 2328 3901 quando
2363 3833 2426 3886 ad
2456 3833 2724 3888 debitores
2771 3833 3060 3902 pergimus.
3095 3835 3245 3900 Sarpe
3273 3845 3399 3885 cou-

1874 3922 2048 3991 tingit,
2080 3922 2367 3976 utdebitor
2401 3933 2583 3977 noster
2622 3935 2860 3978 extrema
2913 3932 3221 3990 paupertate
3253 3920 3399 3974 labo-

1873 4024 1972 4077 ret,
2013 4013 2232 4065 reddere
2265 4029 2366 4065 non
2428 4014 2654 4066 valens:
2710 4023 2762 4066 et
2817 4028 2915 4066 nos
2974 4016 3178 4066 viscera
3214 4023 3396 4066 nostra

1871 4097 2192 4160 claudentes,
2230 4099 2676 4153 immisericordes
2709 4112 2763 4153 et
2785 4100 3029 4154 crudeles
3073 4099 3258 4160 limus,
3292 4115 3394 4152 non

1872 4189 2204 4240 attendentes
2232 4189 2367 4255 quod
2393 4203 2606 4242 uxorem
2631 4188 2719 4240 alit
2739 4201 2791 4242 et
2821 4189 2976 4252 tilias,
2998 4203 3058 4241 ac
3078 4189 3162 4240 vix
3186 4198 3396 4241 susten-

1874 4288 2064 4332 tatura
2089 4281 2268 4347 paucis
2313 4295 2432 4348 quae
2479 4280 2580 4334 sibi
2617 4291 2867 4348 superant
2898 4279 3089 4334 obolis.
3124 4280 3396 4348 Exigintus

1874 4370 2073 4422 acriter
2107 4369 2409 4436 aliquando.
2435 4371 2641 4424 tametsi
2675 4371 2939 4438 superﬂua
2976 4385 3136 4438 penes
3165 4384 3261 4424 nos
3315 4385 3398 4424 re-

1880 4455 2161 4510 tineamus.
2197 4456 2318 4511 Hice
2338 4458 2502 4526 igitur
2535 4457 2756 4526 culpans
2782 4460 2920 4525 apud
2954 4456 3073 4521 Job,
3101 4457 3230 4511 dicit
3257 4459 3398 4524 quod

1877 4545 2238 4599 indumentum
2272 4548 2530 4602 nudorum
2562 4548 2864 4601 abstulerit.

1876 4652 1937 4706 γ.
1986 4655 2037 4706 7.
2072 4657 2175 4710 Nec
2199 4671 2331 4721 aqua
2379 4657 2608 4708 sitientes
2647 4658 2870 4722 potasti;
2907 4659 3031 4725 quin
3061 4667 3105 4709 et
3133 4655 3396 4725 famelicos

2391 4727 2599 4790 privasti
2623 4726 2866 4779 buccella.

1945 4811 2008 4865 In
2033 4814 2186 4866 idem.
2246 4813 2385 4882 Ergo
2440 4829 2543 4866 non
2586 4816 2743 4868 modo
2788 4814 2976 4880 injuria
3009 4813 3220 4868 allicere
3249 4853 3264 4878 ,
3312 4816 3401 4868 sed

1876 4904 2033 4956 etiam
2068 4918 2171 4956 non
2205 4902 2416 4958 allicere
2447 4904 2704 4958 beneﬁcio
2735 4906 2785 4956 in
2813 4905 2964 4973 culpa
3002 4919 3105 4958 est.

1950 4993 2072 5048 H1136
2121 4994 2299 5047 omnia
2331 4997 2698 5049 accusationes
2740 5005 2890 5059 sunt,
2922 5005 2978 5048 et
3025 5009 3150 5048 vere
3198 4996 3404 5061 vitupe-

1880 5089 2062 5139 randa.
2091 5085 2194 5139 Sed
2226 5099 2326 5138 non
2352 5100 2472 5138 vera
2504 5088 2674 5153 quoad
2699 5087 2817 5149 Job,
2853 5100 3023 5152 neque
3049 5086 3180 5137 bene
3203 5086 3267 5138 de
3294 5087 3406 5149 ipso

1879 5175 2017 5228 dicta
2041 5185 2184 5227 sunt.

1949 5264 2216 5332 Ejusdem.
2256 5267 2376 5321 Haec
2421 5269 2732 5335 contingunt
2767 5267 2817 5318 in
2872 5265 3080 5316 acerbis
3110 5259 3400 5316 exactiOni-

1955 5493 2062 5560 (76)
2093 5492 2302 5562 Confer.
2337 5493 2539 5562 Qlymp.

1953 5563 2061 5629 (77)
2094 5561 2262 5615 Locus
2283 5559 2536 5614 deﬁciens
2557 5571 2607 5613 et
2646 5559 2944 5629 impeditus.

1961 5628 2070 5696 (78)
2101 5630 2227 5682 Cod.
2268 5645 2374 5682 κει.
2403 5629 2614 5682 Confer.
2648 5628 2854 5696 Olympi.

1963 5687 2155 5763 (79381:
2185 5697 2285 5750 alio
2314 5699 2432 5750 cod.
2462 5695 2669 5749 Confer.
2705 5687 2755 5747 et
2793 5687 2875 5745 hic
2907 5687 3112 5754 Olytntp.
