3922 6388
526 468 531 473 ς
641 438 712 496 a3
1480 425 2023 508 SUPPLEMENTUM
2056 428 2145 481 AD
2177 427 2490 484 ORIGENIS
2526 425 2943 482 EXEGETICA.‘
3710 422 3769 475 84
3807 466 3810 469 .

645 534 767 605 bus.
793 541 1087 614 Aliquando
1114 540 1282 607 ipsam
1330 540 1620 595 buccellam
1669 543 1878 596 unicam
1912 546 2031 611 quis
2063 543 2154 595 ha-

2255 543 2620 613 ἀπαιτήσεσιν.
2658 542 2849 593 Ἐνιοτε
2881 538 3037 592 αὐτὸν
3064 537 3155 591 τὸν
3176 537 3363 606 ψωμὸν
3390 534 3500 604 ἔχει
3537 552 3616 597 τις
3648 536 3766 590 Eva-

644 633 893 690 betzetsi
932 632 1190 698 integrum
1220 642 1408 696 panem
1446 644 1552 683 non
1596 631 1822 693 habeat,
1870 631 2156 686 auferimus

2256 630 2357 681 κᾶν
2383 630 2455 699 μὴ
2479 629 2573 699 έχῃ
2604 629 2761 699 ἄρτον
2792 627 3095 696 ὀλόκληρον,
3131 624 3469 695 ἀφαιροῦμεν
3508 625 3599 678 ἀπ’
3622 627 3769 679 αὑτοῦ

644 723 713 784 ei,
747 722 979 776 dicentes
1012 734 1024 768 :
1058 716 1126 770 At
1156 717 1364 771 debitor
1388 733 1465 772 es.

848 809 910 861 Υ.
942 808 994 868 9.
1035 806 1232 859 Viduas
1260 816 1430 860 autem
1471 809 1718 862 dimisisti
1744 826 1952 863 uacuas.

721 896 1089 958 Attendamus,
1118 896 1164 949 si
1190 896 1345 950 vidua
1370 898 1581 952 domum
1610 908 1849 953 nostram
1897 899 2157 968 ingredia-

646 1000 750 1051 tur,
796 1002 860 1044 ne
887 1002 1119 1057 unquam
1146 1001 1366 1059 vacuam
1394 1002 1512 1042 eam
1548 990 1896 1044 dimittamus.
1927 990 2031 1045 Pro
2074 989 2155 1044 la-

640 1078 835 1133 cultate
861 1093 959 1133 sua
988 1077 1207 1146 quisque
1234 1091 1299 1131 ex
1324 1092 1388 1132 eo
1403 1079 1541 1146 quod
1564 1079 1725 1133 habet
1746 1082 1959 1148 impleat
1982 1081 2153 1135 sinum

638 1169 829 1232 viduae.

950 1258 1011 1311 γ.
1044 1259 1097 1313 9.
1126 1256 1393 1325 Orphanos
1428 1265 1597 1311 autem
1638 1261 1846 1312 vexasti.

713 1345 980 1413 Ejusdem.
1033 1345 1301 1401 Neminem
1365 1358 1556 1399 vexare
1599 1357 1842 1414 oportet:
1896 1349 2157 1417 pmcipue

642 1445 815 1488 autem
851 1449 1067 1490 necesse
1095 1443 1176 1489 est
1196 1449 1416 1502 parcere
1440 1434 1715 1503 orphanis.
1742 1436 1845 1490 Pro
1881 1438 2157 1491 animabus

641 1525 781 1581 enim
809 1525 1008 1581 auxilio
1030 1525 1293 1580 destitutis
1315 1525 1653 1592 pugnandum
1677 1526 1842 1578 edixit
1860 1525 2017 1580 Deus.
2043 1524 2158 1581 Prae

639 1614 985 1673 οωιονίεγετο
999 1613 1299 1667 hominibus
1324 1648 1341 1675 ,
1388 1626 1644 1680 pauperes
1670 1652 1683 1676 ,
1731 1613 1899 1668 vidua:
1919 1654 1935 1677 ,
1970 1613 2156 1683 pupilli

643 1702 839 1767 auxilio.
870 1702 1127 1772 indigent.

833 1793 897 1846 γ.
926 1793 1011 1849 10.
1049 1792 1176 1846 Ideo
1214 1795 1659 1846 circumdederunt
1693 1805 1743 1847 te
1768 1795 1956 1863 laquei.

2255 718 2495 784 λέγοντες
2518 734 2531 747 ο
2572 718 2705 768 Ἀλλ’
2730 716 2956 783 ὀφείλεις
2982 715 3112 785 (80).

2390 806 2534 874 Στίχ.
2577 805 2640 859 θ’.
2677 805 2869 873 Χήρας
2895 804 2961 857 δὲ
2989 804 3416 868 ἐξαπέστειλας
3446 802 3645 869 κενάς.

2324 896 2678 965 Προσέχωμεν
2694 895 2787 948 ἐὰν
2812 896 2951 966 χήρα
2973 894 3125 964 ήμῶν
3141 893 3354 964 εἰσέλθῃ
3378 896 3456 956 εἱς
3476 893 3569 963 τὴν
3588 895 3774 960 οἰκίαν,

2260 988 2463 1056 μήποτε
2497 985 2654 1055 κενὴν
2681 985 2845 1055 αὐτὴν
2888 984 3367 1054 ἐξαποστεὶλωμεν.
3416 983 3572 1036 Κατὰ
3625 983 3775 1038 δῦναι,

2257 1092 2346 1145 μιν
2378 1074 2599 1136 ἕκαστος
2627 1073 2758 1143 πρὸς
2777 1074 2806 1125 ὃ
2841 1073 2952 1141 ἐχειν
2982 1072 3319 1144 πληρωσάτω
3345 1072 3437 1124 τὸν
3464 1072 3657 1127 κόλπον
3685 1074 3775 1142 τῆς

2256 1165 2448 1233 χήρας-

2413 1249 2521 1319 (81)
2572 1250 2715 1319 falx.
2755 1249 2817 1302 θ’.
2869 1249 3183 1316 Ὀρερανοὺς
3218 1248 3286 1302 δὲ
3312 1248 3635 1314 ἐκάκωσας.

2328 1340 2434 1391 Τοῦ
2465 1338 2665 1391 αὐτοῦ.
2697 1338 2898 1391 Οὐδένα
2921 1338 3015 1407 μὲν
3040 1337 3121 1389 δεῖ
3160 1336 3383 1398 κακοῦν,
3423 1337 3699 1406 ἐξαιρέτως
3726 1337 3775 1388 δὲ

2255 1427 2358 1498 χρὴ
2389 1427 2655 1494 φείδεσθαι
2687 1427 2791 1478 τῶν
2816 1427 3081 1498 ὀρφανῶν.
3118 1428 3253 1497 Περὶ
3280 1426 3389 1496 γὰρ
3417 1426 3521 1478 τῶν
3559 1425 3775 1494 ἀϐοηθή-

2252 1533 2358 1568 των
2383 1516 2565 1585 ψυχῶν
2592 1517 2842 1586 πολεμεῖν
2891 1519 2920 1568 ὁ
2966 1516 3096 1580 Θεὸς
3132 1516 3450 1569 ἐνετείλατο.
3496 1514 3702 1567 Μᾶλλον
3724 1514 3773 1565 δὲ

2257 1606 2404 1675 παρὰ
2430 1607 2552 1667 τοὺς
2571 1606 2755 1665 ἄλλους
2778 1606 3111 1676 ἀνθρώπους,
3150 1606 3375 1674 πτωχοὶ,
3416 1605 3600 1674 χῆραι,
3624 1604 3775 1674 ma.-

2254 1694 2333 1746 νοὶ
2362 1694 2563 1753 δέονται
2594 1695 2858 1764 βοηθείας.

2354 1787 2499 1855 Στίχ.
2530 1784 2579 1835 ι’.
2609 1787 2915 1854 Τοιγαροῦν
2943 1784 3294 1843 ἐκύκλωσὼρ
3321 1797 3394 1835 σε
3430 1780 3684 1851 παγιδες.

709 1882 951 1951 Laqueos
981 1882 1226 1951 appellat,
1252 1897 1315 1938 ea
1343 1898 1460 1951 quae
1487 1884 1563 1939 illi
1593 1862 1878 1938 evenerant
1903 1902 1915 1937 :
1948 1886 2000 1937 in
2022 1897 2155 1950 quos

2327 1874 2561 1941 Παγίδας
2593 1874 2735 1941 λέγει
2775 1875 2842 1927 τὰ
2872 1873 3254 1943 συμϐεϐηκότα
3289 1870 3459 1940 αὐτῷ,
3495 1872 3550 1922 ἐν
3581 1866 3665 1931 αἷς
3688 1871 3775 1938 ὲμ-

641 1972 851 2036 incidit,
886 1974 1078 2040 quibus
1107 1974 1269 2028 etiam
1298 1972 1613 2040 illaqueatur
1641 1973 1780 2027 illius
1801 1975 1977 2031 anima
1996 1989 2061 2027 ex
2090 1973 2155 2027 iis

641 2075 756 2128 qua:
790 2060 862 2112 illi
888 2061 1212 2119 acciderant.

947 2151 1011 2205 ν.
1046 2152 1131 2204 11.
1168 2151 1281 2206 Lua:
1306 2153 1395 2205 tibi
1422 2154 1639 2206 tenebrae
1661 2155 1841 2206 evasit.

707 2240 762 2292 In
791 2240 909 2294 luce
936 2254 1074 2305 eras,
1106 2241 1323 2308 quando
1359 2256 1486 2310 opes
1520 2241 1752 2295 habebas
1778 2278 1794 2305 ,
1846 2240 2056 2309 quando
2088 2240 2153 2292 li-

638 2329 751 2385 beri
778 2330 850 2385 tui
885 2333 1199 2399 superstites
1227 2341 1401 2393 erant,
1447 2333 1661 2401 quando
1685 2347 1870 2386 sanum
1901 2341 2015 2387 erat
2036 2347 2156 2386 cor-

636 2437 735 2489 pus
762 2432 926 2477 tuum.
952 2424 1099 2477 Nunc
1114 2432 1288 2478 autem
1311 2424 1460 2492 quasi
1486 2424 1536 2476 in
1558 2422 1800 2478 tenebras
1816 2422 2153 2489 descendisti,

636 2515 690 2567 in
724 2514 1025 2581 huiusmodi
1055 2529 1242 2583 nempe
1263 2515 1614 2569 calamitates.

705 2602 772 2658 In
805 2604 958 2657 idem.
986 2604 1096 2658 Hoc
1120 2613 1221 2667 est,
1253 2605 1302 2656 in
1326 2604 1627 2669 solitudine,
1663 2613 1719 2657 et
1770 2605 1869 2658 sub
1897 2604 1984 2658 dio
2014 2604 2155 2675 posi-

638 2702 742 2753 tus.
778 2694 1134 2757 errabundus,
1159 2694 1409 2755 extorris,
1441 2703 1494 2746 et
1525 2694 1639 2747 sine
1667 2694 1804 2749 lare.

770 2785 834 2837 V.
870 2785 952 2841 H.
984 2784 1349 2837 Dormitantem
1384 2792 1550 2836 autem
1581 2793 1627 2837 te
1658 2802 1792 2853 aqua
1814 2785 2029 2851 operuit.

703 2872 837 2939 Hoc,
865 2875 1226 2937 dormitantem
1248 2883 1440 2943 teaqua
1465 2874 1683 2937 operuit,
1709 2873 2005 2940 signiﬁcat:
2030 2885 2156 2939 ope-

636 2964 743 3031 ruit
794 2972 843 3017 te
874 2964 1145 3018 contraria
1174 2963 1364 3016 virtus.
1418 2962 1549 3028 Quia
1586 2977 1686 3015 non
1721 2963 1994 3029 vigilabas,
2030 2962 2154 3033 quia

636 3069 738 3111 non
795 3055 1114 3117 dormiebas.
1175 3053 1333 3107 Novit
1376 3060 1551 3106 autem
1591 3052 1859 3118 Scriptura
1910 3065 2154 3107 scmuum

2252 1962 2554 2023 πέπτωκεν.
2586 1966 2663 2025 εἰς
2685 1963 2749 2025 ἃς
2782 1963 2874 2015 καὶ
2890 1962 3233 2031 παγιδεύεται
3263 1962 3425 2015 αὐτοῦ
3449 1964 3483 2031 ἠ
3509 1961 3650 2031 ψυχὴ
3679 1961 3775 2015 ἀπὸ

2250 2050 2359 2106 τῶν
2378 2067 2440 2102 συ
2449 2050 2792 2120 μϐεὸηκότων
2812 2050 2973 2120 αὐτῷ.

2456 2142 2600 2210 Στίχ.
2627 2140 2716 2195 ια’.
2751 2142 2821 2197 Τὸ
2851 2142 2973 2209 φῶς
2996 2156 3094 2195 σοι
3121 2145 3338 2207 σκότος
3373 2142 3580 2208 ἀπέϐη.

2331 2231 2416 2283 Ἐν
2464 2234 2600 2300 φωτὶ
2630 2227 2717 2300 ἧς,
2763 2233 2849 2285 ὅτε
2891 2233 2958 2286 τὰ
3008 2233 3321 2303 ὑπάρχοντά
3362 2249 3445 2285 σοι
3481 2228 3569 2301 ἦν,
3597 2232 3680 2283 ὅτε
3714 2230 3776 2283 τὰ

2251 2319 2411 2377 τέκνα
2441 2336 2531 2372 σου
2560 2321 2768 2390 περιῆν,
2796 2322 2883 2373 ὅτε
2916 2321 3123 2388 ὑγίαινέ
3150 2338 3242 2373 σου
3285 2321 3347 2374 τὸ
3373 2321 3548 2390 σῶμα.
3594 2319 3699 2371 Νῦν
3724 2318 3775 2371 δὲ

2251 2404 2361 2463 οἷον
2407 2413 2484 2473 εἰς
2528 2410 2713 2473 σκότος
2754 2412 3149 2481 καταδέδηκας,
3190 2414 3268 2475 εἰς
3313 2411 3409 2474 τὰς
3448 2409 3773 2480 περιστάσεις

2254 2500 2471 2563 ταύτας.

2323 2589 2431 2660 (82)
2454 2594 2555 2655 Εἰς
2594 2592 2656 2644 τὸ
2686 2592 2848 2644 αὑτό.
2888 2591 3174 2643 Τουτέστιν
3212 2593 3277 2643 ἐν
3301 2590 3528 2660 ἐρημίᾳ,
3567 2588 3657 2643 καὶ
3701 2589 3774 2640 αἶς

2252 2678 2415 2749 θριος,
2440 2681 2655 2751 ἀλήτης,
2683 2683 2774 2734 καὶ
2802 2683 2993 2751 φυγὰς,
3022 2683 3117 2733 καὶ¹
3152 2681 3413 2742 ἀνέστιος.

2321 2768 2429 2839 (83)
2455 2770 2596 2840 Στίχ.
2624 2778 2707 2825 ια’.
2731 2770 3089 2839 Κοιμηθέντα
3115 2770 3182 2822 δὲ
3199 2770 3350 2836 ὕδωρ
3367 2784 3438 2821 σε
3464 2767 3770 2833 ἐκάλυψεν.

2329 2859 2428 2925 Τὸ,
2476 2862 2820 2928 κοιμηθέντα
2854 2875 2926 2912 ονε
2972 2860 3128 2925 ὕδωρ
3168 2858 3509 2925 ἐκάλυψεν,
3556 2855 3775 2908 τοιοῦτόν

2252 2958 2413 3007 ἐστιν’
2457 2950 2715 3018 Ἐκάλυψέ
2764 2965 2823 3000 σε
2870 2951 2904 3018 ὴ
2949 2947 3297 3017 ἀντικειμένη
3331 2946 3593 3016 ἐνέργεια.
3638 2943 3775 2995 Ἐπεὶ

2251 3045 2349 3096 οὐκ
2375 3041 2707 3114 ἐγρηγόρεις,
2736 3039 2854 3091 ἐπεὶ
2884 3040 2983 3108 οὐχ
3019 3039 3288 3099 ῦπνωσας.
3310 3033 3429 3088 Οἵδε
3455 3036 3510 3087 δὲ
3539 3036 3571 3102 ἡ
3601 3030 3773 3103 Γραφὴ

634 3144 914 3212 quemdam
942 3142 1168 3211 peccati.
1196 3143 1399 3200 Idcirco
1430 3142 1680 3210 praecepit
1734 3140 1886 3193 nobis
1921 3140 2104 3194 dicens
2134 3159 2147 3195 :

2256 3134 2417 3186 ῦπνον
2441 3132 2558 3184 τινὰ
2584 3130 2868 3199 ἁμαρτίας.
2909 3131 3001 3183 Διὸ
3026 3128 3331 3183 ἐντέταλται
3368 3129 3496 3197 ἡμῖν
3531 3124 3771 3190 λέγουσαι

638 3234 717 3301 Νι
744 3238 831 3288 des
853 3249 1086 3293 somnum
1115 3232 1273 3293 oculis
1299 3232 1419 3295 tuis,
1436 3247 1592 3298 neque
1611 3230 2015 3283 dormitatiouem
2043 3231 2158 3299 pal-

635 3328 823 3393 pebris,
851 3334 906 3379 ut
930 3328 1066 3383 uiuas
1098 3334 1339 3390 tanquam
1373 3325 1556 3379 dorcas
1582 3337 1610 3373 e
1634 3321 1846 3389 laqueis,
1875 3331 1923 3377 et
1956 3332 2011 3376 ut
2050 3325 2158 3379 avi-

636 3398 752 3483 cula
784 3432 846 3469 ea:
870 3416 1048 3483 laqueo
1076 3412 1142 3465 ⁷³.

752 3507 816 3561 γ’.
847 3506 930 3559 12.
956 3504 1143 3565 Nonne
1163 3504 1251 3577 qui
1282 3503 1519 3557 sublimia
1548 3503 1748 3568 incolit,
1780 3504 2049 3559 intuetur?

700 3596 772 3648 At
804 3594 946 3652 enim
986 3600 1233 3663 reputas,
1289 3606 1620 3663 nequaquam
1648 3593 1830 3647 videre
1866 3607 1983 3661 quae
2030 3592 2162 3645 ﬁunt

618 3689 828 3756 Deum,
850 3685 939 3753 qui
979 3683 1033 3737 in
1081 3683 1396 3745 sublimibus
1442 3683 1724 3737 inhabitat.
1753 3683 1824 3740 Ut
1854 3684 2013 3753 igitur
2039 3685 2158 3745 uni-

618 3787 791 3839 versa
818 3772 1055 3839 intuens,
1079 3786 1172 3827 eos
1208 3772 1297 3842 qui
1335 3788 1403 3827 ex
1433 3771 1818 3833 contumelioso
1860 3772 2045 3826 habitu
2066 3786 2158 3827 co-

636 3862 948 3941 gitationem
983 3861 1211 3930 superbe
1251 3861 1461 3926 tollunt,
1484 3860 1777 3935 pracipites
1804 3861 1933 3931 agit.

636 3952 702 4006 V.
727 3950 812 4006 12.
841 3950 947 4005 Eos
972 3966 1086 4007 vero
1121 3950 1209 4029 qui
1234 3949 1542 4011 contumelia
1570 3951 1830 4023 feruntur,
1853 3950 2157 4005 humiliavit.

706 4089 771 4144 Si
796 4087 917 4156 quis
969 4089 1169 4142 feratur
1197 4085 1537 4150 contumelia,
1561 4093 1615 4140 et
1646 4085 2038 4154 quodammodo
2068 4086 2160 4140 ab-

637 4175 867 4244 ripiatur
884 4175 953 4230 ab
981 4176 1164 4230 habitu
1194 4175 1525 4229 conviciandi
1560 4181 1616 4229 et
1644 4182 1784 4237 actu,
1832 4175 1921 4228 hic
1964 4190 1993 4227 a
2051 4176 2159 4229 Deo

636 4268 968 4322 ltumilialur.
994 4266 1099 4321 Par
1127 4277 1207 4322 est
1232 4267 1411 4335 igitur,
1437 4265 1560 4334 quia
1588 4274 1641 4319 et
1658 4275 1709 4317 tu
1735 4265 2047 4318 contumelia
2077 4266 2160 4318 af-

636 4357 812 4412 fecisti
836 4358 1019 4411 viduas
1047 4366 1101 4413 et
1136 4357 1386 4425 pupillos,
1431 4364 1483 4409 et
1535 4356 1755 4423 exegisti
1793 4356 2011 4423 pignora
2045 4357 2159 4410 ina-

2254 3221 2350 3289 Μὴ
2399 3219 2513 3285 δῷς
2556 3220 2747 3272 ὕπνον
2793 3219 2923 3284 σοῖς
2970 3220 3209 3288 ὄμμασι,
3256 3216 3409 3285 μηδὲ
3452 3212 3775 3283 νυστατμὸν

2254 3310 2376 3375 τοῖς
2397 3308 2740 3376 βλεφάροις,
2773 3309 2869 3359 ἵνα
2892 3307 3042 3376 ζήσῃ
3075 3307 3275 3373 ὥσπερ
3306 3305 3518 3372 δορκὰς
3551 3302 3617 3355 ἐκ
3646 3299 3775 3366 ,βρό-

2256 3416 2394 3466 χων,
2424 3398 2520 3449 καὶ
2545 3396 2740 3463 ὥσπερ
2762 3395 2969 3463 ὄρνεον
2997 3398 3063 3450 ἐκ
3087 3396 3353 3463 παγίδος.

2259 3487 2367 3557 (84)
2393 3485 2534 3555 Στίχ.
2567 3485 2648 3537 ιϐ’.
2677 3483 2771 3551 Μὴ
2800 3485 2934 3552 οὐχὶ
2974 3488 3006 3539 ὁ
3037 3486 3108 3539 τὰ
3138 3483 3344 3551 ὑψηλὰ
3370 3476 3549 3535 ναίων
3574 3472 3775 3546 ἐφορᾷἱ

2338 3576 2492 3628 Ἀλλὰ
2533 3574 2784 3644 νομίζεις,
2829 3574 2909 3626 ὅτι
2964 3575 3061 3643 οὐχ
3090 3576 3190 3643 ὁρᾷ
3214 3572 3282 3625 τὰ
3309 3568 3645 3641 πραττόμενα
3672 3566 3698 3615 ὁ
3726 3562 3777 3612 ἐν

2258 3666 2473 3736 ὑψηλοῖς
2516 3663 2774 3717 κατοικῶν
2804 3662 2957 3725 Θεός.
3001 3659 3100 3715 Οἷα
3142 3662 3316 3714 τοίνυν
3357 3661 3526 3714 πάντα
3564 3650 3775 3722 ἐφορῶν,

2256 3757 2377 3819 τοὺς
2412 3754 2514 3807 ὑπὸ
2542 3756 2637 3824 τῆς
2665 3752 2978 3824 ὑϐριστικῆς
3013 3754 3177 3817 ἕξεως
3214 3750 3549 3821 ἐπηρμένους
3576 3745 3634 3797 τὸ
3659 3738 3776 3809 φρό-

2256 3863 2402 3916 νημα
2429 3844 2736 3916 καταφέρει.

2259 3914 2368 4010 (8⁷3)
2393 3936 2534 4005 Στίχ.
2569 3914 2651 3989 ιϐ’.
2694 3935 2841 4000 Τοὺς
2879 3936 2947 3987 δὲ
2985 3934 3145 4000 ὕϐρει
3178 3927 3534 4000 φερομένους
3568 3914 3774 3975 emaci.

2920 4017 3115 4057 νωσεν
3122 4045 3134 4055 .

2324 4097 2391 4149 El
2416 4113 2496 4157 τις
2527 4094 2741 4164 φέρεται
2782 4093 2953 4162 ὕϐρει,
2984 4093 3077 4147 καὶ
3107 4090 3266 4145 οἱονεὶ
3308 4081 3657 4149 κατασύρεται
3683 4067 3776 4125 {sub

2259 4187 2567 4257 “smmis
2613 4186 2774 4250 ἓξειιι)ς
2815 4185 2910 4240 καὶ
2951 4182 3218 4253 πράξεως,
3264 4173 3412 4237 οὗτος
3453 4166 3775 4257 ταπεινοῦται

2259 4255 2360 4328 ﬁsci)
2388 4275 2478 4328 τοῦ
2503 4275 2654 4327 Θεοῦ.
2681 4274 2836 4336 Εἰκὸς
2867 4270 2981 4336 οὖν,
3014 4270 3137 4324 ἐπεὶ
3164 4269 3256 4321 καὶ⁵
3284 4268 3345 4318 σὺ
3379 4262 3598 4332 ῦϐρισας
3619 4255 3775 4325 χήρας

2258 4368 2349 4418 καὶ
2386 4366 2661 4435 ὀρφανοὺς.
2698 4364 2793 4415 καὶ
2824 4361 3162 4433 ἡνεχύρασας
3198 4353 3442 4419 διακενῆς
3486 4348 3608 4407 τοὺς
3635 4337 3774 4435 ἀδελ-ο

584 4488 589 4513 ε
636 4447 777 4501 uiter
800 4461 829 4499 a
860 4447 1115 4501 fratribus
1145 4445 1284 4510 tuis;
1338 4451 1397 4497 ut
1449 4441 1649 4496 idcirco
1679 4442 1793 4494 haec
1833 4442 2077 4510 patiaris,
2106 4452 2156 4500 et

2261 4457 2389 4524 φούς
2411 4472 2501 4508 σου
2518 4471 2537 4499 ’ν
2564 4452 2649 4506 διὰ
2678 4452 2831 4521 τοῦτο
2869 4452 3039 4506 ταῦτα
3081 4446 3370 4507 πέπονθας,
3418 4440 3510 4494 καὶ
3548 4425 3775 4488 τεταπεί-

636 4537 940 4604 humiliatus
969 4537 993 4590 f
994 4536 1152 4591 ueris.

874 4628 944 4695 Ἴ,
965 4628 1049 4681 15.
1086 4626 1155 4689 Et
1179 4626 1380 4692 dixisti,
1407 4623 1545 4688 Quid
1574 4624 1709 4677 novit
1746 4622 1958 4683 Fortis?

702 4718 807 4772 Par
820 4724 935 4773 est:
963 4718 1087 4785 quia
1111 4723 1167 4768 tu
1202 4723 1371 4768 tecum
1405 4713 1604 4776 dixisti,
1633 4712 1771 4776 Quid
1793 4713 2121 4770 novitFortis
2136 4716 2170 4768 .9.

634 4808 789 4877 quasi
821 4806 1039 4869 dixeris,
1072 4804 1322 4857 Potestne
1352 4802 1529 4856 omnia
1559 4804 1771 4856 novisse
1805 4802 1977 4858 Deus?

918 4896 981 4950 ν.
1015 4896 1102 4948 15.
1140 4895 1247 4947 Aul
1274 4893 1330 4945 in
1354 4891 1571 4960 caligine
1584 4891 1835 4958 judicabit
1854 4896 1879 4947 2

706 4983 968 5051 Ejusdem.
1024 4980 1206 5037 Potest
1261 4987 1437 5032 autem
1467 4977 1707 5044 judicare
1753 4978 1891 5038 Deus
1915 4983 2074 5038 etiam
2104 4983 2159 5039 in

636 5073 869 5157 procella
890 5070 1165 5127 exsistens.

924 5161 987 5215 ν.
1019 5160 1104 5213 14.
1137 5158 1205 5212 Et
1229 5158 1397 5211 orbem
1417 5158 1531 5211 caeli
1557 5158 1868 5214 obambulat.

700 5253 882 5307 Ambit
902 5260 958 5305 et
984 5249 1444 5317 circumplectitur
1465 5248 1558 5305 Dei
1585 5250 1945 5321 providentia.

704 5389 754 5426 ²³ι
778 5388 937 5445 Prov.
970 5400 1045 5450 vr,
1070 5385 1124 5447 ι,
1147 5384 1199 5439 5.

705 5498 815 5568 (80)
842 5498 908 5552 V.
940 5497 973 5551 8
997 5505 1169 5568 exstat
1204 5507 1330 5568 tom.
1360 5496 1477 5560 XII,
1500 5496 1599 5551 col.
1638 5496 1791 5568 1058.

706 5566 819 5635 (81)
852 5570 911 5619 ιη
934 5566 1052 5620 cod.
1081 5566 1576 5635 xerhrysostomo
1595 5566 1868 5635 tribuitur.

708 5633 813 5703 (82)
834 5636 963 5690 Cod.
990 5650 1099 5688 ut.
1129 5634 1279 5688 Alius
1308 5633 1489 5689 tribuit
1518 5633 1726 5688 Joanni.

599 5784 607 5797 .
840 5704 971 5761 Cod.
1003 5719 1093 5758 xxi
1126 5704 1306 5759 tribuit
1337 5705 1544 5785 (ilymp.
1571 5703 1763 5779 Aquila,
1787 5713 1840 5758 et
1876 5704 2159 5779 ΤῑιοοιῘοιἋ

2261 4560 2444 4596 νωσαι.

2388 4633 2530 4701 Στίχ..
2566 4638 2650 4700 ty".
2683 4632 2790 4685 Καὶ
2828 4628 3017 4694 εἶπας,
3055 4628 3114 4682 Τί
3138 4628 3285 4693 ἔγνω
3321 4623 3353 4673 ό
3390 4610 3682 4683 Ἰσχυρός;

2327 4724 2501 4787 Εἰκὸς,
2520 4725 2597 4776 ὅτι
2623 4724 2685 4776 σὺ
2711 4724 2887 4791 ἔλεγες
2909 4720 3047 4775 κατὰ
3070 4716 3279 4775 σαυτὸν,
3302 4712 3361 4764 Τί
3375 4709 3523 4775 ἔγνω
3543 4705 3584 4767 ό,
3598 4701 3775 4761 Ἰσχυν

2253 4813 2395 4879 ρός;
2429 4806 2570 4875 Οἷον,
2604 4811 2833 4865 Δύναται
2859 4813 3030 4865 πάντα
3054 4804 3343 4875 ἐγνωκέναι
3370 4801 3398 4850 ὁ
3421 4794 3579 4855 Θεός;

2432 4901 2570 4971 Στίχ.
2604 4908 2687 4968 ιγ’.
2715 4904 2782 4957 Ἢ
2806 4902 2955 4954 κατὰ
2982 4897 3089 4951 τοῦ
3107 4895 3329 4963 γνόφου
3360 4883 3575 4971 κρινεῖῖ

2330 4991 2439 5045 Τοῦ
2469 4969 2669 5045 abaci).
2700 4993 2924 5045 Δύναται
2957 4989 3017 5041 δὲ
3041 4986 3241 5056 κρίνειν
3269 4982 3297 5031 ὁ
3318 4976 3446 5036 Θεὸς
3472 4969 3562 5023 καὶ
3592 4969 3648 5019 ἐν
3671 4972 3780 5032 χιι--

2260 5082 2393 5152 μῶνι
2422 5082 2720 5152 γενόμενος.
3094 5066 3100 5069 ’

2353 5147 2499 5239 Στέχ.
2530 5147 2608 5226 ιδ’.
2639 5172 2746 5225 Καὶ
2782 5173 2963 5241 γῦρον
3008 5160 3262 5232 οὐρανοῦ
3298 5147 3717 5219 διαπορεύεται,

2335 5262 2765 5332 Ἐκπεριέρχεται
2790 5263 2824 5331 ἡ
2853 5259 3073 5329 πρόνοια
3094 5250 3187 5306 τοῦ
3218 5246 3369 5301 Θεοῦ.

2266 5501 2373 5554 Καὶ
2398 5501 2593 5571 πλῆθος
2620 5503 2819 5556 ὑδάτων
2854 5499 3077 5571 καλύψει
3108 5510 3185 5547 σε.

2333 5570 2443 5639 (84)
2469 5567 2740 5639 Cod.xx1.
2775 5567 3223 5639 ConferJOIYmAPg
3335 5622 3345 5639 ,

2330 5629 2440 5708 (85)
2480 5636 2651 5695 Codex
2678 5635 3109 5708 uterquetribuit
3135 5629 3379 5696 Origcni.
