3922 6378
672 416 737 470 8³1
1520 411 2072 470 δυΡΡιΕΜΕΝτωί
2101 410 2170 466 Al

2270 406 2542 464 *RIGENIS
2568 402 2962 460 EXEGETICA.
3741 398 3801 451 88

674 529 737 582 V.
760 509 1124 583 Ξὸίιιιιηάκηι
1161 540 1278 578 uero
1316 526 1488 597 reddet
1512 537 1592 590 te,
1638 536 1882 597 tanquam
1925 535 2170 596 argentuu

2289 519 2432 588 Στίχ.
2462 523 2558 570 κε’.
2605 514 2872 581 Καθαρὸν
2901 510 2967 597 δέ
2991 510 3385 597 ἀποδῴςειέονε
3415 504 3607 572 ὥσπερ
3637 506 3798 574 ἀργύ-

1315 596 1551 663 ignitum.

738 687 932 740 Sanum
966 684 1270 753 dogma..."
1300 686 1545 754 ignitum,
1581 684 1742 739 Deus.

762 797 824 853 V.
847 799 936 854 26.
965 796 1159 854 Deinde
1178 799 1412 854 libertate
1441 801 1630 870 frueris
1660 818 1834 855 coram
1861 801 2098 854 Domino.

731 933 1000 1002 Ejusdem.
1032 934 1086 988 Si
1118 934 1485 989 bumiliaveris
1533 945 1584 989 te
1604 974 1619 1000 ,
1652 936 1694 989 si
1725 935 2040 990 sustinueris
2069 949 2187 1003 quae

663 1025 989 1089 acciderant,
1021 1025 1252 1078 libertate
1273 1025 1463 1093 frueris
1484 1041 1658 1079 coram
1688 1025 1945 1091 Domino;
1973 1025 2188 1079 liberta-

662 1126 766 1170 tem
807 1115 1056 1188 loquendi
1099 1115 1340 1178 habebis,
1365 1116 1558 1184 quippe
1579 1117 1668 1185 qui
1701 1116 2033 1171 abdicaveris
2060 1131 2184 1186 pec-

659 1215 802 1262 cata.

1032 1293 1096 1350 γ.
1125 1294 1213 1348 28.
1249 1294 1314 1347 1η
1335 1297 1430 1348 viis
1453 1296 1552 1346 tuis
1581 1297 1675 1348 erit
1704 1295 1815 1349 lux.

727 1385 1002 1452 Ejusdem.
1030 1385 1085 1438 Si
1112 1399 1293 1439 serves
1323 1384 1519 1437 munita
1555 1399 1692 1447 mea,
1738 1395 1802 1440 et
1856 1387 2184 1440 convertaris

657 1482 817 1543 atque
837 1475 1154 1550 conﬁtearis.
1177 1475 1369 1528 Ethaec
1383 1475 1593 1542 quidem
1618 1474 1684 1528 ad
1713 1471 1809 1528 Job
1835 1475 2179 1540 dicebantur;

657 1579 762 1618 non
792 1573 964 1618 tamen
1010 1565 1127 1633 jure
1163 1564 1509 1628 dicebantur,
1540 1577 1715 1630 neque
1758 1562 1898 1617 enim
1931 1577 2182 1633 peccave-

658 1663 760 1712 rat.
792 1654 872 1710 Ad
894 1670 990 1710 nos
1018 1657 1064 1708 si
1095 1655 1359 1718 dicantur,
1384 1653 1504 1722 jure
1534 1654 1800 1707 dicuntur.

725 1764 789 1818 ν.
828 1765 918 1821 28.
966 1765 1218 1828 Restituet
1243 1776 1411 1818 autem
1438 1765 1530 1818 tibi
1557 1764 1849 1817 institutum
1871 1762 2109 1829 iustitiw.

724 1899 799 1952 Ac
852 1897 1163 1968 simpliciter
1218 1898 1513 1967 loquendo:
1544 1897 1860 1954 Universam
1889 1897 2004 1961 tibi,
2031 1896 2180 1959 dicit,

653 2001 771 2055 qua:
797 1987 968 2040 virum
995 1987 1194 2056 iustum
1225 1987 1430 2052 deceat,
1455 1986 1648 2041 efﬁciet
1699 1986 2178 2055 perseverantiam;

654 2091 819 2145 usque
847 2077 979 2132 adeo
1004 2085 1061 2131 ut
1104 2077 1363 2147 fulgentes
1407 2078 1766 2147 gloriosasque
1816 2078 2050 2132 actiones
2089 2078 2184 2130 ha-

653 2169 799 2225 beas.

1233 2258 1380 2312 CAP.
1417 2257 1602 2312 XXIII.

748 2345 808 2398 ν.
841 2346 896 2400 9..
933 2345 1121 2400 Manus
1150 2349 1263 2415 ejus
1287 2348 1457 2417 gravis
1483 2346 1584 2415 fuit
1603 2363 1697 2412 pro
1721 2345 1917 2413 ejulatu
1946 2362 2074 2399 meo.

623 2443 626 2449 ‘
724 2434 936 2490 Utinam
970 2436 1048 2490 fas
1071 2447 1231 2503 esset,
1263 2437 1455 2505 inquit.
1487 2438 1553 2490 ad
1605 2437 1745 2504 ipsas
1785 2450 1970 2505 poenas
2003 2440 2180 2493 calcu-

655 2524 760 2576 ium
810 2524 988 2588 terre;
1017 2537 1156 2580 esset
1186 2527 1422 2581 invenire
1454 2529 1630 2586 illum!
1663 2531 1872 2586 Utinam
1909 2529 1988 2584 fas
2037 2541 2179 2584 esset

653 2627 869 2667 causam
900 2617 1100 2682 dicere,
1129 2617 1316 2685 inquit,
1347 2627 1399 2673 et
1428 2621 1577 2675 adire
1621 2636 1741 2676 eum
1777 2631 1831 2674 et
1859 2623 2174 2691 intelligere,

651 2718 890 2769 quaenam
934 2706 1063 2760 mihi
1104 2709 1170 2762 ad
1212 2709 1324 2764 haec
1348 2711 1585 2765 dicturus
1615 2721 1788 2778 esset,
1821 2728 1938 2782 qua
1967 2715 2174 2768 locutu-

651 2807 745 2846 rus
791 2795 974 2847 eram!
1004 2793 1198 2850 Viden’
1230 2800 1517 2874 quomodo.
1551 2815 1768 2870 compos
1817 2803 1990 2858 factus
2017 2803 2177 2858 fuerit

649 2880 780 2947 eius,
810 2885 948 2951 quod
981 2885 1032 2937 in
1065 2888 1200 2941 votis
1243 2888 1517 2945 habebat?
1544 2889 1652 2946 Hoc
1676 2894 1815 2947 enim
1847 2904 2172 2961 postremum

649 2969 747 3024 fuit
784 2970 835 3022 in
877 2971 1074 3028 libello.
1120 2975 1316 3031 Vellem
1346 2978 1553 3034 discere
1596 2980 1720 3048 quid
1775 2982 1905 3034 mihi
1935 2984 2174 3036 dicturus

645 3071 810 3126 esset,
836 3071 890 3116 et
917 3077 982 3116 an
1006 3065 1253 3121 similiter
1277 3070 1560 3137 puniturus
1583 3080 1722 3127 esset
1757 3086 1860 3126 me.
1891 3072 2015 3128 Haec
2046 3088 2171 3127 vero

645 3151 774 3217 dixi,
805 3168 909 3208 non
932 3164 1184 3227 tanquam
1215 3161 1471 3218 damnans
1495 3178 1617 3218 eum
1651 3164 1940 3234 injustitiae.

1227 3271 1374 3332 CAP.
1400 3275 1588 3332 XXIV.

728 3351 794 3405 Ὺ.
837 3352 889 3406 6.
932 3353 1116 3410 Suavis
1143 3361 1241 3426 fuit
1275 3377 1451 3418 eorum
1499 3366 1646 3432 panis
1677 3365 1732 3418 in
1759 3367 2079 3420 recentiores.

714 3503 886 3560 Suave
917 3518 1016 3572 est,
1074 3513 1264 3582 inquit,
1310 3515 1490 3586 impiis
1541 3519 1744 3572 nutrire
1783 3518 2164 3583 adolescentes,

599 3606 602 3610 ‘
645 3609 750 3664 quo
777 3599 979 3665 possint
1003 3616 1102 3670 per
1130 3617 1223 3658 eos
1249 3605 1530 3662 violentias
1560 3607 1758 3663 facere.

1206 3766 1354 3821 CAP.
1396 3769 1486 3822 XX
1501 3767 1604 3826 VII.

778 3845 841 3899 V.
874 3849 927 3902 2.
979 3851 1106 3906 Vivit
1137 3854 1404 3924 Dominus,
1431 3861 1519 3928 qui
1562 3859 1636 3912 sic
1664 3874 1744 3911 me
1759 3859 2028 3924 judicavit.

709 3936 931 4006 Accepit
975 3953 1287 4010 potestatem
1323 3947 1569 4001 diabolus
1600 3947 1651 4000 in
1680 3945 1798 4012 Job,
1829 3956 1885 4002 et
1934 3950 2170 4003 excussit

627 4021 763 4079 eum
822 4039 978 4082 noctu
1032 4048 1094 4087 ac
1141 4035 1396 4099 interdiu,
1458 4037 1686 4105 primum
1747 4051 1840 4104 per
1895 4047 2165 4106 externos,

641 4116 829 4176 deinde
857 4136 952 4190 per
983 4140 1176 4195 corpus
1208 4128 1390 4195 ipsius,
1428 4138 1608 4194 postea
1635 4129 1795 4180 etiam
1825 4142 1920 4195 per
1948 4131 2164 4184 amicos.

644 4207 866 4273 Quando
892 4214 1030 4266 enim
1070 4216 1236 4282 ipsum
1283 4231 1376 4284 per
1405 4229 1625 4269 uxorem
1665 4214 1938 4284 probavit,
1968 4234 2065 4270 nec
2090 4220 2168 4270 vi-

643 4307 760 4356 ctus
795 4311 877 4356 est
900 4303 1020 4368 Job,
1050 4316 1158 4360 tres
1180 4310 1378 4362 amicos
1402 4307 1620 4361 adduxit
1655 4307 1919 4373 diabolus,
1951 4325 2052 4364 non
2076 4312 2167 4362 ad-

579 4458 589 4465 ί
642 4393 928 4458 versarios,
954 4409 1058 4448 non
1082 4396 1332 4451 insidiosa
1367 4397 1611 4464 dogmata
1653 4397 1928 4465 habentes,
1953 4401 2042 4452 sed
2075 4415 2164 4453 ve-

2755 576 2888 650 ριον
2914 576 3349 646 πεπυρωμένον.

2398 675 2573 740 Ὑγιές
2604 673 2908 742 δόγμα......
2943 665 3345 737 πεπυρωμένον,
3373 665 3401 716 6
3427 661 3556 725 Θεός
3581 660 3705 732 (90).

2287 763 2395 832 (91)
2443 763 2586 832 Στίχ.
2643 768 2752 825 κςθ.
2807 757 2979 880 EitaK
3011 752 3507 877 πριῤῥησιασθήσῃ
3568 751 3802 807 ἐνώπιον

2977 843 3047 880 vo
3074 843 3164 877 ου.

2977 843 3164 893 υριου.

2357 919 2463 974 Τοῦ
2499 917 2698 971 αὑτοῦ.
2753 913 2873 966 Ἐὰν
2910 908 3245 979 ταπεινώσῃς
3291 906 3499 970 σαυτὸν,
3549 903 3801 977 ὕπομένῃς

2283 1010 2349 1064 τὰ
2373 1027 2433 1062 συ
2442 1006 2760 1078 μϐεϐηκότα.
2789 998 3286 1070 παρῥησιασθήσῃ
3307 995 3555 1049 ἐνώπιον
3578 995 3798 1062 Κυρίου,

2285 1098 2592 1172 παρρησίαν
2622 1095 2781 1160 ἕξεις,
2806 1095 2878 1156 ὡς
2906 1092 3232 1160 ἀποθέμενος
3272 1089 3336 1140 τὰ
3365 1087 3738 1157 ἁμαρτήματα.

2339 1277 2445 1347 (99.)
2475 1275 2617 1343 Στίχ.
2653 1280 2754 1343 κη’.
2801 1272 2927 1324 Ἐπὶ
2956 1269 3072 1322 τῶν
3101 1266 3253 1321 ὁδῶν
3280 1280 3394 1319 σου
3421 1265 3588 1318 ἔσται
3619 1262 3751 1331 φῶς.

2354 1367 2460 1419 Τοῦ
2505 1365 2703 1418 αὑτοῦ.
2750 1363 2873 1415 Ἐὰν
2920 1362 3159 1431 τηρήσῃς
3201 1357 3476 1411 νουθεσίαν
3523 1357 3615 1408 ἀπ’
3662 1353 3800 1424 ἐμοῦ,

2281 1458 2370 1509 καὶ
2399 1454 2720 1526 ἐπιστρέψῃς
2747 1453 2836 1505 κα).
2855 1451 3232 1520 ἐξομολογὴσῃ.
3256 1447 3435 1502 Ταῦτα
3463 1446 3557 1516 μὲν
3583 1441 3670 1498 οὖν
3684 1445 3801 1515 πρὸς

2292 1546 2406 1600 Ἰὼϐ
2431 1545 2669 1613 ἐλέγετο·
2692 1544 2750 1596 οὐ
2773 1542 2988 1603 δικαίως
3015 1540 3072 1593 δὲ
3105 1539 3317 1606 ἐλέγετο
3333 1555 3344 1566 ’
3373 1537 3432 1588 οὐ
3457 1536 3564 1606 γὰρ
3584 1535 3798 1604 ἥμαρτε.

2277 1633 2418 1704 Πρὸς
2445 1633 2587 1703 ἡμᾶς
2612 1632 2668 1685 δὲ
2696 1631 2788 1686 ἐὰν
2818 1631 3055 1700 λέγηται,
3084 1627 3304 1689 δικαίως
3328 1626 3559 1693 λέγεται.

2279 1721 2386 1793 (95)
2439 1721 2583 1790 Στίχ.
2625 1727 2729 1790 κη’.
2788 1716 3271 1793 Ἀποκαταοςτήσῃ
3320 1715 3387 1769 δέ
3445 1731 3542 1768 σοι
3591 1713 3800 1767 δίαιταν

2843 1787 3246 1851 δικαιοσύνης.

2352 1882 2459 1934 Καὶ
2487 1879 2666 1942 ἁπλῶς
2696 1880 2863 1930 εἰπεῖν
2883 1894 2896 1906 ο
2927 1875 3171 1927 Ἀπασάν
3200 1873 3494 1943 σοι,,φησὶ,
3524 1871 3619 1943 τὴν
3648 1871 3799 1943 ἁρμό-

2283 1972 2472 2034 ζουσαν
2517 1969 2704 2038 δικαίῳ
2749 1967 2938 2038 πράξει
2970 1965 3256 2035 διαμονὴν,
3296 1963 3433 2017 ὥστε
3467 1979 3525 2016 σε
3563 1962 3797 2033 λαμπρὰς

2281 2063 2374 2114 καὶ
2403 2058 2675 2123 ἐπιδόξους
2701 2058 2840 2128 ἔχειν
2866 2057 2962 2119 τὰς
2990 2055 3233 2126 πράξεις.

2887 2215 3041 2267 ΚΕΦ.
3073 2214 3198 2266 Kl".

2279 2307 2421 2377 Στίχ.
2449 2305 2510 2376 β’.
2549 2307 2619 2360 Ἦ
2651 2303 2777 2373 χεὶρ
2826 2302 3010 2360 αὐτοῦ
3038 2301 3252 2380 ,βαρεῖα
3301 2299 3544 2369 γέγονεν
3584 2297 3671 2350 ἐπ’
3692 2293 3798 2365 ἐμῷ

2877 2385 3204 2440 στεναγμῳ.

2349 2463 2456 2534 (94)
2489 2464 2552 2516 Εἰ
2586 2463 2641 2515 δὲ
2685 2463 2807 2532 ἐνῆν
2832 2503 2846 2528 ,
2889 2462 3052 2531 φησὶ,
3105 2459 3357 2532 παραυτά
3396 2457 3501 2510 τῶν
3545 2453 3797 2526 τιμωριῶν

2275 2555 2370 2624 τὴν
2419 2555 2595 2623 ψῆφον
2644 2552 2920 2622 φέρεσθαι,
2966 2549 3038 2622 ἦν
3087 2551 3263 2620 εὑρεῖν
3316 2549 3493 2602 αὐτόν.
3538 2547 3658 2600 Εἴθε
3689 2545 3797 2613 ἐνῆν

2273 2643 2607 2704 δικάσασθαι,
2649 2643 2816 2712 φησὶ,
2857 2643 2947 2694 καὶ
2981 2644 3223 2712 ἐντυχεῖν
3247 2639 3437 2702 αὐτοῦ,
3472 2638 3562 2691 καὶ
3607 2635 3795 2706 μαθεῖν,

2275 2733 2392 2786 τίνα
2419 2729 2486 2803 ἦν
2516 2732 2551 2785 ἃ
2584 2733 2778 2801 ἠμελλέ
2816 2749 2903 2801 μοι
2936 2731 3074 2804 πρὸς
3118 2731 3290 2784 ταῦτα
3326 2731 3487 2800 ἐρεῖν,
3527 2726 3562 2780 ἃ
3592 2725 3796 2797 ἤμελλον

2275 2823 2465 2891 λέγειν.
2519 2823 2678 2891 Ὀρᾷς
2717 2821 2833 2884 πῶς
2877 2822 3137 2890 ἐπέτυχεν
3186 2823 3322 2892 ὅπερ
3374 2819 3603 2891 ηὕχετο;
3646 2813 3795 2868 Τοῦτο

2274 2913 2378 2982 γὰρ
2421 2912 2642 2982 ἔσχατον
2673 2911 2892 2978 γέγονεν
2923 2912 2982 2963 ἐν
3010 2912 3088 2981 τῷ
3136 2911 3338 2981 βιϐλίῳ.
3371 2909 3593 2963 Ἥθελον
3626 2905 3794 2977 μαθεῖν

2273 3003 2323 3054 τί
2367 3019 2453 3072 μοι
2480 3001 2708 3070 ἦμελλεν
2741 3003 2901 3066 ἐρεῖν,
2949 3003 3042 3054 κα)⁹
3073 3004 3122 3054 εἰ
3157 3001 3346 3071 ἔμελλέ
3379 3016 3468 3069 μοι
3499 2997 3689 3068 ὁμοίως
3717 3012 3794 3048 κο-

2273 3091 2470 3154 λάζειν.
2513 3091 2692 3146 Ταῦτα
2721 3093 2776 3147 δὲ
2810 3087 2984 3156 εἷπον,
3015 3092 3109 3160 οὑχ
3145 3092 3218 3154 ὡς
3249 3087 3659 3158 καταγινώσκων
3693 3085 3793 3138 ἀδι-

2195 3187 2241 3249 ο
2269 3182 2408 3235 κίαν.

2864 3264 3021 3317 ΚΕΦ.
3051 3265 3176 3318 ΚΔ’.

2269 3359 2378 3429 (95)
2409 3359 2550 3428 Στίχ.
2594 3363 2664 3420 ς’.
2721 3353 2974 3419 Ἡδύνθη
3020 3352 3215 3407 αὐτῶν
3255 3353 3430 3420 ἄρτος
3478 3355 3563 3418 είς
3604 3349 3791 3406 νεωτέ-

2985 3439 3110 3474 ουρ.

2985 3439 3054 3474 ου
3097 3462 3110 3474 .

2345 3517 2490 3576 Ἡδὺ,
2517 3514 2666 3585 φησὶ,
2701 3515 2807 3576 τοῖς
2845 3438 3091 3565 ὰσειϐέσῖ
3113 3513 3171 3566 τὸ
3222 3514 3437 3584 τρέφειν
3474 3513 3791 3575 νεανίσκους,

2266 3608 2348 3676 ἐφ’
2395 3600 2440 3674 ᾦ
2484 3603 2735 3656 δύνασθαι
2787 3601 2851 3654 δι’
2899 3603 3083 3658 αὐτῶν
3129 3603 3224 3667 τὰς
3282 3605 3538 3676 ἐπηρείας
3587 3603 3792 3675 ἐργάζε.

2270 3697 2411 3754 σθαι.

2878 3783 3034 3834 ΚΕΦ.
3062 3784 3187 3837 KZ’.

2415 3873 2560 3941 Στίχ.
2586 3871 2646 3940 β’.
2682 3870 2765 3938 Ζῇ
2797 3872 3031 3937 Κύριος,
3063 3873 3130 3937 ὃς
3159 3875 3309 3928 οὕτω
3333 3893 3408 3944 με
3435 3879 3665 3945 ἔκρινε.

2336 3961 2444 4031 (96)
2491 3959 2715 4014 Ἔλαϐεν
2759 3958 3004 4024 ἐξουσίαν
3044 3961 3139 4014 τοῦ
3180 3962 3299 4016 Ἰὼϐ
3342 3967 3371 4017 6
3400 3966 3664 4034 διάϐολος,
3710 3968 3789 4022 καὶ

2264 4053 2456 4121 ἦτασεν
2479 4051 2635 4105 αὐτὸν
2679 4049 2866 4112 νυκτὸς
2895 4051 2990 4104 κα)⁵
3025 4051 3237 4123 ἡμέρας
3255 4093 3271 4118 ,
3302 4058 3558 4130 πρότερον
3587 4061 3670 4113 διὰ
3695 4059 3788 4114 τῶν

2265 4139 2436 4202 ἐκτὸς,
2473 4138 2690 4208 ὕστερον
2723 4136 2789 4188 δι’
2813 4135 3096 4192 αὐτοῦτοῦ
3143 4143 3408 4212 σώματος,
3455 4148 3590 4217 μετὰ
3635 4147 3789 4202 ταῦτα

2265 4230 2354 4280 καὶ
2383 4227 2470 4281 διὰ
2490 4227 2594 4279 τῶν
2619 4225 2800 4293 φίλων.
2833 4227 2960 4279 Ὅτε
2985 4229 3094 4299 γὰρ
3123 4231 3253 4285 αὐτὸ
3285 4234 3569 4305 ἐδοκίμασε
3595 4237 3677 4291 διὰ
3701 4238 3788 4307 τῆς

2264 4313 2532 4384 γυναικὸς,
2554 4313 2645 4365 καὶ
2668 4313 2728 4364 οὐ
2761 4313 3036 4384 νενίκηται
3059 4319 3088 4368 6
3119 4317 3258 4382 Ἰὼϐ,
3281 4325 3427 4391 τρεῖς
3453 4323 3634 4391 φίλους
3655 4325 3789 4394 ηνεγ.

2266 4421 2356 4456 κεν
2380 4404 2408 4454 6
2443 4401 2696 4464 διάϐολος,
2725 4402 2823 4454 οὐκ
2857 4403 3100 4474 ἐχθροὺς,
3145 4408 3245 4460 οὐκ
3283 4411 3537 4464 ἐπίϐουλα
3567 4414 3786 4483 δόγματα

640 4494 794 4572 taces
819 4485 1028 4552 quidem
1070 4500 1362 4550 sermones,
1396 4501 1501 4539 non
1533 4488 1668 4540 bene
1708 4496 1880 4540 tamen
1916 4499 2007 4542 aut
2034 4498 2167 4542 tem-

2270 4491 2507 4561 ἔχοντας,
2543 4489 2653 4542 ἀλλ’
2691 4489 2943 4560 ἀληθείας
2996 4495 3092 4564 μὲν
3133 4496 3351 4564 λόγους,
3399 4502 3459 4554 οὐ
3508 4501 3677 4564 καλῶς
3715 4501 3782 4564 δὲ,

639 4571 844 4639 pestive
889 4573 1144 4641 prolatos.
1175 4572 1541 4628 Contendebat
1589 4588 1746 4641 porro
1796 4576 2035 4630 diabolus
2071 4593 2164 4645 per

639 4662 801 4718 hosce
831 4663 1031 4716 amicos
1051 4662 1281 4728 eﬂicere,
1317 4674 1374 4718 ut
1397 4663 1496 4718 Job
1522 4665 1716 4733 aliquid
1751 4665 1952 4722 diceret
1977 4679 2161 4723 contra

637 4752 1050 4821 providentiam,
1087 4752 1306 4819 impium
1335 4755 1535 4823 aliquid
1566 4758 1921 4813 committeret
1947 4773 2165 4830 propter

637 4837 932 4902 molestias,
975 4849 1028 4892 et
1071 4853 1287 4907 pravum
1318 4853 1534 4910 propter
1580 4844 1815 4901 dolores.
1842 4847 1910 4900 At
1949 4859 2164 4905 sanctus

635 4925 976 4991 hicatbleta,
1009 4943 1135 4984 vere
1166 4932 1435 4998 robustus,
1465 4933 1638 5000 fortis,
1664 4940 1879 4993 attende
1915 4942 2040 5009 quid
2083 4942 2164 4994 di-

634 5025 728 5072 cat
757 5027 876 5084 post
906 5020 1064 5072 trium
1099 5020 1309 5075 illorum
1337 5037 1626 5080 sermones.
1676 5027 1776 5082 Ubi
1801 5031 2030 5084 absolvit
2055 5030 2161 5084 Eli-

633 5103 771 5179 pbal
829 5112 938 5159 tres
995 5107 1403 5177 disputationes,
1431 5121 1486 5167 et
1535 5114 1743 5184 Sophar
1781 5118 2164 5188 disputationes

635 5194 769 5251 duas
796 5193 1014 5259 (Baldad
1042 5197 1426 5266 disputationes
1447 5205 1608 5275 tres):
1657 5205 2158 5275 his,inquam,abso-

635 5281 780 5346 Iutis,
816 5297 935 5337 cum
966 5285 1038 5338 illi
1063 5288 1369 5360 tacuissent,
1398 5293 1515 5348 vide
1539 5295 1662 5362 quid
1687 5297 2022 5366 respondeat,
2042 5306 2162 5365 post.

707 5479 819 5620 (90g
843 5481 923 5536 Cf.
951 5493 987 5538 t.
1023 5484 1134 5550 XII,
1161 5488 1260 5542 col.
1290 5490 1444 5544 1058.

707 5549 788 5620 (91
852 5550 907 5620 In
941 5555 1056 5608 cod.
1083 5571 1173 5609 ut
1206 5558 1444 5612 tribuitur

849 5550 907 5626 In
941 5547 1173 5609 eodm
1206 5558 1453 5612 tribuitur
1493 5555 1732 5626 Polychr.

700 5619 811 5685 (92)
846 5619 1004 5674 Deest
1033 5627 1086 5676 in
1111 5627 1230 5678 cod.
1269 5642 1378 5679 ut.

551 5703 597 5759 β.
837 5687 966 5764 (ξοδ.
991 5707 1102 5744 nl.
1133 5693 1491 5764 ﬁliustribuit
1518 5695 1814 5764 Olympiod.

703 5752 972 5827 (94)(100.
1000 5775 1109 5816 xxi.
1149 5761 1206 5818 In
1248 5761 1350 5818 alio
1393 5752 1641 5820 tribuitur
1676 5752 1896 5821 'Ioanui.
1943 5764 2159 5826 Yidetut

2268 4579 2384 4632 οὐδὲ
2410 4581 2465 4632 ἐν
2495 4576 2666 4648 καιρῷ
2693 4583 3143 4653 προφερομένους.
3179 4587 3288 4638 Καὶ
3315 4589 3618 4644 ἐϐουλεύετο
3637 4592 3663 4644 ὁ
3687 4590 3786 4644 διά-

2269 4671 2416 4734 ϐολος
2449 4669 2535 4724 διὰ
2565 4671 2670 4749 τῶν
2701 4671 2865 4740 φίλων
2900 4675 3102 4732 τούτων
3128 4679 3344 4749 ποιῆσαι
3373 4682 3460 4735 τὸν
3493 4682 3607 4736 Ἰὼϐ
3635 4682 3784 4752 φθέγ-

2269 4760 2454 4826 ξασθαί
2497 4779 2550 4813 τι
2604 4762 2744 4814 κατά
2791 4762 2890 4832 τῆς
2933 4765 3210 4836 Προνοίας,
3254 4769 3514 4840 ἀσεϐῆσαι
3550 4772 3633 4825 διὰ
3674 4771 3786 4833 τοὺς

2267 4852 2482 4915 πόνους,
2529 4851 2825 4919 ἐκκακῆσαι
2851 4851 2939 4906 διὰ
2966 4853 3063 4917 τὰς
3094 4856 3406 4927 ἀλγηδόνας.
3443 4861 3576 4912 Ἀλλ’
3611 4863 3639 4912 6
3668 4861 3784 4929 ἁλη-

2259 4941 2362 5004 θῶς
2390 4942 2644 5012 ἀνδρεῖος,
2674 4943 2703 4993 6
2732 4945 3070 5012 καρτερικὸς,
3110 4948 3212 5017 ὅρα
3243 4949 3297 5001 τί
3325 4949 3468 5018 λέγει
3513 4952 3646 5020 μετὰ
3671 4953 3782 5011 τοὺς

2257 5029 2439 5097 λόγους
2489 5030 2592 5082 τῶν
2649 5030 2828 5100 τριῶν.
2874 5031 3001 5083 Ὅτε
3037 5035 3279 5089 ἐτέλεσεν
3320 5040 3348 5092 6
3392 5039 3609 5107 Ἐλιφὰζ
3648 5040 3782 5107 τρεῖς

2255 5118 2528 5182 διαλέξεις,
2563 5119 2592 5168 6
2623 5117 2817 5188 Σωφὰρ
2848 5117 2940 5170 δύο
2969 5120 3224 5188 διαλέξεις
3275 5126 3412 5198 (97)·
3457 5128 3654 5180 τούτων
3685 5126 3782 5196 γὰρ

2257 5207 2663 5277 τετελεσμένων,
2697 5209 3078 5278 σιωπησάντων
3108 5215 3348 5284 ἐκείνων,
3378 5220 3476 5290 δρα
3491 5220 3542 5272 τί
3570 5220 3782 5289 ἀποκρί-

2261 5315 2403 5361 νεται
2439 5299 2572 5367 μετὰ
2597 5299 2658 5351 τὸ
2681 5301 2963 5370 εἰρημένον
2986 5302 3078 5354 ἀπ’
3115 5306 3277 5361 αὐτοῦ
3304 5312 3598 5382 προοίμιον,
3624 5312 3780 5370 οὕτως

2265 5493 2541 5562 legendum
2567 5497 2696 5562 εἴθε,
2735 5507 2791 5550 ιιι
2819 5499 2979 5554 inl'ra.

2465 5563 2519 5643 εει
2546 5569 2664 5620 cod.
2705 5570 2992 5643 xx_t.__Aliu_s
3033 5573 3443 5643 tribuitOIymp.

2331 5631 2436 5701 (96)
2466 5634 2650 5688 Exstat
2681 5644 2717 5688 ι.
2753 5633 2864 5700 XII,
2889 5639 2991 5690 col.
3028 5639 3180 5696 1059.

2323 5701 2438 5767 197)
2468 5701 2627 5758 Addit
2646 5705 2765 5759 cod.
2785 5718 2894 5768 ι-ιι,
2921 5709 2948 5758 ὁ
2975 5706 3173 5763 saxeas
3199 5718 3341 5784 τρεῖς
3376 5713 3644 5783 διαλέξεις.
