3922 6430
229 453 294 518 s9
1134 429 1140 435 ”
1437 467 2043 528 ENARRATIONESIN
2072 466 2208 525 ton.
2439 429 2442 432 ’
3387 479 3455 536 9ο

250 569 340 663 ἀπὺ-
378 569 472 642 τῆς
516 568 755 663 Γραφῆς
817 575 1265 658 ὠνομασμένον.
1333 588 1397 640 Τί
1457 587 1802 660 ἀποκρίνεται

1911 640 1912 647 η
1942 587 2223 642 recitatqu
2246 587 2312 642 ab
2344 587 2461 660 ipso
2491 592 2832 658 prooemium,
2861 593 3304 663 quemadmodum
3328 597 3454 654 illud

261 659 552 733 πρόσχωμεν
578 662 696 735 tea)
724 669 800 738 τῇ
833 669 1034 739 λέξει.

325 837 549 908 ᾓίχάθ.
574 840 704 894 Ἔτι
733 842 809 897 δὲ
844 853 1157 924 προσθεὶς
1191 858 1224 909 ὁ
1266 854 1383 908 Ἰὼϐ
1421 856 1548 909 εἷπε
1590 857 1668 921 τῷ
1702 870 1840 924 προ-

927 922 1125 988 οιμίῳ’

247 998 490 1075 β’.
521 999 898 1075 Ζῇ-Κύριος,
945 1009 1020 1075 ὃς
1061 1014 1213 1066 οὕτω

337 1071 806 1153 Ιιςιντοκράτωρ..ι
837 1071 873 1129 ὅ
927 1071 1384 1149 πάραπικρᾶνας
1425 1071 1541 1153 (9ῖ1)
1566 1071 1682 1150 μου
1718 1089 1833 1150 m-

338 1139 474 1207 χὴν,
500 1141 592 1194 καὶ
610 1141 680 1195 τὰ
712 1139 872 1215 ἑξῆς.

339 1223 466 1282 Οἶδα
489 1229 648 1285 πόθεν
681 1234 988 1308 κεκίνησθε
1021 1244 1102 1306 είς
1129 1246 1188 1296 τὸ
1218 1245 1454 1314 ἐρεθίσαι
1484 1265 1569 1317 με.
1600 1248 1834 1314 Ὄμνυμι

273 1319 326 1370 δὲ
351 1319 496 1388 ὑμῖν,
520 1322 614 1374 καὶ
641 1321 852 1396 δμνυμι
892 1331 1040 1384 κατὰ
1065 1333 1156 1386 τοῦ
1188 1334 1384 1397 ζῶντος
1415 1335 1616 1406 Κυρίου
1651 1333 1832 1395 αὐτοῦ,

1936 677 2160 745 appellat
2182 675 2454 747 Scriptura
2488 679 2584 749 (1).
2622 680 2754 746 Quid
2778 682 3099 751 respondet?
3127 687 3456 758 attendamus

1934 766 2182 820 orationi.

1973 855 2034 909 V.
2067 857 2118 912 1.
2153 853 2336 908 Adhuc
2375 863 2544 906 autem
2576 855 2826 924 adjiciens
2851 857 2948 910 Job
2971 860 3102 913 dixit
3130 865 3372 928 praemio
3401 880 3421 916 :

1299 1033 1330 1066 ε
1374 1015 1620 1082 κέκρικε,
1667 1015 1759 1067 καὶ
1807 1042 1812 1066 ι

1933 1005 1996 1060 V.
2030 1005 2088 1082 2ἶ
2133 1005 2264 1058 Vivit
2302 1006 2570 1082 Dominus.
2607 1011 2695 1082 qui
2722 1012 2796 1082 sic
2824 1029 2902 1082 me
2921 1012 3173 1079 judicavit
3196 1031 3214 1068 :
3243 1026 3290 1068 et
3323 1018 3450 1069 Om-

2035 1076 2285 1142 nipotens,
2319 1076 2408 1144 qui
2436 1079 2753 1129 exacerbavit
2785 1076 3009 1132 animum
3041 1093 3348 1148 meam,etc.

1997 1229 2126 1283 Novi
2181 1231 2317 1282 unde
2352 1234 2606 1285 commoti
2653 1233 2883 1294 fueritis.
2916 1244 2973 1288 ut
3018 1251 3100 1289 me
3144 1239 3445 1294 irritaretis.

1929 1318 2055 1372 Jnro
2089 1330 2261 1372 autem
2287 1321 2455 1385 vobis,
2493 1332 2543 1374 et
2569 1324 2690 1391 juro
2731 1339 2823 1390 per
2857 1326 3028 1393 ipsum
3057 1328 3313 1381 viventem
3349 1329 3447 1380 Do-

273 1407 552 1477 κρίναντός
591 1428 655 1480 με
693 1416 874 1469 ταῦτα
910 1421 1122 1484 παθεῖν,
1169 1423 1329 1476 αὐτοῦ
1369 1423 1462 1476 τοῦ
1513 1423 1812 1494 παραδόντα

1929 1407 2150 1467 minnm.
2189 1410 2276 1474 qui
2309 1409 2567 1477 judicavit
2613 1427 2700 1465 me
2742 1413 2926 1467 isthaec
2967 1415 3109 1482 pati;
3153 1431 3245 1484 per
3277 1417 3443 1485 ipsum

258 1513 336 1582 ἒμε
381 1499 605 1564 ταύταις
665 1508 1061 1575 περιστάσεσι,
1107 1512 1198 1564 τοῦ
1254 1513 1430 1576 δόντος
1474 1513 1713 1578 ἐξουσίαν
1756 1512 1831 1582 τῷ

255 1579 498 1674 ςδιαὸόλῳ
533 1591 794 1657 τοιούτοις
847 1614 918 1666 με
961 1599 1276 1669 ὲξετασμοῖς
1316 1601 1656 1666 ἐξετάξεσθαι
1675 1641 1690 1664 ,
1737 1579 1831 1653 καί.

257 1677 670 1746 βασανίζεσθαι.
700 1684 951 1755 Ὄμνυμι
981 1689 1118 1740 κατὰ
1161 1690 1254 1740 τοῦ
1284 1690 1504 1760 Κυρίου,
1537 1691 1627 1742 καί
1667 1708 1826 1760 φημι,

269 1769 352 1821 ὃτι
395 1769 464 1836 ζῇ
500 1773 729 1838 Κύριος,
756 1773 826 1839 ὃς
858 1777 1011 1830 οὕτω
1037 1795 1113 1846 με
1140 1778 1388 1846 κέκρικε.
1419 1781 1513 1832 καὶ
1551 1783 1584 1832 ὁ
1619 1783 1832 1832 Παντο-

257 1856 514 1928 κράτωρ,
537 1862 572 1911 ό
593 1864 1054 1932 παραατικράνας
1074 1884 1190 1934 μου
1217 1868 1330 1934 τὴν
1357 1867 1580 1936 ψυχήν.

267 1947 414 2017 Στίχ.
445 1954 507 2001 ε’.
533 1948 630 2014 Μή
664 1968 768 2026 luga
815 1954 912 2026 εζη
969 1955 1234 2026 δικαίους
1286 1957 1439 2026 ὑμᾶς
1488 1958 1820 2026 ἀποφῆναι,

709 2020 822 2086 ἕως
847 2021 926 2074 ἂν
954 2020 1248 2079 ἀποθάνω.

345 2105 467 2158 Ἐὰν
493 2109 928 2180 ωγκαταθῶμεν
955 2113 1030 2182 (2)
1072 2109 1153 2176 οἷς
1189 2115 1391 2182 λέγετε,
1415 2117 1496 2169 ὅτι
1539 2117 1822 2185 νενοήκατε

268 2193 352 2246 διὰ
376 2196 430 2247 τί
473 2197 646 2250 ταῦτα
687 2199 963 2265 πέπονθα,
1002 2203 1237 2266 δικαίους
1281 2206 1423 2275 ὑμᾶς
1467 2206 1822 2276 ἀπεφηνάμην

257 2282 365 2356 ,ἕως
390 2284 455 2337 ἂν
487 2287 769 2342 ἀποθάνω.

268 2370 407 2441 ῑτίχ.
434 2380 494 2426 ε’.
531 2379 614 2429 Οὐ
659 2376 770 2445 γὰρ
806 2376 1134 2440 ἀπαλλάξω
1170 2377 1282 2444 τὴν
1305 2379 1556 2431 ἀκακίαν
1575 2397 1691 2447 μου
1722 2380 1815 2449 (3).

333 2462 443 2514 Οὐκ
483 2464 684 2534 ἀφήσω
719 2465 780 2517 τὸ
810 2465 1090 2535 προσέχειν
1128 2467 1192 2535 τῇ
1237 2465 1571 2536 δικαιοσύνῃ’
1616 2469 1820 2536 μεμνή-

272 2564 424 2619 σομαι
448 2553 536 2604 ἀεὶ
568 2552 918 2623 περιέχεσθαι
944 2554 1127 2623 αὐτῆς.

257 2637 383 2716 14)·
415 2641 566 2710 Στίχ.
625 2648 701 2704 ς’.
753 2644 838 2696 Οὐ
879 2641 988 2711 γὰρ
1026 2642 1301 2719 ξύνοιδα
1359 2642 1586 2711 ἐμαυτῷ
1633 2643 1817 2697 ἄτοπα

930 2712 1170 2777 πρᾶξαι.

325 2797 500 2868 Πολλὴ
548 2800 584 2868 ἡ
633 2800 920 2870 παρρησία
967 2799 1129 2852 αὑτοῦ
1179 2800 1272 2852 καὶ
1319 2801 1409 2852 ἐπὶ
1448 2801 1523 2868 τῷ
1573 2801 1816 2871 προτέρῳ

261 2887 376 2957 βίῳ,
411 2891 507 2942 καὶ
534 2890 629 2942 ὲπὶ
657 2893 774 2952 τοῖς
799 2890 939 2942 κατὰ
963 2891 1053 2942 τὸν
1083 2890 1267 2961 καιρὸν
1295 2890 1393 2959 τῆς
1433 2891 1812 2960 περιστάσεως,

1926 1496 2015 1563 qui
2049 1498 2264 1550 tradidit
2294 1514 2378 1552 me
2401 1498 2790 1556 calamitatibus
2816 1503 2951 1568 istis,
2983 1505 3070 1570 qui
3105 1507 3249 1558 dedit
3300 1519 3450 1574 pote-

1926 1593 2116 1636 statem
2136 1585 2414 1639 diabolout
2447 1588 2638 1643 talibus
2670 1605 2752 1644 me
2772 1591 3171 1658 probationibus
3200 1597 3446 1660 probaret

1926 1684 1976 1726 et
2009 1683 2296 1743 torqueret.
2329 1677 2427 1730 Per
2456 1677 2734 1732 Dominum
2763 1682 2917 1749 juro,
2943 1692 2997 1736 et
3025 1683 3131 1748 aio,
3165 1686 3285 1751 quia
3329 1685 3448 1738 vivit

1925 1763 2191 1826 Dominus,
2231 1769 2320 1834 qui
2364 1769 2438 1820 sic
2476 1785 2556 1821 me
2589 1771 2869 1838 judicavit,
2896 1783 2942 1826 et
2967 1773 3330 1842 Omnipotens,
3359 1771 3447 1845 qui

1924 1856 2245 1907 exacerbavit
2275 1857 2499 1910 animam
2531 1875 2714 1914 meum.

1926 1961 1984 2014 V.
2021 1963 2073 2014 5.
2113 1961 2232 2017 Non
2274 1966 2400 2017 mihi
2447 1965 2603 2039 fuerit
2634 1968 2805 2039 justas
2836 1985 2922 2022 vos
2969 1969 3249 2038 appellare,
3284 1985 3446 2039 usque

2493 2037 2614 2086 dum
2639 2038 2852 2088 moriar.

1986 2095 2040 2150 Si
2090 2098 2303 2166 quidem
2354 2115 2676 2157 consensero
2711 2105 2776 2156 iis
2801 2119 2917 2173 quae
2943 2105 3142 2168 dicitis,
3189 2106 3441 2173 quoniam

1919 2187 2279 2254 recogitastis,
2344 2189 2529 2260 utquid
2592 2192 2702 2246 haec
2746 2208 2934 2261 passus
2981 2195 3107 2258 sim;
3138 2195 3309 2263 justos
3345 2209 3443 2249 vos

1917 2276 2286 2342 appellaverint
2319 2295 2485 2348 usque
2524 2283 2647 2335 dum
2675 2288 2890 2338 moriar.

2017 2364 2073 2417 V.
2099 2366 2152 2418 5.
2197 2367 2316 2420 Non
2338 2370 2474 2421 enim
2501 2373 2758 2424 dimittam
2810 2373 3153 2426 innocentiam
3184 2389 3370 2426 meam.

1981 2453 2093 2508 Non
2123 2459 2362 2510 omittam
2396 2462 2666 2515 attendere
2692 2461 2912 2529 iustitiae
2939 2477 2952 2512 :
2979 2461 3270 2515 meminero
3299 2476 3442 2515 sem-

1915 2558 2011 2612 per
2033 2547 2313 2613 complecti
2341 2547 2505 2602 illam.

1949 2651 2010 2706 Υ.
2041 2654 2091 2708 6.
2129 2655 2248 2709 Νοη
2273 2661 2405 2710 enim
2449 2661 2574 2712 mihi
2602 2661 2835 2713 conscius
2861 2675 2971 2713 sum
3004 2659 3173 2725 turpia
3203 2656 3402 2723 fecisse.

1977 2783 2163 2854 Magna
2188 2795 2264 2840 est
2301 2787 2546 2854 loqucmli
2577 2789 2792 2842 libertas
2819 2790 2932 2858 ejus
2959 2789 3118 2841 etiam
3147 2788 3317 2856 quoad
3356 2786 3436 2838 vi-

1913 2881 2017 2926 tam
2047 2875 2396 2940 superiorem,
2433 2886 2485 2926 et
2516 2877 2579 2928 de
2621 2877 2685 2928 iis
2713 2891 2830 2944 quae
2861 2877 2932 2929 illi
2975 2884 3265 2928 evenerunt
3289 2873 3433 2927 cala-

251 2973 396 3030 ὥστε
421 2978 590 3030 αὐτὸν
617 2979 795 3030 είπεῖν
813 2993 828 3008 ο
861 2979 942 3030 οὐ
985 2978 1232 3031 σύνοιδα
1258 2977 1485 3046 ἐμαυτῷ
1520 2979 1708 3032 ἄτοπα
1737 2977 1812 3048 (5)

1911 2962 2111 3015 mitatis
2147 2973 2402 3030 tempore,
2440 2979 2602 3030 usque
2626 2979 2690 3018 eo
2713 2975 2770 3018 ut
2798 2965 2974 3018 dicat:
3009 2962 3129 3015 Non
3159 2964 3282 3015 mihi
3310 2979 3434 3014 conc

225 3050 492 3135 ἐρᾶξαι.

894 3155 1047 3207 ΚΕΦ.
1083 3156 1215 3208 κη’.

360 3246 510 3315 Στίχ.
538 3244 633 3298 ιθ.
658 3245 837 3310 Ποῖος
859 3244 928 3298 δὲ
954 3246 1132 3308 τόπος
1161 3245 1329 3296 ἐστὶν
1353 3245 1709 3312 cmonium;

337 3338 646 3406 Ἐπιστήμη
678 3338 711 3405 ἡ
742 3334 968 3405 περιοχὴ
997 3337 1104 3386 τῶν
1130 3334 1385 3398 ὡσαύτως
1423 3335 1649 3404 ἐχόντων
1688 3335 1812 3389 θεω-

259 3428 377 3498 ph;-
409 3425 627 3488 σύνεσις
657 3425 716 3479 δὲ
745 3427 778 3496 ἡ
806 3425 1090 3494 διάκρισις.

257 3604 331 3675 (6)
364 3606 511 3675 Στίχ.
542 3611 625 3658 ιε’.
650 3602 764 3658 Καὶ
797 3605 868 3656 οὐ
913 3602 1270 3675 amandarat
1295 3603 1568 3670 ἀργύριον
1591 3601 1807 3657 ἀντάλ-

842 3675 1041 3740 λαγμα
1071 3670 1274 3738 αὐτῆς.

320 3763 484 3815 Οὐδὲν
517 3761 774 3828 ἀπαξιῶ
801 3763 946 3813 ἐστιν
983 3761 1080 3831 τῆς
1120 3761 1322 3828 σοφίας.
1362 3760 1484 3816 Ἐὰν
1520 3759 1807 3815 ἁπλούστε-

1909 3051 2042 3103 scius
2068 3068 2180 3104 sum
2208 3057 2376 3118 turpia
2417 3052 2614 3120 fecisse.

2464 3140 2613 3194 CAP.
2654 3139 2885 3194 XXVIII.

2099 3230 2160 3283 ν.
2198 3229 2282 3282 12.
2321 3230 2502 3295 Qualis
2528 3241 2697 3284 autem
2717 3230 2859 3283 locus
2881 3240 2955 3282 est
2984 3228 3247 3282 scientia?

1977 3316 2209 3370 Scientia
2257 3327 2339 3372 est
2391 3319 2792 3386 comprehensio
2824 3333 3028 3379 eorum,
3055 3331 3171 3386 quae
3207 3317 3258 3370 in
3285 3316 3433 3371 theo-

1907 3413 1986 3466 ria
2015 3413 2172 3467 simili
2212 3415 2370 3468 modo
2423 3431 2480 3470 se
2522 3416 2718 3469 habent
2750 3433 2762 3467 :
2796 3413 3096 3468 intellectus
3127 3421 3303 3467 autem
3349 3421 3435 3468 est

1905 3505 2151 3558 secretio.

1953 3611 2016 3666 Ϊ.
2052 3613 2136 3666 15.
2167 3612 2231 3665 Et
2259 3628 2361 3666 non
2381 3614 2535 3666 stabit
2565 3623 2829 3680 argentum
2864 3613 3192 3666 commutatio
3217 3612 3377 3666 illius.

1971 3743 2112 3798 Nihil
2144 3754 2225 3799 est
2270 3745 2407 3812 quod
2435 3746 2592 3812 digne
2639 3759 2759 3798 cum
2802 3745 3062 3813 sapientia
3111 3746 3429 3809 commutari

258 3867 346 3921 ρον
379 3855 508 3922 νοῇς
536 3851 599 3904 τὸ
641 3850 904 3920 ἀργύριον
943 3850 1037 3902 καὶ
1082 3849 1141 3901 τὸ
1186 3849 1420 3919 χρυσίον,
1464 3850 1660 3913 εὐθέως
1694 3851 1808 3919 ἐρεῖ

1911 3836 2086 3903 possit.
2124 3835 2178 3888 Si
2203 3835 2496 3902 simplicius
2539 3835 2801 3904 intelligas
2829 3845 3103 3904 argentum
3135 3844 3188 3890 et
3211 3851 3424 3900 aurum,

266 3939 405 4004 Ἰὼϐ,
435 3942 518 3993 ὅτι
547 3941 706 3993 οὐδὲν
733 3937 884 4003 ἄξιόν
908 3941 1024 3992 ἐστι
1045 3939 1140 4008 τῆς
1171 3938 1375 4006 σοφίας.

387 4032 536 4101 Στίχ.
567 4037 665 4094 ις’.
703 4030 800 4083 Ἐν
825 4029 1000 4097 ὄνυχι
1025 4029 1190 4096 τιμίῳ
1219 4026 1316 4080 καί
1342 4029 1664 4096 σαπςρείρῳ.

314 4117 448 4170 οὑδὲ
483 4117 638 4186 δνυχι
681 4115 851 4186 τιμίῳ
881 4117 916 4184 ἡ
960 4115 1118 4182 σοφία
1151 4113 1620 4185 παραϐληθήσεται
1642 4131 1656 4146 ⁶
1690 4115 1800 4168 ἀλλ’

247 4207 365 4260 οὐδὲ
394 4209 453 4260 ὲν
481 4207 776 4275 σαπφείρῳ
814 4205 1136 4274 ίσωθήσεται
1161 4203 1318 4272 αὕτη.

246 4293 394 4363 Στίχ.
423 4303 513 4364 ιη’.
553 4295 836 4361 Μετέαφα
884 4293 980 4345 καὶ
1031 4291 1223 4362 γάὅεις
1260 4295 1331 4345 οὐ
1370 4290 1798 4360 μνησθήσεται.

311 4386 446 4438 οὐδὲ
481 4386 550 4438 τὰ
583 4385 842 4455 μετέωρα
869 4383 995 4446 ἄξιά
1031 4385 1143 4436 ἐστι
1177 4383 1276 4452 τῆς
1311 4385 1516 4452 σοφίας,
1549 4383 1666 4436 οὐδὲ
1705 4382 1800 4449 τάς-

237 4476 347 4539 σις.
379 4478 561 4529 Ἔοικε
589 4477 651 4528 δὲ
687 4475 782 4527 ἐπὶ
820 4474 1126 4544 δυναμένων
1165 4475 1357 4545 τάχθαι
1387 4474 1482 4546 (7),
1522 4473 1682 4525 οἱονεὶ
1709 4489 1794 4538 γι-

235 4565 540 4635 γαρτικῶν.
596 4564 761 4626 Τινὲς
810 4564 870 4616 δέ
916 4573 1096 4630 φασιν,
1140 4564 1221 4616 ὅτι
1263 4560 1426 4628 τὰϐις
1476 4561 1682 4628 λέγεται
1737 4559 1796 4612 τὸ
1827 4559 1842 4578 "

241 4655 501 4726 ὑπερέχον
537 4654 635 4707 τοῦ
663 4652 881 4723 χείλους
911 4653 1004 4706 τοῦ
1043 4653 1310 4722 μεδίμνου,
1344 4652 1372 4704 δ
1395 4651 1628 4728 καλεῖται
1661 4666 1797 4717 κομ-

243 4738 564 4799 μουλᾶτον.

250 4821 386 4898 Στίχ.
411 4836 502 4898 ιη’.
537 4828 652 4882 Καὶ
683 4826 957 4879 ἕλκυσον
987 4823 1201 4891 σοφίαν
1232 4822 1380 4890 ὑπὲρ
1406 4822 1478 4874 τὰ
1511 4823 1791 4878 ἐσώτατα.

314 4919 388 4970 Τὰ
438 4916 719 4971 ὲσώτατα
763 4912 894 4981 περὶ
935 4911 1032 4979 τὴν
1092 4911 1294 4974 Ἰνδίαν,
1340 4910 1372 4980 ἢ
1417 4910 1484 4964 τὰ
1525 4911 1648 4978 περὶ
1698 4911 1794 4979 τὴν

245 4995 494 5057 ὶπέκεινα
549 5002 763 5071 χώραν,
807 4997 940 5050 ἔνθα
987 4998 1087 5050 εἰσὶ
1131 4998 1297 5068 τίμιοι
1344 4996 1497 5049 λίθοι.
1543 4997 1695 5067 Φέρει
1737 4998 1794 5050 δὲ

244 5083 416 5162 btein
463 5094 496 5160 ὴ
542 5090 702 5160 χώρα
746 5089 862 5147 τοῖς
907 5084 1200 5152 ἀνθρώποις
1246 5085 1430 5148 ταῦτα,
1476 5085 1793 5155 νομιζόμενα

245 5181 388 5251 παρὰ
411 5183 522 5242 τοῖς
545 5176 830 5234 πλουσίοις
859 5167 998 5223 εἶναι
1024 5172 1314 5244 Θαυμαστά.
1342 5174 1472 5243 Παρ’
1493 5174 1669 5224 ἐκεῖνα
1702 5170 1790 5226 οὖν

247 5267 308 5320 τὰ
346 5271 592 5322 ὲσώτατα
643 5268 878 5320 ἕλκυσον
927 5263 1008 5326 είς
1061 5266 1248 5318 σαυτὸν
1294 5267 1389 5335 τὴν
1439 5265 1642 5333 σοφίαν.
1686 5267 1787 5333 Ἦ,

248 5354 385 5425 ὑπὲρ
408 5360 479 5412 τὰ
499 5357 798 5414 ἐσώτατα,
824 5353 1244 5425 ὑπεραπόῤῥητα
1268 5357 1332 5408 τὰ.
1357 5355 1498 5408 ἔνδον
1527 5357 1791 5426 μυστήρια

1899 3923 2081 3980 statim
2107 3924 2246 3978 dicet
2270 3922 2368 3977 Job
2387 3965 2402 3988 ,
2438 3925 2564 3976 nihil
2587 3925 2800 3993 dignum
2822 3939 2938 3979 esse
2963 3924 3242 3993 sapientia.

2088 4010 2152 4066 V.
2183 4012 2268 4066 I6.
2293 4011 2359 4065 In
2385 4019 2576 4082 onyche
2608 4014 2854 4080 pretiosa,
2880 4022 2930 4065 et
2962 4015 3222 4080 sapphiro.

1965 4100 2041 4156 Ne
2079 4102 2267 4170 onychi
2294 4102 2504 4170 quidem
2539 4103 2773 4170 pretioso
2803 4103 3106 4158 conferetur
3131 4105 3426 4175 sapientis,

1896 4197 1954 4241 at
1987 4202 2156 4255 neque
2176 4189 2226 4240 in
2252 4189 2502 4257 sapphiro
2533 4189 2830 4256 aequabitur
2854 4192 2986 4258 ipsa.

2003 4275 2070 4330 ν.
2104 4278 2189 4332 18.
2223 4275 2454 4331 Μειευνα
2487 4289 2532 4332 et
2568 4279 2722 4346 gabes
2749 4295 2849 4331 non
2879 4282 3312 4339 memorabuntur.

1966 4366 2040 4422 Ne
2066 4377 2298 4422 tneteora
2330 4369 2540 4432 quidem
2575 4369 2730 4436 digna
2782 4378 2904 4422 sunt
2939 4372 3219 4438 sapientia,
3249 4389 3420 4446 neque

1895 4457 2062 4524 gabis.
2100 4445 2314 4511 Videtur
2357 4473 2452 4526 pro
2484 4458 2778 4511 valentibus
2827 4462 3048 4527 positam
3081 4461 3265 4529 fuisse,
3292 4476 3416 4532 puta

1898 4548 2183 4602 acinaceis.
2238 4549 2460 4616 Quidam
2517 4551 2720 4616 dicunt,
2760 4553 2902 4620 gabis
2954 4557 3128 4607 vocari
3177 4558 3418 4624 superio-

1900 4652 2008 4690 rem
2042 4647 2244 4704 partem
2277 4639 2401 4694 lahii
2445 4641 2728 4706 medimni,
2759 4645 2900 4709 quod
2951 4644 3146 4698 dicitur
3183 4648 3420 4701 cumula-

1897 4737 2003 4781 tum
2031 4727 2126 4798 (8).

2071 4817 2130 4870 ν.
2166 4817 2249 4870 18.
2287 4817 2352 4872 Et
2384 4818 2526 4871 trahe
2548 4821 2851 4887 sapientiam
2870 4840 3018 4892 super
3038 4827 3240 4882 intima.

1966 4904 2180 4969 Inlima,
2214 4907 2500 4972 ludiarum,
2519 4909 2600 4961 vel
2621 4909 2929 4970 ulteriorum
2956 4917 3222 4984 regionum
3251 4919 3417 4984 signi-

1896 4995 2191 5049 Iicationem
2256 4995 2432 5060 habet,
2489 4998 2577 5052 ubi
2614 5011 2738 5054 sunt
2771 5002 2969 5069 lapides
3021 5007 3259 5074 pretiosi.
3291 5008 3414 5062 Fert

1896 5095 2069 5138 autem
2105 5084 2258 5139 tellus
2290 5086 2376 5139 illa
2401 5087 2583 5142 isthazc
2608 5091 2932 5160 hominibus,
2960 5112 3077 5164 quae
3106 5099 3243 5165 apud
3275 5101 3411 5151 divi-

1898 5185 1972 5228 tes
1999 5184 2309 5244 reputantur
2335 5191 2454 5232 esse
2478 5179 2756 5238 mirabilia.
2786 5183 2988 5237 Praeter
3027 5186 3112 5238 illa
3147 5186 3309 5254 igitur
3333 5187 3412 5239 in-

1894 5265 2018 5316 tima
2058 5266 2207 5321 trahe
2250 5268 2315 5320 ad
2369 5276 2420 5321 te
2461 5269 2800 5336 sapientiam.
2833 5272 2958 5340 γει,
2987 5289 3139 5341 super
3173 5275 3355 5325 intima
3388 5288 3408 5328 :

1891 5356 2178 5410 InetTabilia
2226 5368 2351 5412 sunt
2395 5361 2612 5415 omnino
2663 5364 2872 5417 interna
2927 5364 3173 5432 mysteria
3225 5369 3417 5417 sancta

309 5469 418 5537 (98)
453 5469 587 5522 Cod.
618 5481 740 5526 ut,
779 5461 1128 5532 προσθῶμεν.
1164 5467 1218 5520 In
1248 5467 1585 5535 sequentibus
1606 5465 1788 5520 confer

1911 5465 2190 5537 inlimis
2209 5483 2330 5534 μου.

248 5539 563 5674 ωἶῶῗδοάο
605 5614 719 5674 ξιξ,
749 5595 1033 5674 πλκράνας
1059 5597 1145 5654 hic
1168 5612 1220 5656 et
1249 5601 1402 5655 inira.

324 5663 493 5740 D'Hic
521 5685 576 5725 ν.
623 5669 646 5719 1
684 5667 740 5717 in
783 5663 1005 5740 Graeco.

293 5723 370 5812 es
392 5723 571 5812 riam:
598 5723 944 5812 συγκατεξΞῷ

1957 5535 2032 5602 (4)
2081 5534 2402 5586 Ἀδέσποτον.

1949 5604 2026 5671 (5)
2058 5602 2186 5657 Cod.
2219 5618 2329 5666 ut,
2363 5603 2571 5655 ἄτοπον.

1951 5670 2030 5738 (6)
2053 5671 2206 5724 Deest
2235 5671 2284 5738 in
2315 5671 2430 5723 cod.
2455 5685 2569 5724 ιιι.

1953 5737 2029 5804 (7)
2053 5737 2335 5806 Τετάχθαι,
2367 5753 2429 5790 ex
2460 5741 2575 5791 cod.
2611 5754 2722 5793 χχι.

396 5793 728 5880 ὲῇωηιπίι.
758 5835 774 5861 ,
840 5793 1454 5888 οὒκνᾴὲπιστήσομαιξσ.
1511 5801 1634 5872 ἀπὸ)
1683 5802 1778 5877 τῆς

1949 5793 2024 5875 (δῖ
2056 5793 2418 5879 ίιεῦιίίϐιὲιε,
2448 5810 2568 5860 unio
2600 5802 2992 5871 autcrystallus.

1847 5922 1909 5936 ..οὔ
