3922 6454
542 463 602 518 91
1398 445 1938 506 SUPI’LEMENTUM
1977 444 2085 513 AD»
2102 441 2415 499 ORIGENIS
2447 427 2846 494 EXEGETICA.
3719 421 3788 476 92

551 577 636 633 Dt'i
658 598 672 645 ;
692 593 845 648 super
873 577 1119 646 pleraque
1143 573 1317 627 omnia
1347 573 1509 636 entia,
1540 570 1686 622 trahe
1729 565 2067 636 sapientiam.
2099 631 2100 637 κ

2236 582 2238 612 ;
2276 562 2402 630 ἆγια
2428 559 2517 612 τοῦ
2545 559 2697 612 Θεοῦ’
2732 559 2867 628 ὑπὲρ
2899 555 3072 610 πάντα
3117 547 3304 603 πολλὰ
3335 546 3502 606 ὄντα,
3545 541 3785 594 ἕλκυσον

2175 649 2271 719 τὴν
2316 649 2520 717 σοφίαν.

857 753 918 808 V.
953 754 1012 806 9-1
1027 790 1040 805 .
1086 752 1253 804 Latuit
1270 769 1467 805 omnem
1489 753 1766 804 hominem.
2380 738 2406 788 Σ

2380 737 2522 803 Στίχ.
2547 741 2648 786 κα’.
2677 731 2898 796 Λέληθε
2946 725 3150 777 πάντα
3192 721 3559 786 ἄνθρωπον.

619 845 801 900 Latuit
839 859 1046 897 omnem
1096 842 1383 906 hominem,
1408 842 1522 895 sive
1551 843 1803 909 propheta
1846 834 1935 902 sit,
1967 839 2078 890 sive

2244 825 2441 894 Δέληθε
2481 825 2650 876 πάντα
2695 820 2988 888 ἄνθρωπον,
3035 812 3147 865 κᾶν
3195 807 3633 883 προφήτηςτῇ,
3676 815 3781 871 κᾶν

554 933 841 1001 apostolus.

2176 913 2478 978 ἀπόστολος.

1125 1020 1273 1075 CAP.
1316 1020 1501 1075 XXIX.
1527 1055 1530 1058 η

2779 995 2931 1047 ΚΕΦ.
2971 993 3103 1046 KG’.

552 1131 618 1186 ν.
659 1132 708 1186 6.
753 1133 969 1197 Quando
994 1132 1388 1200 effundebantur
1425 1134 1522 1185 viae
1548 1148 1672 1186 mem
1698 1131 1932 1198 butyrum
1980 1129 2075 1198 (9).

2247 1114 2390 1182 Στίχ.
2431 1117 2502 1175 ς’.
2539 1111 2664 1161 Ὅτε
2692 1107 2929 1174 ἑχέοντό
2947 1123 3067 1172 μου
3097 1105 3163 1154 αἱ
3197 1100 3334 1153 ὁδοὶ
3353 1101 3699 1166 βούτυρον.

622 1189 898 1275 Praeiocuti
951 1189 1135 1275 sumus
1185 1221 1249 1275 de
1301 1223 1398 1276 viis
1431 1221 1549 1285 Job,
1581 1237 1710 1289 quas
1755 1189 2080 1282 ambulabat,

2249 1202 2648 1271 Προειρήκαμεν
2685 1196 2808 1264 περὶ
2841 1195 2949 1246 τῶν
2991 1193 3133 1246 ὁδῶν
3171 1191 3275 1243 τοῦ
3321 1189 3478 1252 Ἰὼϐ,
3510 1189 3580 1251 ἃς
3605 1189 3775 1243 ὥδευ-

553 1325 644 1365 eas
680 1312 902 1365 virtutes
933 1311 1114 1366 fuisse.
1149 1313 1609 1366 Perfundebantur
1641 1327 1768 1378 ergo
1812 1312 1908 1363 viae
1942 1310 2081 1362 illius

2230 1313 2271 1347 εν
2302 1293 2429 1363 (10),
2462 1293 2540 1344 ὅτι
2566 1291 2751 1361 ἀρεταὶ
2769 1284 2925 1357 ἦσαν.
2963 1287 3222 1355 Ἑχέοντο
3255 1281 3356 1337 οὖν
3373 1286 3433 1336 αἱ
3469 1284 3586 1335 ὁδοὶ
3610 1283 3779 1336 αὑτοῦ

447 1447 452 1452 .
555 1400 767 1474 butyro.
799 1400 1115 1454 Ambulabat
1146 1402 1447 1468 prudentia,
1486 1416 1548 1453 ac
1575 1375 1961 1468 quodammodo

2225 1383 2436 1452 autdptp,
2464 1381 2623 1432 ὥδευε
2652 1379 2746 1449 τὴν
2774 1376 3155 1448 σωφροσύνην,
3191 1377 3293 1428 καὶ
3330 1375 3506 1426 οἱονεὶ
3528 1375 3712 1442 ἐχεῖτο
3741 1375 3774 1442 ἡ

555 1462 868 1543 fundebatur
942 1462 1242 1558 prudentia,
1273 1462 1440 1557 usque
1467 1462 1607 1542 adeo
1632 1499 1687 1540 ut
1726 1487 1871 1539 multi
1910 1488 2079 1538 nutri-

2228 1472 2514 1543 υφροσύνη,
2554 1471 2628 1532 ὡς
2665 1469 2885 1531 πολλοὺς
2924 1466 3231 1538 τρέφεσθαι
3265 1465 3368 1516 καὶ
3412 1464 3529 1516 τῶν
3564 1462 3777 1532 νηπίων

555 1588 742 1632 rentur
769 1551 1033 1634 etiam-ex
1069 1551 1307 1646 parvulis
1333 1551 1398 1630 ab
1428 1579 1537 1645 ipsa
1571 1577 1848 1646 prudentia
1879 1574 2017 1638 Jobi,
2054 1589 2084 1628 a

2228 1562 2288 1613 πο
2319 1562 2414 1630 τῆς
2444 1557 2786 1626 σωφροσύνης
2811 1555 2902 1606 τοῦ
2942 1554 3088 1615 Ἰὼϐ,
3131 1552 3248 1605 άπὸ
3281 1552 3389 1621 τῆς
3420 1551 3777 1620 δικαιοσύνης

551 1669 759 1736 justitia
789 1667 928 1731 Jobi,
962 1684 988 1720 a
1039 1642 1377 1721 fortitudine.
1438 1642 1585 1721 istud
1615 1666 1753 1719 enim
1800 1665 2082 1734 signiﬁcat,

2226 1651 2272 1704 >ῦ
2309 1650 2446 1712 Ἰὼϐ,
2487 1650 2592 1701 ἀπὸ
2626 1647 2723 1716 τῆς
2757 1646 3019 1714 ἀνδρείας.
3064 1643 3249 1696 Τοῦτο
3287 1642 3404 1712 γάρ
3434 1643 3612 1694 ἐστιν’
3640 1643 3775 1695 ’Ὅτε

558 1756 783 1822 Quando
808 1758 1203 1825 cﬂ'undebantur
1231 1758 1322 1810 uia:
1357 1773 1481 1812 mea:
1503 1756 1710 1824 butyro.

1575 1766 1710 1824 lyra.
2184 1741 2418 1810 ἐχέοντο
2441 1742 2497 1792 αἱ
2530 1738 2654 1792 ὁδοί
2670 1755 2784 1806 μου
2816 1736 3116 1800 βουτύρῳ.

649 1849 710 1902 ν.
741 1849 790 1902 6.
825 1820 1024 1901 lliontes
1059 1859 1226 1900 autem
1257 1849 1352 1902 mei
1383 1820 1830 1913 perfundebantur
1855 1846 2008 1901 lacte.
2114 1905 2156 1926 n

2242 1831 2348 1900 (11)
2375 1829 2518 1898 Στίχ.
2556 1835 2626 1892 ς’.
2672 1827 2746 1880 Τὰ
2773 1825 2839 1878 δὲ
2873 1825 2975 1891 ὄρη
2999 1840 3127 1891 μου
3167 1821 3431 1889 ἐχέοντο
3455 1820 3737 1926 γάλακτι.

623 1937 957 2004 Quaecunque
1004 1947 1160 1990 erant
1207 1937 1456 1989 sublimia
1505 1937 1732 2006 cogitata
1757 1947 1810 1991 et
1835 1937 2079 2006 grandia,
2114 1905 2158 1961 Β

2253 1920 2390 1970 Ὅσα
2418 1914 2484 1988 ἦν
2511 1916 2683 1986 ὑψηλὰ
2703 1918 2943 1984 νοήματα
2967 1913 3064 1964 καὶ
3093 1911 3339 1980 μεγάλα,
3363 1909 3547 1963 ταῦτα
3578 1905 3646 1978 ἦν
3671 1908 3767 1980 ὅρη

556 2023 671 2078 haec
705 2032 858 2077 erant
886 2033 1090 2077 montes
1129 2023 1249 2088 Job,
1281 2025 1333 2078 in
1363 2040 1496 2093 quos
1535 2005 1876 2080 ascendebat.

1390 2040 1496 2093 [nos
1535 2005 1876 2080 aScendebat.
2181 2008 2273 2062 τοῦ
2302 2007 2438 2071 Ἰὼϐ,
2473 2009 2554 2078 ἐφ’
2582 2006 2617 2059 ἃ.
2648 2005 2939 2058 ἀνέϐαινεν.

663 2113 722 2166 ν.
760 2113 813 2165 7.
858 2113 1077 2176 Quando
1106 2113 1404 2167 incedebam
1432 2123 1633 2168 erectus
1659 2115 1712 2166 in
1752 2115 1978 2167 civitate.
2185 2113 2201 2182 (

2214 2114 2294 2182 12)
2327 2113 2469 2184 Στίχ.
2503 2113 2564 2175 ζ’.
2600 2113 2724 2163 Ὅτε
2753 2109 3204 2177 ἐξεπορευόμην
3233 2109 3440 2176 ὄρθιος
3468 2109 3542 2161 ἐν
3569 2110 3762 2162 πόλει.

627 2203 888 2254 doctrinae
939 2203 1166 2255 vacabat
1209 2215 1262 2257 et
1308 2204 1546 2267 utilitati,
1579 2206 1823 2272 loquens,
1865 2220 1970 2257 non
2027 2214 2085 2256 ut

2249 2202 2568 2272 Διδασκαλία
2610 2200 2858 2270 ἐσχόλαζε
2904 2201 2996 2252 καὶ
3038 2200 3313 2270 ὠφελείᾳ,
3344 2199 3526 2270 ἐρῶν,
3564 2202 3664 2268 οὐχ
3693 2201 3765 2263 ὡς

557 2304 740 2342 amans
778 2289 881 2355 sui,
919 2292 1010 2345 sed
1058 2300 1117 2346 ut
1145 2294 1445 2350 charitatem
1479 2292 1703 2360 habens,
1739 2309 1854 2362 qua:
1898 2295 2085 2361 quaerit

2212 2295 2451 2356 ›ίλαυτος,
2490 2292 2600 2346 ἀλλ’
2628 2292 2700 2354 ὡς
2729 2292 2943 2360 ἀγάπην
2985 2290 3132 2359 ἔχων
3171 2289 3454 2359 ζητοῦσαν
3504 2291 3566 2342 τὸ
3612 2294 3761 2364 κοινῇ

557 2397 832 2440 commune
855 2387 1069 2441 bonum.

927 2403 1069 2441 num.
2185 2386 2471 2455 συμφέρον.

868 2475 930 2527 ν.
961 2475 1012 2528 9.
1044 2474 1272 2543 Digitum
1319 2476 1632 2543 imponentes
1677 2478 1774 2529 ori.
2221 2475 2330 2545 (15)
2361 2476 2417 2525 Σι

2221 2475 2330 2545 (15)
2361 2475 2512 2543 Στίχ.
2543 2474 2606 2525 θ’.
2637 2473 2933 2525 Δάκτυλον
2959 2471 3278 2536 ἐπιθέντες
3306 2471 3411 2523 ἐπὶ
3433 2474 3704 2539 στόματι.

631 2563 852 2618 Videtur
880 2579 1009 2616 sane
1042 2576 1097 2618 et
1133 2565 1387 2619 indicium
1419 2581 1538 2619 esse
1575 2566 1769 2620 silentii
1793 2567 1911 2632 hoc,
1935 2566 2086 2636 Digi-

2253 2565 2396 2628 Δόξει
2423 2565 2516 2633 μὲν
2541 2561 2631 2616 οῦν
2652 2564 2744 2617 καὶ
2770 2564 2989 2632 σημεῖον
3016 2558 3157 2613 εἶναι
3185 2561 3268 2624 τὸ,
3305 2561 3622 2614 Δάκτυλον
3643 2561 3758 2614 ἐπι.

562 2657 667 2704 tum
710 2653 1018 2720 imponentes
1065 2654 1146 2706 ori
1200 2670 1312 2706 suo.
1369 2654 1550 2708 Facile
1598 2665 1772 2709 autem
1827 2657 2086 2720 declarat,

2202 2654 2384 2719 ἳέντες
2402 2654 2496 2706 ἐπὶ
2521 2654 2760 2720 στόματι
2777 2650 2994 2712 αὐτῶν,
3029 2653 3270 2722 σιωπῆς.
3305 2652 3462 2721 Τάχα
3484 2653 3540 2704 δὲ
3572 2653 3720 2720 δηλοῖ
3738 2691 3751 2714 ,

561 2742 682 2810 quia
729 2757 912 2796 manus
950 2758 1044 2812 pro
1075 2745 1324 2812 operibus
1355 2745 1636 2812 accipitur,
1664 2746 1802 2814 quod
1829 2761 1966 2812 saepe
2002 2761 2092 2800 os-

2207 2745 2306 2795 ;nsi.
2333 2746 2365 2812 ἡ
2385 2745 2500 2812 χεὶρ
2514 2744 2627 2795 ἀντὶ
2645 2741 2814 2810 ἔργων
2841 2739 3206 2808 λαμϐάνεται,
3233 2742 3312 2804 ὡς
3341 2741 3605 2803 πολλάκις
3625 2741 3756 2792 ἐδεί-

475 2819 483 2828 ’
563 2833 849 2897 tendimus,
900 2833 1022 2900 quia
1055 2847 1188 2898 opus
1234 2847 1392 2886 suum
1443 2834 1522 2887 ori
1569 2835 1937 2902 imposuerint,
1965 2849 2022 2888 se

2200 2835 2386 2902 Ξαμεν,
2442 2834 2521 2885 ὅτι
2564 2831 2623 2883 τὸ
2666 2831 2820 2902 ἔργον
2859 2831 3042 2884 αὐτῶν
3087 2831 3373 2901 ἐπέθηκαν
3411 2834 3505 2886 ἐπὶ
3563 2835 3749 2903 στόμα,

564 2922 755 2974 tientes
805 2922 856 2974 in
900 2921 1093 2990 exiguo
1133 2937 1311 2991 opere,
1353 2923 1490 2990 quod
1526 2938 1629 2976 non
1657 2933 1779 2978 sunt
1825 2925 1966 2991 digni
2001 2925 2088 2993 qui

2200 2925 2556 2987 ιὶσθανθέντες
2591 2925 2646 2974 ἐν
2700 2922 2860 2990 ὀλίγῳ
2905 2921 3076 2991 ἔργῳ,
3130 2923 3215 2974 ὅτι
3268 2924 3371 2975 οὐκ
3422 2926 3564 2976 εἰσὶν
3616 2924 3749 2989 ἄξιοι

563 3010 870 3079 loquantur,
911 3023 1172 3081 praesente
1219 3011 1351 3077 Job,
1400 3014 1489 3080 qui
1534 3025 1692 3081 opera
1748 3014 1948 3082 majora
1997 3030 2089 3083 pa-

2201 3016 2280 3068 τοῦ
2321 3015 2512 3076 λαλεῖν,
2557 3014 2815 3084 παρόντος
2855 3011 2947 3063 τοῦ
3005 3011 3150 3075 Ἰὼϐ,
3200 3013 3428 3082 μείζονα
3476 3014 3612 3085 ἔργα
3659 3030 3750 3066 πεπρ

565 3101 742 3153 travit.

2192 3105 2485 3174 ποιηκότος.

666 3189 728 3243 ν.
766 3189 852 3243 10.
887 3189 977 3243 Illi
1013 3205 1129 3242 vero
1164 3190 1450 3253 audientes,
1490 3191 1848 3258 beatiﬁcabant
1889 3209 1988 3248 me.
2119 3214 2160 3270 ο

2144 3214 2160 3269 χ
2247 3195 2352 3264 (14)
2382 3193 2524 3262 Στίχ.
2558 3199 2609 3244 ι’.
2643 3194 2705 3244 Ol
2729 3190 2792 3242 δὲ
2819 3191 3198 3258 ἀκούσαντες
3219 3193 3592 3261 ἐμαώρισὰν
3601 3210 3693 3261 με.

573 3279 576 3282 ’
633 3278 906 3347 Ejusdem.
939 3278 1117 3346 Usque
1147 3280 1279 3332 adeo
1311 3295 1538 3347 magnus
1575 3291 1832 3336 eratcum
1869 3284 2089 3338 necdum

2264 3284 2370 3340 Τοῦ
2397 3282 2598 3338 αὑτοῦ.
2629 3280 2886 3334 Τοσοῦτον
2910 3278 2980 3351 ἦν
3005 3284 3096 3334 ὅτε
3127 3285 3344 3336 οὐδέπω
3384 3283 3743 3348 ἐϐασανίζετο,

562 3376 872 3427 vexaretur,
901 3376 958 3418 ut
985 3369 1075 3434 qui
1110 3383 1228 3419 eum
1255 3369 1549 3434 audissent,
1580 3371 1792 3425 beatum
1841 3374 2094 3442 praedica-

2198 3379 2326 3431 ὥστε
2347 3378 2394 3428 οἱ
2415 3373 2692 3434 ἀκούοντες
2715 3371 2873 3423 αὐτοῦ
2899 3373 3242 3444 ἐμακάριζον
3275 3375 3456 3437 αὐτὸν,
3484 3375 3578 3428 καὶ
3596 3371 3747 3427 sese.

564 3455 694 3508 bant
728 3456 912 3518 illum;
948 3467 999 3506 et
1031 3457 1457 3521 admirabantur,
1489 3473 1719 3527 quonam
1752 3465 1906 3518 modo
1947 3473 2093 3520 tanta

2194 3465 2380 3538 μαζον,
2405 3463 2522 3516 τίνα
2546 3463 2741 3532 τρόπον
2763 3459 2830 3512 τὰ
2862 3461 3104 3514 τοσαῦτα
3133 3467 3246 3516 νοεῖ
3275 3466 3370 3516 καὶ
3397 3463 3741 3532 καταλαμϐά-

566 3542 814 3611 intelligit
845 3553 903 3596 et
935 3544 1358 3614 comprehendit,
1387 3561 1449 3602 ac
1487 3556 1662 3617 potest
1704 3551 1980 3607 auditores
2002 3553 2093 3622 ju-

1864 3566 1980 3607 Dres
2002 3553 2093 3622 ju-
2191 3573 2288 3619 νει,
2322 3555 2414 3607 καὶ
2444 3553 2660 3605 δύναται
2691 3553 2814 3612 τοὺς
2839 3551 3136 3615 ἀκούοντας
3165 3553 3413 3622 ὠφελεῖν.

566 3647 714 3690 vare.

741 3718 810 3778 Υ.
846 3719 932 3775 10.
961 3720 1094 3789 Quia
1124 3722 1308 3806 ling‘ua.
1328 3741 1504 3779 eorum
1530 3728 1725 3796 gutturi
1747 3745 1926 3784 eorum
2194 3735 2290 3803 Erl

2194 3735 2340 3806 Στίχ.
2368 3741 2417 3788 ι’.
2453 3734 2578 3786 Ὀτι
2613 3731 2860 3806 γλῶσσα
2893 3730 3098 3806 (abacis-
3133 3731 3216 3797 τῷ
3249 3733 3507 3804 λάρυγγι
3552 3731 3742 3786 αὐτῶν

1109 3795 1435 3861 agglutinata
1457 3795 1550 3849 est.
2289 3795 2319 3806 "
2621 3795 2631 3800 ⁷

2289 3795 2319 3806 ”
2621 3795 2631 3800 ⁷
2803 3801 3131 3869 ἐκολλήθη.

637 3878 977 3933 Audientium
1007 3897 1112 3944 me,
1138 3892 1192 3934 et
1223 3884 1428 3938 beatum
1459 3889 1856 3954 predicantium
1885 3901 2100 3962 propter

2262 3873 2695 3946 Τῶνάκουόντων
2726 3905 2824 3957 μου
2845 3889 2941 3940 καὶ
2969 3888 3382 3960 μακαριζόντων
3416 3891 3502 3958 ἐφ’
3533 3884 3612 3954 οἷς
3635 3888 3742 3941 ἔλε-

571 3981 633 4022 ea
664 3983 783 4037 quae
813 3967 1090 4037 loquebar,
1123 3971 1301 4042 lingua
1330 3976 1531 4042 gutturi
1557 3979 1881 4046 agglutinata
1909 3989 2027 4046 est.f

1706 3979 1881 4032 atinata
1909 3989 2027 4046 est.f
2195 4000 2309 4052 γον,
2327 3985 2360 4053 ἡ
2385 3980 2600 4049 γλῶσσα
2616 3977 2694 4048 τῷ
2717 3977 2948 4047 λάρυγγι
2971 3978 3255 4049 ἐκολλήθη.

607 4057 670 4110 ν.
704 4059 787 4111 11.
818 4058 952 4123 Quia
990 4059 1227 4114 auricula
1273 4064 1490 4129 audivit,
1535 4076 1580 4117 et
1617 4069 1928 4134 beatiﬁcauit
1964 4085 2062 4123 me.

2197 4072 2476 4145 (15)Στίχ.
2499 4077 2582 4123 ια’.
2611 4069 2727 4121 ’Ότι
2743 4069 2917 4121 ὠτίον
2928 4067 3180 4136 ἤκουσε,
3202 4068 3627 4137 καὶέμακάρισέ
3647 4083 3736 4136 με.

644 4147 916 4214 Ejusdem.
957 4147 1109 4204 Sicut
1167 4156 1230 4206 de
1277 4153 1459 4223 Moyse
1503 4156 1763 4222 scriptum
1789 4167 1909 4225 _est,
1959 4160 2102 4229 quod

2277 4161 2384 4218 Τοῦ
2411 4158 2610 4214 αὐτοῦ.
2635 4158 2840 4224 Ὥσπερ
2861 4156 3168 4226 γέγραπται
3193 4159 3321 4228 περὶ
3336 4157 3428 4209 τοῦ
3455 4156 3736 4216 Μωῦσέως,

571 4239 896 4292 revertebatur
917 4242 1139 4309 aspicere
1162 4254 1342 4296 contra
1377 4244 1538 4297 Deum
1564 4246 1630 4308 ⁷⁵,
1663 4256 1879 4314 propter
1920 4264 2104 4304 exces-

2204 4250 2285 4303 δτι
2312 4247 2618 4316 ηὑλαϐεῒτο
2652 4245 3046 4313 κατεμσλέψαι
3085 4249 3447 4300 κατενώπιον
3469 4247 3570 4300 τοῦ
3595 4243 3734 4298 Θεοῦ

573 4342 689 4382 eum
717 4330 1020 4397 spiertcoris
1053 4333 1258 4399 ipsius:
1290 4335 1366 4387 sic
1397 4334 1602 4403 cogites
1635 4336 1813 4401 velim,
1841 4339 1980 4404 quod
2008 4354 2104 4394 ex-

2204 4346 2289 4394 διὰ
2325 4339 2423 4408 τὴν
2463 4335 2758 4406 ὑπερϐολὴν
2798 4335 2894 4404 τῆς
2932 4336 3311 4408 λαμπρότητος
3355 4337 3536 4390 αὐτοῦ’
3572 4335 3735 4392 οὕτως

575 4429 758 4470 cessus
783 4427 899 4470 erat
923 4418 1038 4474 Jobi
1083 4421 1354 4488 profectus
1383 4423 1435 4475 in
1468 4422 1733 4488 sapientia
1761 4442 1776 4489 ;
1811 4426 1880 4477 ita
1917 4436 1976 4480 ut
2014 4428 2103 4495 qui

2201 4432 2391 4501 νοήσας
2432 4426 2539 4496 (16)
2581 4425 2666 4489 ἂν,
2701 4425 2781 4478 ὅτι
2823 4425 3098 4496 ὑπερϐολὴ
3133 4421 3200 4496 ἦν
3247 4424 3525 4495 προκοπῆς
3562 4422 3659 4490 τῆς
3687 4421 3739 4471 ἐν

575 4505 674 4573 ipsi
705 4508 1094 4572 auscultabant,
1128 4527 1228 4564 non
1259 4522 1482 4578 possent
1521 4513 1688 4564 aciem
1739 4514 2015 4570 intendere
2049 4517 2102 4570 in

2208 4521 2364 4590 σοφίᾳ
2391 4517 2481 4570 τοῦ
2522 4516 2658 4580 Ἰὼϐ,
2694 4515 2832 4569 ὥστε
2871 4515 2997 4578 τοὺς
3031 4515 3326 4578 ἀκούοντας
3352 4513 3513 4568 αὐτοῦ
3553 4513 3624 4582 μὴ
3651 4508 3737 4561 δύ-

575 4598 836 4670 fulgorem
872 4605 1197 4672 cogitatuum
1249 4605 1411 4659 illius.
1469 4604 1619 4670 Quod
1673 4619 1792 4658 cum
1847 4620 1950 4659 non
1982 4616 2104 4674 pos-

2201 4609 2389 4678 t:an
2429 4609 2614 4678 ἐνορᾷν
2656 4609 2720 4677 τῇ
2755 4609 3085 4678 μαρμαρυγῇ
3112 4607 3220 4659 τῶν
3241 4605 3520 4675 νοημάτων
3552 4596 3735 4660 αὐτοῦ.

533 4718 538 4725 ·
574 4700 714 4755 seut,
745 4691 937 4746 idcirco
971 4694 1309 4748 declinabant
1337 4696 1524 4750 oculos
1551 4709 1696 4757 suos,
1735 4709 1837 4748 non
1871 4695 2082 4749 valente:

2203 4701 2294 4753 καὶ
2327 4698 2398 4768 μὴ
2437 4697 2759 4767 δυναμένους
2785 4697 2870 4749 διὰ
2898 4697 3055 4751 τοῦτο
3078 4696 3342 4750 ἐκκλίνειν
3390 4695 3513 4755 τοὺς
3544 4687 3734 4758 ὀφθαλ-

575 4786 945 4841 obsecundare
976 4785 1324 4854 profunditati
1378 4785 1720 4855 cogitationis
1771 4786 1931 4840 illius.
1970 4785 2102 4840 Pro-

2206 4790 2337 4859 μοὺς
2365 4787 2557 4852 αὐτῶν,
2592 4786 2664 4856 μὴ
2690 4785 3222 4858 παρακολουθοῦντας
3248 4787 3314 4854 τῇ
3337 4780 3603 4851 βαθυτάτῃ
3632 4774 3733 4847 (17)

574 4885 756 4946 pterea
789 4875 918 4928 dicit
943 4897 956 4929 :

2202 4879 2300 4948 τῆς
2326 4876 2556 4938 διανοίας
2577 4875 2756 4929 αὐτοῦ.
2787 4874 2884 4928 Διὰ
2909 4875 3062 4928 τοῦτο
3091 4875 3259 4943 λέγει’

704 4962 770 5019 V.
805 4964 889 5016 11.
924 4963 1118 5016 Oculus
1143 4972 1312 5016 autem
1342 4979 1420 5015 me
1449 4963 1624 5016 ridens
1651 4965 1964 5020 declinabat.
2234 4982 2253 5018 ‘t

2234 4967 2358 5037 ’(18)
2384 4967 2526 5035 Στίχ.
2559 4972 2644 5018 ια’.
2687 4963 3011 5032 Ὀφθαλμὸς
3039 4962 3104 5016 δέ
3126 4980 3203 5032 με
3231 4960 3369 5014 ἰδὼν
3387 4959 3703 5023 ἐξέκλινεν.

649 5052 842 5121 Aquila
873 5063 927 5104 et
965 5052 1336 5122 Symmachus,
1375 5052 1610 5107 Testatus
1653 5066 1724 5108 est
1755 5059 1816 5109 de
1847 5075 1944 5121 me,
1989 5059 2102 5112 edi-

2287 5059 2345 5110 'O
2370 5057 2466 5127 μὲν
2491 5055 2714 5116 Ἀκύλας
2741 5055 2834 5106 καὶ
2851 5053 3160 5122 Σύμμαχος,
3203 5052 3592 5119 Ἐμαρτύρησε
3609 5040 3732 5108 περὶ

578 5145 790 5199 derunt.
819 5143 918 5195 Alii
948 5157 1094 5207 vero,
1128 5140 1321 5195 Oculus
1360 5154 1532 5196 autem
1565 5147 1739 5199 videns
1774 5147 2105 5203 declinabat:

2209 5146 2372 5215 ἐμοῦ,
2400 5143 2763 5197 ἐκδεδιῦκασιν·
2801 5142 2975 5211 ἕτεροι
2999 5141 3073 5203 δὲ,
3126 5137 3453 5207 Ὀφθαλμὸς
3491 5134 3557 5187 δὲ
3601 5129 3735 5184 ἰδὼν

581 5233 721 5304 quod
750 5242 852 5294 est,
883 5247 985 5287 n0n
1025 5231 1198 5285 valeat
1222 5233 1608 5288 contradicere.

2209 5233 2527 5297 ἐξέκλινεν,
2548 5231 2662 5282 ἀντὶ
2692 5228 2803 5280 τοῦ·
2841 5230 2950 5282 Οὐκ
2979 5228 3140 5297 ἰσχύω
3157 5228 3287 5298 (18⁸)
3314 5225 3591 5280 ἀντειπεῖν.

650 5343 696 5378 ’⁸
723 5343 889 5396 Exod.
927 5359 1006 5407 ιιι,
1033 5344 1085 5396 6.

653 5457 734 5527 (9)7
757 5455 808 5510 Id
838 5467 917 5510 est
938 5457 1072 5509 κατὰ
1095 5455 1373 5527 βούτυρον,
1408 5454 1609 5522 butyro.

1408 5454 1609 5522 butyro.
2288 5457 2397 5527 (i5)
2429 5457 2579 5527 l_)eest
2615 5458 2808 5527 incoli.
2837 5473 2945 5509 χχι.

658 5524 769 5597 (10)
801 5527 933 5597 Qud.
959 5524 1410 5597 xx1,_6tt()6_suo_ev.__

2285 5526 2396 5597 (111)
2421 5525 2463 5597 Ε
2469 5537 2584 5581 orte
2601 5526 2866 5597 νοήσειας,
2899 5525 2979 5578 vel
3010 5525 3239 5594 νοήσαις.

659 5543 769 5590 (τυ)
801 5543 933 5580 non.
959 5543 1066 5588 XXI,
1089 5543 1382 5576 οιωοευσεν.

659 5596 770 5668 (ii)
798 5596 954 5668 pnus
976 5595 1108 5668 ‘cod.
1147 5593 1329 5668 tribuit.
1353 5590 1810 5668 gltrxsostomo.m

1335 5543 1382 5575 ν.
2285 5543 2396 5597 (ιο)
2425 5543 2452 5578 ιε
2469 5543 2584 5581 orte
2601 5543 2866 5644 νοηὶσειας,

1353 5590 1810 5668 Eunomus»...
2283 5595 2393 5668 υἱ)
2419 5594 2676 5668 εστιοεα
2713 5594 2884 5668 ύτηεμ

657 5658 768 5730 (ιε)
797 5665 949 5716 Deest
975 5664 1027 5715 in
1067 5663 1183 5714 cod.
1215 5677 1330 5730 χχι.
1351 5658 1555 5730 Similia
1588 5658 1955 5730 apugpiymp.

1454 5658 1555 5710 tilia
1588 5658 1955 5730 upugpiymp.
2285 5658 2392 5730 (l8)
2423 5665 2475 5716 In
2503 5658 2622 5716 cod.
2651 5678 2760 5723 XXI,
2799 5658 3003 5730 Olymp.

797 5733 955 5808 pecst
977 5731 1045 5808 _in_
1071 5747 1176 5782 ut.
1223 5726 1488 5808 itionler
1523 5737 1650 5778 tom.
1684 5725 1798 5804 Pili,
1819 5725 1928 5781 'col.
1963 5730 2110 5786 i059.
2285 5725 2521 5808 (18").An
2556 5732 2726 5800 ἴσχυε,
2753 5725 2990 5786 ralebat?

661 5798 706 5871 (l
719 5801 768 5866 4)
797 5801 947 5872 Deest
976 5803 1026 5853 in
1068 5816 1191 5871 uno.
1223 5798 1370 5852 Initio
1395 5797 1533 5862 legas
1557 5795 1817 5857 τοσοῦτος.
