3922 6430
117 397 202 503 9"
1456 442 1975 509 ENARRATIONES
2009 446 2077 501 1N
2110 440 2251 500 ton.
3347 453 3415 513 es

146 535 276 632 £4“
293 535 674 632 ιςο-
685 546 821 601 Καὶ
835 554 985 620 μετ’
1002 557 1186 627 ὀλίγα
1204 557 1326 610 Ἐὰν
1365 554 1431 629 ᾗς
1458 560 1766 632 ἁμαρτωλὸς

1860 563 2095 632 ,ιὲθριιιὶα
2132 554 2339 614 “.--Et
2357 571 2471 626 post
2492 577 2692 630 pauca:
2718 562 2773 617 Si
2824 563 2899 617 sis
2937 572 3195 632 peccator,
3235 566 3281 621 si
3339 568 3413 621 sis

166 629 258 726 εξ*
293 611 361 693 ᾖς
402 624 647 726 πδργξλς,
695 635 811 690 ἐὰν
836 611 1216 718 *καταφερὴω
1249 650 1309 701 οὐ

1860 611 2091 632 ,ην---ηπ
2186 611 2196 614 -
2357 611 2369 626 .
2492 611 2686 630 τηε-τη
2718 611 2773 617 η-
2824 611 2897 617 ---
2937 611 3195 632 rum".
3235 611 3281 621 --
3339 611 3407 621 ---

1894 652 2206 714 fornicator,
2234 649 2277 702 si
2310 663 2548 720 praeceps
2571 689 2586 713 ,
2621 667 2722 705 non
2756 646 3096 721 distingueris
3116 668 3144 705 a
3179 655 3407 722 quadru-

185 719 280 817 ίιῶγ
299 719 685 817 “fita-396%}
720 727 954 786 Ἵπποι
993 737 1347 804 θηλυμανεῒς
1371 719 1766 806 ἐγεννήθησαν

1889 741 2128 817 pedibus.
2176 737 2312 807 Equi
2363 719 2620 793 luxuriosi
2674 743 2783 794 nati
2833 719 2955 793 sunt
2997 742 3062 793 ⁸⁸.
3126 719 3417 810 Propterea.

206 804 450 903 Διὰτοῦτο
468 809 709 883 θαρρῶν
735 818 934 891 λέγει,
959 827 1042 878 ὅτι
1072 826 1353 899 ἐχωρίσθη·
1456 804 1766 897 διορίζὼνμ

1891 804 2142 884 audacter
2168 830 2328 893 dicit,
2374 831 2496 899 quia
2530 841 2834 899 segregatus
2869 841 2977 886 cst:
2999 830 3103 897 Qui
3140 829 3416 903 distinguit

221 898 311 959 ἀπὸ
343 904 737 969 τετραπόδων
765 908 917 979 γῆς,
1184 898 1187 899 ν

1887 934 1967 971 me
1995 934 2028 970 a
2051 898 2458 986 quadrupedibus
2478 930 2646 972 terrm.

871 1004 1034 1056 ΚΕΦ.
1069 1007 1155 1057 Μ’.

2498 1008 2645 1063 CAP.
2676 1007 2787 1063 XL.

229 1084 359 1155 Στίχ.
386 1086 612 1166 γηῇὴ,
635 1090 806 1166 (illis
845 1091 1027 1166 ζῶσαι
1058 1094 1252 1163 ὥσπερ
1281 1078 1431 1166 duim
1447 1095 1558 1161 τὴν
1595 1096 1766 1163 ὀσφύι

1887 1096 1948 1148 γ.
1978 1096 2030 1150 3.
2063 1095 2420 1165 Nequaquam,
2448 1099 2535 1151 sed
2562 1099 2768 1166 arcinge
2806 1108 2862 1152 ut
2894 1101 2971 1152 vir
2992 1100 3214 1153 lumbum
3239 1112 3402 1153 tuum.

291 1172 439 1238 σουζ
454 1156 671 1238 ρίδωιει
702 1177 809 1238 gat
829 1164 1193 1231 πηῤῥησίαν.
1214 1156 1369 1232 ’Ἐγώ
1381 1156 1469 1217 w0's
1498 1156 1766 1232 ἓρωτήόω

1954 1166 2036 1219 Do
2073 1156 2167 1219 tibi
2195 1156 2435 1238 loquendi
2461 1169 2678 1238 ueniam.
2708 1156 2833 1237 'Ego
2870 1177 2918 1222 te
2957 1170 3278 1238 interrogabo
3299 1184 3319 1221 :
3345 1178 3404 1222 tu

283 1226 367 1279 σὺ
403 1226 469 1279 δέ
480 1243 582 1294 μοι
608 1226 962 1297 authepsa-at.
1017 1226 1027 1231 ⁷
1297 1226 1307 1232 ’
1521 1226 1537 1232 ’
1664 1226 1672 1229 ’

1953 1246 2123 1287 autem
2154 1226 2278 1286 mihi
2304 1236 2570 1302 responde.

293 1315 409 1385 (35)
440 1316 580 1386 Ἤδη
614 1313 785 1371 ἆθλον
834 1320 987 1391 αὐτῷ
1016 1321 1225 1375 δίδωσιν
1243 1325 1272 1375 6
1297 1323 1444 1385 Θεός.
1475 1322 1766 1392 ’Δνθρωποε

1952 1321 2069 1378 Jam
2089 1331 2357 1379 certamen
2384 1324 2432 1376 ei
2464 1324 2553 1377 dat
2588 1324 2748 1380 Deus.
2784 1324 3059 1380 Hominem
3090 1327 3404 1394 interrogat,

217 1409 419 1480 ἐρωτᾷ,
459 1408 542 1461 ὅτι
572 1408 911 1464 πυνθάνεται
949 1410 1134 1473 αὐτοῦ,
1170 1413 1250 1464 ὅτι
1298 1412 1507 1464 δίδωσιν
1547 1411 1766 1476 ὲξουσίαπ

1884 1415 2006 1483 quia
2025 1414 2286 1483 dignoscit
2307 1412 2476 1477 illum,
2503 1413 2622 1481 quia
2646 1415 2828 1469 tribuit
2852 1415 3158 1470 facultatem
3189 1429 3406 1484 respon-

211 1496 315 1565 τῆς
341 1495 708 1565 ἀποκρίσεως.
728 1498 795 1551 Εἰ
818 1498 894 1567 μὴ
911 1494 981 1568 ἦν
1001 1499 1312 1570 νενικηκὼς,
1340 1500 1437 1552 οὐκ
1463 1499 1527 1552 ἂν
1550 1498 1766 1567 ὲλάμὸα·

1882 1505 2058 1558 dendi.
2086 1504 2140 1558 Si
2166 1518 2269 1558 non
2293 1503 2522 1567 vicisset,
2548 1505 2727 1571 utique
2744 1520 2848 1563 non
2873 1506 3195 1574 accepisset:
3229 1506 3275 1558 si
3303 1520 3407 1560 non

210 1605 329 1641 νεν’
363 1590 415 1640 εί
464 1589 537 1657 μὴ
586 1584 657 1658 ἦν
713 1588 1036 1657 ὑπομείνας,
1089 1588 1187 1641 οὐκ
1226 1588 1290 1641 ἂν
1335 1590 1547 1658 ἤκουσε·
1593 1587 1762 1641 Ζῶσα

1885 1595 2095 1650 tulisset
2127 1598 2417 1664 patienter,
2460 1616 2565 1655 non
2596 1602 2779 1669 utique
2826 1599 3154 1653 audivisset:
3189 1597 3408 1666 Λεύκιε

208 1679 429 1747 ὥσπερ
444 1678 595 1745 ἀνὴρ
618 1679 741 1745 τὴν
761 1680 965 1746 ὀσφύν
994 1693 1128 1732 σου.
1162 1677 1456 1745 Ἐρωτήσω
1491 1678 1557 1730 δέ
1577 1692 1666 1729 σε·
1703 1676 1766 1728 σί

1881 1696 1935 1737 ul
1961 1686 2038 1739 uir
2077 1687 2301 1739 lumbum
2327 1698 2469 1742 tuum
2504 1707 2521 1744 :
2565 1690 2895 1760 interrogabo
2921 1699 3092 1742 autem
3111 1697 3189 1751 te,
3216 1698 3274 1742 tu
3289 1700 3408 1742 vero

209 1768 288 1820 δέ
300 1785 410 1835 μοι
441 1768 781 1834 ἀπόκριναι.

1879 1774 2004 1827 mihi
2029 1777 2296 1841 responde.
3444 1817 3446 1820 ν

290 1858 410 1911 Τοῦ
453 1857 660 1910 αὐτοῦ.
716 1859 811 1927 Μὴ
854 1858 1114 1929 πρότερον
1166 1856 1544 1926 ἀποκρινάσθω
1576 1870 1658 1917 τις
1707 1852 1766 1923 τίς

1948 1863 2216 1933 Ejusdem.
2267 1864 2346 1920 Ne
2385 1868 2535 1934 prius
2572 1867 2889 1936 respondeat
2951 1868 3072 1934 quis
3116 1865 3247 1930 Deo,
3302 1865 3405 1919 nisi

203 1946 357 2016 Θεῷ,
391 1947 491 2000 ἐὰν
527 1945 626 2016 μὴ,
672 1946 964 2017 γενόμενος
993 1945 1148 2015 ἀνὴρ,
1184 1942 1620 2014 ζώσηταιῶσπερ
1647 1941 1766 2012 avi“

1871 1954 2045 2008 factus
2068 1955 2171 2018 vir,
2203 1956 2529 2010 succinxerit
2557 1966 2614 2010 ut
2641 1957 2722 2010 vir
2745 1956 2977 2010 lumbum
3000 1971 3176 2011 suum.
3210 1955 3408 2021 Quale-

202 2037 311 2107 τὴν
345 2037 522 2104 ὀσφὺν
551 2033 916 2089 αὐτοῦ.”οσον
944 2034 1053 2104 γὰρ
1079 2035 1111 2104 ἡ
1135 2034 1302 2102 ὀσφὺς
1329 2032 1486 2085 αὑτοῦ
1513 2033 1609 2084 οὐκ
1640 2030 1766 2093 ἔζω-

1874 2057 1969 2097 nus
1991 2043 2130 2096 enim
2161 2043 2371 2099 lumbus
2396 2044 2536 2100 illius
2563 2059 2663 2100 non
2691 2053 2774 2099 est
2799 2047 3090 2109 accinctus,
3111 2045 3204 2099 sed
3230 2045 3403 2097 disso-

205 2144 357 2192 σται,
385 2127 522 2180 ἀλλὰ
568 2127 812 2189 λέλυται,
841 2127 937 2180 καὶ
961 2126 1082 2195 οὐχὶ
1123 2121 1471 2194 περιδέδεται,
1505 2122 1622 2175 οὐδὲ
1651 2136 1766 2172 συν-

1872 2134 2032 2194 Iulus,
2057 2148 2155 2188 nec
2184 2134 2595 2190 circumcinctus
2615 2176 2631 2201 ,
2667 2150 2843 2204 neque
2870 2136 3033 2190 etiam
3079 2135 3401 2189 constrictus

203 2217 524 2284 έσφιγκται,
578 2217 644 2269 οὐ
698 2216 922 2269 δύναται
977 2214 1207 2282 εὐλόγως
1259 2206 1643 2284 ἀποκρίνασθαι
1699 2208 1766 2279 τῷ

1874 2220 1989 2285 fuit,
2016 2235 2119 2273 non
2154 2230 2328 2290 potest
2372 2224 2759 2295 rationabiliter
2796 2225 3120 2296 respondere
3151 2222 3396 2277 Domino.

203 2307 424 2378 Κυρίῳ.

205 2396 360 2465 Στίχ.
402 2402 473 2463 γ’.
519 2395 831 2463 Ἐρωτήσω
860 2394 927 2447 δέ
962 2408 1052 2447 σε’
1078 2393 1156 2446 σὺ
1177 2391 1243 2444 δέ
1283 2408 1381 2460 μοι
1413 2392 1771 2457 ἁποκρίθητι.

278 2486 363 2539 Τὰ
391 2487 491 2557 μὲν
517 2486 706 2539 τέλεια
732 2485 840 2538 τῶν
859 2484 1247 2553 ἀγωνισμάτων
1284 2485 1392 2544 τοῖς
1418 2481 1591 2543 καλῶς
1613 2479 1774 2550 ἀθλή-

211 2593 336 2629 σασι
370 2575 512 2646 μετὰ
531 2575 632 2628 τὸν
662 2573 777 2643 βίον
815 2574 1100 2627 ἀπόκειται
1124 2571 1328 2625 τοῦτον.
1361 2570 1521 2624 Οὐδὲν
1544 2569 1599 2622 δὲ
1619 2565 1775 2639 ἧττον

209 2667 305 2721 καὶ
345 2666 449 2736 ήδη
496 2667 533 2736 ἡ
575 2664 739 2735 χάρις
793 2665 828 2733 ἡ
879 2663 973 2715 τοῦ
1015 2662 1146 2714 Θεοῦ
1190 2659 1609 2733 ἀρραϐωνίζεται
1653 2658 1776 2720 τοὺς

213 2757 467 2828 ἀθλητάς.
500 2756 605 2809 Διὰ
617 2753 798 2818 τοῦτο,
816 2754 904 2806 ὅτε
932 2752 1227 2821 ἠγωνίσατο
1251 2750 1317 2804 τὰ
1345 2750 1610 2820 μέγισταδ
1636 2746 1772 2799 Ἰώὸ·

214 2850 318 2911 ὅτε,
347 2846 650 2901 ἀποϐαλὼν
692 2845 763 2898 τὰ
779 2845 1108 2914 ὑπάρχοντα,
1141 2841 1350 2905 ὲδόξασε
1380 2840 1465 2892 τὸν
1495 2838 1772 2891 δεδωκότα’

218 2941 318 3004 ὖτε,
342 2939 688 3008 ἀποθέμενος
717 2935 787 2989 τὰ
806 2935 991 2997 τέκνα,
1018 2932 1375 3004 ηὐχαρίστησε
1415 2929 1492 2999 τῷ
1524 2927 1774 3008 παρειλη-

221 3031 350 3098 φότι·
377 3032 493 3092 ὅτε,
544 3029 749 3100 νοήσας
779 3028 855 3090 ὡς
890 3025 1170 3097 σκώληκας
1209 3022 1424 3090 ἀνάγειν
1464 3019 1623 3074 αὑτοῦ
1670 3018 1776 3075 ἀπὸ

220 3118 306 3171 τοῦ
334 3118 616 3189 σώματος,
653 3117 713 3168 οὐ
748 3115 1023 3185 νενίκηται
1048 3113 1154 3167 ἀπὸ
1174 3111 1281 3163 τῶν
1303 3111 1492 3163 πόνων·
1524 3108 1776 3180 προοίμια

198 3209 305 3261 ’καὶ
334 3206 639 3278 ἀρραϐῶνα
692 3202 801 3258 τῶν
844 3202 1087 3272 ἀθλητῶν
1133 3201 1341 3254 δίδωσιν
1385 3197 1528 3267 αὐτῷ
1557 3199 1585 3249 ὁ
1624 3196 1770 3261 Θεὸς,

223 3296 559 3368 χρηματίσας
590 3292 744 3363 αὐτῷ
771 3291 861 3345 διὰ
878 3291 1133 3353 λαίλαπος
1164 3289 1257 3342 καὶ
1282 3285 1475 3361 νεφῶν.
1517 3283 1772 3347 Ἀκούσας

224 3384 303 3441 οὖν
326 3389 613 3459 προτέρων
659 3386 853 3453 λόγων,
892 3384 1010 3436 δέον
1036 3380 1422 3452 ἀποκρίνασθαι
1457 3378 1588 3449 πρὸς
1622 3377 1769 3440 Θεὸν,

227 3480 409 3550 «un-:5,
438 3479 521 3541 ὡς
552 3477 659 3530 οὐκ
702 3475 843 3546 ἔχων
878 3472 1185 3544 παρρησίαν
1217 3468 1602 3540 ἀποκρίνασθαι
1639 3465 1771 3536 πρὸς

226 3568 387 3622 αὐτόν.
420 3567 596 3621 Οῦτεω
627 3565 738 3637 γὰρ
770 3564 887 3636 ⁴ᾔδει
921 3563 981 3617 τὸ
1019 3561 1237 3631 ὕστερον
1267 3557 1639 3629 γεγραμμένον
1667 3555 1770 3609 ὑπὸ

225 3658 507 3721 Μωῦσέως,
542 3658 625 3717 ὡς
656 3653 922 3721 Μωῦσῆς
953 3650 1173 3715 ἐλάλει,
1204 3652 1237 3703 ό
1262 3649 1328 3702 δὲ
1363 3647 1503 3712 Θεὸς
1537 3643 1769 3712 ἀπεκρί-

225 3765 349 3803 νατο
374 3748 539 3814 αὐτῷ
567 3744 765 3816 φωνῇ.
806 3743 895 3806 Ὦς
920 3741 993 3814 μὴ
1031 3739 1377 3808 ἐπιστάμενος
1396 3738 1570 3790 τοίνυν
1595 3735 1767 3795 τοῦτο,

225 3838 278 3891 οὐ
299 3839 434 3892 θέλει
453 3832 863 3908 ἀποκρίνασθαι
905 3830 1039 3903 πρὸς
1069 3830 1159 3882 τὸν
1199 3827 1347 3882 Θεόν.
1386 3828 1443 3880 Ὀ
1467 3826 1521 3878 δὲ
1541 3825 1667 3888 Θεὸς
1694 3823 1769 3877 δί-

227 3926 366 3983 δωσιν
395 3927 548 3998 αὐτῷ
589 3922 905 3997 παρρησίαν
935 3919 1028 3974 τοῦ
1056 3918 1253 3973 λαλεῖν.
1287 3917 1395 3970 Kal
1423 3917 1549 3985 μεθ’
1581 3915 1764 3982 ἔτερα·

229 4016 451 4089 Τοσαύτη
484 4016 642 4070 ἐστὶν
677 4017 713 4087 ἡ
752 4011 1053 4084 χρηστότης
1103 4007 1196 4062 τοῦ
1223 4006 1374 4070 Θεοῦ,
1408 4005 1545 4058 ὥστε
1577 4005 1769 4059 ἀναλα-

1876 2402 1936 2456 ν.
1983 2404 2035 2458 ὅ.
2080 2403 2415 2474 Interrogabo
2438 2415 2611 2458 autem
2633 2415 2681 2459 te
2706 2415 2798 2460 :tu
2827 2422 2943 2460 vero
2983 2407 3108 2459 mihi
3131 2407 3397 2473 responde.

1938 2490 2173 2546 Perfecta
2217 2493 2561 2547 certaminum
2599 2494 2812 2564 prasmia
2855 2495 2920 2549 iis
2955 2496 3042 2563 qui
3066 2493 3201 2549 bene
3224 2502 3398 2549 certa-

1871 2590 2060 2635 verunt
2081 2590 2199 2651 post
2219 2582 2358 2636 hanc
2381 2583 2541 2636 vitam
2569 2592 2833 2636 reservata
2853 2592 2994 2638 sunt.
3021 2583 3196 2638 Nihilo
3216 2588 3393 2638 tamen

1874 2671 2049 2722 minus
2076 2668 2185 2736 jam
2219 2672 2378 2724 etiam
2409 2671 2577 2740 gratia
2609 2671 2701 2725 Dei
2741 2674 2891 2740 quasi
2936 2673 3152 2725 arrham
3195 2673 3395 2740 praebet

1873 2759 2104 2814 athletis.
2132 2758 2419 2829 Propterea
2444 2761 2652 2827 quando
2674 2764 2901 2815 maxima
2923 2762 3210 2816 certamina
3235 2760 3397 2816 susti-

1874 2848 1986 2901 nuit
2007 2848 2131 2911 Job;
2165 2850 2374 2916 quando
2399 2850 2649 2902 amittens
2693 2848 2973 2904 facultates
3002 2851 3242 2904 datorem
3276 2851 3390 2903 lau-

1873 2938 2052 2999 davit;
2106 2936 2316 3005 quando
2344 2936 2558 2990 amissis
2596 2937 2778 2991 liberis
2815 2939 3019 3007 gratias
3060 2941 3169 3009 egit
3213 2941 3261 2994 ei
3303 2940 3392 3007 qui

1873 3027 2196 3091 abstulerat;
2256 3029 2466 3095 quando
2508 3027 2934 3082 animadvertens
2975 3028 3129 3096 quasi
3178 3042 3395 3083 vermes

1874 3129 2210 3169 succrescere
2234 3117 2299 3170 de
2322 3129 2544 3185 corpore
2575 3114 2709 3183 ejus,
2740 3128 2841 3168 non
2881 3112 2979 3167 fuit
3000 3114 3171 3167 victus
3192 3128 3221 3167 a
3247 3114 3393 3168 labo-

1797 3232 1841 3290 α
1875 3203 2056 3267 ribus;
2104 3203 2366 3270 primitias
2418 3202 2672 3272 quasdam
2726 3211 2779 3256 et
2811 3202 3023 3255 arrham
3073 3203 3389 3256 certantium

1871 3292 2075 3347 dcditei
2107 3292 2261 3354 Deus,
2287 3292 2550 3366 allocutus
2576 3303 2696 3343 eum
2720 3304 2814 3359 per
2834 3290 3091 3344 turbinem
3120 3301 3172 3344 et
3201 3292 3388 3347 nubes.

1867 3379 1997 3434 Cum
2030 3381 2190 3449 igitur
2219 3380 2425 3448 priores
2446 3393 2718 3433 sermones
2744 3379 2995 3443 audisset,
3025 3394 3144 3434 cum
3173 3391 3392 3450 operte-

1869 3481 1951 3523 ret
1987 3472 2304 3540 respondere
2338 3471 2481 3532 Deo,
2530 3469 2673 3534 silet,
2724 3469 2872 3537 quasi
2919 3468 3220 3523 facultatem
3284 3486 3388 3525 non

1867 3560 2064 3616 habens
2119 3559 2361 3629 loquendi
2424 3575 2543 3615 cum
2595 3561 2705 3615 illo.
2751 3559 2994 3614 Nondum
3042 3562 3184 3615 enim
3228 3574 3390 3618 norat

1866 3649 2004 3715 quod
2035 3656 2213 3717 postea
2243 3648 2497 3718 scriptum
2524 3658 2606 3704 est
2647 3665 2677 3703 a
2709 3648 2890 3720 Moyse
2926 3671 2937 3704 :
2970 3648 3172 3720 Moyses
3208 3651 3387 3722 loque-

1850 3738 2038 3802 batur,
2068 3737 2203 3791 Deus
2237 3754 2351 3792 uero
2385 3738 2720 3806 respondebat
2752 3739 2799 3791 ei
2830 3741 2951 3791 uoc’e
2993 3737 3061 3790 ⁸⁸.
3110 3736 3386 3808 Tanquam

1866 3827 2023 3897 igitur
2051 3830 2138 3896 qui
2170 3828 2267 3882 hoc
2295 3828 2527 3882 nesciret
2551 3866 2567 3891 ,
2620 3843 2724 3882 non
2758 3826 2868 3880 vult
2908 3827 3224 3894 respondere
3255 3825 3384 3882 Deo.

1863 3917 2091 3971 AtDeus
2116 3917 2299 3971 tribuit
2329 3917 2377 3970 ei
2417 3917 2663 3987 loquendi
2699 3918 2927 3972 veniam.
2990 3915 3059 3971 Et
3095 3931 3209 3986 post
3242 3918 3386 3974 alia:

1865 4006 2031 4060 Tanta
2061 4017 2141 4060 est
2170 4006 2261 4061 Dei
2288 4008 2611 4078 benignitas,
2648 4016 2706 4060 ut
2746 4006 2932 4061 induat
2960 4020 3240 4075 personam
3278 4023 3381 4062 non

230 4105 321 4161 δεῖν
346 4088 511 4161 αὐτὸν
545 4105 840 4176 πρόσωπον
870 4102 932 4155 οὗ
964 4098 1253 4170 κρίνοντος,
1286 4094 1416 4148 ἀλλὰ
1459 4095 1766 4166 κρινομένου

1860 4088 2162 4156 iudicantis,
2190 4090 2286 4146 sed
2307 4105 2523 4146 causam
2547 4092 2774 4147 dicentis
2806 4106 2925 4145 cum
2956 4093 3202 4160 homine,
3224 4095 3385 4163 idque

231 4178 343 4264 μετὰ
373 4196 469 4250 τοῦ
502 4192 818 4264 ἀνθρώπου.
851 4190 960 4242 Καὶ
990 4187 1175 4241 πολλαὶ
1198 4183 1350 4238 τοῦτο
1380 4181 1614 4248 ἐδίδαξαν
1633 4184 1766 4252 Γρα-

1863 4177 2037 4231 multa?
2065 4178 2351 4247 Scriptura:
2379 4178 2686 4233 docuerunt.
2722 4177 2929 4243 Venite,
2964 4188 3015 4234 et
3046 4182 3381 4247 disputemus,

230 4285 324 4350 φαί.
352 4284 553 4348 Δεῦτε,
600 4280 703 4333 καὶ
724 4274 1144 4343 διαλεχθῶμεν,
1184 4272 1341 4341 λέγει
1371 4272 1597 4338 Κύριος.
1637 4270 1763 4334 Καὶ,

1862 4270 1986 4322 dicit
2024 4269 2269 4324 Dominus
2323 4270 2388 4323 ⁸⁷.
2432 4269 2529 4333 Et,
2589 4266 2787 4335 Popule
2829 4284 2996 4333 meus,
3044 4278 3203 4337 atque
3248 4270 3381 4324 adeo

229 4377 361 4441 Δαός
367 4393 507 4444 μου,
539 4371 747 4444 μᾶλλον
779 4368 835 4421 δὲ
859 4367 889 4419 6
914 4364 1044 4427 Θεὸς
1072 4363 1205 4435 μετὰ
1235 4361 1325 4415 τοῦ
1346 4360 1472 4414 λαοῦ
1500 4360 1766 4431 διαλεχθή-

1865 4362 2003 4415 Dens
2039 4376 2157 4413 cum
2202 4359 2399 4430 populo
2445 4357 2753 4426 disputabit,
2800 4357 2981 4426 popula
3030 4374 3206 4421 meus,
3253 4361 3379 4428 quid

231 4478 379 4528 σεται,
400 4465 550 4529 λαός
562 4478 710 4531 μου,
726 4459 782 4511 τι
796 4451 1055 4521 ἐποίησά
1083 4467 1200 4513 σοι,
1213 4450 1250 4519 ἢ
1266 4451 1323 4503 τί
1340 4450 1766 4519 scapus-dequ

1863 4452 1961 4519 feri
1985 4449 2098 4513 tibi,
2124 4460 2211 4502 aut
2237 4449 2361 4518 quid
2388 4446 2684 4501 conturbavi
2713 4446 2848 4500 tibi!
2872 4448 3119 4514 responde
3156 4447 3282 4500 mihi
3310 4448 3378 4510 ⁸⁸,

230 4567 335 4618 o'ot;
357 4528 714 4621 ἀποκρίθητί
724 4565 844 4617 μοι,
876 4545 969 4597 καὶ
990 4543 1057 4595 τὰ
1075 4541 1217 4610 ἑξῆς.

1862 4548 1913 4593 et
1943 4551 2153 4594 caetera.

410 4646 555 4714 Στιχ.
590 4647 663 4709 γ’.
691 4638 789 4706 Μὴ
821 4632 1113 4691 ἀποποιοῦ
1136 4648 1252 4700 μου
1276 4631 1339 4685 τὸ
1364 4632 1555 4700 κρῖμα.

2067 4629 2129 4682 V.
2186 4630 2237 4682 5.
2289 4626 2370 4681 Ne
2420 4626 2656 4695 repudies
2685 4625 2939 4694 judicium
2979 4642 3167 4679 meum.

284 4734 386 4803 (36)
414 4735 508 4801 Μὴ
557 4728 860 4786 ἀποποιοῦ
880 4742 998 4794 μου
1020 4723 1192 4776 τοῦτο
1224 4721 1288 4774 τὸ
1329 4722 1520 4790 κρῖμα.
1560 4720 1752 4774 Τούτου

222 4810 306 4875 ’τοῦ
330 4824 487 4895 ῥητοῦ
509 4823 586 4884 ὡς
613 4819 887 4891 χρησίμου
921 4811 1388 4886 μνημονεύσωμεν.
1433 4809 1565 4865 Ἀλλ’
1592 4812 1667 4865 ὅτ’
1690 4812 1753 4865 ἂν

232 4911 365 4985 κρίνῃ
387 4916 416 4965 6
439 4912 573 4974 Θεὸς
614 4908 808 4961 παθεῖν
830 4922 881 4957 τι
912 4904 1076 4973 ἡμᾶς,
1102 4901 1282 4954 τέκνον
1311 4899 1614 4961 ἀποϐαλεῖν,
1660 4900 1756 4970 ἄρ⁴

230 4998 367 5068 ¹χοντα
390 5000 673 5062 ἀπολέσαι,
696 4996 918 5064 νοσῆσαι
940 4991 1083 5045 κατὰ
1111 4989 1172 5041 τὸ
1205 4989 1376 5059 σῶμα,
1408 4990 1436 5042 ὅ
1464 5006 1517 5041 τι
1565 4988 1757 5059 δήποτε

233 5088 405 5142 τούτων
431 5090 740 5158 ὑπομεῖναι·
770 5084 923 5137 οὐδὲν
955 5079 1156 5134 τούτων
1192 5074 1297 5131 οἷόν
1326 5079 1384 5131 τέ
1422 5081 1563 5131 ἐστιν
1613 5079 1755 5149 ἡμᾶς

234 5180 416 5245 παθεῖν,
452 5181 526 5252 μὴ
566 5181 842 5251 κρίνοντος
873 5173 968 5227 τοῦ
989 5170 1143 5224 Θεοῦ.
1185 5171 1312 5223 Οὐδὲ
1346 5171 1451 5241 γὰρ
1486 5169 1755 5241 στρουθίον

236 5268 390 5324 πίπτει
417 5273 495 5334 είς
518 5268 725 5337 παγίδα
752 5269 879 5321 ἄνευ
924 5260 1088 5332 βουλή
1099 5276 1259 5329 ματος
1286 5260 1377 5313 τοῦ
1408 5260 1632 5331 Πατρὸς,
1665 5257 1755 5313 τοῦ

239 5353 391 5422 ἐντοῖς
415 5361 678 5431 οὐρανοῖς.
717 5355 870 5408 Ἐπεὶ
903 5348 999 5404 οὖν
1027 5348 1174 5400 οὐδὲν
1203 5350 1401 5404 τούτων
1423 5350 1624 5417 γίνεται
1655 5366 1757 5418 χω·-

246 5443 306 5509 ρὶς
332 5451 591 5519 κρίματος
628 5445 724 5500 τοῦ
775 5440 934 5505 Θεοῦ,
979 5437 1190 5505 λέγεται
1223 5440 1358 5510 πρὸς
1383 5439 1470 5493 τὸν
1501 5438 1751 5493 παθόνταο

1926 4719 2006 4775 Ne
2045 4722 2276 4785 repudies
2325 4720 2420 4770 hoc
2466 4717 2730 4784 judicium
2785 4733 2974 4770 meum.
3028 4715 3192 4785 llujus
3247 4717 3374 4772 dicti

1848 4798 2107 4879 tauquam
2154 4808 2297 4862 utilis
2348 4805 2763 4860 metuinerimus.
2808 4807 2876 4859 At
2925 4807 3139 4874 quando
3172 4804 3375 4872 iudicat

1855 4901 1993 4955 Deus
2015 4909 2069 4952 ut
2090 4897 2292 4966 aliquid
2322 4897 2607 4965 patiamur,
2643 4905 2702 4950 ut
2737 4894 2899 4948 ﬁlium
2931 4896 3270 4963 amittamus,
3316 4902 3375 4948 ut

1849 4991 2099 5061 “princeps
2132 4989 2372 5053 intereat,
2402 4995 2457 5038 ut
2484 5001 2704 5054 corpore
2725 4992 3063 5054 :egrotemus,
3098 4996 3186 5039 aut
3208 4985 3375 5055 quod-

1850 5084 2065 5147 cunque
2113 5077 2254 5130 aliud
2308 5075 2607 5142 huiusmodi
2670 5076 3066 5130 sustineamus:
3099 5074 3214 5128 ﬁeri
3265 5089 3371 5129 non

1856 5177 2027 5239 potest
2055 5177 2111 5221 ut
2144 5166 2410 5236 quidpiam
2452 5168 2639 5220 horum
2679 5179 2775 5219 nos
2801 5166 3086 5234 patiamur,
3124 5164 3230 5217 Deo
3266 5176 3367 5215 non

1849 5244 2137 5331 iudicante.
2184 5258 2364 5325 Neque
2407 5255 2549 5309 enim
2594 5254 2797 5310 avicula
2842 5254 2983 5308 cadit
3033 5253 3086 5306 in
3125 5251 3367 5319 laqueum

1854 5349 1971 5406 sine
1995 5348 2267 5401 voluntate
2296 5343 2493 5407 Patris,
2519 5343 2605 5410 qui
2636 5343 2693 5395 in
2718 5341 2866 5397 caelis
2894 5348 2997 5395 est.
3038 5339 3167 5406 Quia
3202 5336 3369 5406 igitur

1854 5436 1984 5494 nihil
2015 5437 2200 5491 horum
2232 5431 2292 5486 iit
2338 5432 2451 5485 sine
2492 5429 2693 5497 judicio
2724 5429 2817 5483 Dei
2841 5466 2856 5492 ,
2900 5427 3090 5483 dicitur
3138 5422 3205 5478 ad
3243 5432 3368 5477 eum

291 5623 328 5658 “
351 5626 489 5682 Psal.
518 5638 669 5689 XXII,
718 5621 771 5677 9.
848 5616 1117 5687 "_Jerem.
1152 5630 1200 5685 ν,
1243 5616 1298 5674 8.
1370 5618 1418 5653 ⁸⁸
1453 5618 1624 5676 Exod.
1658 5631 1766 5684 ιιι,

1860 5618 1886 5670 l.
1958 5614 2001 5647 ⁸⁷
2034 5610 2219 5671 lsai-t.
2247 5608 2333 5667 18.
2404 5606 2450 5641 ⁸⁸
2472 5607 2627 5664 Mich.
2662 5621 2736 5672 τι,
2766 5604 2818 5656 5.

292 5776 387 5848 (35)
408 5773 604 5832 Confer
622 5764 927 5840 Olympiod-
1925 5716 2036 5836 (se)
2074 5755 2267 5819 Confer
2297 5760 2545 5846 eumdem
2564 5748 2858 5825 Olympios.
