3922 6402
615 415 690 470 ς9
1481 396 2031 453 S‘UPPLEMENTUM
2070 395 2157 449 AD
2196 394 2514 450 ORIGENIS
2551 393 2944 450 EXEGETICA.
3721 389 3813 447 (00

617 529 704 595 qui
731 523 930 592 patitur
953 515 1077 570 talia
1112 531 1126 567 :
1165 513 1247 567 Ne
1269 512 1504 577 repudies
1523 512 1777 578 judicium
1803 527 1990 575 meum,
2035 514 2133 563 hoc
2161 557 2166 569 ,

2264 511 2326 576 ἰὴ
2351 509 2639 562 ἀποποιοῦ
2657 527 2773 577 μου
2802 511 2867 564 τὸ
2910 510 3113 578 κρῖμα,
3160 508 3240 577 μή
3299 505 3531 575 ἀπαρνῇ
3577 505 3713 572 ('57),
3740 507 3813 558 ὅτι

615 625 718 678 est,
748 626 812 664 ne
841 605 1123 674 negaveris
1145 619 1230 658 me
1268 602 1333 656 de
1365 611 1414 654 te
1438 602 1722 669 indicasse.

1170 619 1230 658 ne
1268 602 1333 656 de
1365 611 1414 654 te
1438 602 1722 669 indicasse.
2237 595 2425 667 ἔκρινα
2449 598 2578 666 περὶ
2609 597 2719 649 σοῦ.

619 703 676 758 ν.
714 703 765 755 5.
816 699 1093 752 Arbitraris
1137 711 1282 755 vero,
1331 708 1409 744 me
1459 691 1612 764 aliter
1657 693 1748 764 tibi
1791 692 2131 760 respondisse,

2262 685 2378 755 ἒτίχ.
2408 693 2474 752 γ’.
2506 685 2621 737 Οἴει
2639 685 2710 764 ρέ
2738 702 2814 764 με
2841 685 3050 764 ἇλλωςζ
3071 701 3189 764 σιζι¹
3203 686 3740 752 κεχρηματικέναι,
3775 687 3811 756 ἦ

1007 781 1159 831 quam
1184 772 1238 814 ut
1260 753 1504 828 apparens
1523 761 1738 827 justus?
1871 753 1882 760 “
2330 753 2357 755 π

1871 753 1882 760 “
2330 753 2357 755 ⁷“
2639 754 2737 805 ἵνα
2774 754 3090 820 ἀναφανῇς
3124 753 3409 817 δίκαιος;

677 850 985 924 Apologiain
1032 854 1104 905 tui
1124 852 1296 906 'facio.
1328 849 1512 904 Justus
1541 865 1620 912 es,
1662 859 1714 903 at
1745 865 1847 902 non
1883 864 1940 904 es
1962 849 2133 903 mani-

2317 839 2700 910 Ἀπολογοῦμαί
2737 859 2837 893 σοι.
2866 844 3080 905 Δίκαιος
3113 840 3208 912 ἧς,
3245 842 3366 894 ἀλλ’
3413 843 3517 894 οὐκ
3551 838 3622 912 ἦς
3659 861 3809 911 φανε-

611 946 794 1000 festus.
824 944 1091 996 Patienter
1131 941 1316 996 tulisti.
1367 941 1655 1010 Opurtebat
1685 954 1767 994 me
1797 955 1976 994 ansam
2001 954 2133 1006 prae-

2262 931 2346 992 »ός.
2387 931 2684 1000 ’Υπομονὴν
2721 929 2882 1001 εἶχες·
2929 934 3034 987 ἔδει
3079 951 3152 1004 με
3201 933 3469 1003 ἀφορμὴν
3517 940 3811 1005 παρασχεῖν

609 1035 756 1100 bere,
782 1048 886 1102 quo
918 1043 1001 1086 tua
1031 1032 1283 1100 patientia
1317 1031 1559 1102 fulgeret.
1593 1031 1833 1084 Habuisti
1864 1029 2133 1083 fortitudi-

2259 1022 2324 1073 τοῦ
2347 1022 2548 1090 λάμψαι
2585 1041 2675 1076 σου
2699 1023 2798 1093 τὴν
2827 1025 3126 1094 ὑπομονήν.
3173 1020 3344 1093 Εἴχες
3387 1024 3667 1095 ἀνδρείαν·
3703 1028 3808 1080 ἀλλ’

595 1141 753 1188 ιιιεπι,
798 1125 888 1179 sed
929 1125 980 1176 in
1026 1134 1075 1177 te
1113 1123 1497 1177 occultabatur.
1542 1122 1641 1188 Qui
1682 1122 1776 1175 tibi
1803 1122 2132 1175 obvenerunt

2263 1111 2528 1180 κέκρυπτο
2578 1114 2635 1164 ὲν
2668 1112 2765 1164 σοί·
2796 1115 2843 1165 οἱ
2873 1115 3289 1184 συμϐεϐηκότες
3312 1114 3474 1167 πόνοι
3504 1114 3710 1182 ἐδειξάν
3727 1134 3809 1170 σου

609 1213 833 1274 labores,
879 1213 1224 1268 ostenderunt
1279 1213 1644 1266 fortitudinem
1701 1220 1861 1264 tuam.
1903 1208 1969 1262 Et
2018 1217 2131 1277 post

2255 1201 2325 1271 ῖὴν
2349 1202 2611 1271 ἀνδρείαν.
2670 1203 2777 1254 Καὶ
2794 1205 2916 1270 μετ’
2949 1205 3154 1273 ὀλίγαο
3196 1205 3658 1275 Μνημονεύωμεν
3693 1207 3804 1260 τού-

609 1314 776 1366 pauca
800 1316 822 1350 :
848 1297 1241 1352 Meminerimus
1260 1299 1446 1351 horum
1486 1307 1718 1366 tempore
1752 1296 2128 1359 calamitatum,

2255 1307 2334 1342 πων
2361 1292 2416 1342 ἐν
2451 1292 2560 1352 τοῖς
2600 1290 2964 1360 περιστάσεων
3021 1295 3264 1363 καιροῖς,
3311 1293 3411 1344 καὶ
3453 1292 3694 1357 δόξωμεν
3721 1295 3804 1346 τοῦ

609 1388 1009 1456 videbimurque
1031 1389 1212 1443 audire
1234 1388 1396 1442 Deum
1428 1397 1737 1456 praesentem
1761 1397 1919 1454 atque
1945 1387 2129 1440 dicen-

2256 1381 2360 1433 laoi'i
2398 1382 2611 1434 ἀκούειν
2645 1381 2922 1450 παρόντος,
2955 1384 3052 1435 καὶ
3097 1383 3357 1451 λέγοντος
3399 1385 3557 1454 ἡμῖν’
3613 1383 3805 1441 Οῑειδέ

608 1481 716 1528 tem
764 1475 956 1529 nobis:
986 1475 1270 1529 Arbitraris
1312 1492 1450 1539 vero,
1485 1491 1563 1527 me
1597 1475 1747 1528 aliter
1787 1476 1879 1528 tibi
1923 1490 2131 1543 respon-

2255 1489 2300 1524 ιε
2339 1471 2532 1536 ἄλλως
2560 1482 2658 1524 σοι
2714 1473 3231 1540 κεχρηματικέναι,
3276 1472 3316 1540 ἢ
3362 1474 3468 1525 ἵνα
3502 1474 3804 1544 ἀναφανῇς

606 1563 764 1622 disse.
800 1581 952 1633 quam
991 1577 1046 1618 ut
1088 1567 1262 1633 justus
1296 1567 1582 1634 appareas?
1627 1563 1739 1618 Non
1781 1578 2131 1634 appareamus

2120 1579 2131 1618 ι
2229 1560 2484 1626 δίκαιος;
2511 1561 2599 1631 Μὴ
2627 1560 2982 1630 ἀναφανῶμεν
3017 1562 3222 1627 ἄδικοι,
3259 1562 3400 1632 μηδὲ
3429 1562 3669 1627 ἀσεϐεῖς.

607 1652 808 1722 injuSti,
841 1668 1012 1723 neque
1048 1656 1216 1725 impii.
2610 1655 2611 1658 “
3665 1635 3692 1657 Δ

807 1741 870 1796 ν.
904 1742 956 1796 5.
980 1743 1193 1796 Assume
1217 1759 1340 1796 sane
1361 1742 1709 1796 celsitudinem
1731 1753 1777 1796 et
1810 1743 1928 1796 vim.

2369 1740 2515 1811 Στίχ.
2549 1749 2608 1795 ε’.
2652 1743 2922 1797 Ἆνάλαϐε
2951 1743 3031 1810 δὴ
3066 1743 3232 1811 ὕψος
3257 1743 3360 1796 καὶ
3389 1743 3667 1814 δύναμιν.

669 1828 836 1900 Cinge
866 1840 918 1884 te
945 1846 1163 1896 corona,
1195 1831 1353 1886 indue
1379 1831 1626 1899 gloriam,
1667 1831 1827 1885 indue
1857 1831 2132 1886 honorem.
2164 1833 2207 1889 Β

2049 1847 2132 1886 im.
2164 1833 2207 1889 Β
2303 1829 2666 1896 Στεφάνωσαι,
2696 1831 2906 1885 ἔνδυσαι
2935 1831 3119 1895 δόξαν,
3152 1831 3376 1884 ἔνδυσαι
3406 1834 3598 1902 τιμήν.

614 1918 675 1974 ν.
695 1920 750 1974 6.
785 1919 933 1974 Mitte
962 1933 1132 1974 autem
1167 1920 1375 1990 angelos
1413 1923 1492 1974 ira
1517 1935 1767 1991 :Aomnem
1795 1937 1910 1975 vero
1949 1932 2127 1976 contu-

2246 1918 2376 1988 Στίχ.
2401 1926 2473 1984 ς’.
2509 1921 2881 1991 Ἀπόστειλον
2906 1921 2974 1974 δὲ
3010 1921 3317 1990 ἀγγέλους
3332 1921 3506 1991 ὀργῇ·
3532 1923 3723 1977 πάντα
3733 1922 3795 1978 δὲ

1105 1989 1368 2043 meliusum
1395 1989 1631 2042 humilia.
2653 2016 2654 2022 η

2653 1990 2942 2058 ὑϐριστὴν
2962 1991 3369 2044 ταπείνωσον.

878 2080 942 2136 ν.
971 2082 1024 2134 7.
1053 2079 1436 2148 Superbientem
1460 2095 1576 2133 vero
1601 2080 1882 2149 exstingue.

2488 2079 2630 2149 Στίχ.
2667 2081 2730 2144 ζ’.
2765 2081 3175 2150 Ὑπερήφανον
3204 2081 3275 2134 δὲ
3305 2084 3555 2137 σϐέσον.

677 2168 1103 2225 Contumeliosus
1143 2170 1587 2224 militavitcontra
1620 2165 1692 2224 te.
1716 2170 1859 2223 Dixit
1884 2169 2012 2224 mihi
2039 2169 2133 2224 ali-

2313 2163 2369 2219 '0
2401 2167 2652 2238 ὑϐριστὴς
2677 2170 3072 2240 ἐστρατεύσατο
3098 2173 3246 2226 κατὰ
3275 2171 3391 2225 σοῦ.
3421 2169 3558 2226 Εἷπέ
3590 2175 3678 2242 μοί
3704 2192 3790 2226 πθ-

609 2260 821 2328 quando
847 2261 1276 2327 contumeliosus,
1306 2260 1452 2314 Mitte
1476 2274 1682 2311 manum
1711 2267 1854 2312 tuam
1880 2260 1924 2291 ⁸³
1961 2273 1976 2310 :
1999 2261 2131 2314 dixit

2240 2274 2289 2309 τε
2315 2258 2343 2308 ὁ
2380 2257 2652 2328 ὑϐριστὴς,
2713 2259 3094 2313 Ἀπόστειλον
3123 2260 3244 2327 τὴν
3282 2260 3453 2329 χεῖρά
3500 2279 3635 2316 σουο
3681 2262 3789 2317 εἶπέ

609 2350 762 2414 mihi,
815 2351 986 2419 Tange
1019 2352 1189 2404 omnia
1206 2367 1319 2420 quae
1353 2352 1500 2404 habet
1529 2351 1612 2402 ’σε
1643 2349 1778 2403 dixit
1804 2350 1930 2403 mihi
1960 2351 2024 2404 de
2055 2361 2127 2415 te,

2237 2364 2340 2416 μοι,
2373 2347 2542 2414 ’Ἀψαι
2566 2347 2801 2401 πάντων
2841 2343 2926 2400 ὧν
2963 2349 3112 2415 ἔχει·
3141 2347 3264 2402 εἶπέ
3301 2369 3393 2421 μοι
3427 2353 3557 2422 περὶ
3581 2352 3690 2417 σοῦ,
3719 2353 3786 2416 ὡς

611 2440 752 2508 quod
774 2439 952 2506 utique
972 2439 1023 2492 in
1050 2439 1234 2506 faciem
1265 2439 1525 2492 benedices
1575 2455 1653 2492 me
1678 2441 1744 2492 ".
1775 2439 1842 2492 At
1867 2439 2007 2494 enim
2048 2443 2129 2493 vi-

2235 2437 2336 2507 ἄρα
2362 2439 2446 2501 είς
2473 2438 2787 2503 πρόσωπόν
2808 2455 2883 2506 με
2903 2440 3292 2509 εὐλογήσας.
3333 2443 3475 2495 Ἀλλ’
3501 2440 3593 2496 οὖν
3620 2461 3680 2512 γε
3708 2462 3784 2496 νε-

609 2528 756 2583 cisti.
783 2527 1065 2596 Propterea
1089 2528 1204 2582 dico
1228 2527 1318 2580 tibi
1352 2546 1365 2582 :
1396 2527 1563 2582 Macte
1591 2536 1740 2582 esto:
1770 2529 1983 2583 omnino
2005 2542 2129 2584 vero

2234 2526 2473 2594 νίκηκας.
2516 2526 2610 2578 Διὰ
2645 2525 2797 2578 τοῦτό
2830 2545 2911 2579 σοι
2932 2527 3100 2595 λέγω·
3141 2530 3350 2602 Θάρρει
3375 2549 3389 2562 ο
3416 2535 3526 2586 πᾶν
3566 2534 3621 2586 δὲ
3645 2535 3783 2603 ὑϐρι-

611 2618 1051 2672 contumeliosum
1100 2617 1336 2679 humilia,
1388 2627 1440 2672 et
1473 2617 1688 2687 angelos
1740 2616 1853 2684 ejus
1890 2617 2126 2673 humilia.

2236 2613 2362 2682 στὴν
2389 2613 2730 2678 ταπείνωσον,
2759 2615 2850 2667 καὶ
2875 2617 3001 2680 τοὺς
3035 2618 3306 2686 ἀγγέλους
3337 2621 3503 2674 αὑτοῦ
3537 2623 3783 2675 ταπείνω-

609 2704 704 2760 ille
726 2715 908 2759 contra
953 2715 1004 2759 te
1037 2707 1294 2773 superbus
1327 2705 1424 2759 fuit
1471 2723 1486 2758 :
1532 2715 1588 2759 at
1617 2716 1670 2758 tu
1721 2707 2003 2774 superbum
2033 2721 2126 2759 ex-

2232 2720 2342 2755 σον.
2385 2704 2750 2775 Ὑπερήφανος
2788 2707 2992 2769 ἐκεῖνος
3029 2709 3325 2779 γεγένηται
3355 2713 3496 2765 κατὰ
3524 2713 3636 2765 σοῦ·
3661 2713 3781 2765 ἀλλὰ

610 2795 840 2864 stingue.
885 2795 1076 2864 Impius
1119 2795 1206 2850 ille
1247 2805 1430 2850 contra
1466 2805 1518 2851 te
1545 2812 1560 2861 ;
1591 2805 1646 2850 at
1695 2805 1749 2850 tu
1770 2795 1986 2850 fulmina
2023 2797 2126 2850 inn-

2233 2791 2294 2842 σὺ
2323 2792 2658 2862 ὑπερήφανον
2701 2793 2904 2846 σϐέσον.
2955 2797 3185 2866 Ἀσεϐὴς
3234 2800 3443 2863 ἐκεῖνος
3493 2801 3634 2855 κατὰ
3677 2801 3778 2854 σοῦ·

608 2887 726 2954 pios
750 2895 1005 2940 actutum.
2136 2955 2139 2956 ν

2136 2955 2139 2956 ν
2229 2879 2361 2932 ἀλλὰ
2380 2882 2442 2933 σὺ
2468 2881 2666 2950 σκῆψον
2691 2882 2899 2945 ἀσεϐεῖς
2937 2887 3301 2956 παραχρῆμα.

679 2973 744 3028 ν.
766 2974 816 3028 8.
843 2973 1023 3028 Facies
1054 2984 1220 3028 autem
1258 2974 1483 3043 ipsorum
1519 2973 1799 3043 ignominia
1847 2974 2054 3042 repleto.

2230 2969 2371 3038 Στίχ.
2392 2976 2461 3039 η’.
2490 2970 2568 3023 Τὰ
2579 2970 2644 3022 δὲ
2657 2972 2943 3038 πρόσωπα
2972 2975 3176 3028 αὐτῶν
3192 2955 3435 3046 ἀτιμίας
3450 2979 3776 3046 πλήρωσον.

676 3064 871 3118 Evince
894 3079 985 3118 eos
1009 3079 1128 3120 esse
1159 3073 1485 3134 peccatores,
1510 3080 1603 3118 eos
1625 3075 1929 3132 peccatores
1949 3075 2126 3120 osten-

2304 3057 2548 3126 Ἐλεγξον
2576 3061 2945 3130 ἁμαρτωλοὺς,
2963 3064 3180 3129 δεικνὺς
3195 3069 3394 3132 αὐτοὺς
3423 3069 3775 3140 ἁμαρτωλούς.

607 3153 758 3207 deus.
789 3153 1010 3222 Repleto
1049 3154 1212 3210 facies
1239 3170 1421 3210 eorum
1451 3155 1758 3224 ignominia,
1800 3163 2018 3223 propter
2047 3171 2129 3211 re-

2231 3147 2512 3217 Πλήρωσον
2541 3149 2606 3202 τὰ
2641 3149 2901 3219 πρόσωπα
2941 3154 3126 3210 αὐτῶν
3161 3157 3388 3228 ἀτιμίας
3415 3159 3502 3213 διὰ
3525 3159 3616 3212 τοῦ
3644 3159 3780 3226 ἐλέγ-

607 3241 972 3308 dargutionem
998 3257 1115 3309 quae
1137 3253 1220 3297 est
1248 3245 1300 3296 in
1327 3252 1395 3298 te.

1100 3253 1220 3297 aest
1248 3245 1300 3296 in
1327 3252 1395 3298 te.
2228 3255 2321 3306 χου
2349 3237 2438 3290 τοῦ
2460 3241 2517 3290 ὲν
2551 3238 2649 3291 σοί.

610 3326 674 3380 γ.
703 3327 788 3383 10.
821 3329 1058 3385 Sedenim
1088 3347 1199 3385 ecce
1233 3331 1373 3407 [eras
1404 3331 1539 3395 apud
1571 3341 1638 3407 te.
1677 3327 1877 3383 Fanum
1923 3331 2131 3397 perinde

2229 3327 2371 3395 Στίχ.
2405 3333 2453 3379 ι’.
2494 3329 2667 3382 Ἀλλὰ
2685 3329 2758 3397 δὴ
2779 3330 2906 3407 ὶροὺ
2923 3335 3104 3407 aquila
3131 3337 3293 3405 παρὰ
3312 3339 3432 3392 σοι’
3451 3341 3662 3407 χόρτον
3683 3335 3775 3392 ἶσα

1041 3410 1192 3469 atque
1227 3403 1372 3452 boves
1409 3401 1693 3450 comedunt.

1680 3436 1693 3450 .
2771 3400 3223 3461 ﬁducia-eamea:

678 3485 826 3540 Ferae
849 3495 973 3540 sunt
1002 3489 1284 3543 contraria:
1331 3489 1573 3550 virtutes,
1619 3501 1716 3555 pro
1743 3487 1936 3555 quibus
1961 3491 2132 3543 oravit

2298 3485 2465 3558 Θηρία
2485 3487 2564 3540 ἀἱ
2595 3488 2958 3558 ἀντικείμεναι
2989 3493 3251 3565 δυνάμεις
3277 3498 3404 3562 εἰσὶ,
3441 3499 3565 3568 περὶ
3589 3493 3660 3552 ὦν
3681 3489 3769 3568 ηὖ-

613 3569 872 3645 I‘ropheta
901 3578 1079 3633 dicens
1109 3597 1120 3632 :
1150 3574 1231 3632 Ne
1257 3576 1582 3640 tradasferis
1618 3578 1846 3629 animum
1881 3579 2132 3644 conﬁten-

2232 3573 2356 3638 ξατο
2382 3578 2410 3628 ὁ
2441 3579 2722 3663 Προφήτης
2761 3578 2951 3647 λέγων·
2988 3584 3085 3651 Μὴ
3115 3586 3393 3652 παραδειός
3414 3588 3536 3653 τοῖς
3564 3589 3771 3655 θηρίοις

615 3678 711 3720 tem
742 3669 834 3720 tibi
857 3669 922 3722 θ’.
952 3669 1145 3724 Bestiae
1178 3678 1301 3724 sunt
1329 3667 1609 3722 contraria:
1636 3669 1876 3732 virtutes,
1909 3684 2130 3737 quorum

2228 3665 2339 3732 τὴν
2357 3665 2562 3734 ψυχὴν
2593 3667 3148 3739 ἐξομολογουμένην
3170 3691 3290 3727 σοι.
3333 3675 3508 3746 Θηρία
3542 3679 3671 3730 εἰσὶν
3719 3675 3768 3728 ai

615 3758 884 3826 accepisti,
924 3773 957 3812 ο
1011 3759 1188 3820 homo,
1238 3765 1571 3827 potestatem.
1618 3750 1672 3810 Si
1711 3756 1818 3810 Deo
1862 3758 2129 3826 servieris,

2229 3755 2585 3825 ἀντικείμεναι
2615 3757 2888 3827 δυνάμεις,
2923 3755 2998 3812 ὧν
3022 3763 3272 3833 εἴληφας,
3308 3759 3354 3817 ὧ
3395 3767 3659 3836 ἄνθρωπε,
3682 3768 3769 3834 τὴν

612 3863 764 3916 super
785 3849 1013 3916 aspidem
1048 3859 1094 3902 et
1120 3849 1412 3902 basiliscum
1445 3847 1688 3901 ascendas
1719 3848 1784 3901 ".

2228 3843 2484 3907 ἐξουσίαν.
2522 3841 2642 3899 Ἐὰν
2657 3843 2773 3917 Θεῷ
2794 3847 3102 3922 δουλεύσῃς,
3137 3851 3230 3906 ἐπ’
3255 3855 3486 3910 ἀσπίδα
3547 3859 3639 3910 καὶ
3665 3857 3766 3922 βα-

2226 3935 2504 3988 σιλίσκων
2547 3933 2820 4004 ἐπιϐήσῃ.

850 4026 915 4080 ν.
939 4026 1022 4081 10.
1054 4026 1291 4080 Sedenim
1314 4041 1424 4079 ecce
1455 4027 1640 4080 bestias
1667 4024 1805 4094 apud
1828 4035 1897 4080 te.
2373 4025 2399 4075 Σ

2278 4109 2285 4112 Δ
2373 4025 2514 4095 Στίχ.
2541 4032 2589 4078 ι’.
2623 4027 2794 4080 Ἀλλὰ
2828 4027 2902 4096 δὴ
2930 4030 3061 4084 ίὸοὺ
3101 4036 3276 4112 θηρία
3307 4037 3468 4105 παρὰ
3511 4039 3625 4092 σοί.

686 4115 948 4186 Ejusdem.
990 4117 1140 4186 Apud
1169 4126 1218 4168 te
1256 4113 1469 4179 Jobum,
1517 4115 1650 4182 apud
1678 4129 1890 4168 omnem
1932 4129 2131 4171 memo-

2278 4109 2405 4167 ’Τοῦ
2437 4113 2634 4168 αὐτοῦ.
2669 4117 2824 4187 Παρὰ
2853 4121 2935 4173 σοὶ
2965 4109 3228 4192 edi-"1806',
3271 4130 3422 4198 παρὰ
3455 4130 3613 4182 παντὶ
3644 4131 3761 4182 ὑπο-

615 4221 746 4270 rem,
770 4209 905 4274 apud
929 4220 1136 4258 omnem
1159 4203 1430 4256 victorem.

2221 4205 2666 4277 μνηστικῷ,παρὰ
2689 4209 2850 4261 παντὶ
2879 4210 2960 4280 τῷ
2992 4217 3317 4285 νενικηκότι.

719 4289 780 4346 ν.
816 4290 900 4345 10.
935 4291 1130 4344 Fenum
1161 4289 1368 4356 perinde
1393 4296 1540 4355 atque
1563 4289 1706 4342 boves
1730 4289 2022 4343 comedunt.

1985 4299 2022 4342 ι.
2441 4293 2584 4364 Στίχ.
2609 4302 2660 4348 ι’.
2685 4299 2908 4365 Χόρτον
2940 4299 3048 4359 ἶσα
3070 4307 3298 4369 βουσὶν
3331 4307 3534 4362 ἐσθίει.

680 4382 754 4436 De
784 4381 1049 4434 vermibus
1076 4379 1329 4446 loquitur,
1353 4376 1444 4445 qui
1474 4391 1540 4430 ex
1567 4378 1682 4444 ipso
1709 4379 1810 4432 orti
1836 4379 2006 4447 ipsum
2035 4393 2129 4434 co—
2160 4457 2182 4459 _

2296 4383 2431 4444 Τοὺς
2463 4382 2738 4453 σκώληκας
2777 4386 2946 4456 λέγει,
2974 4394 3098 4456 τοὺς
3130 4395 3189 4459 ἐξ
3229 4397 3392 4449 αὑτοῦ
3423 4394 3580 4450 αὐτὸν
3617 4411 3761 4450 κατε-

614 4471 914 4525 Inedebant.
959 4462 1214 4536 Perfectio
1255 4467 1409 4532 enim,
1454 4467 1669 4537 inquit,‘
1702 4484 1907 4522 manum
1966 4457 2163 4524 meum:

2232 4468 2489 4534 σθίοντας.
2513 4474 2827 4528 Συντέλεια
2846 4479 2975 4547 γὰρ,
3008 4457 3294 4552 φησὶξτὴν
3323 4487 3487 4554 χεῖρά
3503 4504 3618 4556 μου
3652 4479 3758 4539 ὑπὸ

612 4578 646 4614 α
677 4569 744 4626 te,
766 4569 812 4612 et
839 4573 951 4611 ecce
981 4566 1037 4610 ut
1061 4558 1233 4625 fenum
1263 4557 1490 4610 devorat.

2230 4559 2362 4613 σοῦ·
2387 4562 2480 4614 καὶ
2500 4562 2624 4615 ίδοὺ
2648 4565 2726 4629 ὡς
2745 4567 2952 4634 χόρτος
2969 4570 3078 4642 (58)
3124 4577 3436 4630 κατεσθίει.

747 4647 813 4702 V.
839 4647 921 4700 11.
965 4643 1050 4698 Vis
1088 4655 1256 4699 autem
1286 4642 1396 4714 ejus
1428 4645 1483 4698 in
1513 4643 1751 4699 umbilico
1781 4647 1990 4702 ventris.
2229 4651 2296 4701 Στ

2229 4650 2372 4720 Στίχ.
2394 4659 2478 4704 ια’.
2503 4646 2562 4707 Ἠ
2573 4649 2637 4705 δὲ
2647 4647 2891 4726 δύναμις
2909 4661 3092 4715 αὐτοῦ
3106 4663 3197 4715 ἐπ’
3209 4665 3478 4733 ὀμφαλοῦ
3496 4664 3757 4733 raatpéco

599 4785 606 4792 .
681 4737 802 4791 Haec
841 4735 1007 4804 prima
1043 4735 1124 4786 vis
1165 4744 1350 4789 contra
1395 4735 1681 4790 hominem.
1733 4735 1864 4791 Hinc
1903 4735 2130 4792 fornica—

2235 4811 2240 4815 _
2300 4737 2406 4808 (59)
2436 4737 2580 4811 Αὕτη
2615 4741 2798 4815 πρώτη
2839 4746 3065 4818 δύναμις
3095 4727 3360 4804 κατὰ-τοῦ
3393 4727 3592 4822 ἀνδρός.

614 4830 750 4883 rium
780 4826 953 4880 facere
982 4821 1188 4893 incipit.

2229 4841 2316 4879 vov
2349 4831 2513 4880 ποιεῖν
2557 4830 2798 4884 ἐντεῦθεν
2832 4835 3075 4904 ἄρχεται.

681 4914 946 4982 Ejusdem.
991 4911 1060 4966 Ut
1099 4908 1368 4967 mulierem
1405 4913 1646 4984 indigitet
1689 4932 1702 4968 :
1759 4925 1818 4971 ut
1861 4919 2126 4983 ostendat,

2304 4914 2410 4970 Τοῦ
2449 4921 2650 4976 αὐτοῦ.
2695 4923 2808 4976 Ἵνα
2835 4923 2895 4976 τὸ
2931 4926 3062 4996 Θῆλυ
3109 4929 3344 5001 σημάνῃ,
3379 4930 3462 4981 ἵνα
3494 4927 3656 4998 δείξῃ,
3679 4927 3753 4978 ὅτι

612 5005 754 5073 quod
778 5017 882 5057 non
910 5003 1101 5056 militat
1133 5002 1303 5056 solum
1331 5012 1512 5057 contra
1555 5006 1808 5061 habentes
1841 5019 2127 5078 spermata.

2228 5009 2566 5078 στρατεύεται
2594 5013 2651 5064 οὐ
2688 5011 2843 5082 μόνον
2877 5015 3016 5068 κατὰ
3044 5017 3149 5070 τῶν
3179 5016 3405 5086 ἐχόντων
3432 5018 3498 5071 τὰ
3528 5017 3755 5086 σπέρμα-

613 5091 1097 5160 Congruentissime
1135 5105 1262 5144 vero
1304 5093 1596 5147 nominavit
1626 5095 1860 5150 lumbum
1909 5097 2129 5168 loquens

2224 5107 2311 5150 τα.
2334 5094 2477 5152 Πάνυ
2494 5095 2548 5153 δὲ
2569 5102 2973 5173 εὐπρεπέστατα
3007 5106 3280 5176 ὠνόμασεν
3306 5109 3470 5175 ὀσφὺν
3499 5106 3589 5158 ἐπὶ
3608 5105 3753 5175 ἄρρε-

614 5185 680 5238 de
710 5181 943 5244 homine,
977 5191 1029 5233 et
1059 5180 1366 5234 umbilicum
1409 5183 1610 5239 ventris
1634 5185 1700 5241 de
1733 5187 1925 5242 femina
1954 5211 1964 5244 :
1997 5186 2127 5246 Ecce

2226 5205 2330 5249 νος,
2353 5187 2445 5240 καὶ
2473 5189 2706 5258 ὀμφαλὸν
2736 5189 2965 5262 γαστρὸς
3003 5195 3093 5246 ἐπὶ
3114 5197 3384 5262 γυναικός·
3434 5192 3574 5247 Ἰδοὺ
3619 5191 3684 5244 δὲ
3715 5190 3751 5257 ἡ

613 5289 739 5326 sane
774 5271 1020 5339 potentia,
1062 5269 1261 5322 lumbus
1310 5266 1415 5338 ejus
1447 5266 1500 5324 in
1536 5275 1761 5341 potentia
1789 5277 1917 5346 :‘vis
1957 5287 2124 5330 autem

2227 5277 2400 5345 ἰσχὺς
2448 5279 2639 5347 ὀσφὺς
2677 5281 2857 5335 αὐτοῦ
2887 5283 2956 5335 ἐν
2991 5283 3172 5351 ίσχύτο
3200 5288 3237 5352 ἠ
3265 5285 3333 5338 δὲ
3373 5286 3615 5353 δύναμις
3653 5283 3751 5334 αὑ-

613 5365 724 5431 ejus
752 5362 803 5415 in
833 5358 1073 5412 umbilico
1098 5361 1285 5413 ventris
1313 5360 1377 5414 “.

2225 5371 2326 5423 τοῦ
2360 5371 2450 5423 ἐπ’
2480 5369 2742 5441 ὀμφαλοῦ
2757 5378 3022 5444 γαστρός.

683 5477 726 5507 σο
769 5472 886 5528 Job.
933 5487 975 5537 ι,
1022 5471 1105 5534 ii,
1136 5471 1222 5525 ιε.
1295 5473 1360 5512 σο.
1393 5473 1518 5529 ibid.
1592 5477 1637 5509 τι
1695 5477 1821 5533 ibid.
1879 5443 1937 5511 ’θ’
1981 5479 2120 5538 Psal.
2159 5497 2232 5536 ιι

1896 5478 1937 5511 ⁸⁸
1981 5479 2120 5538 Psal.
2159 5484 2458 5548 “3111,19.
2529 5485 2575 5520 ’³
2608 5490 2855 5550 Psal.xc,
2880 5490 2964 5543 l3.
3043 5491 3096 5522 ⁵⁸·
3137 5491 3242 5562 hic,
3277 5491 3437 5543 v.11.

683 5609 792 5749 gg)
823 5609 981 5663 Forte
1010 5608 1245 5678 ἀπαρνοῦ
1279 5611 1358 5666 vel
1381 5613 1681 5686 ἀπαρνήσῃ.
1811 5640 1815 5643 >

770 5684 791 5750 )
815 5679 972 5734 Forte
992 5677 1194 5747 χόρτον.

2297 5623 2405 5695 (59)
2434 5624 2589 5684 Deest
2612 5625 2664 5683 in
2690 5627 2810 5687 cod.
2842 5643 2953 5683 XXI.
2978 5628 3191 5687 Confer.
3220 5629 3423 5701 Olymp.
