3922 6374
655 367 751 420 105

1497 362 2044 419 SUPPLEMENTUM
2082 365 2170 419 AD
2208 364 2522 422 ORIGENIS
2553 366 2952 422 EXEGETICA.
3687 372 3770 427 ιιι

651 482 909 542 ostendat,
957 485 1204 545 quantam
1254 475 1514 541 fraudem,
1569 488 1827 546 quantum
1883 495 2161 546 venenum,

2267 481 2400 533 ὥστε
2425 480 2632 547 ἐλέγξαι
2654 481 2741 533 καὶ
2761 479 2922 543 δεῖξαι
2940 480 3059 532 ὅσον
3085 477 3248 542 δόλον,
3273 478 3394 531 ὅσον
3420 477 3513 544 ξὺν,
3533 481 3628 534 ὅσα
3649 488 3775 540 κακὰ

650 583 842 644 quanta
869 569 998 623 mala
1030 567 1217 620 habeat
1251 568 1558 621 recondita?

967 653 1031 708 V.
1064 655 1116 708 5.
1156 652 1305 706 Circa
1334 656 1507 708 dentes
1541 655 1651 724 ejus
1683 657 1854 712 timor.

716 747 786 798 De
830 745 1019 812 quibus
1051 745 1286 798 dicitur:
1336 745 1517 797 Dentes
1575 757 1894 813 peccatorum
1934 751 2166 803 contrivi-

643 839 708 890 sli
731 837 795 888 ’7.
832 835 914 898 Et,
947 835 1191 887 Dominus
1212 843 1429 887 conteret
1453 835 1612 888 molas
1644 838 1925 890 leonum”.
1946 837 2056 892 Non
2087 850 2166 893 est

644 925 747 978 iste
783 926 941 978 timor
993 925 1081 978 Dei
1118 939 1132 976 ε
1167 924 1258 978 sed
1293 925 1448 977 timor
1473 927 1610 978 circa
1653 927 1826 980 dentes
1865 928 1994 995 ejus.
2024 927 2093 981 At
2120 932 2162 982 si

643 1016 890 1070 habueris
918 1015 1184 1068 Christum
1220 1016 1272 1068 in
1299 1017 1486 1084 teipso,
1520 1031 1584 1070 ne
1616 1032 1797 1070 curam
1826 1033 1977 1084 geras
2027 1020 2165 1072 illius

643 1106 847 1160 timoris
888 1123 899 1157 :
935 1104 1206 1157 Dominum
1251 1110 1385 1159 enim
1415 1107 1578 1158 Deum
1625 1118 1770 1160 tuum
1817 1109 2014 1162 timebis
2051 1125 2069 1162 :
2105 1126 2165 1161 ac

640 1209 825 1266 prwter
851 1197 1102 1266 ipsumne
1126 1197 1305 1249 timeas
1333 1199 1493 1249 alium
1523 1198 1586 1250 θ’.

881 1369 941 1424 ν.
982 1370 1036 1427 6.
1077 1372 1335 1426 Interiora
1373 1372 1482 1440 ejus
1515 1375 1715 1441 aspides
1758 1393 1922 1432 a’reaz.

709 1464 1050 1524 Documenta,
1105 1465 1333 1532 cogitata
1386 1465 1612 1518 occulta.
1665 1465 1853 1520 Omnia
1905 1483 2161 1523 venenum

640 1555 878 1620 aSpidutn
922 1563 1065 1618 sunt,
1098 1556 1344 1622 universa
1388 1569 1506 1622 quae
1557 1566 1678 1610 sunt
1725 1559 1862 1610 intra
1898 1559 2062 1611 illum.
2099 1560 2164 1613 Et

641 1570 878 1620 asmuum
922 1570 1065 1618 sunt,
1098 1570 1185 1607 unt
1261 1570 1344 1607 rsa
1388 1570 1506 1622 (iure
1557 1570 1678 1610 sunt
1725 1570 1862 1610 Intra
1898 1570 2062 1611 Illum.
2099 1570 2159 1613 Et

641 1644 848 1712 aspides
877 1653 1032 1707 sunt,
1065 1659 1166 1696 non
1190 1570 1403 1698 ξιυιιοε
1439 1646 1694 1714 quaedam,
1744 1649 1836 1701 sed
1885 1649 2159 1717 praedurat.

640 1732 901 1788 Praednra:
927 1734 1066 1787 enim
1096 1745 1216 1787 sunt
1247 1736 1477 1803 aspides.

1121 1823 1183 1875 ν.
1210 1822 1293 1874 10.
1325 1823 1407 1876 Ea:
1437 1840 1520 1877 ore
1553 1823 1690 1892 ejus.

711 1912 1077 1980 Blasphemiae,
1103 1922 1156 1965 et
1185 1927 1458 1966 sermones
1495 1914 1797 1982 impiorum,
1833 1925 1989 1986 atque
2034 1918 2165 1972 irre-

641 2001 948 2070 ligiosornm
973 2001 1272 2056 doctorum.

643 2089 707 2144 V.
735 2089 819 2148 10,
853 2087 938 2142 Ea:
963 2106 1049 2143 ore
1077 2089 1189 2157 ejus
1219 2089 1498 2154 procedunt
1540 2089 1801 2154 lampades
1827 2094 2083 2156 ardentes,
2114 2101 2162 2146 et

1083 2159 1378 2210 evibrantur
1411 2158 1510 2224 foci
1546 2159 1692 2226 ignis.

708 2307 950 2362 Arbitror
985 2309 1226 2375 equidem
1268 2307 1543 2362 universos
1589 2309 1747 2362 etiam
1797 2311 1983 2376 impios
2032 2315 2166 2366 irre-

643 2396 947 2466 ligiosorum
1000 2396 1299 2463 dogmalum
1331 2395 1602 2460 doctores,
1643 2399 1852 2465 prolirie
1880 2414 1996 2452 esse
2040 2403 2166 2454 dra-

643 2486 792 2540 conis
819 2486 1050 2539 membra
1081 2502 1094 2536 :
1141 2501 1203 2539 ac
1233 2487 1592 2540 membrorum
1635 2489 1879 2542 draconis
1952 2492 2164 2544 nomina

642 2574 687 2628 si
722 2575 802 2627 vis
844 2575 1048 2633 audire.
1089 2575 1272 2642 quales
1315 2583 1438 2628 sunt
1467 2576 1587 2628 isti?
1619 2574 1689 2629 Os
1720 2577 1966 2632 draconis
2003 2585 2177 2645 possit

638 2675 693 2719 et
721 2666 920 2733 tr0pice
958 2666 1176 2729 intelligi
1206 2677 1456 2733 przeterea
1492 2667 1562 2727 id,
1591 2669 1726 2721 unde
1754 2679 1874 2721 sont
1895 2683 2166 2724 sermones

639 2756 942 2824 perniciosi.
980 2755 1084 2822 (Ex
1125 2772 1211 2808 ore
1246 2758 1376 2808 enim
1421 2756 1532 2824 ejus
1571 2759 1831 2824 lampades
1872 2760 2163 2826 dispereunt

638 2847 817 2916 ignis.)
856 2844 990 2909 Quia
1029 2861 1092 2897 ex
1120 2860 1207 2897 ore
1249 2845 1358 2913 ejus
1407 2845 1508 2912 foci
1549 2846 1840 2913 dispereunt
1895 2851 2046 2916 ignis.
2108 2847 2164 2902 Si

641 2933 850 2998 quando
896 2932 1068 2984 audivi
1114 2931 1521 2985 calumniantem
1571 2948 1867 2988 sermonem
1908 2947 2164 3003 praetextu

638 3020 1062 3085 Christianismi,
1117 3021 1526 3076 calumniantem
1565 3023 1868 3077 Creatorem
1896 3061 1911 3087 ,
1955 3026 2058 3088 vel,
2109 3036 2166 3078 ut

2271 569 2380 640 ἔχει
2413 571 2742 638 ἀποκείμενα
2765 586 2778 632 ;

2440 657 2582 727 Στίχ.
2607 657 2666 708 ε’.
2688 659 2896 718 Κύκλῳ
2930 653 3186 706 ὀδόντων
3217 651 3396 705 αὑτοῦ
3420 655 3616 720 φόϐος.

2336 746 2467 814 Περὶ
2498 741 2569 797 ὧν
2615 746 2827 813 λέγεται
2849 761 2860 774 ο
2909 742 3177 806 Ὀδόντιις
3218 742 3565 809 ἁμαρτωλῶν
3611 747 3773 798 συνέ-

2269 837 2494 901 τριψας.
2542 835 2669 896 Καὶ,
2699 835 2907 900 Κύριος
2956 833 3266 898 συντρίψει
3305 833 3407 896 τὰς
3448 834 3638 901 μύλας
3673 834 3775 888 τῶν

2267 924 2541 974 λεόντων.
2575 923 2684 974 Οὐκ
2717 922 2857 973 ἔστιν
2890 921 3041 982 οὗτος
3080 923 3108 972 ὁ
3137 920 3294 987 φόϐος
3337 921 3428 972 τοῦ
3479 921 3605 974 Θεοῦ
3628 940 3641 953 ·
3674 925 3772 977 ἀλλ’

2269 1013 2300 1062 ό
2325 1012 2522 1076 φόϐος,
2558 1013 2589 1061 ό
2628 1011 2824 1074 κύκλῳ
2858 1007 2971 1060 τῶν
2998 1008 3252 1061 ὀδόντων
3272 1009 3470 1064 αὐτοῦ.
3514 1011 3645 1062 Ἀλλ’
3691 1013 3773 1066 ἐὰν

2268 1099 2392 1169 ἔχῃς
2422 1099 2508 1150 τὸν
2541 1098 2765 1169 Χριστὸν
2786 1099 2841 1150 ὲν
2874 1097 3100 1168 σεαυτῷ,
3134 1099 3206 1170 μὴ
3229 1099 3468 1170 φρόντιζε
3495 1102 3672 1154 τούτου
3693 1105 3772 1157 τοῦ

2268 1186 2445 1254 φόὸου.
2489 1188 2698 1253 Κύριον
2733 1188 2840 1255 γὰρ
2864 1186 2967 1240 τὸν
3009 1189 3152 1241 Θεόν
3194 1203 3311 1244 σου
3340 1191 3658 1261 φοϐηθήσῃ,
3689 1199 3773 1251 καὶ

2267 1275 2430 1342 πλὴν
2464 1274 2646 1327 αὐτοῦ
2660 1275 2743 1344 μὴ
2775 1277 2956 1344 φοϐοῦ
2984 1276 3088 1330 τὸν
3118 1279 3323 1333 ἄλλον.

2335 1365 2478 1434 Στίχ.
2531 1371 2602 1427 ς’.
2636 1365 2709 1418 Τὰ
2735 1366 2948 1434 ἔγκατα
2978 1370 3158 1423 αὑτοῦ
3189 1372 3438 1438 ἀσπίδες
3491 1379 3713 1443 χαλκαῖ.

2333 1455 2412 1506 Τὰ
2465 1455 2723 1524 δόγματα,
2779 1455 2846 1508 τὰ
2905 1459 3146 1528 νοήματα
3202 1463 3270 1516 τὰ
3319 1465 3770 1536 ἀποκεκρυμμένα.

2267 1543 2444 1596 Πάντα
2482 1543 2556 1607 ἰὸς
2583 1544 2816 1597 ἀσπίδων
2855 1547 2989 1610 ἐστὶ,
3020 1549 3193 1602 πάντα
3206 1550 3273 1603 τὰ
3302 1553 3445 1605 ἔνδον
3475 1555 3648 1609 αὑτοῦ.
3683 1559 3776 1611 Καὶ

2265 1633 2480 1696 ἀσπίδες
2499 1634 2631 1686 εἰσὶν
2663 1635 2756 1704 οὐχ
2779 1635 2975 1689 ἁπαλαί
2995 1655 3153 1704 τινες,
3180 1641 3312 1694 ἀλλὰ
3341 1644 3584 1716 σκληραί.
3616 1647 3776 1699 Ἀσπίο

2264 1722 2350 1785 δες
2381 1725 2487 1794 γάρ
2514 1725 2615 1776 είσι
2655 1725 2899 1797 σκληραί.

2576 1815 2721 1883 Στίχ.
2754 1813 2802 1870 ι’.
2841 1818 2933 1870 Ἐκ
2967 1821 3259 1887 στόματος
3298 1821 3498 1874 αὐτοῦ.

2329 1905 2392 1956 Ai
2429 1904 2758 1976 βλασφημίαι
2791 1909 2881 1960 καὶ
2906 1910 2954 1961 οί
2978 1910 3121 1979 λόγοι
3148 1911 3255 1964 τῶν
3283 1912 3489 1965 ἀσεϐῶν
3507 1915 3596 1967 καὶ
3620 1912 3775 1968 ἀθέων

2261 1993 2610 2046 διδασκάλων.

2262 2081 2408 2152 Στίχ.
2428 2079 2481 2152 ι’.
2525 2082 2623 2134 Ἐκ
2667 2083 2956 2152 στόματος
2995 2082 3179 2136 αὐτοῦ
3202 2082 3610 2150 ἐκπορεύονται
3648 2087 3776 2152 λαμ.

2332 2149 2513 2270 πάδὲς
2555 2150 2871 2217 καιόμεναι,
2911 2152 3010 2204 καὶ
3065 2149 3501 2219 διαριπτοῦνται
3547 2149 3777 2220 ἐσχάραι

2331 2231 2448 2284 πυρ
2486 2239 2537 2283 ς.

2333 2306 2440 2374 (Mi)
2479 2302 2639 2376 Οἶμαι
2669 2305 2765 2376 μὲν
2815 2303 2905 2357 καὶ
2935 2302 3141 2363 πάντας
3187 2300 3312 2363 τοὺς
3362 2299 3569 2359 ἀσεὸεἶς
3618 2299 3774 2352 ἀθέων

2261 2397 2537 2466 δογμάτων
2564 2397 2855 2466 εἰσηγητὰς
2879 2394 3080 2463 κυρίως
3107 2391 3172 2444 ἂν
3206 2389 3343 2444 εἶναι
3371 2391 3514 2466 μέλη,
3532 2390 3622 2443 τοῦ
3664 2390 3776 2460 δρά-

2263 2459 2444 2546 κοντος
2466 2499 2479 2514 ·
2525 2483 2616 2536 καὶ
2809 2459 2982 2552 μελῶν
3019 2480 3112 2533 τοῦ
3157 2459 3439 2549 δράκοντος
3486 2459 3708 2551 όνόματα
3733 2482 3774 2532 εί

2263 2572 2433 2634 θέλεις
2487 2571 2734 2634 ἀκοῦσαι,
2787 2571 2926 2623 ποῖοί
2969 2573 3106 2622 εἰσιν
3151 2563 3328 2633 cirros;
3374 2570 3448 2622 Τὸ
3497 2570 3660 2639 στόμα
3693 2568 3773 2621 τοῦ

2261 2662 2541 2732 δράκοντος
2584 2663 2665 2732 εἴη
2695 2662 2741 2714 δ’
2764 2662 2828 2714 ἄν
2854 2678 2907 2712 τι
2949 2662 3044 2714 καὶ
3085 2660 3354 2731 τροπικῶς
3376 2660 3666 2730 νοούμενον,
3697 2660 3774 2712 καὶ

2262 2749 2408 2820 παρά
2437 2749 2590 2801 τοῦτο
2620 2749 2737 2802 ὅθεν
2768 2751 2816 2800 οἱ
2847 2750 2991 2815 λόγοι
3030 2751 3078 2802 oi
3119 2748 3457 2811 ἀπολλύντες.
3489 2749 3620 2820 [Ἕκ
3656 2749 3777 2801 στό-

2258 2853 2440 2905 ματος
2463 2837 2568 2905 γὰρ
2597 2837 2780 2890 αὑτοῦ
2807 2837 3112 2904 λαμπάδες
3135 2839 3531 2892 ἁπολλύονται
3565 2835 3774 2906 πυρός.]

2265 2926 2381 2977 Ὅτι
2424 2927 2491 2977 ἐκ
2539 2925 2830 2992 στόματος
2878 2928 3066 2981 αὐτοῦ
3110 2928 3359 2996 ἐσχάραι
3400 2929 3775 2982 ἀπολλύονται

2264 3018 2466 3081 πυρός.
2502 3015 2568 3068 Εἰ
2616 3030 2744 3066 ποτε
2791 3017 2994 3085 ἥκουσα
3037 3018 3128 3070 τοῦ
3159 3018 3575 3091 κατηγοροῦντος
3616 3017 3773 3083 λόγου,

636 3109 799 3164 verbo
829 3112 1021 3174 dicam,
1046 3112 1376 3178 proﬁtentem
1413 3112 1600 3180 placita
1640 3111 1942 3177 Marcionis,
1969 3115 2158 3168 Valen-

2260 3105 2516 3174 προφάσει
2529 3107 2572 3156 Χ
2579 3107 2963 3174 ριστιανισμοῦ,
2982 3109 3405 3178 κατηγοροῦντος
3427 3108 3518 3161 τοῦ
3535 3110 3777 3177 Δημιουρ-

636 3199 859 3266 lentini,
916 3201 1648 3270 Basilidiszquandocunque
1704 3203 2058 3270 obloquantur
2102 3207 2168 3260 de

634 3289 916 3344 Conditore
935 3290 1055 3344 caeli
1080 3299 1135 3343 et
1158 3299 1310 3343 terrae
1328 3306 1343 3352 ;
1361 3293 1780 3360 quandocunque
1801 3295 1977 3348 dicant
1998 3298 2165 3366 ipsum

636 3395 741 3434 non
771 3380 1022 3441 existere,
1077 3395 1175 3434 nec
1201 3385 1486 3436 essentiam
1515 3385 1841 3452 spiritualem
1873 3389 2088 3450 habere.
2109 3399 2165 3442 ut

637 3468 724 3522 isti
754 3467 972 3532 dicunt;
1007 3469 1210 3523 videbis
1237 3486 1299 3525 ex
1349 3486 1441 3526 ore
1476 3473 1660 3527 talium
1697 3477 1986 3543 procedere
2033 3479 2163 3532 tam»

633 3559 798 3626 pades
826 3559 1090 3623 ardentes,
1115 3569 1167 3614 et
1212 3561 1443 3615 evibrari
1493 3562 1642 3618 focos
1676 3565 1834 3634 ignis.
1877 3565 2160 3636 Propterea

636 3665 733 3705 nos
780 3651 1010 3705 scientes
1038 3651 1172 3715 haec,
1205 3653 1565 3708 custodiamus
1611 3671 1708 3709 nos
1753 3658 1916 3725 ipsos,
1945 3672 2010 3711 ne
2060 3674 2158 3712 un-

635 3753 794 3805 quam
841 3740 1110 3807 lampades
1148 3741 1252 3796 illaa
1283 3755 1380 3797 nos
1409 3752 1656 3810 exuram,
1695 3759 1764 3800 ne
1790 3760 2022 3815 unquam
2055 3748 2160 3806 foci

635 3827 772 3896 ignis
791 3841 889 3882 nos
917 3831 1201 3897 attingant.

843 4075 902 4130 V.
937 4077 1020 4131 i5.
1050 4076 1119 4132 In
1147 4078 1280 4134 collo
1323 4090 1490 4134 autem
1521 4083 1632 4148 ejus
1665 4084 1799 4152 degit
1824 4087 1916 4140 vis.

701 4223 794 4280 Est
821 4228 1057 4295 quaedam
1082 4228 1164 4283 vis
1194 4231 1352 4284 mala.
1371 4232 1438 4284 At
1458 4234 1739 4288 infirmitas
1768 4253 1923 4304 quam
1952 4255 2156 4296 assum-

625 4313 739 4380 psit
764 4324 977 4382 propter
1004 4331 1086 4370 me
1101 4317 1342 4372 Salvator
1363 4333 1511 4374 mens
1533 4330 1588 4374 et
1623 4322 1894 4387 Dominus,
1937 4341 2054 4393 qua:
2076 4329 2155 4381 di-

2265 3193 2380 3261 γοῦ,
2427 3193 2555 3262 φέρε
2576 3193 2766 3256 εἰπεῖν,
2799 3196 3189 3265 πρεσϐεύοντος
3216 3199 3284 3251 τὰ
3309 3197 3640 3270 Μαρκίωνος,
3659 3211 3778 3266 πρε-

2263 3282 2536 3344 σϐεύοντος
2580 3281 2648 3333 τὰ
2679 3283 3045 3348 Οὐαλεντίνου,
3095 3287 3189 3340 καὶ
3231 3287 3302 3340 τὰ
3341 3287 3660 3340 Βασιλείδου’
3707 3281 3776 3338 ὅτ’

2260 3369 2324 3422 ἂν
2378 3367 2556 3429 κακῶς
2607 3367 2830 3435 λέγωσιν
2876 3371 2966 3424 τὸν
3018 3374 3249 3445 Ποιητὴν
3279 3375 3501 3445 ούρανοῦ
3542 3376 3632 3428 καὶ¹
3666 3373 3776 3442 γῆς,

2257 3459 2333 3526 ὅτ’
2363 3456 2428 3510 ἂν
2475 3456 2698 3524 λέγωσιν
2727 3457 2884 3512 αὑτὸν
2923 3461 2998 3531 μὴ
3042 3459 3196 3528 εἶναι,
3257 3465 3388 3534 μηδὲ
3431 3463 3776 3533 πνευματικῆς

2256 3546 2460 3609 οὐσίας,
2503 3548 2661 3600 ὁποῖά
2692 3564 2852 3614 φασιν
2878 3545 3057 3604 οὗτοι·
3106 3553 3231 3624 ὄψῃ,
3280 3556 3344 3606 ὲκ
3384 3555 3638 3619 στόματος
3682 3551 3776 3603 τῶν

2254 3635 2502 3700 τοιούτων
2533 3635 2833 3705 ἐξέρχονται
2869 3637 3149 3710 λαμπάδες
3176 3643 3475 3712 καιόμεναι,
3513 3644 3603 3696 καὶ
3623 3642 3777 3712 διαρι-

2255 3723 2508 3777 πτοῦνται
2549 3724 2770 3794 ἐσχάραι
2802 3729 2990 3797 πυρός.
3039 3731 3139 3784 Διά
3180 3732 3334 3786 τοῦτο
3361 3735 3536 3803 ἡμεῖς,
3574 3731 3775 3794 εἰδότες,

2254 3813 2502 3883 τηρῶμεν
2563 3813 2802 3876 ἑαυτοὺς,
2863 3817 3074 3886 μήποτε
3134 3820 3336 3874 ἐκεῖναι
3399 3825 3453 3874 αἱ
3523 3818 3777 3890 λαμπάδες

2253 3899 2399 3968 ἡμᾶς
2444 3897 2700 3962 καύσωσι,
2739 3899 2947 3970 μήποτε
2976 3905 3034 3957 at
3067 3906 3293 3977 ἐσχάραι
3322 3907 3414 3960 τοῦ
3442 3909 3606 3979 πυρὸς
3634 3904 3775 3976 ἡμῶν

2254 3988 2510 4057 ἅψωνται.

2253 4079 2398 4149 Στίχ.
2434 4086 2520 4147 ιγ’.
2568 4080 2666 4132 Ἐν
2708 4075 2776 4129 δὲ
2811 4077 3087 4144 τραχήλῳ
3121 4077 3308 4132 αὐτοῦ
3349 4078 3635 4138 αὐλίζεται
3681 4077 3773 4129 δύ-

2915 4161 3108 4212 ναμις.

2322 4235 2474 4286 Ἐστι
2513 4250 2594 4296 τις
2643 4231 2866 4300 δύναμις
2910 4231 3139 4302 πονηρά.
3181 4231 3317 4284 Ἀλλ’
3350 4237 3382 4304 ἡ
3431 4234 3688 4294 ἀσθένεια,
3716 4231 3774 4302 ἦν

2251 4323 2470 4377 ἀνέλαϐε
2501 4321 2565 4373 δι’
2602 4321 2698 4390 ἐμὲ
2719 4319 2949 4391 ὁΣωτήρ
2992 4339 3093 4390 μου
3127 4323 3220 4376 καὶ
3241 4322 3460 4393 Κύριος,
3495 4325 3610 4393 ἥτις
3639 4323 3775 4390 λέγε-

627 4402 772 4454 ~citur
819 4402 1098 4458 inﬁrmitas
1149 4405 1260 4471 Dei,
1316 4413 1584 4476 superavit
1627 4413 1731 4464 vim
1790 4415 1950 4468 illius.
1997 4417 2150 4484 Inﬁr-

2260 4431 2335 4466 ται
2361 4412 2608 4464 ἀσθένεια
2627 4409 2778 4472 Θεοῦ,
2814 4410 3060 4480 ἐνίκησεν
3094 4413 3300 4465 ἐκείνου
3324 4413 3420 4484 τὴν
3440 4413 3676 4482 δύναμιν.
3711 4411 3774 4466 Τὸ

627 4510 768 4547 suum
789 4496 930 4547 enim
959 4495 1069 4558 Dei,
1100 4496 1498 4565 iuqnitquidem
1518 4502 1798 4570 Apostolus
1821 4545 1835 4567 .
1865 4508 2047 4574 fortius
2077 4520 2154 4564 est

621 4583 915 4636 hominibus
945 4585 958 4613 ¹
999 4601 1012 4635 :
1046 4599 1143 4654 ego
1179 4587 1340 4640 etiam
1356 4588 1574 4642 dixerim
1595 4591 1779 4646 fortius
1800 4596 1848 4648 vi
1885 4598 2150 4654 draconis.

699 4735 760 4789 ν.
791 4735 877 4790 14.
903 4737 1090 4791 Carnes
1122 4750 1291 4794 autem
1335 4746 1559 4811 corporis
1596 4748 1706 4815 ejus
1740 4751 2082 4808 adiuuerunt.

697 4825 910 4880 Poterat
935 4829 1128 4897 dicere,
1146 4830 1346 4888 Carnes
1365 4846 1537 4889 autem
1559 4840 1796 4906 corporis
1818 4841 1974 4894 unita:
1998 4851 2148 4894 sunt:

626 4928 681 4972 at
718 4920 817 4972 hoc
847 4935 948 4974 non
971 4922 1124 4976 dixit.
1154 4925 1264 4979 Non
1289 4928 1426 4978 enim
1453 4931 1610 4985 unite
1628 4943 1784 4999 sunt;
1819 4949 1918 4986 non
1951 4935 2019 4986 ita
2047 4945 2142 4990 est.

2252 4503 2360 4572 γὰρ
2400 4497 2646 4564 ἀσθενὲς
2693 4498 2796 4551 τοῦ
2853 4499 3024 4564 Θεοῦ,
3054 4502 3081 4553 ὁ
3135 4507 3231 4570 μὲν
3280 4502 3590 4565 Ἀπόστολος
3617 4501 3772 4568 λέγει,

2253 4589 2633 4657 ἰσχυρότερον
2671 4585 2785 4640 τῶν
2820 4589 3172 4655 ἀνθρώπων
3228 4590 3338 4659 ἐγὼ
3381 4592 3436 4644 δὲ
3478 4593 3542 4644 ἂν
3585 4594 3774 4658 εἴποιμι

2255 4676 2588 4746 ἰσχυρότερον
2615 4675 2711 4744 τῆς
2734 4675 3010 4744 δυνάμεως
3030 4677 3122 4729 τοῦ
3154 4679 3457 4748 δράκοντος.

2251 4762 2396 4831 Στίχ.
2427 4762 2504 4814 ιδ’.
2530 4762 2748 4828 Σάρκες
2772 4760 2838 4812 δὲ
2862 4762 3133 4830 σώματος
3155 4766 3340 4819 αὐτοῦ
3373 4769 3770 4833 κεκόλληνται.

2337 4851 2578 4904 Ἐδύνατο
2601 4851 2871 4921 εἰρηκέναι
2891 4869 2903 4881 ·
2948 4853 3154 4924 Σάρκες
3180 4854 3237 4907 δὲ
3269 4856 3513 4926 σώματος
3538 4859 3770 4928 ἦνωνται.

2265 4941 2318 4992 Ὀ
2344 4941 2397 4992 δὲ
2431 4943 2526 4993 οὐκ
2570 4937 2748 4994 εἶπενο
2797 4942 2857 4993 οὐ
2905 4943 3011 5012 γὰρ
3038 4945 3271 5013 ἤνωνται
3291 4964 3305 4976 ·
3340 4949 3440 5000 οὐκ
3473 4948 3605 5003 ἐστι.
3631 4947 3699 4999 Τὸ
3722 4945 3774 4998 ἓν

627 5007 800 5063 Unum
835 5011 970 5078 apud
1001 5011 1142 5066 illum
1185 5017 1343 5069 multa
1380 5030 1522 5083 sunt,
1557 5023 1635 5074 vel
1663 5039 1820 5076 unum
1851 5035 1996 5086 sunt,
2030 5041 2146 5094 quas

2260 5033 2374 5100 παρ’
2403 5034 2589 5102 ἐκείνῳ
2609 5032 2774 5084 πολλά
2801 5034 2946 5084 ἐστιν
2966 5050 2980 5064 θ
3008 5035 3040 5105 ἢ
3065 5035 3120 5089 ἓν
3137 5036 3392 5093 δοκοῦντα
3412 5038 3770 5110 κεκολλῆσθαι,

622 5097 869 5150 videntur
899 5100 1216 5168 adhaesisse;
1247 5117 1521 5174 propterea
1568 5112 1707 5178 quod
1744 5113 1872 5167 dicit
1917 5115 2144 5167 adhtese-

622 5197 766 5250 runt,
801 5203 903 5241 non
940 5192 1095 5246 unita:
1118 5205 1254 5247 sunt.

2244 5118 2328 5171 διὰ
2358 5121 2449 5173 τοῦ
2480 5121 2718 5188 λέγοντος
2747 5124 3158 5191 κεκόλληνται,
3187 5131 3284 5199 οὐχ
3319 5131 3587 5198 ἧνωνται.

621 5272 685 5329 V.
714 5275 797 5330 15.
835 5276 937 5331 Cor
961 5279 1071 5350 ejus
1093 5286 1342 5365 concrevit
1372 5298 1425 5378 ujt
1455 5288 1588 5368 lapis
1614 5307 1632 5344 :
1662 5291 1794 5342 stetit
1823 5300 1992 5344 autem
2010 5291 2140 5346 sicut

2260 5299 2386 5368 Ξτίχ.
2433 5307 2512 5378 ιε’.
2553 5299 2612 5350 Ἡ
2660 5297 2872 5378 καρδία
2905 5304 3090 5378 αὐτοῦ
3143 5308 3403 5378 πέπηγεν
3462 5311 3540 5376 ὡς
3594 5312 3769 5376 λίθος,

1162 5354 1304 5406 incus
1325 5356 1592 5411 indomita.

687 5433 802 5488 Non
835 5441 1192 5508 exercitatus,
1237 5461 1339 5499 non
1369 5447 1669 5515 obsequens
1693 5449 1878 5511 verbo,
1917 5450 2133 5518 proprie

2445 5367 2660 5433 ἕστηκε
2694 5367 2760 5418 δὲ
2785 5366 2984 5438 ὥσπερ
3025 5373 3227 5442 ἄκμων
3255 5366 3574 5445 similam}.

2301 5455 2418 5508 Ὀὐκ
2435 5455 2798 5525 ἐλαυνόμενος,
2818 5458 2918 5512 οὐκ
2944 5461 3246 5521 ἀκολουθῶν
3261 5467 3427 5539 λόγῳ,
3457 5472 3638 5525 οἰκεῖοι
3665 5466 3767 5541 (47)

680 5581 724 5613 ⁸⁷
745 5582 881 5636 Psal.
921 5599 998 5649 nt,
1022 5585 1074 5638 8.
1147 5587 1193 5618 ³⁸
1221 5585 1354 5644 Psal.
1395 5604 1530 5656 un,
1553 5591 1605 5643 7.
1682 5592 1725 5626 "
1758 5592 2008 5660 Dent._vt,
2059 5592 2140 5649 l5.
2216 5594 2233 5624 ¹
2261 5591 2281 5646 ι
2309 5592 2435 5648 Cor.
2459 5609 2498 5658 ι,
2521 5593 2607 5648 25.

685 5693 794 5765 (46)
823 5697 1030 5769 Confer-
1041 5697 1201 5752 edita.

2309 5702 2415 5775 (47)
2444 5705 2520 5758 An
2552 5704 2800 5768 οίκείωςῖ
