3922 6426
600 407 694 460 107

1429 401 1972 458 SUPPLEMENTUM
2008 403 2094 456 AD
2135 402 2450 458 ORIGENIS
2480 403 2879 463 EXEGETICA.
3640 417 3726 472 108

595 531 783 580 iterum
813 536 927 582 orat
952 527 1058 578 lucc
1082 525 1291 587 dicens;
1315 525 1636 591 experientia
1657 525 1962 579 ostenderet
1983 539 2119 592 quae-

2227 526 2524 595 προφήτης,
2575 529 2730 580 πάλιν
2771 526 2978 608 εὔχεται
3027 529 3196 595 λέγων
3237 529 3420 592 ταῦτα,
3466 531 3619 596 δεῖξαι
3669 541 3727 608 τῇ

597 630 716 668 rens
753 616 915 676 Deus,
961 627 1017 666 se
1081 612 1302 666 necdum
1345 612 1565 666 oblitum
1602 611 1769 666 fuisse
1812 627 2126 681 pauperum.

590 707 728 770 Quin
783 705 940 759 etiam
994 702 1330 772 blasphemiae
1378 703 1522 771 impii
1565 701 2124 757 commemorationem

593 795 715 848 fecit
757 795 1028 863 inquiens:

595 884 657 937 V.
701 884 788 938 58.
831 884 1153 936 Desiderium
1192 899 1475 949 pauperum
1525 883 1814 942 exaudiui.
1865 881 2123 934 Domine:

662 953 1029 1021 praeparationi
1056 953 1226 1005 cordis
1260 968 1432 1004 eorum
1464 953 1649 1004 adhibe
1672 967 1851 1004 aurem
1888 959 2052 1003 tuam.

662 1108 1044 1163 Desiderabant
1100 1105 1240 1158 enim
1297 1114 1354 1158 ut
1406 1114 1769 1159 contereretur
1844 1102 2122 1157 brachium

592 1198 904 1267 peccatoris,
941 1211 1004 1250 ac
1030 1196 1365 1263 eriperentur
1389 1195 1452 1248 de
1490 1195 1767 1264 tyrannide
1806 1195 1957 1262 ejus:
1983 1194 2121 1262 quod

593 1295 647 1341 et
693 1285 928 1353 contigit.
973 1284 1304 1337 Desiderium
1359 1297 1519 1350 porro
1571 1282 1721 1334 bona:
1789 1279 2124 1349 cogitationis

593 1379 782 1432 ellieax
815 1384 894 1428 est
926 1374 1116 1428 oratio.
1151 1372 1316 1438 Quam
1355 1375 1539 1425 videns
1586 1370 1828 1439 cognitor
1853 1370 2116 1435 cordium,

593 1466 848 1535 implevit.
880 1465 1132 1519 Paratum
1163 1464 1301 1518 enim
1338 1461 1602 1515 habebant
1631 1475 1725 1514 eor
1755 1469 1813 1513 ut
1854 1461 2125 1513 salvaren-

594 1568 701 1620 tur,
736 1566 790 1612 et
816 1556 1062 1626 promissi
1091 1555 1235 1624 regni
1259 1561 1524 1621 compotes
1556 1552 1763 1607 tierent.

1179 1643 1367 1700 PSAL.
1404 1640 1538 1694 Xlll.

594 1741 656 1796 V.
695 1742 748 1796 2.
791 1741 1041 1794 Dominus
1071 1737 1132 1788 de
1161 1734 1282 1787 ίόιίο
1310 1734 1568 1800 prospexit
1597 1746 1748 1797 super
1789 1728 1925 1796 filios
1963 1728 2124 1800 Itami-

2226 616 2387 685 πείρᾳ
2417 617 2506 670 τὸν
2531 617 2660 671 Θεὸν
2691 620 2870 682 αἰτῶν,
2897 601 2969 682 ὧς
3000 621 3178 672 οὐκέτι
3211 621 3451 692 λέλησται
3473 625 3573 676 τῶν
3604 601 3734 681 me):

2225 703 2350 844 χῗν.
2377 705 2484 758 Καὶ
2514 706 2612 775 τῆς
2631 707 2722 759 τοῦ
2755 708 2980 768 ἀσεϐοῦς
3007 709 3063 760 δὲ
3103 709 3436 781 βλασφημίας
3473 715 3732 788 ὑπέμνησε

2284 809 2412 859 γωνο

2225 884 2370 952 Στίχ.
2401 884 2656 964 λης-’Τὴν
2693 887 3003 964 ἐστ-ιθυμίαν
3043 884 3160 964 τῶν
3198 883 3466 964 gremith
3486 884 3754 964 siminqu

2292 951 2426 1017 σας,
2453 951 2656 1019 Κύριε·
2698 955 2772 1023 τῇ
2810 951 3118 1023 ἑτοιμασίᾳ
3152 951 3260 1019 τῆς
3300 951 3536 1018 καρδίας
3558 953 3738 1007 αὐτῶν

2293 1016 2553 1089 πρόσεχε
2573 1024 2634 1075 τὸ
2660 1016 2766 1087 οὖξ
2787 1016 2940 1076 σου.’
3088 1016 3100 1019 ’
3212 1016 3246 1019 ﬂ
3369 1016 3382 1018 _
3514 1016 3525 1018 ⁷
3745 1026 3753 1088 ί

2302 1109 2626 1177 Ἐπεθύμουν
2667 1110 2773 1181 γὰρ
2816 1111 3158 1182 συντριϐῆναι
3202 1111 3292 1163 τοῦ
3319 1109 3629 1180 ἁμαρτωλοῦ
3659 1112 3741 1166 τὸν

2226 1200 2498 1270 βραχίονα,
2527 1201 2618 1252 καὶ
2647 1202 2744 1270 τῆς
2771 1201 2931 1253 αὐτοῦ
2972 1200 3274 1271 τυραννίδος
3302 1199 3737 1270 ὲλευθερωθῆναιο

2223 1288 2251 1339 ὃ
2303 1287 2364 1358 δὴ
2405 1289 2495 1340 καὶ
2536 1289 2769 1356 γέγονεν.
2810 1288 3098 1358 Ἐπιθυμία
3149 1289 3205 1340 δὲ
3267 1288 3496 1350 διανοίας
3543 1291 3735 1360 ἀγαθῆς

2223 1376 2445 1445 ἐνεργής
2476 1377 2587 1428 ἐστι
2615 1379 2904 1446 προσευχὴ.
2938 1379 3036 1430 Ἦν
3077 1377 3195 1431 ίδὼν
3242 1378 3270 1428 ὁ
3311 1378 3741 1449 καρδιογνώστης,

2221 1467 2544 1538 ἐπλήρωσεν.
2572 1469 2819 1540 Ἑτοίμην
2844 1471 2949 1540 γὰρ
2970 1467 3109 1539 εἶχον
3142 1469 3274 1540 πρὸς
3301 1471 3360 1522 τὸ
3379 1472 3604 1539 σωθῆναι
3623 1490 3744 1542 nap-

2219 1556 2351 1621 δίαν,
2375 1559 2467 1609 καὶ
2490 1559 2585 1628 τῆς
2606 1559 3012 1629 ἐπηγγελμένης
3038 1542 3303 1629 βασιλείας
3331 1565 3528 1630 τυχεῖν.

2817 1649 2955 1700 ΨΑΛ
2971 1689 2982 1700 .
3041 1649 3135 1699 II".

2222 1735 2378 1805 Xcix.
2403 1735 2463 1804 β’.
2515 1735 2741 1805 Κύριοςᾲ
2770 1736 2836 1788 ἐκ
2881 1737 3006 1805 τοῦ,
3038 1736 3292 1804 οὐρανοῦ
3341 1735 3620 1805 διέκυψεν
3657 1737 3745 1792 ἐπὶ

663 1827 803 1893 unum,
835 1820 887 1861 ut
943 1807 1128 1860 videret
1163 1805 1208 1856 si
1251 1799 1326 1856 est
1391 1802 1700 1869 intelligens,
1742 1799 1816 1852 uel
1861 1799 2119 1867 requirens

2293 1799 2430 1893 iob};
2448 1871 2459 1887 ι
2476 1799 2658 1893 υἱοιξς.
2676 1799 2789 1893 τῶν
2815 1799 3166 1893 ,ἀνθρώπιωῇ
3212 1805 3317 1859 τοῦ
3351 1805 3495 1858 ἰδεῖν
3516 1799 3597 1858 ἐί
3629 1805 3749 1860 ἐστι

661 1881 845 1932 Deum.

659 1971 998 2036 Quaecunque
1037 1961 1382 2032 corporaliter
1426 1962 1490 2014 de
1539 1960 1851 2026 incorporeo
1891 1957 1998 2011 Deo
2025 1955 2126 2009 dici

590 2059 811 2128 possint,
831 2072 894 2110 eo
923 2056 1076 2108 modo
1106 2051 1447 2121 intelligenda
1478 2049 1707 2116 suntqui
1735 2047 1896 2100 Deum
1924 2046 2124 2100 deceat.

590 2145 758 2212 Puta,
791 2147 842 2200 in
884 2144 1034 2198 caelis
1063 2141 1261 2195 dicitur
1302 2137 1568 2200 habitare,
1601 2150 1695 2190 ceu
1743 2132 1942 2201 templo
1974 2142 2127 2185 utens

589 2237 783 2292 divinis
831 2233 1184 2301 potestatibus
1229 2244 1345 2297 qua:
1392 2229 1444 2281 in
1485 2227 1620 2281 coelo
1666 2233 1810 2279 sunt.
1861 2224 1950 2278 Sic
1984 2223 2124 2276 enirn

590 2337 850 2382 vocantur
887 2314 982 2394 per
1025 2318 1538 2390 cognominationem
1581 2331 1646 2370 ex
1691 2315 1825 2370 locis
1853 2315 1902 2368 in
1936 2315 2127 2382 quibus

589 2428 734 2482 sunt,
790 2424 848 2470 ut
882 2424 936 2468 et
963 2411 1232 2474 homines,
1276 2409 1400 2462 dum
1436 2417 1576 2460 terra
1614 2406 1856 2460 audiunt.
1899 2403 2124 2459 Sicutin

589 2510 680 2562 illo
705 2524 718 2560 :
745 2506 925 2560 Omnis
956 2515 1093 2556 terra
1126 2500 1338 2553 adorent
1362 2511 1413 2551 te
1439 2499 1480 2552 °.
1518 2496 1600 2558 Et,
1634 2495 1814 2549 Omnis
1838 2505 1972 2548 terra
2013 2493 2124 2547 cla-

588 2605 695 2650 mat
712 2611 822 2648 cum
849 2580 1080 2646 ltetitia".
1105 2589 1159 2642 1n
1174 2587 1488 2654 cmlisporro
1505 2583 1875 2637 habitatetiam
1899 2584 2018 2636 dum
2041 2589 2124 2635 est

590 2688 643 2740 in
672 2684 973 2740 hominibus
998 2680 1084 2749 qui
1111 2684 1318 2746 portant
1343 2675 1614 2744 imaginem
1637 2673 1848 2726 cmlestis
1869 2672 1910 2726 ⁸.
1929 2672 2122 2725 Verum

597 2777 758 2832 etiam
802 2772 1090 2829 creationis
1138 2782 1200 2822 ac
1244 2764 1592 2833 providentia:
1621 2763 1843 2827 ratione,
1883 2761 1937 2813 in
1977 2761 2120 2814 omni

601 2875 840 2922 creatura
867 2861 1091 2917 exsistit.
1127 2856 1276 2923 Quod
1321 2869 1388 2909 ex
1438 2851 1809 2922 pulcherrimis
1839 2850 1953 2904 istis
1991 2849 2123 2904 locis

593 2957 793 3025 liquido
820 2959 1072 3022 apparet:
1103 2947 1260 3000 Pater
1294 2953 1464 2997 noster
1514 2941 1602 3011 qui
1632 2957 1683 2994 es
1705 2941 1779 3008 in]
1799 2939 1996 2995 caelis“.
2019 2939 2120 2992 Et:

589 3047 726 3100 Deus
752 3045 805 3096 in
822 3041 945 3095 caelo
971 3054 1128 3107 supra
1147 3036 1214 3089 ‘°.
1249 3034 1384 3100 Quin
1409 3031 1568 3086 etiam
1599 3030 1779 3083 multis
1802 3029 1855 3082 in
1883 3028 2012 3082 locis
2039 3028 2121 3080 di-

586 3141 724 3191 vina:
771 3129 1145 3190 institutionis,
1170 3124 1292 3179 cceli
1329 3119 1724 3176 nomenclatura
1756 3117 2016 3185 signiﬁcat
2048 3117 2125 3170 in-

591 3225 940 3282 tellectualem
972 3217 1277 3276 essentiam,
1312 3213 1364 3266 in
1393 3225 1497 3279 qua
1533 3209 1762 3262 maxime
1789 3208 1952 3261 Deum
1971 3222 2120 3275 quae-

590 3331 709 3371 rere
735 3321 968 3382 oportet.
1005 3308 1198 3362 Caelum
1225 3301 1365 3356 enim
1393 3299 1502 3353 coeli
1529 3295 1748 3350 Domino
1769 3295 1807 3326 “
1843 3313 1856 3348 :
1883 3295 2004 3349 inde
2027 3309 2120 3363 per

590 3399 1125 3461 condescendentiam
1168 3395 1386 3465 respicit
1435 3403 1527 3445 eos
1575 3390 1665 3457 qui
1710 3387 1944 3457 sequiori
1997 3395 2120 3440 sunt

592 3494 922 3556 conditione,
949 3489 1014 3544 Ut
1040 3489 1209 3542 uideat
1257 3486 1303 3539 si
1337 3484 1449 3552 quis
1479 3489 1554 3535 est
1586 3480 1830 3547 prudens,
1855 3476 2117 3544 requirens

595 3588 779 3638 Deum.
815 3581 1032 3638 Scilicet
1067 3588 1124 3632 ut
1154 3591 1274 3631 eum
1305 3573 1578 3629 inveniens
1608 3570 1916 3637 participem
1958 3566 2122 3620 faciat

591 3678 852 3730 bonorum
877 3684 1113 3727 suorum.
1145 3668 1213 3721 At
1247 3666 1386 3720 enim
1427 3661 1707 3730 contingit,
1732 3669 1790 3713 ut
1823 3659 1969 3712 vitiis
1999 3671 2118 3711 cum

594 3764 868 3832 impietate
897 3755 1258 3814 obtinentibus
1293 3753 1521 3814 dicatur,
1553 3746 1675 3801 Non
1718 3755 1792 3801 est
1821 3745 2118 3799 misericor-

591 3855 702 3918 dia,
729 3867 886 3920 neque
918 3849 1120 3909 veritas,
1158 3859 1312 3912 neque
1336 3841 1556 3911 cognitio
1585 3839 1677 3892 Dei
1711 3852 1864 3905 super
1889 3846 2026 3888 terra
2047 3835 2114 3897 η,

590 3955 644 3997 et
664 3957 780 4012 quae
804 3949 1115 4008 sequuntur.
1149 3936 1279 3990 Cum
1313 3932 1554 3988 homines
1581 3943 1749 3998 usque
1793 3926 1924 3981 adeo
1949 3925 2117 3979 vitiati

589 4041 788 4096 essent,
819 4027 1082 4098 quomodo
1111 4041 1214 4080 non
1245 4023 1554 4092 oportebat,
1590 4031 1649 4072 ut
1689 4020 1859 4072 bonus
1889 4016 2116 4083 sospita-

590 4131 672 4176 tor
699 4120 1042 4191 prospiceret,
1072 4129 1176 4185 quo
1214 4120 1525 4183 argumento
1550 4110 1726 4176 aliquo
1760 4105 2118 4174 intelligentia:

588 4217 818 4276 reperto.
849 4206 949 4259 hoc
982 4203 1726 4270 multiplicaretaugeretque,
1761 4207 1814 4250 et
1843 4195 2119 4262 requiren-

591 4297 730 4350 tibus
761 4310 818 4350 se
858 4293 1200 4348 manifestum
1239 4288 1472 4344 faceret?
1511 4286 1817 4353 Manifestat
1841 4286 1978 4337 enim
2009 4297 2118 4336 sese

588 4388 672 4451 iis,
710 4388 795 4451 qui
825 4403 925 4438 non
949 4392 1066 4437 sunt
1093 4380 1348 4435 increduli
1370 4378 1470 4446 ipsi
1491 4376 1555 4432 ⁸³.

2296 1871 2536 1934 συνιὼν,
2569 1873 2606 1938 ἢ
2635 1872 2884 1938 ἐκζητῶν
2904 1874 3008 1924 τὸν
3048 1875 3213 1927 Θεόν.

2301 1963 2435 2015 Ὅσα
2471 1962 2786 2031 σωματικῶς
2837 1964 3126 2033 ἀσωμάτου
3168 1965 3514 2034 τυγχάνοντος
3561 1967 3749 2034 λέγοιτο

2227 2052 2352 2123 περὶ
2392 2051 2483 2103 τοῦ
2531 2052 2684 2114 Θεοῦ,
2713 2052 3027 2123 Θεοπρεπῶς
3075 2054 3387 2109 ἀκουστέον.
3419 2050 3558 2118 Οἴον,
3593 2059 3646 2109 ὲν
3670 2057 3752 2109 οὐ·

2228 2145 2406 2212 ρανοῖς
2456 2142 2664 2209 λέγεται
2705 2146 2994 2208 κατοικεῖν,
3052 2144 3128 2208 ὡς
3174 2145 3285 2214 ναῷ
3339 2144 3609 2216 χρώμενος
3643 2148 3751 2209 ταῖς

2225 2233 2391 2294 θείαις
2435 2232 2706 2301 δυνάμεσι,
2753 2235 2871 2294 ταῖς
2916 2233 2973 2285 ὲν
3019 2232 3248 2303 οὐρανῷ.
3312 2234 3606 2287 Καλοῦνται
3655 2234 3751 2302 γὰρ

2223 2320 2519 2390 ὁμωνύμως
2557 2323 2665 2383 τοῖς
2689 2322 2744 2373 ὲν
2769 2315 2848 2382 οἷς
2878 2320 2980 2372 εἰσι
3009 2321 3220 2384 τόποιςο
3263 2319 3336 2384 ὡς
3367 2324 3458 2376 καὶ
3501 2322 3754 2392 ἄνθρωποι

2222 2413 2289 2481 γῆ
2310 2409 2747 2482 χρηματίζοντες.
2781 2411 2865 2474 Ὡς
2886 2411 2942 2462 ὲν
2967 2411 3044 2480 τῷ
3063 2427 3077 2441 ·
3120 2411 3295 2466 Πᾶσα
3325 2413 3363 2479 ἡ
3403 2411 3474 2482 γῆ
3510 2425 3754 2480 προσκυ-

2221 2500 2575 2566 νησάτωσάν
2612 2516 2738 2566 σοι,
2769 2501 2882 2552 καί·
2913 2499 3088 2554 Πᾶσα
3110 2503 3148 2569 ἡ
3178 2501 3252 2569 γῆ
3277 2501 3397 2567 ,ϐοᾷ
3412 2504 3535 2570 μετ’
3559 2504 3754 2570 εὐφρο-

2221 2591 2430 2656 σύνης.
2471 2591 2557 2642 Ἐν
2587 2591 2830 2659 οὐρανοῖς
2867 2590 2922 2643 δὲ
2971 2592 3108 2644 οἰκεῖ
3131 2594 3224 2645 καὶ
3253 2593 3310 2644 ἐν
3343 2592 3640 2663 ἀνθρώποις
3669 2591 3752 2656 ὢν,

2219 2683 2329 2742 τοῖς
2359 2677 2608 2748 φοροῦσι
2657 2680 2768 2746 τὴν
2807 2682 3010 2737 εἰκόνα
3059 2683 3166 2736 τοῦ
3206 2682 3581 2753 ἐπουρανίου.
3614 2680 3757 2734 Ἀλλὰ

2221 2769 2311 2820 καὶ
2341 2769 2414 2831 ὡς
2443 2769 2792 2840 δημιουργίας
2841 2769 2984 2840 λόγῳ
3031 2771 3125 2823 καὶ
3169 2773 3420 2842 προνοίας
3453 2774 3510 2825 ὲν
3538 2772 3678 2843 πάσῃ
3697 2772 3755 2840 τῇ

2220 2859 2390 2911 κτίσει
2413 2861 2778 2930 τυγχάνοντος.
2822 2861 2914 2912 Ἐκ
2945 2861 3052 2914 τῶν
3081 2863 3379 2916 καλλίστων
3408 2863 3562 2916 τοῦτο
3585 2861 3755 2932 δηλοῦ-

2219 2964 2306 2998 ται
2343 2947 2545 3018 μερῶν·
2581 2948 2637 3001 ἐν
2659 2966 2715 3000 τε
2743 2947 2838 3017 τῷ,
2868 2949 3061 3016 Πάτερ
3085 2950 3253 3019 ἡμῶν
3285 2955 3317 3005 o'
3340 2953 3409 3005 ἐν
3433 2953 3552 3017 τοῖς
3593 2954 3751 3019 οὐρα-

2220 3038 2363 3102 νοῖς·
2396 3038 2507 3102 καὶ,
2541 3040 2681 3102 Θεὸς
2716 3039 2785 3091 ἐν
2812 3037 2890 3102 τῷ
2910 3040 3146 3106 οὐρανῷ
3170 3041 3311 3094 ἄνω.
3352 3042 3508 3093 Ἀλλὰ
3533 3043 3623 3094 καὶ
3646 3041 3758 3094 πολ-

2223 3125 2380 3195 λαχοῦ
2412 3129 2508 3197 τῆς
2529 3126 2675 3188 Θείας
2711 3126 3042 3190 παιδεύσεως
3070 3130 3102 3198 ἠ
3133 3130 3224 3183 τοῦ
3249 3131 3474 3202 ούρανοῦ
3508 3147 3759 3200 προσηγο-

2226 3216 2310 3284 ρία
2329 3216 2474 3286 δηλοῖ
2491 3216 2586 3286 τὴν
2608 3217 2796 3285 νοητὴν
2821 3217 3028 3279 οὐσίαν,
3051 3219 3106 3270 ὲν
3205 3219 3435 3288 μάλιστα
3459 3219 3584 3272 Θεὸν
3608 3234 3758 3289 προσ-

2220 3307 2338 3376 ήκει
2399 3305 2592 3376 ζητεῖν.
2662 3306 2713 3356 Ὁ
2773 3306 3028 3372 οὐρανὸς
3067 3309 3177 3379 γὰρ
3241 3309 3348 3362 τοῦ
3395 3307 3644 3376 οὐρανοῦ
3688 3305 3760 3370 τῷ

2219 3396 2428 3462 Κυρίῳ.
2470 3396 2561 3447 Ἐκ
2603 3395 2787 3448 τούτου
2829 3395 3181 3465 συμϐατικῶς
3215 3399 3504 3452 ἐπισκοπεῖ
3525 3400 3644 3460 τοὺς
3669 3397 3757 3466 τῆς

2220 3484 2599 3554 ὑποδεεστέρας
2624 3483 3026 3550 καταστάσεως,
3064 3488 3175 3542 Τοῦ
3219 3488 3384 3553 ἰδεῖν,
3417 3489 3472 3542 ει
3519 3489 3606 3553 τίς
3639 3487 3758 3541 ἐστι

2219 3573 2488 3638 συνετὸς,
2513 3571 2766 3638 ἐκζητῶν
2809 3572 2920 3626 τὸν
2949 3577 3131 3629 Θεόν·
3189 3578 3265 3640 ὡς
3309 3578 3374 3632 ἂν
3407 3577 3578 3648 εὑρὼν
3620 3579 3758 3644 τύχοι

2217 3661 2322 3714 τῶν
2352 3664 2478 3730 παρ’
2525 3660 2684 3714 αὑτοῦ
2725 3662 2962 3730 δωρεῶν.
3014 3665 3228 3721 Γίνεται
3267 3668 3325 3721 δὲ
3355 3668 3534 3732 τοῦτο,
3581 3666 3761 3727 κακίας

2221 3756 2313 3807 σὺν
2363 3753 2584 3822 ἀσεϐείᾳ
2625 3751 2955 3823 κρατούσης,
2990 3756 3066 3818 ὼς
3107 3756 3396 3827 λεχθῆναι·
3450 3761 3569 3812 Οὐκ
3609 3757 3762 3809 ἔστιν

2219 3843 2408 3907 ἕλεος,
2432 3841 2570 3895 οὐδὲ
2622 3842 2893 3908 ἀλήθεια,
2935 3844 3080 3897 οὐδὲ
3124 3846 3450 3916 ἐπίγνωσις
3488 3848 3630 3902 Θεοῦ
3675 3843 3763 3899 ἐπὶ

2218 3932 2324 4000 τῆς
2352 3931 2479 4002 γῆς,
2507 3931 2600 3985 καὶ
2628 3932 2694 3985 τὰ
2723 3933 2814 3984 ἐπὶ
2838 3933 3072 3998 τούτοις.
3114 3937 3270 3990 Οὕτω
3325 3939 3433 3991 τῶν
3480 3937 3762 4008 ἀνθρώπων

2221 4020 2538 4090 βλαϐέντων,
2567 4018 2680 4082 πῶς
2704 4019 2802 4072 οὒκ
2830 4020 2938 4074 ἔδει
2965 4022 3056 4075 τὸν
3091 4024 3295 4092 ἀγαθὸν
3328 4024 3616 4096 ἐπιϐλέψαι
3653 4025 3756 4076 Etu-

2217 4112 2372 4181 τῆρα,
2403 4110 2477 4173 ὡς
2504 4110 2588 4175 ἂν,
2622 4111 2875 4180 ἀφορμήν
2907 4128 3029 4165 τινα
3057 4115 3324 4178 συνέσεως
3351 4114 3545 4186 εὑρὼν,
3577 4114 3764 4182 ταύτην

2219 4201 2479 4272 πληθύνῃ,
2527 4201 2752 4262 καὶτοῖς
2805 4201 3130 4272 ἐκζητοῦσιν
3159 4206 3505 4275 ὲμφανίσειεν
3549 4204 3760 4267 ὲαυτόν;

2231 4288 2622 4359 Ἐμφανίζεται
2662 4286 2770 4356 γὰρ
2812 4289 2938 4354 τοῖς
2957 4291 3045 4358 μὴ
3077 4292 3449 4347 ἀπιστοῦσιν
3490 4293 3663 4358 αὐτῷ.

587 4477 651 4530 ν.
785 4474 987 4550 Omnes,
999 4472 1411 4550 destinauerunt:
1436 4483 1540 4520 una
1569 4463 1775 4518 inutiles
1797 4463 1961 4530 e/fccti
1977 4472 2115 4550 sunt:

2225 4467 2372 4550 Στίχ..
2415 4471 2486 4550 γε
2515 4461 3140 4550 ΛΠάζτξςξξέκλιναγο
3185 4467 3306 4534 ἅμα
3345 4467 3761 4550 ᾐχρςιώθησρν.

658 4545 779 4598 Non
829 4553 902 4596 est
963 4541 1154 4608 faciens
1207 4540 1505 4601 bonitatem,
1569 4549 1672 4585 non
1719 4543 1790 4586 est
1835 4547 1992 4600 usque
2048 4533 2113 4581 ad

658 4629 833 4666 unum.

657 4701 990 4756 \‘aticinatur
1032 4698 1376 4752 mutationem
1415 4696 1649 4764 gentium
1677 4694 1728 4747 in
1757 4688 2116 4746 mansuetudi-

586 4804 708 4845 nem
740 4798 792 4842 et
817 4787 1082 4856 pietatem.
1134 4785 1334 4840 Idcirco
1386 4785 1547 4840 etiam
1607 4784 1918 4851 interrogat,
1951 4777 2114 4832 Num-

588 4889 712 4933 nam
741 4875 1052 4930 adveniente
1079 4874 1301 4930 Domino
1332 4875 1702 4943 temperabunt
1727 4888 1756 4925 a
1781 4871 1950 4925 ferina
1980 4867 2108 4937 vita,

587 4979 640 5024 et
675 4968 968 5036 cognitum
995 4967 1100 5020 sint
1142 4966 1456 5020 Deum?Ait
1489 4966 1632 5021 enim
1660 4977 1872 5032 quoque
1904 4960 2068 5014 Isaias
2092 4973 2107 5009 :

2278 4529 2586 4654 ggt'éon
2623 4530 2805 4583 ποιῶν
2855 4529 3262 4602 χρηστότητά,
3310 4529 3442 4589 aliis"
3458 4529 3629 4597 ἐστιν
3666 4529 3764 4595 ἕως

2311 4621 2429 4666 νος.

2289 4692 2616 4762 Προφητεύει
2649 4691 2950 4762 μεταϐολὴν
2985 4695 3096 4747 τῶν
3148 4695 3318 4749 ἐθνῶν
3349 4698 3429 4758 εἰς
3469 4694 3766 4766 ἡμερότητα

2219 4784 2310 4835 καὶ
2357 4781 2650 4836 εὐσέϐειαν.
2674 4779 2762 4831 Διὸ
2792 4782 2889 4834 καὶ
2936 4784 3140 4854 ἐρωτᾷ,
3186 4786 3300 4856 Μὴ,
3333 4785 3428 4838 τοῦ
3458 4786 3660 4856 Κυρίου
3686 4781 3766 4835 ἐλ-

2215 4872 2493 4936 Θὸντος,οὐ
2529 4869 2822 4922 παύσονται
2851 4870 2948 4923 τοῦ
3002 4872 3304 4942 Θηριώδους
3349 4874 3483 4944 βίου,
3523 4873 3615 4927 καὶ
3662 4873 3766 4923 ἐπι-

2212 4961 2502 5029 γνώσονται
2531 4959 2620 5011 τὸν
2653 4957 2887 5027 Κύριον;
2913 4959 3072 5027 Λέγει
3120 4961 3230 5032 γὰρ
3258 4964 3352 5016 καὶ
3394 4964 3648 5026 Ἡσαΐας·
3677 4954 3766 5026 Οἷς

588 5059 786 5124 Quibus
822 5073 924 5110 non
957 5056 1126 5124 fuerat
1171 5055 1463 5109 nuntiatum
1493 5057 1556 5106 de
1599 5054 1716 5117 illo,
1745 5050 1985 5105 videbunt
2016 5059 2036 5097 :
2063 5053 2112 5099 et

2225 5053 2320 5104 νὺκ
2348 5048 2643 5118 ἀνηγγέλη
2686 5051 2817 5113 περὶ
2844 5048 3037 5103 αὐτοῦ
3085 5051 3360 5118 ὄψονται·
3393 5053 3450 5106 οἳ
3488 5057 3596 5107 οὐκ
3629 5052 3763 5116 ἀκη-

584 5163 672 5216 qui
707 5163 809 5199 non
835 5147 1127 5211 audierant,
1156 5145 1442 5212 intelligent
1469 5141 1530 5193 ιδ.

588 5232 869 5301 V.5,6.lbi
905 5244 1212 5298 expaverunt
1261 5233 1466 5294 timore,
1495 5230 1592 5301 ubi
1642 5245 1743 5301 non
1781 5236 1890 5280 erat
1935 5224 2107 5276 timor.

759 5305 895 5366 Quia
919 5297 1168 5357 Dominus
1194 5305 1248 5355 in
1277 5297 1606 5369 generatione
1637 5297 1914 5360 iustorum.

653 5393 768 5448 Erit
799 5394 940 5448 enim
969 5393 1267 5460 aliquando,
1297 5391 1392 5453 ait,
1417 5398 1474 5441 ut
1500 5385 1734 5455 praedicti
1760 5384 1982 5437 timeant
2004 5380 2111 5434 Do-

580 5484 810 5544 minum,
856 5495 1022 5551 penes
1067 5495 1202 5549 quos
1247 5493 1354 5532 non
1379 5483 1493 5529 erat
1513 5481 1665 5528 antea
1692 5473 1872 5526 timor.
1899 5470 1986 5524 Ibi
2019 5483 2112 5524 au-

650 5651 828 5706 °Psal.
864 5666 984 5713 va,
1020 5652 1072 5704 4.
1166 5649 1322 5702 7lsai.
1358 5659 1466 5709 xiv,
1495 5645 1550 5697 7.

583 5720 667 5773 16.
737 5711 1046 5788 1".703eetv,
1076 5719 1128 5773 1.
1212 5717 1253 5750 ⁸³
1281 5715 1409 5782 Sap.
1439 5729 1478 5779 ι,
1508 5715 1560 5766 2.
1619 5785 1628 5791 .
1666 5713 1709 5745 “t
1735 5711 1857 5767 lsai.
1893 5725 1989 5774 ut,
2019 5712 2106 5769 l5.

1636 5644 1850 5727 “lgor.
1886 5643 2083 5727 ξηειῇ
2158 5645 2390 5700 ³3111111.
2446 5662 2518 5713 τι,
2577 5648 2630 5703 9.

2212 5141 2385 5192 κόιισι
2411 5136 2804 5202 συνήσουσιν.

2219 5223 3012 5299 Στίχ.ε⁹,ς’.’1ξκεῖεδειλίασαν
3035 5231 3218 5296 φόϐῳ,
3235 5227 3307 5285 οὗ
3338 5233 3451 5284 οὐκ
3477 5230 3556 5299 ἦν
3576 5230 3765 5299 φόϐος

2524 5293 2611 5344 ὅτι
2647 5293 2860 5359 Κύριος
2891 5295 2963 5348 ἐν
2985 5293 3175 5365 γενεᾷ
3196 5293 3465 5355 δικαίων.

2286 5386 2473 5437 Ἔσται
2498 5383 2624 5452 γὰρ,
2667 5382 2854 5451 φησὶν,
2900 5385 2990 5437 ὅτε
3017 5391 3066 5440 οἱ
3108 5391 3514 5461 προρρηθέντες
3545 5386 3770 5460 φοϐηθή-

2220 5488 2396 5526 σονται
2443 5472 2661 5543 Κύριον,
2710 5473 2841 5543 παρ’
2895 5470 2978 5538 οἷς
3023 5477 3125 5530 οὐκ
3165 5474 3235 5548 ἦν
3292 5480 3546 5552 πρότεροι
3599 5476 3766 5548 φόϐος.

2704 5647 2780 5717 .¹⁰
2809 5647 3105 5734 nali-“tv,
3164 5655 3296 5727 39.,
3357 5657 3398 5689 “
3427 5655 3566 5715 Psal.
3630 5665 3770 5715 οιιιι.

2663 5757 2745 5788 μυ.
