3922 6434
617 387 709 439 ill

1436 375 1975 431 SUPPLEMENTUM
2017 375 2103 428 AD
2139 376 2454 432 OlilGENlS
2487 377 2888 432 EXEGETICA.

3647 389 3733 443 “9.

619 513 808 556 erectis
843 504 1022 548 contra
1064 493 1151 543 Dei
1189 492 1569 558 cognitionem.
1614 491 1992 554 Fundamenta,
2029 506 2116 558 qua

2214 546 2217 555 ,
2247 492 2487 562 θρώπους
2509 493 2775 554 ἐνέμοντο,
2794 492 2891 560 τῆς
2910 493 2998 543 τοῦ
3022 492 3153 544 Θεοῦ
3178 494 3742 565 κατεπαιρόμεναιγνώ-

618 598 737 643 stitit
769 583 1036 653 profundae
1073 582 1419 647 cogitationes
1445 619 1460 644 ,
1501 587 1623 634 dum
1671 583 1906 634 sentiunt
1935 581 2138 634 Domini

617 676 918 744 potentiam,
943 671 1225 739 indignatae
1251 671 1549 724 turbantur.
1567 670 1768 736 Quibus
1794 680 2139 725 succensente

616 768 739 827 Deo,
761 763 994 817 ascendit
1020 761 1161 814 velut
1184 760 1358 815 fumus
1386 764 1449 814 de
1484 761 1657 825 torre";
1693 761 1968 815 eitstinctis
1994 775 2139 814 nem-

612 869 676 922 pe
703 854 806 906 illis
845 863 897 905 et
923 868 950 904 a
979 851 1342 905 combustione
1368 852 1716 916 cessantibus,
1749 866 1851 919 qua
1899 853 2138 904 homines

610 942 916 994 exurebant.
954 939 1105 993 Hunc
1147 953 1276 992 vero
1323 926 1498 1008 ignem
1548 941 1804 992 exstinxit
1854 941 1974 1008 igne
2017 954 2134 993 suo.

609 1031 876 1099 Tanquam
921 1031 1052 1099 ignis
1085 1045 1382 1082 consumens
1409 1030 1451 1059 ¹¹
1481 1030 1658 1083 dictus
1697 1041 1778 1083 est
1812 1030 1950 1084 Deus
1998 1031 2136 1098 apud

606 1120 841 1189 Moysen.
874 1121 938 1172 Et
969 1121 1020 1173 in
1047 1119 1268 1174 Psalmis
1296 1137 1313 1170 -.
1339 1119 1482 1187 Ignis
1517 1122 1688 1171 coram
1715 1119 1823 1187 ipso
1858 1121 2129 1186 praecedet,

603 1220 651 1263 et
679 1209 1019 1277 inﬂammabit
1053 1211 1104 1261 in
1135 1226 1258 1279 gyro
1291 1211 1528 1261 inimicos
1562 1211 1672 1277 ejus
1689 1213 1756 1262 “.
1795 1211 1860 1263 Et
1887 1212 2078 1264 iterum
2101 1228 2130 1264 με

604 1301 742 1354 Deus
772 1302 1038 1369 conspicue
1069 1301 1227 1354 veniet
1261 1317 1278 1352 :
1321 1300 1458 1352 Deus
1491 1309 1681 1363 noster,
1707 1309 1754 1353 et
1787 1315 1886 1354 non
1929 1302 2132 1354 silentio

603 1390 900 1458 prwteribit.
931 1389 1074 1458 Ignis
1102 1406 1275 1442 coram
1326 1391 1436 1456 ipso
1478 1391 1836 1451 succendetur,
1866 1399 1914 1442 et
1940 1392 1992 1442 in
2029 1391 2132 1442 cir-

601 1478 743 1529 cuitu
784 1477 894 1544 ejus
932 1477 1154 1544 procella
1198 1479 1454 1532 vehemens
1501 1479 1567 1531 ⁸³.
1613 1479 1839 1547 ideoque
1887 1477 2132 1532 Salvator

603 1568 811 1622 dicebat
849 1585 861 1621 :
910 1566 1081 1636 Ignem
1120 1569 1230 1620 veni
1271 1569 1523 1636 projicere
1559 1569 1613 1620 in
1649 1579 1857 1621 terram.
1889 1569 1967 1621 =El
2005 1569 2129 1635 quid

601 1658 714 1710 volo
741 1698 755 1721 ,
784 1657 828 1709 si
849 1657 965 1725 jam
1038 1669 1280 1710 accensus
1305 1669 1377 1711 est
1417 1659 1462 1690 “
1486 1659 1507 1711 ?
1535 1658 1656 1712 llrec
1691 1657 1821 1712 fecit
1864 1658 2129 1711 inclinans

602 1755 658 1798 et
692 1747 1038 1812 descendens,
1070 1761 1174 1800 non
1209 1762 1368 1799 unum
1402 1747 1556 1800 modo
1582 1747 1799 1811 caelum,
1826 1748 1916 1800 sed
1942 1761 2126 1800 omnes

2239 598 2390 643 σεως.
2422 583 2492 634 Τὰ
2517 577 2766 648 θεμέλια,
2798 583 2888 633 καὶ
2915 584 2961 632 οἱ
2989 583 3166 650 βαθεῖς
3197 584 3542 653 διαλογισμοὶ,
3573 590 3741 641 αἱσθα.

2236 673 2429 740 νόμενα
2479 672 2574 738 τῆς
2625 671 2716 723 τοῦ
2763 673 2961 742 Κυρίου
3026 673 3332 740 δυνάμεως,
3394 655 3744 747 ἐταράχθησαν

2235 761 2519 829 ἀχθόμενα.
2553 757 2646 823 Αἷς
2702 762 2812 829 (5i)
2858 763 3192 831 ὀργισθέντος
3248 765 3336 816 τοῦ
3393 765 3560 828 Θεοῦ,
3601 769 3743 842 ἀνέϐη

2233 849 2434 910 καπνὸς
2477 849 2720 918 καθάπερ
2774 851 2864 901 ἐπὶ
2897 852 3083 904 δαλοῦ·
3140 853 3501 923 σϐεννυμένων
3547 858 3636 909 καὶ
3667 861 3745 912 τοῦ

2178 932 2192 949 ⁹
2236 936 2400 1004 πυρὸς
2430 937 2801 1006 παυσαμένων,
2831 932 2874 1005 ᾧ
2910 941 3032 1003 τοὺς
3072 941 3390 1012 ἀνθρώπους,
3429 935 3758 1014 κατέφλεγον]

2234 1026 2462 1098 Τὸ.πῦρ
2497 1027 2552 1079 δὲ
2589 1028 2744 1080 τοῦτο
2799 1029 3089 1082 κατέσϐεσε
3152 1031 3227 1101 τῷ
3275 1034 3385 1102 ἰδίῳ
3426 1036 3574 1105 πυρί.
3621 1036 3751 1090 Καθὸ

2231 1112 2347 1179 πῦρ
2376 1116 2809 1168 καταναλίσκον
2831 1117 3039 1185 εἴρηται
3076 1118 3207 1181 Θεὸς
3241 1120 3388 1188 παρὰ
3421 1121 3497 1190 τῷ
3539 1120 3744 1192 Μωῦσῇ.

2231 1200 2340 1251 Καὶ
2379 1202 2435 1253 ὲν
2464 1202 2704 1271 Ψαλμοῖς
2741 1218 2753 1232 ·
2778 1203 2900 1269 Πῦρ
2924 1205 3199 1256 ἐναντίον
3245 1206 3424 1258 αὑτοῦ
3454 1211 3749 1275 προπορεύ-

2229 1302 2424 1350 σεται,
2450 1288 2545 1341 καὶ
2583 1289 2813 1356 φλογιεῖ
2854 1292 3052 1353 κύκλῳ
3097 1291 3234 1355 τοὺς
3279 1290 3523 1360 ἐχθροὺς
3560 1294 3746 1350 αὐτοῦ.

2228 1376 2335 1427 Καὶ
2363 1377 2518 1430 πάλιν
2537 1395 2548 1407 ·
2595 1379 2657 1429 '0
2707 1378 2846 1443 Θεὸς
2874 1381 3145 1447 ἐμφανῶς
3172 1382 3321 1448 ἣξει,
3357 1385 3387 1435 ό
3414 1381 3554 1447 Θεὸς
3582 1383 3747 1451 ἡμῶν,

2227 1465 2321 1518 καὶ
2343 1468 2410 1519 οὐ
2434 1471 2964 1534 παρασιωπήσεται.
2998 1471 3123 1537 Πῦρ
3149 1470 3400 1524 ἐνώπιον
3427 1473 3605 1526 αὐτοῦ
3626 1490 3750 1526 καυ-

2226 1554 2490 1621 θήσεται,
2525 1559 2619 1624 καὶ
2648 1559 2845 1625 κύκλῳ
2877 1561 3057 1614 αὐτοῦ
3086 1561 3348 1630 καταιγὶς
3391 1561 3633 1628 σφοδρά.
3673 1563 3749 1614 Διὸ

2228 1648 2316 1698 καὶ
2346 1647 2584 1714 ἔφασκεν
2602 1649 2629 1699 ὁ
2658 1650 2843 1719 Σωτήρ
2868 1667 2881 1679 ο
2922 1650 3045 1716 Πῦρ
3081 1647 3270 1719 ἦλθον
3283 1651 3498 1713 ,βαλεῖν
3527 1651 3619 1702 ἐπὶ
3648 1651 3746 1717 τὴν

2219 1736 2356 1804 γῆν.
2385 1739 2492 1790 Καὶ
2523 1739 2578 1806 τι
2605 1739 2771 1802 θέλω,
2798 1743 2849 1792 εἰ
2888 1739 3000 1817 ἤδη
3035 1741 3312 1810 ἀνήφθη;
3342 1741 3520 1793 Ταῦτα
3552 1741 3748 1811 ἐποίησε

601 1843 942 1902 quotcunque
985 1844 1143 1900 sunt;
1173 1835 1455 1889 inclinandi
1492 1837 1653 1889 verbo
1683 1837 1992 1890 ostendente
2031 1839 2116 1889 ltu-

2225 1825 2405 1889 κλίνας
2449 1828 2540 1879 καὶ
2581 1827 2819 1890 καταϐὰς
2863 1829 2958 1898 οὐχ
3009 1829 3102 1882 ἕνα
3133 1830 3290 1898 μόνον
3340 1830 3558 1899 οὐρανὸν
3580 1868 3594 1890 ,
3633 1831 3749 1882 ἀλλὰ

600 1925 948 1978 milialionem
974 1923 1300 1978 celsitudinis
1330 1923 1442 1991 ejus
1469 1964 1482 1988 ,
1515 1933 1567 1978 et
1607 1926 2018 1980 exinanitionem
2041 1925 2123 1979 di-

598 2014 855 2068 vinitatis.
883 2013 1234 2068 Providentia:
1263 2029 1386 2068 vero
1414 2015 1528 2084 ejus
1549 2015 1808 2068 occultam
1839 2025 2125 2069 secretam-

597 2120 701 2173 que
749 2105 1006 2159 rationem
1058 2106 1291 2159 tenebris
1321 2115 1376 2160 et
1402 2107 1595 2159 nebula
1639 2106 1896 2161 declarat.
1927 2107 2124 2160 Deinde

597 2208 754 2260 super
792 2194 1069 2249 cherubim
1104 2203 1401 2262 assumptus
1435 2204 1516 2248 est
1545 2233 1562 2259 ,
1596 2196 1837 2262 quamvis
1865 2211 1985 2250 cum
2016 2195 2121 2249 illis

598 2301 699 2338 non
726 2285 1102 2340 descendisset.
1132 2285 1295 2350 Quem
1326 2298 1447 2337 cum
1493 2299 1716 2354 corpore
1745 2286 2119 2341 ascendentem

595 2377 787 2430 divinae
832 2375 1034 2429 intuitxe
1090 2388 1268 2429 essent
1315 2385 1637 2443 potestates,
1691 2376 2119 2443 agglomerantes

594 2467 666 2520 illi
702 2466 968 2533 stipabant
1010 2463 1123 2532 ejus
1150 2465 1406 2528 reditum,
1439 2466 1678 2519 dicentes
1713 2485 1725 2518 :
1761 2465 1946 2518 Tollite
1991 2481 2114 2533 por-

595 2568 673 2610 tas
699 2596 712 2620 ,
738 2572 765 2609 ο
798 2557 1050 2623 principes
1073 2594 1086 2618 ,
1126 2551 1318 2608 vestras
1344 2567 1425 2608 :et
1450 2556 1943 2623 extollimini,portw
1969 2567 2118 2610 teter-

592 2661 692 2708 naz,
719 2656 764 2698 et
797 2645 1113 2714 ingredietur
1139 2642 1248 2697 Rea:
1274 2645 1452 2713 gloria:
1471 2647 1535 2696 ³⁵.
1573 2644 1700 2711 Quae
1730 2648 1943 2714 quidem
1977 2657 2104 2702 tunc

591 2734 729 2786 facta
758 2743 898 2794 sunt,
917 2733 1222 2801 quando,'ut
1255 2734 1303 2786 in
1331 2733 1477 2786 Actis
1503 2735 1857 2802 apostolorum
1891 2736 2112 2790 relatum

589 2832 700 2887 est,
740 2823 1021 2876 videntibus
1061 2823 1165 2876 illis
1195 2824 1416 2876 elevatus
1447 2831 1517 2876 esl
1546 2862 1560 2888 ,
1604 2834 1650 2876 el
1686 2824 1840 2878 nubes
1890 2825 2111 2892 suscepit

588 2926 702 2964 eum
726 2910 788 2963 ab
821 2911 980 2964 oculis
1006 2926 1183 2964 eorum
1219 2910 1284 2963 ‘°.

2225 1917 2456 1980 πάντας,
2499 1918 2610 1969 ὅσοι
2643 1917 2768 1969 ποτέ
2809 1920 2941 1970 εἰσιν
2966 1936 2978 1948 ο
3008 1918 3101 1971 τοῦ
3138 1920 3312 1972 κλῖναι
3344 1921 3620 1991 δηλοῦντος
3663 1923 3746 1991 τὴν

2222 2005 2542 2059 ταπείνωσιν
2575 2005 2666 2058 τοῦ
2696 2006 2857 2074 ὕψους
2899 2009 3093 2070 αὑτοῦ,
3130 2010 3221 2062 καὶ
3263 2009 3356 2080 τὴν
3406 2010 3623 2062 κένωσιν
3660 2008 3747 2080 τῆς

2223 2095 2485 2163 θεότητος.
2512 2099 2619 2166 Τῆς
2647 2099 2700 2150 δὲ
2743 2086 3052 2168 οἰκονομίας
3099 2099 3261 2151 αὐτοῦ
3312 2100 3370 2152 τὸ
3409 2100 3620 2170 λεληθὸς
3667 2100 3749 2154 καὶ

2215 2187 2541 2257 ἀπόκρυφον,
2569 2187 2643 2256 τῷ
2671 2188 2851 2258 γνόφῳ
2883 2191 2973 2241 καὶ
3004 2193 3072 2258 τῇ
3107 2190 3303 2260 ὁμίχλῃ
3320 2190 3484 2260 δηλοῖ.
3518 2187 3640 2242 Εἶτα
3669 2190 3750 2243 ἐπὶ

2218 2278 2307 2328 τοῦ
2337 2277 2594 2348 χερουδὶμ
2623 2279 2887 2349 ἀνελήφθη
2911 2319 2924 2342 ,
2965 2281 3142 2332 καίτοι
3181 2281 3254 2350 μὴ
3296 2281 3391 2332 σὺν
3423 2281 3565 2350 αὑτῴ
3596 2297 3746 2333 κατα·-

2217 2369 2334 2431 6ἁς.
2365 2371 2458 2421 Ὃν
2492 2370 2625 2439 μετὰ
2669 2370 2913 2440 σώματος
2966 2374 3321 2428 ἀναϐαίνοντα
3359 2377 3415 2427 αἱ
3467 2375 3599 2428 θεῖαι
3632 2374 3749 2426 θεω-

2212 2459 2402 2533 ροῦσαι
2428 2460 2695 2529 δυνάμεις,
2723 2466 2995 2528 γεγονυῖαι
3022 2465 3150 2533 περὶ
3181 2464 3370 2528 αὐτὸν,
3413 2463 3746 2535 ἐδορυφόρουν

2215 2547 2374 2599 αὐτοῦ
2400 2549 2495 2618 τὴν
2534 2548 2740 2614 ἄνοδον,
2775 2551 3122 2618 ἐπιλέγουσαι
3146 2570 3158 2582 ·
3205 2555 3414 2620 Ἀρατε
3452 2555 3670 2617 πύλας,
3701 2554 3747 2603 οἱ

2214 2637 2515 2704 ἄρχοντες,
2572 2639 2752 2708 ὑμῶν,
2794 2642 2887 2694 καὶ
2934 2642 3231 2710 ἐπάρθητε
3254 2684 3268 2707 ,
3303 2645 3482 2697 πύλαι
3525 2642 3746 2704 αὶώνιοι,

2213 2729 2307 2779 καὶ
2349 2730 2748 2783 εἰσελεύσεται
2788 2734 2820 2783 ὁ
2873 2735 3174 2799 Βασιλεὺς
3206 2733 3315 2801 τῆς
3356 2734 3551 2801 δόξης.
3599 2735 3659 2784 "A
3691 2731 3746 2802 δὴ

2198 2818 2462 2885 ¹γέγονεν,
2513 2821 2702 2888 ἡνίκα,
2753 2821 2837 2883 ὠς.
2871 2823 2929 2873 ὲν
2978 2827 3097 2885 ταῖς
3147 2825 3383 2894 Πράξεσι
3436 2829 3602 2876 κεῖται
3650 2822 3744 2874 τῶν

2209 2909 2530 2972 ἀποστόλων,
2555 2904 2906 2972 ,βλεπόντων
2937 2912 3133 2965 αὐτῶν
3151 2913 3398 2980 ἐπήρθη,
3421 2915 3516 2967 καί
3535 2915 3742 2982 νεφέλη

2208 2995 2503 3049 ὑπέλαϐεν
2530 2996 2712 3049 αὑτὸν
2736 2997 2851 3050 ἀπὸ
2882 2997 3000 3050 τῶν
3033 3000 3352 3068 ὀφθαλμῶν
3380 3002 3591 3055 αὐτῶν.

594 3088 766 3145 v.12.
807 3086 872 3139 Et
916 3089 1082 3154 posuit
1111 3087 1350 3158 tenebras
1391 3085 1773 3158 absconsionem
1815 3091 1960 3135 suam
1998 3099 2015 3136 :
2054 3087 2107 3138 in

2214 3085 2352 3153 Στίχ.
2387 3085 2474 3137 ιϐ’.
2508 3084 2615 3158 Kal
2654 3085 2817 3158 ἔθετο
2864 3090 3091 3158 σκότος
3124 3091 3482 3158 ἀποκρυρὴν
3539 3093 3739 3146 αὐτοῦ’

854 3152 1070 3208 circuitu
1104 3155 1242 3206 illius
1273 3153 1654 3205 tabernaculum
1686 3152 1815 3218 ejus.

659 3249 791 3302 Eum
820 3247 909 3314 qui
941 3246 992 3297 in
1023 3243 1362 3297 tabernacqu
1389 3251 1470 3295 est
1493 3283 1506 3308 ,
1539 3242 1658 3310 quis
1683 3243 1856 3294 videat
1886 3243 1985 3296 nisi
2031 3245 2111 3296 in-

585 3347 680 3390 tus
706 3333 910 3389 fuerit?
949 3335 1040 3388 Sic
1065 3342 1236 3401 neque
1269 3334 1456 3397 Deum,
1491 3332 1592 3386 nisi
1636 3331 1756 3400 quis
1785 3333 2112 3400 ingrediatur

588 3431 725 3481 intra
757 3425 930 3478 velum
957 3423 1451 3490 iucomprensionis.
1488 3421 1693 3491 Moyses
1727 3435 1954 3490 namque
1981 3423 2111 3476 cali-

588 3517 763 3583 ginem
793 3515 977 3576 subiit,
1009 3513 1099 3566 ubi
1131 3521 1246 3567 erat
1290 3512 1446 3566 Deus.
1495 3511 1755 3566 lnsistens
1782 3511 1923 3565 enim
1952 3512 2110 3566 mini-

586 3601 750 3655 sterio
792 3601 930 3653 circa
959 3601 1120 3653 Deum
1154 3601 1372 3668 ejusque
1417 3599 1781 3668 providentia},
1823 3601 1962 3652 intra
1996 3600 2108 3656 haec

584 3691 848 3744 intellexit
873 3691 1132 3744 contineri
1169 3691 1350 3745 Deum.
1385 3691 1662 3744 Paululum
1698 3691 1960 3760 siquidem
1989 3706 2104 3746 eam

583 3779 892 3848 aduperiens
913 3819 928 3843 ,
966 3779 1110 3832 illum
1140 3779 1287 3846 cujus
1327 3788 1408 3832 est
1449 3779 1657 3847 imago,
1684 3794 1751 3832 ex
1774 3793 1836 3832 eo
1869 3780 2008 3847 quod
2038 3781 2104 3835 ad

580 3869 862 3937 imaginem
886 3878 1020 3932 erat,
1047 3867 1305 3923 intellexit
1341 3890 1352 3924 :
1390 3879 1547 3938 atque
1567 3884 1630 3924 ex
1659 3867 1872 3939 opiﬁcio
1899 3878 1954 3923 et
1983 3883 2104 3937 pro-

579 3957 830 4021 videntia,
861 3957 1101 4025 opiﬁcem
1127 3966 1179 4012 et
1209 3958 1555 4024 provisorem.

1149 4047 1338 4102 PSAL.
1374 4046 1535 4101 XXII.

945 4137 1010 4192 ν.
1039 4139 1091 4191 5.
1124 4137 1346 4204 Propter
1365 4154 1546 4191 nomen
1569 4153 1738 4192 suum.

577 4225 638 4278 V.
677 4227 729 4278 4.
761 4226 898 4279 Nam
928 4228 1022 4278 etsi
1049 4225 1371 4278 ambulavero
1399 4229 1450 4276 in
1474 4227 1639 4278 medio
1680 4227 1873 4280 umbra:
1897 4228 2096 4292 mortis,

779 4310 882 4346 non
921 4295 1102 4347 timebo
1131 4294 1290 4357 mala,
1333 4297 1452 4361 quia
1481 4305 1534 4345 tu
1581 4310 1775 4347 mecum
1815 4311 1889 4348 es.

641 4445 771 4500 llinc
821 4447 886 4500 ad
915 4445 1077 4500 Deum
1110 4451 1375 4504 convertit
1425 4452 1742 4504 orationem.
1792 4451 1889 4516 Qui
1933 4449 2094 4518 igitur
2122 4449 2167 4504 D

574 4537 722 4589 sedet
759 4536 812 4588 in
844 4539 1028 4590 umbra
1057 4540 1266 4602 mortis,
1309 4541 1494 4594 firmus
1519 4540 1672 4594 estin
1708 4541 1820 4604 illa,
1857 4540 2089 4595 obdura-

571 4636 658 4678 tus
672 4627 720 4677 in
738 4623 966 4692 ﬂagitiis,
984 4625 1324 4698 indigensque
1341 4630 1538 4683 lumine
1553 4630 1692 4698 quod
1709 4645 1771 4684 ex
1791 4630 2091 4684 misericor-

571 4712 654 4764 dia
686 4713 876 4766 oritur.
911 4715 978 4764 At
1007 4714 1097 4780 qui
1139 4716 1411 4779 ambulat,
1441 4717 1874 4786 praetergreditur
1901 4735 1916 4783 ;
1953 4733 2088 4787 quo-

565 4815 689 4854 cum
734 4801 892 4853 etiam
943 4802 1137 4857 incedit
1181 4806 1451 4860 Dominus.
1493 4806 1566 4861 De
1606 4809 1848 4862 sessione
1891 4807 2087 4859 dietum

567 4902 646 4944 est
679 4910 691 4943 :
721 4889 1019 4946 Sedenlibus
1045 4895 1095 4948 in
1119 4898 1321 4966 regione
1342 4907 1390 4951 et
1423 4899 1602 4950 umbra
1635 4899 1830 4965 mortis,
1860 4898 1954 4950 tua:
1973 4905 2087 4949 orla

561 4989 636 5032 est
671 4981 740 5033 eis
772 4981 838 5033 ".

562 5091 625 5144 ν.
655 5091 706 5144 4.
741 5089 898 5160 Virga
915 5104 1023 5161 tua,
1040 5107 1086 5149 et
1115 5097 1324 5154 baculus
1347 5107 1485 5160 tuus,
1504 5097 1612 5150 htec
1629 5111 1707 5148 me
1731 5085 2082 5149 evocaverunt.

631 5217 865 5288 Utraque
892 5222 942 5276 in
977 5223 1217 5296 ﬂagellis,
1254 5230 1408 5300 juxta
1456 5225 1582 5280 illud
1616 5242 1630 5278 :
1667 5223 1722 5277 Si
1760 5223 2084 5276 deseruerint

555 5306 652 5372 ﬁlii
679 5311 754 5361 tui
786 5310 941 5380 legem
976 5332 1160 5386 meam,
1197 5334 1243 5378 et
1278 5315 1655 5393 judiciis.meis
1683 5330 1782 5366 non
1823 5314 2081 5378 incedant,

2401 3217 2406 3226 Ι
2513 3155 2711 3217 κύκλῳ
2729 3156 2916 3207 αὐτοῦ
2942 3158 2980 3223 ἡ
3008 3158 3206 3225 σκηνὴ
3232 3155 3434 3213 αὑτοῦ.

2199 3281 2201 3283 .
2281 3241 2381 3292 Τὸν
2412 3242 2468 3292 ὲν
2502 3245 2665 3310 σκηνῇ
2708 3242 2788 3303 τίς
2828 3243 2933 3295 οὐκ
2978 3244 3089 3312 (52)
3137 3245 3324 3313 ὄψεται
3369 3247 3440 3318 μὴ
3479 3249 3744 3316 γενόμενος

2209 3331 2385 3394 ἔνδον;
2416 3331 2596 3393 Οὕτως
2625 3332 2742 3383 οὐδὲ
2783 3331 2871 3383 τὸν
2926 3333 3057 3385 Θεὸν
3079 3377 3093 3398 ,
3129 3337 3178 3386 εἰ
3207 3337 3278 3406 μή
3305 3354 3386 3398 τις
3418 3337 3635 3389 εἰσέλθοι
3659 3337 3741 3389 τοῦ

2206 3421 2301 3489 τῆς
2318 3420 2741 3489 δυσκαταληψίας
2761 3419 2910 3472 ἔνδον
2933 3424 3444 3494 παραπετάσματος.
3475 3427 3578 3479 Κα)⁸
3596 3427 3742 3478 Mmo-

2208 3509 2304 3577 σῆς
2328 3507 2433 3577 γὰρ
2464 3511 2539 3570 εἰς
2559 3509 2645 3562 τὸν
2665 3508 2856 3576 γνόφον
2888 3511 3134 3580 εἰσῆλθεν
3151 3552 3164 3575 ,
3203 3506 3264 3565 οὗ
3290 3510 3358 3584 ἦν
3377 3517 3405 3567 ὁ
3428 3515 3573 3578 Θεός.
3610 3516 3744 3568 Ἑπι-

2206 3599 2402 3667 στήσας
2423 3597 2529 3667 γὰρ
2551 3600 2614 3667 τῇ
2639 3598 2762 3667 περὶ
2791 3597 2936 3652 Θεοῦ
2963 3602 3292 3675 δημιουργίᾳ
3319 3621 3376 3656 τε
3405 3593 3494 3657 καὶ
3522 3604 3743 3675 προνοίᾳ,

2203 3687 2330 3739 εἴσω
2376 3687 2573 3740 τούτων
2628 3688 2766 3754 ἔγνω
2806 3693 3166 3761 περιέχεσθαι
3212 3695 3305 3746 τὸν
3346 3696 3495 3748 Θεόν.
3559 3694 3747 3761 Ὀλίγον

2202 3773 2307 3844 γὰρ
2332 3775 2497 3845 αὐτὴν
2517 3775 2798 3839 διανοίξας,
2835 3780 2930 3831 τὸν
2957 3775 3016 3833 οῦ
3048 3782 3194 3834 ἐστιν
3217 3781 3400 3847 εἰκὼν,
3429 3785 3491 3836 ὲκ
3517 3781 3604 3836 τοῦ
3635 3784 3740 3834 κατ’

2201 3863 2379 3915 εἰκόνα
2410 3865 2717 3935 μεμάθηκεν
2738 3881 2752 3895 ο
2782 3867 2848 3919 ἐκ
2879 3868 2934 3920 δὲ
2979 3869 3077 3937 τῆς
3116 3871 3475 3943 δημιουργίας
3507 3873 3595 3924 καὶ
3625 3888 3744 3939 προ-

2200 3953 2343 4015 νοίας
2367 3954 2454 4006 τὸν
2478 3954 2799 4025 δημιουργὸν
2834 3957 2930 4010 καὶ
2959 3962 3284 4030 προνοητήν.

2778 4046 2953 4099 ΨΑΛ.
3001 4049 3127 4101 ΚΒ’.

2403 4134 2491 4184 Στ.
2525 4139 2591 4200 γ’.
2635 4134 2876 4193 Ἕνεκεν
2892 4136 2998 4188 τοῦ
3019 4140 3310 4207 ὀνόματος
3339 4144 3544 4196 αὑτοῦ.

2199 4223 2332 4300 Στίχ⁸
2367 4224 2429 4277 δ’.
2463 4223 2598 4300 Ἐὰν
2630 4224 2872 4300 γὰρᾼκαί-
2889 4229 3154 4295 πορευθῶ
3187 4232 3254 4283 ὲν
3279 4233 3444 4300 μέσῳ
3465 4231 3631 4297 σκιᾶς
3652 4234 3742 4300 θατ

2260 4292 2439 4412 ἔάτρυ
2463 4329 2491 4378 ζ
2522 4294 2590 4344 οὐ
2645 4292 3060 4364 φοϐηθήσομαι
3118 4292 3306 4352 κακάῖ
3357 4292 3446 4354 dit
3496 4302 3575 4354 σὺ
3609 4292 3740 4368 ’μετ’

2289 4378 2404 4428 μου
2433 4377 2502 4413 ει.

2262 4447 2370 4520 (55)
2398 4447 2666 4500 Ἐντεῦθεν
2691 4449 2826 4519 πρὸς
2852 4452 2984 4506 Θεὸν
3013 4457 3342 4529 ἀποστρέφει
3373 4461 3460 4515 τὸν
3492 4461 3656 4528 λόγον.
3693 4459 3744 4511 '0

2199 4537 2294 4605 μὲν
2310 4532 2397 4590 οὖν
2420 4536 2770 4606 καθεζόμενος
2794 4542 2853 4593 ἐν
2871 4547 2999 4614 σκιᾷ
3015 4545 3271 4612 θανάτου,
3292 4549 3500 4620 ἵδρυται
3520 4553 3574 4603 ὲν
3594 4549 3739 4617 αὐτῇ,

2195 4623 2502 4693 βεδαιωθεὶς
2530 4627 2585 4676 ἐν
2616 4625 2801 4696 κακίᾳ,
2837 4632 2930 4682 καὶ
2948 4631 3201 4702 δεόμενος
3223 4637 3328 4689 τοῦ
3348 4638 3408 4701 ἐξ
3429 4640 3604 4700 ἐλέους
3621 4639 3742 4690 ἀναν

2186 4712 2463 4774 ’τέλλοντος
2489 4712 2678 4780 φωτός·
2715 4716 2743 4765 ὁ
2774 4715 2831 4766 δὲ
2861 4720 3226 4789 πορευόμενος
3251 4726 3600 4796 παρατρέχεσ
3635 4721 3740 4794 μεθ’

2193 4796 2251 4853 οἶ)
2285 4803 2376 4854 καὶ
2404 4802 2663 4855 συνοδεύει
2691 4804 2717 4854 ὁ
2747 4804 2972 4875 Κύριος.
3003 4810 3138 4881 Περὶ
3167 4813 3224 4864 δὲ
3250 4813 3351 4883 τῆς
3385 4816 3646 4877 καθίσεως
3674 4813 3743 4865 el-

2198 4909 2381 4961 ρηται·
2421 4891 2784 4960 Καθημένοις
2822 4895 2892 4947 ἐν
2940 4898 3099 4966 χώρᾳ
3139 4904 3238 4955 καί
3291 4904 3434 4971 σκιᾷ
3473 4904 3738 4966 θανάτου,

2193 4981 2316 5047 φῶς
2345 4981 2640 5036 ἀνέτειλεν
2662 4984 2884 5050 αὐτοῖς.

2195 5068 2339 5137 Στίχ.
2363 5069 2423 5122 δ’.
2451 5071 2509 5124 Ἡ
2530 5069 2749 5151 ,ῥαϐδος
2774 5088 2912 5138 σου,
2940 5077 3036 5129 καὶ
3055 5079 3092 5146 ἡ
3109 5080 3406 5151 βακτηρία
3430 5079 3742 5151 σου,αὗταί

2254 5154 2328 5204 με
2355 5137 2788 5204 παρεκάλεσαν.

2272 5226 2569 5296 Ἀμφότερα
2596 5227 2684 5279 ἐπὶ
2709 5232 3006 5301 μαστίγων,
3041 5239 3184 5292 κατὰ
3217 5241 3277 5293 τό
3297 5259 3310 5272 ·
3353 5245 3496 5297 Ἐὰν
3514 5244 3742 5312 ἐγκατα-

2188 5317 2441 5370 λίπωσιν
2466 5320 2517 5370 οἰ
2536 5317 2652 5369 υἱοί
2676 5333 2791 5372 σου
2819 5322 2926 5374 τόν
2955 5327 3142 5394 νόμον
3157 5347 3298 5399 μου,
3331 5335 3428 5388 καὶ
3474 5336 3596 5402 τοῖς
3628 5334 3733 5402 κρι.

631 5437 672 5530 ζ¹
707 5437 954 5530 Diam-1v,
983 5443 1068 5501 24,
1089 5519 1119 5530 Α
1149 5454 1192 5486 η
1224 5450 1364 5512 p53].
1397 5459 1534 5506 xcvi,
1565 5444 1616 5494 5.
1697 5444 1740 5475 ³³
1770 5443 1908 5496 Psal.
1935 5457 2079 5507 κως,
2108 5443 2116 5495 ε

2218 5445 2264 5476 ⁸⁸
2293 5445 2417 5501 an.
2451 5449 2650 5512 xtt,49
2750 5452 2796 5482 ³⁵
2825 5453 2968 5510 Psal.
3007 5475 3188 5526 xxm,
3216 5464 3270 5530 7,
3308 5466 3360 5520 9.
3400 5475 3419 5523 ἓ
3507 5470 3552 5502 ³⁸
3617 5469 3728 5522 Act.

555 5514 593 5565 1,
619 5504 671 5556 9.
758 5507 799 5536 "
839 5504 958 5564 lsai.
987 5530 1059 5580 ix,
1088 5519 1140 5576 2,

677 5617 724 5656 ll
752 5614 822 5656 nr.

752 5616 1033 5773 ῗίἒίίυυώιι
1065 5702 1182 5775 οὐχ,
1212 5707 1296 5771 νει
1323 5698 1387 5755 οὐ
1416 5690 1835 5762 postponendum
1871 5699 1972 5746 est.

2183 5626 2370 5753 50:3)
2399 5627 2493 5684 llic
2522 5639 2574 5684 et
2601 5629 2742 5686 infra
2787 5636 2975 5694 confer
3028 5650 3161 5700 tom.
3193 5646 3306 5718 ΧΗ,
3358 5602 3462 5708 "col.
3505 5653 3638 5710 1259
3686 5657 3739 5704 et
