3922 6430
195 451 311 531 Λίδ
1214 494 1218 502 ·
1459 484 1816 540 EXCERPTA

1952 482 2279 538 PSALMOS.
2523 518 2526 522 η
2617 529 2619 531 .
3378 483 3399 536 1
3418 480 3478 546 16

221 571 340 667 ιιξσί
369 590 486 642 μου
506 576 605 648 {ﬁt
635 593 1075 654 πορευθῶσιν
1092 612 1105 626 ο
1129 598 1236 650 ἐὰν
1256 597 1326 650 τὰ
1364 597 1716 667 δικαιώματά
1737 617 1839 667 μοι

1953 601 1998 650 si
2021 599 2151 666 jura
2186 613 2298 649 mea
2327 612 2428 648 non
2461 595 2791 649 custodierint
2822 609 2841 648 :
2875 594 3090 647 visitabo
3121 591 3174 646 in
3204 593 3344 660 virga
3377 592 3478 644 ini-

221 630 248 646 ν
369 630 386 642 .
506 630 603 648 σα.
636 630 1061 654 "vr-"Nu..."
1129 630 1223 650 σαι
1259 630 1326 650 ιω
1364 630 1566 651 υυιυιω
1605 630 1716 652 αιυ
1782 630 1839 653 υι

331 667 700 774 φυλάξασιν
721 681 1216 774 ’-ἐπισκέψομαι
1247 689 1316 739 ἐν
1347 688 1542 754 ῥάϐδῳ
1564 630 1677 754 ,τὰς
1721 630 1839 743 ἔνο·

1953 630 1995 650 ο.
2021 630 2151 666 μη,
2187 630 2298 649 ...ια
2327 630 2427 648 ην..
2461 630 2791 649 cumam”...
2822 635 2835 648 .
2877 630 3089 647 υ.,.....,ν
3122 630 3174 646 ...
3207 630 3344 660 νην..

1952 687 2169 752 quilales
2204 701 2399 747 eorum,
2432 691 2480 735 et
2504 684 2558 736 in
2586 684 2806 752 ﬂagellis
2849 693 3054 751 peccata
3086 697 3282 735 eorum.
3325 680 3479 733 Misc-

236 759 586 854 ‘pluqaittior
609 803 626 826 ,
657 767 774 820 καὶ
809 771 894 823 ἐν
920 775 1169 841 μάστιγι
1198 776 1606 844 τὰς’άμαρτίας
1631 779 1839 831 αὐτῶν.

1954 773 2230 826 ricordiam
2286 782 2458 825 autent
2508 787 2672 824 meum
2730 788 3051 841 nequaquam
3099 771 3360 834 dissipabo
3412 774 3476 823 ab

258 852 322 917 τὸ
354 851 415 905 δὲ
443 853 616 921 ἔλεός
667 875 802 926 μου
857 866 940 917 οὐ
966 866 1055 932 μὴ
1087 866 1454 920 διασκεδὰσω
1479 869 1589 921 ’ἀπ’
1633 869 1844 923 αὐτῶν.

277 946 332 1002 οδ
350 945 728 1001 διεσκέδατται
765 950 889 1024 γὰρ
914 955 980 1006 τὸ
1009 956 1146 1008 θεῖον
1166 944 1310 1018 ἕλεος
1335 957 1442 1009 ἀπὸ
1468 958 1558 1010 τοῦ
1587 959 1654 1011 δι’
1674 961 1848 1028 ἁμαρ-

282 1039 377 1100 τίας
423 1037 856 1109 μαστιζομένου.
923 1045 1001 1097 Οὔ
1036 1045 1145 1114 (54)
1191 1036 1321 1116 γὰρ
1355 1047 1725 1118 ἁμαρτάνοντα
1774 1048 1846 1118 μὴ

281 1127 541 1200 μαστίξειέ
567 1170 583 1194 ,
636 1130 698 1182 οὐ
758 1134 1170 1204 παραδέ’χεται’
1225 1138 1524 1206 μαστιγῶν
1593 1129 1722 1192 υἱὸν
1777 1129 1847 1191 ὃν

278 1219 678 1286 παραδέχεται.
704 1221 850 1291 Περὶ
875 1217 955 1275 ὧν
984 1224 1040 1276 δὲ
1076 1227 1149 1294 μὴ
1185 1226 1465 1294 μαστίζει,
1499 1223 1710 1294 λέγεται
1749 1227 1840 1280 τό)

287 1310 452 1377 Ἐμοῦ
470 1309 538 1362 δὲ
558 1311 721 1378 παρὰ
733 1313 960 1380 μικρὸν
979 1314 1394 1381 scan-summm
1409 1320 1464 1370 οἱ
1482 1317 1657 1382 πόδες
1675 1333 1687 1346 ·
1712 1318 1843 1384 παρ’

1952 864 2023 914 eis
2059 863 2124 914 ³⁸.
2159 862 2272 915 Non
2301 872 2384 916 est
2411 864 2555 916 enim
2599 864 2851 931 dissipata
2885 863 3060 916 divina
3108 861 3477 916 misericordia

1951 953 2018 1005 ab
2051 967 2115 1007 eo
2159 954 2248 1022 qui
2297 965 2514 1024 propter
2558 963 2773 1024 peccata
2818 953 3133 1020 ﬂagellatur.
3165 952 3475 1006 Peccantem

1934 1041 2090 1094 .enim
2153 1057 2255 1094 non
2319 1043 2578 1110 suscipit,
2636 1044 2734 1097 nisi
2791 1043 3128 1110 ﬂagellaverit
3162 1059 3176 1096 :
3212 1043 3475 1110 ﬂagellum

1949 1131 2110 1198 ﬁlium
2137 1149 2280 1198 quem
2315 1135 2526 1201 suscipit
2552 1134 2615 1187 ”.
2645 1134 2717 1188 De
2744 1135 2808 1186 iis
2836 1148 2964 1186 vero
2991 1148 3124 1200 quos
3163 1147 3263 1185 non
3291 1132 3474 1200 ﬂagel-

1950 1220 2022 1276 lat
2045 1221 2235 1274 dicitur
2262 1221 2387 1274 illud
2422 1241 2435 1273 :
2477 1221 2580 1274 Mei
2600 1231 2769 1275 autem
2792 1237 2918 1288 pene
2953 1223 3127 1289 quassi
3149 1231 3265 1273 sunt
3297 1221 3474 1287 pedes,

1946 1311 2308 1378 propemodum
2340 1313 2490 1380 eﬂ'usi
2516 1324 2633 1364 sunt
2659 1328 2861 1379 gressus
2905 1313 3022 1364 mei.
3067 1311 3202 1374 Quia
3250 1327 3351 1364 non
3401 1319 3474 1362 est

1947 1401 2165 1452 arrectio
2197 1401 2247 1452 in
2281 1410 2442 1454 morte
2476 1418 2675 1465 eorum,
2701 1413 2747 1455 et
2775 1403 3158 1468 ﬁrmamentum
3186 1401 3238 1452 in
3269 1402 3474 1469 ﬂagello

1927 1492 2144 1545 eorum.
2185 1486 2467 1557 Propterea
2528 1491 2749 1543 obtinuit
2793 1506 2876 1542 eos
2913 1488 3186 1542 insolentia
3215 1488 3474 1539 :circum-

1945 1577 2119 1630 amicti
2157 1588 2276 1629 sunt
2319 1579 2591 1646 iniquitate
2613 1588 2658 1630 et
2704 1579 2961 1645 impietate
2984 1593 3078 1630 sua
3119 1577 3182 1627 ³⁸.
3219 1575 3274 1628 Si
3319 1576 3475 1628 fuerit

1931 1662 2070 1734 ergo
2097 1669 2216 1737 quis
2248 1661 2362 1720 ovis
2393 1682 2642 1734 peccans,
2675 1667 2823 1736 virga
2854 1666 3161 1734 vapulabit;
3196 1676 3251 1718 at
3284 1665 3326 1718 si
3358 1665 3472 1716 fue-

276 1400 475 1466 όλίγον
503 1399 766 1468 ἐξεχύθη
797 1403 872 1456 τὰ
897 1403 1224 1471 διαϐήματά
1239 1422 1375 1471 μου.
1399 1407 1523 1458 Ὀτι
1553 1409 1660 1459 οὐκ
1679 1405 1844 1458 ἐστιν

274 1486 594 1552 circis-sume;
630 1489 704 1540 ἐν
748 1477 833 1554 τῷ
871 1481 1101 1552 θανάτῳ
1143 1489 1356 1555 αὐτῶν,
1412 1494 1504 1546 καὶ
1552 1492 1843 1560 στερέωμα

273 1577 343 1632 ἐν
377 1577 450 1644 τῇ
472 1578 719 1656 μάστιγι
758 1580 993 1633 αὐτῶν..
1040 1581 1142 1634 Διά
1178 1581 1350 1634 τοῦτο
1387 1583 1710 1650 ἐκράτησεν
1747 1585 1843 1640 αὺ-

276 1668 419 1732 τοὺς
469 1670 505 1734 ἠ
535 1671 950 1737 ὑπερηφανίαο
1006 1672 1418 1738 περιεϐάλοντο
1473 1673 1702 1726 ἀδικίαν
1743 1673 1839 1726 καὶ

277 1757 554 1810 ἀσέϐειαν
582 1759 841 1811 ἑαυτῶν.
898 1760 1021 1812 Ἐὰν
1074 1763 1170 1830 μὲν
1219 1748 1309 1814 οὖν
1360 1758 1522 1834 ᾖτις
1580 1762 1839 1831 πρόϐατον

1946 1757 2009 1810 rit
2042 1757 2218 1820 homo,
2247 1757 2456 1819 baculo,
2487 1758 2772 1809 secundum
2810 1755 3147 1809 Salomonem
3182 1773 3195 1807 :
3229 1754 3330 1818 Qui
3350 1772 3470 1820 par-

275 1848 622 1917 ἁμαρτωλὸν,
686 1849 873 1918 ῥάϐδῳ
926 1843 1272 1921 πλήσσεται··
1303 1853 1396 1904 ἐὰν
1441 1851 1496 1904 δὲ
1541 1851 1834 1921 ἄνθρωπος,

1943 1845 2014 1898 cit
2051 1847 2254 1911 baculo,
2288 1848 2395 1899 odit
2424 1847 2590 1913 [ilium
2627 1863 2778 1899 suum
2811 1847 2878 1898 “.
2907 1845 3028 1900 Haec
3059 1860 3220 1915 porro
3251 1856 3474 1899 evocant

275 1935 542 2005 βακτηρίᾳ
560 1975 574 1998 ,
599 1928 840 1990 κατὰτὸ
862 1937 1200 2007 Σολομῶντος
1221 1956 1234 1969 ·
1283 1940 1343 1992 '0
1369 1939 1710 2008 φειδόμενος
1737 1938 1839 2006 τῆς

1945 1937 2280 2005 vapulantem
2329 1953 2343 1991 :
2386 1951 2676 2006 persuasus
2721 1947 2802 1991 est
2847 1938 3028 2001 enim,
3074 1938 3198 2006 quia
3242 1936 3472 2005 ﬂagellat

267 2023 600 2090 βακτηρίας
620 2025 799 2092 μισεῖ
816 2026 925 2079 τὸν
949 2027 1164 2080 ἑαυτοῦ
1187 2029 1337 2081 υἱόν.
1379 2027 1554 2080 Ταῦτα
1591 2028 1646 2080 δὲ
1675 2045 1839 2098 παρα.-

1947 2028 2335 2102 omnemﬁlium
2361 2045 2507 2095 quem
2527 2029 2738 2097 suscipit
2769 2029 2853 2096 ³⁹.,

274 2113 429 2164 καλεί
457 2114 548 2165 τὸν
581 2116 957 2184 τυπτόμενον
991 2117 1277 2169 πέπεισται
1315 2119 1452 2188 γὰρ,
1484 2118 1556 2181 ὡς
1572 2118 1851 2188 μαστιγοῖ

276 2204 465 2255 πάντα
495 2205 634 2257 υἱὸν
654 2205 733 2259 ὃν
761 2207 1176 2275 παραδέχεται.

2489 2291 2680 2346 PSAL.
2721 2292 2909 2347 XXIII.

2131 2382 2190 2435 V.
2221 2381 2273 2434 ίὶ.
2307 2380 2371 2434 Et
2398 2384 2450 2435 in
2479 2382 2776 2451 ﬂuminibus
2805 2384 3111 2452 pru'paravil
3148 2398 3282 2435 eam.

2009 2469 2176 2524 Aliter
2212 2481 2378 2525 :ante
2423 2474 2702 2527 adventum
2745 2472 2941 2528 Christi
2996 2482 3146 2526 notus
3175 2473 3228 2527 in
3273 2471 3463 2525 Judaza

1941 2561 2199 2615 duntaxat
2233 2574 2348 2616 erat
2391 2563 2524 2616 Deus
2555 2565 2598 2595 ³³
2632 2583 2645 2618 :
2687 2573 2742 2616 at
2771 2574 2890 2630 post
2917 2563 3226 2625 adventum,
3260 2562 3466 2614 Domini

1916 2658 2013 2704 est
2035 2663 2173 2704 terra
2203 2653 2264 2707 “.
2299 2651 2400 2707 Sed
2433 2668 2605 2722 neque
2630 2655 2902 2722 plenitudo
2928 2661 3052 2707 ante
3076 2654 3224 2708 illum
3263 2665 3378 2708 erat
3416 2658 3464 2709 in

1937 2742 2184 2795 universa
2234 2751 2375 2796 terra
2421 2761 2432 2795 :
2482 2743 2718 2811 quinimo
2765 2744 2921 2812 plena
2971 2755 3086 2798 erat
3133 2759 3228 2812 pro
3278 2747 3465 2814 majori

929 2299 1097 2350 ΨΑΔ.
1131 2299 1233 2350 KI"
1245 2338 1260 2352 .

343 2381 490 2449 Στίχ.
524 2381 588 2450 β’.
622 2383 736 2436 Καὶ
772 2384 873 2436 ἐπὶ
912 2384 1188 2456 ποταμῶν
1220 2389 1538 2456 ἡτοίμασεν
1565 2391 1770 2458 αὐτήν.

343 2471 454 2539 (55)
503 2473 615 2524 Καὶ
644 2472 825 2535 ἄλλως
861 2474 917 2527 δέ
971 2476 1078 2544 πρὸ
1135 2477 1232 2545 τῆς
1286 2477 1569 2548 ἐπιδημίας
1611 2481 1840 2550 Χριστοῦ

274 2559 731 2627 γνωστὸςέντῇ
774 2562 1022 2629 Ἰουδαίᾳ
1059 2564 1218 2633 μόνον
1251 2562 1316 2635 ἧν
1348 2571 1379 2620 ό
1401 2569 1577 2632 Θεός·
1607 2572 1722 2636 μετ’
1747 2571 1842 2622 αὑ-

278 2646 368 2715 τὴν
412 2648 486 2708 δὲ,
529 2648 639 2702 τοῦ
670 2651 897 2717 Κυρίου
922 2653 960 2719 ἠ
985 2652 1082 2720 τῆ.
1141 2653 1407 2708 Ἀλλόὺδὲ
1423 2655 1688 2726 πλήρωμα
1737 2659 1840 2729 πρὸ

281 2737 475 2808 ταύτης
500 2735 572 2808 ἦν
605 2742 668 2794 ὲν
704 2741 856 2813 πάσῃ
885 2745 950 2811 τῇ
996 2746 1096 2813 γῇο
1147 2745 1413 2813 μεστάλδὲ
1453 2742 1519 2816 ἦν
1565 2749 1731 2818 αὐτῆς
1773 2750 1838 2804 τὰ

284 2825 492 2879 πλεῖστα
532 2830 860 2899 κακότητος.
913 2833 1044 2884 Μετ’
1074 2833 1238 2904 αὐτὴν
1283 2835 1337 2887 δὲ
1373 2835 1554 2888 πολλοὶ
1595 2837 1700 2890 τῶν
1740 2857 1837 2891 ςτε-

283 2919 641 2972 πιστευκότων
674 2919 905 2972 ἐθνικῶν
940 2921 1240 2978 εῐποιενᾶν
1261 2941 1274 2954 '
1337 2927 1432 2979 Ἐκ
1473 2927 1574 2980 τοῦ
1612 2930 1838 2995 πληρώ-

283 3024 450 3074 ματος
473 3009 666 3061 αὺτοῦ
705 3010 876 3077 ἡμεῖς
908 3010 1130 3078 πάντες
1172 3013 1477 3082 ἐλάϐομεν.
1521 3017 1712 3087 Διόπερ
1745 3019 1838 3070 αὐ-

285 3095 365 3146 τοῦ
399 3097 492 3148 καὶ
532 3097 814 3168 πλήρωμα
860 3099 1116 3166 λέγοιντο.
1172 3102 1306 3154 Ἀλλ’
1336 3104 1430 3172 οὐχ
1475 3106 1524 3156 οἱ
1565 3105 1706 3157 κενοὶ
1742 3107 1837 3176 τῆς

271 3185 633 3257 ἐὐαγγελικῆς
664 3187 959 3250 πολιτείας.
994 3190 1149 3242 Ἀλλὰ
1182 3192 1272 3244 καὶ
1304 3194 1360 3243 ἐν
1391 3194 1580 3263 ἐρήμῳ
1601 3196 1628 3246 ὁ
1661 3195 1835 3264 ἀμαρ-

285 3275 433 3338 τωλὸς
473 3279 759 3329 κατοικεῖ’
813 3278 1136 3348 οἰκουμένην
1188 3280 1265 3342 δὲ,
1300 3284 1326 3333 ὁ
1369 3281 1462 3352 τὴν
1522 3283 1834 3345 Ἐκκλησίαν

262 3358 430 3416 ὀἰκῶν
470 3367 922 3436 πεπληρωμένην
974 3371 1073 3435 τῆς
1118 3371 1276 3436 ἁγίας
1301 3371 1550 3440 Τριάδος·
1585 3374 1676 3424 καὶ
1725 3374 1835 3426 ἐστι

288 3455 362 3506 τοῦ
395 3457 624 3525 Κυρίου.
671 3456 812 3507 Ἀλλ’
845 3458 941 3525 οὐχ
967 3458 995 3508 ὁ
1021 3460 1404 3529 γεγεννημένος
1439 3461 1502 3512 ὲκ
1539 3460 1630 3512 τοῦ
1662 3461 1836 3514 διαϐό-

263 3540 385 3608 λου,
417 3547 510 3597 καὶ
537 3545 702 3616 μερὶς
736 3546 946 3598 ἐκείνου
983 3549 1283 3617 γενόμενος.

289 3627 412 3718 Στίχ.
439 3640 506 3700 γ’.
532 3635 632 3718 Ίςίς
656 3634 1019 3718 ἀναϐήσεται
1043 3639 1127 3718 εζς
1148 3637 1209 3718 τὸ
1247 3637 1500 3718 ὄροςςοῦ
1515 3641 1731 3706 Kvplov
1752 3658 1770 3702 ,'
1796 3641 1832 3708 ἢ

265 3737 274 3742 .
343 3703 429 3766 τίς
453 3701 754 3766 στήσεται
783 3703 856 3753 ἐν
875 3704 1035 3766 τόπῳ
1062 3705 1204 3771 ἁγίῳ
1232 3701 1448 3769 uibrat);
1511 3759 1515 3763 .

345 3790 451 3857 (56)
484 3791 555 3842 Ἢ
586 3792 685 3844 καὶ
715 3791 842 3860 ὅρος
866 3793 1070 3863 Κυρίου
1091 3794 1150 3845 τὸ
1169 3795 1374 3848 τελικὸν
1407 3798 1602 3865 ἀγαθὸν
1627 3801 1718 3852 καὶ
1746 3801 1834 3854 τὸν

256 3874 396 3930 θεὸν
422 3881 613 3946 Λόγον.
653 3879 888 3942 Σπάνιος
920 3881 1026 3951 γὰρ
1052 3884 1080 3934 ὁ
1111 3883 1245 3951 πρὸς
1287 3885 1382 3954 τὴν
1411 3885 1710 3957 ἀκρώρειαν
1737 3889 1832 3940 αὐ-

286 3968 361 4020 τοῦ
385 3969 471 4022 διὰ
504 3970 796 4040 προκοπῆς
824 3970 1090 4040 ἀναϐῆναι
1128 3972 1433 4043 δυνάμενος.

331 4137 433 4206 (57)
451 4139 507 4192 '0
523 4139 636 4209 γὰρ
650 4139 982 4204 τελειωθεὶς,
1001 4141 1194 4210 μηκέτι
1211 4147 1508 4218 περαιτέρω
1522 4155 1711 4220 χωρεῖν
1725 4147 1834 4218 οἷός

281 4239 328 4276 τε
358 4227 449 4292 ὢν,
477 4230 696 4282 ἵσταται
729 4228 968 4297 βέϐαιος,
993 4231 1085 4284 καὶ
1108 4233 1449 4303 χρηματίζων
1490 4238 1639 4306 ἅγιος
1673 4243 1831 4304 τόπος

261 4311 418 4370 θεοῦ.
465 4319 676 4370 Ὀπίσω
716 4317 831 4388 γὰρ
871 4319 1076 4387 Κυρίου
1119 4324 1502 4394 πορευόμενος,
1528 4329 1826 4383 ἀναϐαίνει·

281 4403 383 4456 τῶν
412 4407 525 4473 μὲν
563 4406 827 4459 ὄπισθεν
871 4407 1438 4478 ἐπιλανθανόμενος,
1495 4416 1615 4481 τοῖς
1638 4417 1704 4469 δὲ
1728 4419 1827 4486 ἔμ-

277 4500 524 4554 προσθεν
578 4496 1108 4562 ἐπεκτεινόμενος,
1159 4499 1307 4562 τέλος
1355 4503 1490 4572 ἔχων
1551 4506 1612 4558 τὸ
1644 4508 1830 4576 στῆναι

277 4582 402 4639 μετὰ
429 4582 560 4634 8εοῦ
587 4586 650 4636 ὲν
679 4583 835 4651 τόπῳ
865 4583 1004 4652 ἁγίῳ
1036 4585 1197 4638 αὐτοῦ
1219 4605 1231 4617 ο
1257 4590 1340 4656 ἐφ’
1364 4591 1421 4642 ὃν
1457 4592 1536 4644 δεῖ
1568 4594 1826 4662 ἀναϐῆναι
1859 4585 1901 4640 Ῐ)

272 4671 357 4722 καὶ
392 4673 580 4742 στῆναι
621 4673 717 4724 τὸν
761 4673 1240 4744 εὐαγγελιζόμενον
1272 4679 1335 4747 τῇ
1383 4681 1546 4745 Σιὼν,
1584 4684 1718 4754 πρὸς
1768 4687 1826 4738 ὃν

1936 2841 2089 2901 pante
2121 2830 2456 2900 ﬂagitiorum.
2490 2831 2614 2887 Post
2645 2833 2794 2886 illum
2828 2847 2954 2887 vero
2979 2871 2994 2896 ,
3028 2835 3176 2887 multi
3223 2835 3468 2890 ethnico-

1937 2933 2052 2971 rum
2079 2919 2168 2986 qui
2196 2919 2578 2982 crediderunt,
2621 2921 2799 2974 dicere
2843 2931 3102 2987 possunt:
3138 2921 3210 2974 De
3247 2923 3468 2985 plenitu-

1935 3008 2052 3061 dine
2093 3007 2203 3074 ejus
2242 3023 2332 3061 nos
2367 3025 2543 3062 omnes
2580 3009 2866 3074 accepimus
2898 3008 2963 3061 ³⁵.
3011 3008 3187 3074 Quare
3217 3011 3376 3064 etiam
3414 3020 3469 3065 et

1933 3095 2132 3151 Christi
2182 3096 2456 3164 plenitudo
2500 3098 2603 3151 dici
2653 3106 2875 3166 queunt.
2911 3097 3015 3150 Sed
3050 3113 3152 3150 non
3186 3101 3275 3166 qui
3307 3102 3460 3152 vacui

1933 3195 2060 3242 sunt
2088 3189 2392 3257 evangelica
2424 3188 2632 3241 vivendi
2665 3188 2888 3242 ratione.
2924 3190 3060 3254 Quin
3088 3191 3260 3256 potius
3291 3190 3341 3243 in
3367 3189 3466 3244 ἀε-

1935 3285 2079 3330 serto
2100 3287 2346 3344 peccator
2371 3278 2593 3331 habitat.
2639 3276 2834 3332 Contra
2873 3289 3048 3330 autem
3073 3279 3252 3331 orbem
3293 3289 3470 3333 terra-

1937 3381 2052 3420 rum
2081 3367 2286 3432 ineolit,
2309 3369 2400 3436 qui
2443 3369 2628 3422 incolit
2669 3367 2957 3422 Ecclesiam
2991 3367 3242 3436 repletam
3277 3380 3461 3422 sancta

1935 3453 2217 3522 Trinitate,
2253 3465 2439 3524 estque
2466 3456 2693 3510 Domini.
2727 3456 2845 3510 Non
2875 3458 2998 3510 item
3023 3457 3112 3527 qui
3152 3473 3216 3510 ex
3255 3457 3466 3511 diabolo

1936 3554 2091 3598 natus
2123 3555 2225 3608 est,
2254 3554 2344 3598 aut
2375 3560 2500 3613 pars
2531 3546 2674 3601 illius
2696 3545 2916 3600 eﬂ‘ectus
2949 3547 3068 3602 fuit.

1986 3635 2050 3688 ν.
2083 3637 2135 3689 5.
2168 3634 2294 3699 Quis
2321 3637 2555 3688 ascendet
2583 3637 2637 3687 in
2667 3647 2884 3689 montem
2922 3637 3160 3690 Domini?
3200 3638 3276 3690 vel
3297 3641 3410 3706 quis

2310 3706 2462 3756 stabit
2488 3708 2541 3756 in
2571 3709 2681 3756 loco
2713 3718 2890 3757 sancto
2932 3706 3088 3774 ejus?

2005 3790 2094 3844 Vel
2128 3791 2286 3845 etiam
2322 3793 2688 3862 interpreteris
2714 3802 2943 3848 montem
2985 3797 3191 3849 Domini
3219 3795 3463 3862 perfecti-

1933 3895 2056 3934 vum
2083 3881 2300 3945 bonum,
2333 3891 2382 3936 et
2417 3883 2698 3950 ipsummet
2719 3885 2880 3939 Deum
2912 3883 3161 3937 Verbum.
3189 3884 3361 3940 Rarus
3379 3894 3466 3939 est

1934 3971 2078 4023 enim
2121 3971 2212 4038 qui
2251 3971 2316 4024 ad
2359 3972 2612 4025 verticem
2643 3972 2754 4039 ejus
2784 3987 2849 4026 ex
2895 3971 3130 4041 profectu
3177 3975 3464 4028 ascendere

1931 4069 2114 4128 queat.

2001 4149 2101 4214 Qui
2130 4151 2270 4203 enim
2295 4160 2696 4206 consummatus
2717 4160 2813 4211 est,
2848 4167 2950 4204 non
2981 4152 3208 4221 amplius
3243 4153 3464 4206 ulterius

1931 4241 2177 4308 progredi
2207 4241 2408 4302 valens.
2435 4252 2538 4296 stat
2570 4242 2775 4308 ﬁrmus,
2806 4252 2859 4300 et
2890 4255 3111 4297 vocatur
3135 4255 3354 4299 sanctus
3377 4246 3460 4300 lo-

1931 4347 2026 4386 cus
2056 4333 2166 4385 Dei.
2203 4331 2344 4387 Pone
2381 4333 2520 4386 enim
2547 4334 2824 4387 Dominum
2865 4335 3138 4400 incedens,
3171 4337 3410 4390 ascendit
3439 4352 3458 4391 :

1930 4438 2105 4476 eorum
2127 4439 2240 4491 qua:
2264 4433 2400 4476 retro
2437 4433 2576 4482 sunt,
2609 4423 2836 4488 oblitus;
2866 4425 2932 4476 ad
2964 4441 3025 4478 ea
3052 4441 3166 4477 vero
3201 4441 3315 4492 qua:
3341 4435 3462 4479 sunt

1932 4518 2070 4572 ante,
2091 4511 2240 4563 enixe
2269 4511 2581 4563 contendens
2605 4510 2668 4574 ³⁸,
2693 4510 2848 4565 ﬁnem
2874 4511 2972 4564 sibi
2999 4525 3297 4580 proponens
3316 4521 3462 4565 stare

1932 4613 2053 4652 cum
2099 4597 2207 4652 Deo
2254 4600 2306 4652 in
2351 4597 2468 4651 loco
2509 4607 2694 4652 sancto
2736 4601 2891 4666 ejus:
2928 4601 2994 4653 ad
3041 4614 3196 4668 quem
3248 4611 3459 4668 oportet

1933 4689 2187 4742 ascendat
2223 4697 2274 4742 et
2300 4698 2405 4742 stet
2434 4690 2524 4756 qui
2571 4690 2902 4758 cvangelizat
2945 4689 3097 4754 Sion,
3125 4699 3178 4744 et
3199 4689 3265 4742 ad
3301 4705 3456 4757 quem

266 4759 514 4830 ἐφθακότι
561 4771 644 4840 τῷ
693 4771 904 4840 Μωῦσῇ
947 4788 1107 4842 φησιν
1157 4773 1185 4822 ὁ
1237 4772 1402 4834 Θεός·
1435 4773 1516 4825 Σὺ
1546 4773 1612 4824 δὲ
1643 4776 1826 4829 αὐτοῦ

265 4856 435 4924 στῆθι
465 4861 598 4926 μετ’
637 4859 808 4927 ἐμοῦ.
853 4859 1013 4911 Ἀλλὰ
1041 4861 1130 4912 καὶ
1159 4862 1460 4927 Ἕστησεν
1485 4861 1582 4913 ἐπὶ
1610 4862 1826 4930 πέτραν

1936 4869 1998 4922 ibi
2030 4877 2109 4919 sta
2147 4883 2343 4919 mecum
2376 4867 2439 4919 ³⁷.
2469 4865 2605 4931 Quin
2643 4868 2802 4921 etiam
2824 4865 3053 4931 ,Statuit
3077 4883 3230 4935 super
3258 4875 3457 4932 petram
3493 4915 3496 4918 .

268 4948 402 5013 τοὺς
429 4952 624 5015 πόδας
671 4967 824 5018 μου,
856 4951 931 5012 ὡς
965 4953 1049 5019 ἐφ’
1081 4950 1264 5020 ἕτερον
1304 4951 1548 5019 ἁγίασμά
1577 4969 1736 5019 φασιν
1775 4957 1822 5007 οἱ

1936 4959 2079 5023 pedes
2123 4973 2262 5010 meos
2303 4956 2370 5019 ⁸⁸,
2413 4967 2663 5024 tanquam
2705 4970 2864 5023 super
2912 4955 3054 5009 aliud
3096 4955 3457 5010 sanctuarium

269 5037 554 5105 προφῆται.
608 5039 774 5090 Ἐπεὶ
797 5036 982 5104 πέτρα
1009 5033 1086 5106 ἦν
1111 5040 1144 5089 ό
1179 5038 1444 5104 Χριστός.
1499 5037 1652 5091 Ἀλλὰ
1689 5040 1770 5103 τίς
1797 5043 1824 5092 ὁ

1936 5047 2111 5098 dicunt
2165 5045 2461 5112 prophetae.
2527 5043 2685 5098 Petra
2731 5055 2902 5098 autem
2943 5054 3052 5096 erat
3102 5044 3337 5096 Christus
3389 5042 3453 5095 ”.

267 5120 372 5176 τῶν
395 5127 742 5195 ἐπαγγελιῶν
774 5127 977 5180 τούτων
993 5127 1322 5197 τευξόμενος,
1347 5129 1554 5198 εἴρηται
1578 5129 1825 5184 τελεώτε-

1936 5132 2041 5186 Iam
2078 5147 2202 5187 vero
2235 5134 2356 5201 quis
2393 5134 2578 5186 harum
2625 5133 3036 5202 promissionum
3081 5146 3296 5200 compos
3340 5130 3454 5191 liat,

277 5226 360 5277 ρον
390 5220 445 5270 ἐν
477 5220 557 5289 τῷ
589 5219 1169 5290 τεσσαρεσκαιδεκάτη)
1189 5219 1401 5289 ψαλμῷ.

1936 5223 2122 5276 dictum
2154 5233 2234 5276 est
2263 5223 2448 5275 melius
2483 5225 2534 5274 in
2566 5225 2768 5290 psalmo
2793 5225 3000 5278 decimo
3033 5233 3242 5292 quarto.

1931 4794 2092 4846 quum
2123 4778 2448 4846 pervenisset
2492 4778 2702 4848 Moyses
2721 4817 2736 4842 ,
2764 4779 2838 4833 ait
2870 4779 2942 4832 illi
2967 4778 3107 4833 Deus
3135 4795 3148 4832 :
3179 4778 3254 4832 Tu
3285 4788 3458 4831 autem

338 5437 380 5468 "
403 5439 537 5494 Psal.
577 5455 818 5492 Lxxxvttr
843 5478 858 5500 ,
896 5439 956 5490 5t
981 5477 995 5500 ,
1035 5438 1122 5490 3i.
1181 5441 1223 5470 "
1255 5439 1406 5491 llcbr.
1444 5453 1543 5495 xu.
1583 5437 1632 5491 6.
1717 5439 1768 5470 ³ο
1793 5441 1839 5492 P:

1963 5457 2124 5500 ωιτη,
2156 5443 2209 5499 2.
2247 5445 2300 5505 4,
2328 5445 2378 5497 6.
2463 5445 2503 5474 ³¹
2536 5442 2813 5504 Provmtt,
2845 5442 2931 5493 9.4.
2993 5441 3037 5470 ³¹
3079 5439 3358 5505 Ilebr._}t_t,
3394 5433 3452 5505 (ᾧ.

289 5503 330 5535 ³³
367 5505 500 5558 Psal.
541 5524 706 5568 uxv,
742 5508 799 5560 2.
844 5499 849 5500 ί
883 5506 929 5536 ³⁸
982 5499 989 5500 ί
1042 5505 1178 5562 Psal.
1210 5524 1354 5573 tum,
1391 5511 1436 5564 Ι.
1531 5505 1576 5537 ⁸⁵
1605 5506 1758 5560 Joan.
1794 5524 1833 5572 t,

295 5587 461 5636 sunt,
481 5578 533 5629 5.
613 5577 657 5607 ³³
684 5577 847 5629 lCor.
874 5589 933 5636 x,
961 5572 1015 5625 4.

1936 5549 1942 5561 .
2025 5511 2068 5541 ³⁸
2097 5499 2323 5579 Philipp.
2353 5529 2432 5577 Ill,
2471 5513 2549 5569 i5.
2634 5511 2676 5540 ³⁷
2715 5499 2880 5563 Exod.
2913 5523 3093 5570 xutv,
3117 5506 3170 5558 2.
3226 5501 3271 5532 ⁸⁸
3306 5499 3454 5556 PsaI.

2003 5722 2113 5793 (ξίέί)
2144 5723 2473 5793 IIlSCribilur.
2505 5725 2763 5793 Origeuts,
2799 5721 3016 5789 Didymi,
3049 5719 3274 5771 Eusebii.

359 5726 462 5800 (ἓέ)
490 5728 648 5800 F9"?
680 5729 726 5778 εἰ
766 5741 868 5800 t1!!!
887 5724 970 5800 οιὲ·
1089 5787 1118 5800 ._
2003 5724 2048 5800 {Et

1998 5790 2106 5860 (57)
2132 5792 2397 5862 Origenis,
2427 5790 2652 5860 Didymi.

358 5787 461 5861 (55)
499 5787 894 5858 Confert-XII,
926 5793 1029 5843 loc.
1055 5787 1143 5839 cit.
