3922 6372
536 443 640 496 Hb

656 576 722 630 ιν.
748 575 798 628 6.
831 569 955 623 Herc
991 564 1263 633 generatio
1287 562 1624 633 qua'reptiunt
1672 559 1970 633 Dominum,

876 629 1207 705 ᾳιιιινῖεηιὶιιηι
1237 629 1420 698 {aciem
1443 630 1537 681 Dei
1563 629 1750 682 Jucob.

618 729 868 800 Equidem
893 724 1086 777 dictum
1113 731 1194 773 est
1224 737 1236 770 :
1271 718 1434 771 Nemo
1467 717 1648 769 videbit
1677 715 1862 782 faciem
1890 725 2074 772 meam,

551 833 595 876 et
626 817 833 874 vivet“.
866 813 1067 865 Revera
1096 809 1239 861 enim
1271 822 1424 860 nemo
1461 805 1659 858 videbit
1685 807 1774 870 qui
1807 804 1872 855 sit
1896 803 2077 861 homo,

550 919 602 964 et
626 906 764 975 quod
793 905 1081 958 humanum
1115 906 1196 951 ost
1221 905 1386 948 totum
1412 910 1514 947 non
1557 893 1789 953 exuerit,
1820 900 1874 943 et
1907 898 2080 941 muta-

551 1011 635 1050 tus
677 995 837 1047 fuerit
883 991 935 1044 in
981 987 1224 1056 angelum
1264 994 1314 1037 et
1343 984 1532 1044 Deum,
1564 981 1703 1048 quod
1733 980 1818 1033 hic
1860 994 1961 1030 non
1998 977 2076 1028 lit.

548 1088 621 1139 De
661 1083 862 1152 angelis
891 1095 1017 1134 vero
1065 1076 1406 1146 parvulorum
1446 1074 1536 1140 qui
1573 1079 1695 1125 sunt
1721 1071 1771 1122 in
1816 1069 2078 1128 Ecclesia,

548 1173 797 1228 Salvator
846 1171 972 1224 dicit
1010 1185 1025 1222 :
1069 1166 1280 1234 Semper
1327 1165 1494 1218 uident
1541 1162 1722 1230 facient
1773 1158 1949 1211 Patris
1996 1158 2082 1225 qui

545 1275 617 1318 est
646 1265 702 1316 in
735 1263 873 1316 caelis
918 1262 987 1313 “.

547 1420 612 1472 γ.
644 1419 696 1473 9.
732 1417 919 1470 Tollite
944 1425 1140 1480 portas,
1174 1430 1201 1464 ο
1238 1411 1771 1487 ρνὶιιιῖὶριιδ,“υεείςαε,
1802 1416 1846 1487 et
1877 1400 2081 1482 extolli-

484 1483 500 1531 λι
685 1473 1000 1553 mini,porlw
1027 1473 1249 1543 (eterna’,
1289 1490 1335 1531 et
1368 1478 1599 1529 introibit
1635 1475 1745 1526 Rex.
1775 1473 1971 1541 gloriae.

477 1613 481 1616 -
550 1578 613 1631 ν.
648 1577 731 1630 10.
774 1576 900 1640 Quis
927 1586 997 1628 est
1026 1576 1118 1624 istc
1145 1571 1249 1624 Rex
1279 1569 1458 1640 glorinf
1483 1566 1782 1640 ?_Dontinus
1818 1563 2080 1623 virtutum,

1047 1644 1149 1708 ipse
1179 1651 1248 1692 cst
1275 1639 1380 1690 lien:
1406 1636 1602 1704 gloriw.

621 1800 775 1855 Velut
801 1798 984 1850 ducem
1013 1794 1358 1853 exercituum,
1383 1789 1779 1858 appellaverunt
1810 1784 2084 1837 Dominum

1380 442 1928 502 SUPPLEMENTUM
1963 439 2052 494 AD
2087 433 2406 492 ORIGENIS
2437 430 2836 487 EXEGETICA.

2102 561 2144 615 Α
2173 550 2316 619 Στίχ.
2355 554 2426 611 ς’.
2447 547 2601 619 ΑὕτηΔ
2620 547 2656 610 ἡ
2679 541 2845 619 γενεὰ
2866 537 3205 619 ζητούντων
3240 527 3364 619 ,τὸν
3391 525 3638 619 litigator,
3668 520 3750 588 Cn-

3653 410 3745 463 illi

2249 594 2508 670 έούἶιτων
2544 594 2608 666 τὶ)
2642 594 2955 678 πρόσωέον
2977 605 3082 658 τοῦ
3113 597 3270 653 Θεοῦ
3313 594 3540 649 Ἰακώϐ.

2252 708 2360 775 (58)
2391 706 2499 758 Καὶ
2535 705 2636 774 μὴν
2661 701 2806 754 εἶπεν
2825 717 2837 729 ο
2875 696 3083 760 Οὐδεὶς
3104 693 3326 759 ὄψεται
3347 687 3416 738 τὸ
3438 683 3751 751 πρόσωπόν

2179 772 2450 864 μουρκαὶ
2487 772 2743 859 ζήσεται.
2781 791 2866 852 Ὠς
2897 784 3112 855 ἀληθῶς
3144 780 3261 851 γὰρ
3306 778 3413 830 οὐκ
3457 772 3643 842 ὄψεταί
3677 789 3752 833 τις

2184 863 2461 956 ἅνθρωπος
2497 884 2571 936 ὢν
2594 922 2608 943 ,
2636 883 2725 934 καὶ
2756 881 2827 950 μὴ
2867 881 2970 931 πᾶν
3009 871 3364 944 ἀνθρώπινον
3403 863 3750 932 ἀποθέμενος,

2185 955 2294 1028 και
2312 963 2620 1044 μεταϐαλὼν
2649 974 2726 1034 εἰς
2755 970 2978 1038 ἄγγελον
3007 967 3102 1019 καὶ
3132 962 3296 1024 Θεὸν,
3325 961 3467 1028 ὅπερ
3491 957 3590 1008 οὐκ
3617 955 3753 1006 ἐστιν

2185 1066 2388 1118 ἐνθάδε.
2433 1066 2565 1134 Περὶ
2600 1065 2654 1116 δὲ
2698 1063 2804 1114 τῶν
2846 1059 3090 1127 ἀγγέλων
3131 1055 3244 1108 τῶν
3273 1054 3332 1103 ὲν
3365 1053 3432 1120 τῇ
3471 1044 3754 1115 Ἐκκλησία

2190 1157 2417 1229 μικρῶν,
2448 1159 2476 1208 6
2524 1157 2710 1224 Σωτήρ
2752 1170 2945 1221 φησιν,
2993 1152 3073 1202 ὅτι
3106 1142 3451 1207 Διαπαντὸς
3484 1139 3663 1206 ὁρῶσι
3693 1136 3753 1191 τὸ

2188 1251 2504 1312 πρόσωπον
2535 1244 2637 1296 τοῦ
2674 1242 2917 1309 Πατρός,
2946 1239 3053 1292 τοῦ
3093 1239 3166 1290 ἐν
3199 1234 3332 1294 τοῖς
3351 1227 3652 1298 οὐρανοῖς.

2188 1340 2332 1407 Στίχ.
2359 1339 2420 1390 0'.
2461 1337 2927 1407 'Aputsatdjag,
2967 1335 3020 1383 cl
3048 1331 3354 1407 ἄρχοντες
3380 1365 3393 1386 ,
3429 1319 3629 1407 fatone,
3664 1317 3752 1407 atat

2255 1389 2569 1472 ἐθιάρθητὲ,
2616 1406 2797 1457 πύλαι
2837 1389 3099 1464 α’ίώνιοιξ
3127 1389 3232 1449 καὶ
3276 1389 3690 1447 εἰσελεύσεται
3726 1389 3755 1439 6

2253 1471 2545 1539 βασιλεὺς
2592 1473 2694 1539 τῆς
2721 1471 2864 1537 δόξῃ
2874 1491 2923 1535 ς.

2189 1567 2332 1636 Στῐχ.
2361 1571 2410 1618 ι’.
2449 1565 2558 1636 Τίς.
2586 1559 2965 1636 ἐστινρῦτος
2994 1553 3369 1636 ὀμβασιᾼεὺς
3408 1549 3524 1636 tit;
3552 1545 3756 1636 δόξηςξ

2258 1614 2605 1765 Ῐῗρριὲςξτὶῦν
2629 1631 2663 1682 δ
2669 1614 2956 1699 υνάμεωνξ
2987 1614 3174 1692 αῧτός
3216 1614 3394 1678 ἐστίν
3415 1623 3450 1673 ὁ
3470 1614 3759 1678 Βασίλειος

2259 1721 2366 1766 της
2435 1721 2463 1754 0
2507 1719 2597 1766 nc-

2398 1723 2756 1858 ηάςρχοντα
2785 1783 2838 1834 δὲ
2875 1775 3280 1850 στρατοπέδων,
3311 1771 3628 1840 δυνάμεων
3652 1765 3755 1818 ἑκά-

553 1893 819 1954 uirtutum,
858 1889 995 1956 quod
1023 1888 1074 1938 in
1097 1883 1360 1937 Hebraico
1391 1881 1584 1934 dicitur
1617 1876 1889 1932 Sabaoth:
1929 1890 2085 1941 quam

2208 1901 2345 1938 ιεσαν
2372 1883 2606 1948 Κύριον,
2639 1880 2771 1944 ὅπερ
2803 1877 2857 1929 ἐν
2889 1872 2964 1942 τῷ
3007 1865 3293 1938 Ἐϐραῖκῷ
3338 1860 3584 1918 Σαϐαὼθ
3620 1860 3756 1928 εἴρη-

554 1995 740 2035 vocem
771 1976 1110 2044 Septuaginta
1141 1975 1559 2040 interpretantur
1592 1968 1642 2018 in
1675 1963 1969 2033 Scripturis
1989 1963 2091 2014 Do-

554 2073 749 2124 minum
808 2067 1056 2124 militum,
1089 2061 1169 2114 vel
1203 2061 1362 2115 etiam
1413 2058 1763 2124 Omnipotens.
1817 2052 1965 2118 Quod
2009 2053 2090 2104 llic

556 2160 747 2214 dicitur
788 2171 938 2224 ergo,
987 2153 1402 2221 omnipotentem
1461 2146 1689 2201 ostendit
1739 2144 2087 2199 Salvator-em.

557 2247 643 2303 Sic
668 2248 790 2301 dicit
835 2245 1083 2298 Dominus
1133 2241 1448 2305 omnipotens
1483 2233 1663 2288 :Pone
1688 2234 1904 2302 gloriam
1958 2231 2091 2282 misit

556 2356 638 2392 me
655 2341 720 2390 ad
744 2348 790 2388 te
818 2336 882 2386 “.
901 2333 1031 2388 Cum
1062 2330 1201 2384 enim
1231 2329 1564 2394 omnipotens
1601 2326 1670 2376 sit
1700 2322 1880 2382 Pater,
1903 2319 1941 2372 F
1949 2321 2092 2372 ilium

559 2428 974 2494 omnipotentem
1015 2423 1178 2475 misit.
1209 2419 1439 2472 Joannes
1469 2428 1682 2482 quoque
1709 2415 1763 2467 in
1781 2411 2093 2481 Apocalypsi

559 2519 633 2571 ait
662 2539 672 2570 :
705 2514 830 2569 ﬂtec
859 2515 979 2566 dicit
1016 2513 1160 2563 testis
1195 2509 1364 2576 ﬁdelis
1422 2516 1470 2558 et
1533 2519 1706 2567 verax,
1753 2503 1838 2570 qui
1887 2502 2006 2570 fuit,
2047 2511 2093 2551 et

559 2610 646 2679 qui
683 2618 780 2673 est,
819 2617 866 2660 et
899 2606 986 2674 qui
1029 2603 1225 2658 veniens
1247 2601 1314 2664 “,
1350 2599 1414 2653 de
1445 2597 1719 2651 Salvatore
1739 2595 1855 2648 sine
1880 2602 2096 2646 contro-

567 2696 740 2750 versia
771 2694 1010 2762 loquens.

610 2873 849 2942 \Quidam
886 2886 988 2925 non
1019 2869 1084 2922 ad
1120 2865 1458 2922 sublimiores
1487 2871 1687 2932 portas,
1719 2859 1811 2914 sed
1862 2858 1928 2912 ad
1970 2817 2099 2910 ueas-

563 2963 683 3018 dem
716 2975 834 3031 quae
860 2959 1146 3028 dupliciter
1170 2958 1309 3010 dicta
1357 2965 1508 3017 sunt,
1547 2953 1686 3008 dicta
1729 2952 1892 3005 fuisse
1924 2949 2096 3005 aiunt.

1102 3046 1295 3101 PSAL.
1345 3042 1550 3098 XXVII.

570 3141 630 3199 ν.
657 3143 706 3196 l.
736 3140 816 3194 Ad
867 3147 936 3202 te,
977 3136 1213 3198 Domine,
1243 3134 1514 3186 clamabo:
1559 3131 1696 3185 Deus
1721 3131 1812 3197 mi,
1855 3145 1916 3184 ne
1944 3127 2101 3182 sileas

1247 3221 1278 3254 ιι
1311 3217 1411 3254 me.

633 3299 692 3354 Si
722 3308 933 3353 terrena
967 3294 1141 3363 quisa
1174 3291 1282 3346 Deo
1319 3289 1566 3359 postulet,
1610 3289 1756 3344 brevi
1807 3289 1975 3346 utitur
2005 3303 2100 3340 vn-

566 3405 668 3445 ce:
697 3398 752 3442 at
774 3388 819 3442 si
849 3384 1108 3446 ccelestia,
1149 3380 1345 3436 clamat
1368 3391 1421 3433 et
1447 3379 1790 3434 vociferatur.
1824 3380 2003 3446 Quare
2050 3381 2102 3432 in

567 3477 888 3546 Scripturis,
925 3473 1094 3528 sancti
1125 3471 1190 3524 ad
1247 3470 1412 3523 Deum
1459 3469 1839 3525 clamaverunt.
1897 3468 2106 3523 Clamat

568 3581 696 3622 vero
713 3564 834 3634 quis
850 3563 1117 3631 ingressus
1141 3558 1557 3628 promptuarium
1576 3573 1750 3623 suum,
1778 3567 1832 3612 et
1854 3556 2106 3612 claudens

563 3659 802 3728 januam.
837 3652 948 3707 Non
983 3651 1103 3704 silet
1129 3658 1302 3709 autem
1335 3647 1530 3701 sanctis
1558 3647 1717 3702 Deus.
1763 3648 2106 3716 Loquebatur

569 3749 750 3812 itaque
781 3742 947 3812 Moysi
975 3750 1029 3794 et
1059 3739 1261 3799 Aaron,
1297 3746 1350 3790 et
1382 3735 1505 3791 Jesu
1540 3736 1648 3790 ﬁlio
1682 3735 1847 3790 Nave.
1896 3735 2105 3805 Loque-

569 3835 729 3888 batur
758 3833 917 3885 etiam
968 3845 1060 3897 per
1105 3828 1412 3898 prophetas,
1463 3826 1678 3894 quando
1735 3835 1848 3880 erat
1881 3826 2107 3896 populus

568 3922 703 3991 ejus.
739 3919 865 3985 Qua:
904 3932 1063 3985 porro
1107 3916 1339 3984 loquitur
1371 3915 1530 3979 Deus,
1561 3929 1664 3970 non
1697 3924 1916 3968 externa
1963 3921 2105 3979 sunt,

571 4012 662 4066 sed
695 4019 902 4072 sancta,
950 4022 1069 4076 quae
1117 4006 1167 4059 in
1196 4021 1290 4058 cor
1339 4013 1581 4058 nostrum
1617 4003 1930 4066 ascendunt,
1956 4001 2106 4071 juxta

570 4103 744 4158 illud:
789 4100 976 4153 Beatus
1021 4099 1118 4163 vir,
1151 4097 1299 4166 cujus
1346 4103 1420 4148 est
1474 4094 1731 4146 auxilium
1784 4093 1925 4147 illius
1975 4102 2105 4158 ate,

571 4196 786 4249 Domine
809 4210 826 4246 :
856 4194 1177 4246 ascensiones
1210 4194 1260 4244 in
1283 4207 1370 4244 cor
1395 4192 1534 4246 illius
1555 4192 1618 4245 “.
1645 4190 1910 4245 Habemus
1931 4198 2106 4243 autem

577 4288 738 4339 alium
778 4287 1011 4338 auditum
1045 4293 1098 4336 ct
1130 4299 1342 4338 sensum
1377 4285 1635 4344 divinum,
1675 4283 1964 4335 secundum
2011 4280 2110 4334 Sa-

579 4378 869 4437 lomonem,
896 4375 1111 4426 verbum
1156 4375 1245 4427 Dei
1295 4374 1617 4432 audientem,
1646 4371 1850 4439 ipsique
1881 4371 2106 4423 unitum.

572 4467 645 4520 At
679 4465 764 4520 cui
793 4464 913 4517 silet
954 4465 1108 4524 Deus,
1139 4463 1458 4516 assimilatur
1486 4459 1905 4514 descendentibus
1949 4460 2002 4511 in
2027 4460 2106 4511 la-

571 4553 777 4607 cum“.
810 4551 1018 4603 Nullum
1048 4565 1276 4619 namque
1321 4560 1625 4604 sanctorum
1675 4549 1876 4602 scimus
1927 4547 2102 4601 lacum

571 4643 854 4698 eﬂ'odisse:
887 4641 980 4694 sed
1019 4649 1230 4706 puteum
1261 4639 1566 4704 eﬂ'odiebat,
1615 4639 1705 4708 qui
1737 4653 1872 4707 aqua
1901 4637 2106 4707 indige-

573 4735 684 4788 bat.
713 4729 956 4797 Praecipit
977 4729 1134 4782 etiam
1160 4729 1406 4783 Salomon
1455 4730 1521 4785 de
1567 4730 1739 4798 puteis
1782 4729 1989 4782 bibere.
2042 4727 2108 4781 Et

573 4821 716 4875 Deus
746 4837 840 4888 per
869 4819 1178 4886 prophetam
1211 4819 1274 4872 de
1303 4821 1421 4874 lacu
1472 4821 1776 4875 bibentibus
1809 4818 2104 4880 minitatur,

572 4911 819 4979 inquiens
843 4922 858 4961 :
893 4909 978 4962 ιιι
997 4909 1373 4979 dereliquerunt
1397 4911 1586 4978 fontem
1610 4925 1756 4978 aqua:
1781 4909 1924 4971 vivat,
1959 4917 2003 4960 et
2026 4906 2104 4973 fo-

570 5004 759 5057 derunt
817 4999 915 5052 sibi
991 4999 1134 5051 lacus
1180 5002 1422 5053 contritas
1453 5000 1516 5052 ⁸⁸.
1563 4997 1900 5054 Descendunt
1948 5010 2106 5064 porro

573 5095 627 5149 in
657 5093 852 5154 lacum,
894 5091 980 5158 qui
1032 5091 1250 5161 frigidas
1292 5093 1386 5145 bas
1433 5091 1734 5143 materiales
1765 5104 1850 5143 res
1881 5087 2106 5141 sollicite

571 5193 803 5238 curant:
838 5181 926 5233 ubi
949 5180 1111 5233 etiam
1138 5181 1407 5234 hominum
1436 5179 1681 5232 inimicus
1708 5179 1892 5240 draco,
1928 5175 2018 5243 qui
2053 5183 2105 5227 et

574 5271 798 5340 frigidus
827 5268 1125 5323 nominatus
1153 5279 1255 5332 εει,
1291 5269 1490 5324 incolit.
1521 5267 1779 5321 Omnibus
1806 5265 1948 5319 enim
1992 5265 2109 5316 ani-

576 5361 839 5415 mantibus
867 5375 984 5428 quae
1013 5369 1139 5414 sunt
1191 5361 1243 5413 in
1295 5367 1456 5423 terra,
1501 5359 1662 5413 draco
1711 5354 1952 5422 frigidior
2005 5362 2104 5405 est.

574 5449 743 5503 Omne
792 5449 952 5519 igitur
1005 5458 1282 5516 peccatum
1325 5448 1576 5516 frigidum
1607 5453 1724 5508 est;
1754 5443 1942 5498 divinae
1982 5457 2106 5494 vero

2190 1991 2296 2028 ται.
2336 1947 2501 2024 Τοῦτο
2527 1969 2584 2023 δὲ
2615 1967 2708 2020 καὶ
2739 1966 2953 2031 Κύριον
2989 1953 3378 2025 στρατιωτῶν
3414 1953 3466 2004 οἱ
3509 1947 3756 2016 Ἐϐδομή-

2190 2083 2347 2118 κοντα
2368 2063 2458 2117 καὶ
2473 2056 2890 2125 Παντοκράτωρ
2905 2057 2962 2106 ὲν
2981 2053 3098 2113 ταῖς
3116 2049 3370 2116 Γραφαῖς
3392 2040 3759 2114 έρμηνεύουσι.

2190 2158 2298 2210 Καὶ
2333 2156 2392 2207 τὸ
2424 2152 2516 2206 νῦν
2555 2151 2660 2221 ἄρα
2702 2147 2909 2217 λεχθὲν,
2941 2140 3372 2212 παντοκράτορα
3404 2135 3497 2188 τὸν
3541 2132 3761 2200 Σωτῆρα

2191 2247 2354 2317 δηλοῖ.
2383 2245 2577 2308 Οὕτως
2601 2241 2761 2308 λέγει
2788 2239 3002 2304 Κύριος
3042 2229 3482 2298 παντοκράτωρ
3503 2241 3516 2255 ο
3560 2222 3761 2276 Ὀπίσω

2193 2311 2372 2400 δδξης
2409 2329 2723 2386 ἀπέστειλέ
2761 2345 2835 2396 με
2879 2327 3027 2394 πρὸς
3072 2322 3170 2376 σέ.
3221 2316 3631 2387 Παντοκράτωρ
3663 2311 3762 2379 γὰρ

2193 2427 2267 2479 ὢν
2298 2427 2326 2476 6
2353 2425 2559 2493 Πατὴρ,
2590 2422 2677 2474 τὸν
2710 2421 2836 2472 Υἱὺν
2864 2415 3152 2472 ἀπέστειλε
3187 2409 3628 2480 παντοκράτορα.
3662 2403 3761 2456 Καὶ

2207 2517 2452 2584 Ἰωάννης
2479 2492 2533 2565 δὲ
2557 2514 2614 2563 ὲν
2673 2513 2738 2580 τῇ
2774 2505 3156 2574 Ἀποκαλύψει,
3192 2501 3342 2557 Τάδε
3375 2498 3559 2566 λέγει,
3586 2492 3759 2562 φησὶν,

2197 2609 2228 2658 δ
2256 2581 2484 2673 μάρτῦς
2507 2605 2538 2656 ὁ
2567 2599 2778 2664 πιστὸς
2813 2597 2908 2650 καὶ
2949 2595 3263 2662 ἀληθινὸς,
3303 2596 3335 2644 ό
3371 2587 3452 2659 ἦν
3491 2586 3588 2639 καὶ
3623 2587 3655 2637 ό
3685 2581 3760 2632 ὢν

2197 2693 2294 2746 καὶ
2321 2696 2353 2745 ό
2377 2692 2718 2760 ἐρχόμενος·
2754 2690 2879 2758 περὶ
2906 2686 2999 2739 τοῦ
3034 2685 3293 2754 Σωτῆρος
3327 2674 3760 2752 ὁμολογουμένως

2199 2781 2382 2836 εἰπών.

2269 2872 2376 2942 (60)
2409 2869 2562 2930 Τινὲς
2594 2865 2649 2918 δὲ
2678 2864 2737 2916 οὐ
2774 2862 2905 2932 πρὸς
2935 2861 3281 2932 ὑψηλοτέρας
3322 2859 3516 2923 πύλας,
3553 2856 3682 2928 πρὸς
3710 2855 3758 2907 δὲ

2199 2960 2295 3024 τὰς
2332 2959 2499 3020 αὐτὰς
2530 2955 2598 3008 τὰ
2621 2952 2809 3016 διττῶς
2839 2953 3106 3023 εἰρημένα
3137 2952 3298 3020 φασί.

2817 3043 2981 3094 ΨΑΛ.
3016 3043 3148 3095 ΚΖ¹.

2201 3137 2346 3208 Σιτίχ.
2389 3141 2457 3188 α’.
2500 3132 2652 3208 Πρὸς
2703 3131 2808 3192 σὲ.
2859 3132 3056 3208 Κύριε,
3105 3130 3511 3208 κεκράξομαι;
3555 3131 3587 3181 δ
3631 3128 3754 3191 θεός

2437 3197 2559 3272 μου
2581 3202 2665 3270 μὴ
2699 3199 3184 3268 παρασιωπήσῃς
3216 3197 3330 3252 κάπ’
3367 3197 3533 3267 ἐμοῦ.

2270 3295 2332 3346 El
2369 3292 2465 3363 μὲν
2510 3291 2724 3357 ὲπίγειά
2760 3307 2842 3352 τις
2884 3291 3118 3342 αἰτεῖται
3155 3289 3309 3360 παρὰ
3349 3289 3506 3352 Θεοῦ,
3544 3286 3758 3358 βραχείᾳ

2201 3385 2394 3455 χρῆται
2443 3383 2624 3451 φωνῇ’
2659 3382 2706 3432 εἰ
2736 3380 2792 3433 δὲ
2843 3379 2910 3432 τὰ
2954 3381 3290 3450 ἐπουράνια,
3336 3378 3529 3451 κράζει
3575 3396 3631 3431 τε
3677 3377 3758 3430 καὶ

2205 3475 2321 3544 βοᾷ.
2350 3473 2506 3526 Ὅθεν
2551 3474 2607 3524 ὲν
2645 3474 2760 3533 ταῖς
2791 3471 3030 3540 Γραφαῖς
3063 3473 3114 3523 οἱ
3153 3472 3302 3538 ἆγιοι
3339 3473 3477 3542 πρὸς
3517 3471 3606 3524 τὸν
3641 3469 3758 3520 Θεὸν

2203 3560 2518 3632 ὲκέκραξαν.
2561 3559 2764 3630 Κράζει
2808 3559 2864 3610 δέ
2899 3575 2982 3620 τις
3022 3558 3288 3611 εἰσελθὼν
3322 3563 3403 3622 εἰς
3445 3561 3505 3612 τὸ
3535 3561 3758 3628 ταμιεῖον

2204 3648 2427 3712 ἑαυτοῦ,
2469 3649 2561 3701 καὶ
2600 3647 2814 3710 κλείσας
2858 3646 2954 3717 τὴν
2993 3646 3187 3717 θύραν.
3229 3649 3306 3701 Οὐ
3355 3649 3682 3720 παρασιωπᾷ
3711 3645 3758 3697 δὲ

2203 3746 2314 3806 τοῖς
2346 3742 2517 3808 ἁγίοις
2554 3742 2584 3792 6
2614 3741 2760 3802 Θεός.
2806 3740 3010 3793 Ἐλάλει
3056 3741 3193 3808 γοῦν
3233 3744 3442 3814 Μωσῇ,
3490 3743 3584 3796 καὶ
3643 3743 3750 3795 ’Δα-

2208 3834 2334 3904 ρὼν,
2376 3833 2470 3886 καὶ
2503 3831 2674 3902 Ἰησοῦ
2706 3831 2784 3900 τῷ
2815 3831 2904 3883 τοῦ
2939 3832 3116 3902 Ναυῆ.
3162 3835 3375 3887 Ἐλάλει
3406 3835 3504 3888 καὶ
3531 3835 3616 3887 διὰ
3645 3846 3762 3899 προ-

2206 3921 2409 3991 φητῶν,
2450 3921 2614 3990 ἡνίκα
2639 3915 2705 3990 ἦν
2752 3920 2779 3971 6
2811 3919 2938 3982 λαὸς
2969 3921 3156 3975 αὑτοῦ.
3184 3925 3253 3976 "A
3299 3925 3356 3977 δὲ
3389 3925 3541 3978 λαλεῖ
3564 3927 3591 3977 6
3613 3923 3756 3984 Θεὸς,

2207 4013 2305 4064 οὐκ
2329 4008 2525 4074 ἔξωθέν
2553 4011 2718 4073 ἐστιν,
2745 4009 2877 4062 ἀλλὰ
2905 4009 2972 4061 τὰ
3006 4011 3162 4078 ἅγια,
3197 4012 3269 4065 τὰ
3302 4013 3398 4066 ἐπὶ
3420 4015 3519 4085 τὴν
3551 4010 3756 4082 καρδίαν

2205 4099 2361 4170 ἡμῶν
2405 4097 2772 4160 ἀναϐαίνοντα,
2815 4097 2954 4150 κατὰ
2994 4099 3086 4150 τό·
3141 4101 3450 4169 Μακάριος
3499 4101 3669 4168 ἀνὴρ,
3696 4096 3756 4150 οὗ

2205 4189 2373 4242 ἐστιν
2423 4188 2740 4253 ἀντίληψις
2775 4187 2958 4240 αὐτοῦ
3004 4189 3167 4257 παρὰ
3217 4191 3358 4255 σοῦ,
3391 4194 3592 4259 Κύριευ
3633 4190 3750 4242 ἀναν

2205 4277 2406 4344 ϐάσεις
2451 4280 2537 4342 είς
2576 4277 2688 4345 τὴν
2720 4277 2967 4345 καρδίαν
3009 4281 3219 4334 αὑτοῦ.
3253 4284 3491 4352 Ἐχομεν
3519 4283 3573 4334 δὲ
3610 4280 3757 4345 mm

2205 4369 2368 4438 ἀκοὴν
2394 4369 2486 4420 καὶ
2523 4367 2671 4422 θείαν
2701 4367 2946 4438 αῐσθησιν
2966 4407 2980 4432 ,
3025 4371 3166 4423 κατὰ
3214 4373 3535 4442 Σολομῶντα
3555 4414 3570 4437 ,
3616 4372 3746 4437 λόγοι

2205 4455 2336 4508 Θεοῦ
2365 4454 2679 4518 ἀκούουσαν,
2720 4457 2999 4527 ἡνωμένην
3043 4458 3214 4528 αὐτῷ.
3242 4455 3312 4532 ᾯ
3357 4461 3412 4513 δὲ
3446 4459 3756 4532 παρασιωπᾷ

2208 4545 2354 4609 Θεὸς,
2393 4545 2686 4613 ὁμοιοῦται
2721 4545 2841 4611 τοῖς
2887 4549 3361 4604 καταϐαίνουσιν
3391 4555 3480 4617 εἱς
3521 4551 3756 4604 λάκκον.

2208 4639 2405 4693 Οὐδένα
2451 4638 2558 4709 γὰρ
2616 4637 2722 4691 τῶν
2770 4637 2938 4704 ἁγίων
2991 4637 3150 4708 ἴσμεν
3217 4641 3418 4694 λάκκον
3473 4641 3756 4712 ὀρύξανταο

2209 4732 2382 4801 φρέαρ
2425 4730 2480 4781 δὲ
2525 4729 2758 4800 ὤρυττεν
2789 4728 2817 4778 ὁ
2864 4727 3111 4797 δεόμενος
3169 4731 3384 4795 ὓδατος.
3445 4732 3758 4784 Ἑντέλλεται

2211 4823 2303 4874 καὶ⁵
2337 4825 2364 4874 6
2394 4820 2637 4890 Σολομῶν
2670 4819 2776 4872 ἀπὸ
2805 4821 3052 4889 φρεάτων
3082 4821 3279 4876 πίνειν.
3315 4824 3448 4885 Θεὸς
3475 4825 3530 4876 δὲ
3568 4822 3653 4876 διὰ
3678 4819 3758 4872 τοῦ

2209 4913 2483 4982 προφήτου
2510 4913 2618 4972 τοῖς
2661 4912 2724 4961 ὲκ
2751 4908 2965 4962 λάκκων
2997 4910 3245 4965 πίνουσιν
3283 4913 3525 4976 ἀπειλεῖ,
3560 4913 3726 4979 λέγων
3745 4926 3758 4939 ⁸

2223 5001 2352 5068 Ἐμὲ
2413 4999 2798 5068 ἐγκατέλιπον
2839 4998 3042 5066 πηγὴν
3101 5000 3324 5066 ὕδατος
3384 5001 3616 5066 ζῶντος,
3671 4998 3758 5052 κο)

2209 5093 2443 5161 ὤρυξαν
2475 5093 2703 5157 ἑαυτοῖς
2744 5092 3010 5157 λάκκους
3057 5097 3619 5165 συντετριμμένους.
3657 5095 3739 5146 Κα

2210 5183 2514 5236 ταϐαίνουσι
2549 5182 2605 5235 δὲ
2641 5183 2720 5244 εἰς
2755 5181 2954 5234 λάκκον
2985 5184 3032 5234 οἱ
3064 5182 3132 5235 τὰ
3163 5183 3351 5254 ψυχρὰ
3389 5185 3488 5254 τῆς
3518 5184 3646 5253 ὕλης
3675 5198 3738 5234 πε

2217 5271 2486 5340 ριέποντες
2525 5270 2846 5340 πράγματα·
2877 5270 3003 5324 ἔνθα
3029 5275 3122 5324 καὶ⁵
3153 5274 3262 5326 τῶν
3287 5272 3587 5343 ἀνθρώπων
3611 5273 3639 5324 6
3670 5287 3754 5320 πο-

2213 5360 2394 5428 λέμιος
2425 5361 2655 5430 δράκων,
2681 5360 2739 5422 ὃς
2767 5360 2860 5413 καὶ
2894 5361 3098 5430 ψυχρὸς
3130 5361 3474 5433 ὠνόμασται,
3505 5361 3755 5415 κατοικεῖ.

2212 5450 2430 5504 Πάντων
2459 5452 2566 5521 γὰρ
2599 5450 2768 5514 ζώων,
2809 5450 2914 5504 τῶν
2943 5452 3037 5503 ἐπὶ
3075 5453 3212 5522 γῆς,
3245 5456 3274 5506 6
3314 5453 3530 5525 δράκων
3559 5449 3750 5522 ψυχρό·

621 5582 664 5613 ⁵⁸
696 5583 860 5637 Exod.
892 5599 1081 5655 vasin.
1115 5583 1315 5655 20.__“
1352 5582 1534 5638 Matth.
1572 5595 1719 5645 xvtu,
1748 5581 1832 5633 10.
1906 5579 1949 5612 "
1973 5577 2133 5632 Zacb.
2168 5595 2222 5646 ιι,
2254 5583 2308 5638 8.
2368 5582 2608 5650 “Apoc.
2634 5598 2714 5650 ιιι,
2738 5583 2822 5636 14.
2897 5583 3352 5655 “Psal.t.xxxm,
3381 5586 3433 5642 6.
3508 5585 3552 5619 “
3567 5584 3751 5641 Psalm.

579 5664 738 5714 xxv",
772 5662 823 5708 1.
895 5650 942 5682 “
967 5651 1077 5702 Jer.
1120 5665 1176 5710 ιι,
1213 5651 1297 5700 15.

646 5718 752 5784 (58)
779 5719 1119 5784 Conferlonl.
1159 5716 1242 5768 XII
1277 5717 1402 5773 ibid.

647 5783 756 5854 (59)
784 5786 1011 5861 Didymi.
1045 5783 1307 5856 Origeuis.

2283 5719 2391 5789 (uti)
2425 5717 2663 5788 Origen.,
2697 5717 3250 5785 Euseb.,Theodorct.
