  <div class='ocr_page' id='page_1' title='image "/cluster/home/n/w/nwhite01/storage/ocr_20150623/17 (Origenes, pt. 7)/nyp.33433081862348/073.png"; bbox 0 0 3922 6370; ppageno 0'>
   <div class='ocr_carea' id='block_1_1' title="bbox 677 420 776 475">
    <p class='ocr_par' dir='ltr' id='par_1_1' title="bbox 677 420 776 475">
     <span class='ocr_line' id='line_1_1' title="bbox 677 420 776 475; baseline -0.01 -1"><span class='ocrx_word' id='word_1_1' title='bbox 677 420 776 475; x_wconf 68' lang='grc'><strong>125</strong></span> 
     </span>
    </p>
   </div>
   <div class='ocr_carea' id='block_1_2' title="bbox 737 530 2268 602">
    <p class='ocr_par' dir='ltr' id='par_1_2' title="bbox 737 530 2268 602">
     <span class='ocr_line' id='line_1_2' title="bbox 737 530 2268 602; baseline -0.007 -13"><span class='ocrx_word' id='word_1_2' title='bbox 737 533 978 589; x_wconf 77' lang='lat' dir='ltr'><strong>Meridies</strong></span> <span class='ocrx_word' id='word_1_3' title='bbox 1026 538 1169 584; x_wconf 84' lang='lat' dir='ltr'><strong>certe</strong></span> <span class='ocrx_word' id='word_1_4' title='bbox 1212 530 1521 585; x_wconf 73' lang='lat' dir='ltr'><strong>nominatur</strong></span> <span class='ocrx_word' id='word_1_5' title='bbox 1565 531 1669 585; x_wconf 87' lang='lat' dir='ltr'><strong>diei</strong></span> <span class='ocrx_word' id='word_1_6' title='bbox 1733 533 1902 602; x_wconf 88' lang='lat' dir='ltr'><strong>ipsmn</strong></span> <span class='ocrx_word' id='word_1_7' title='bbox 1951 531 2194 583; x_wconf 86' lang='lat' dir='ltr'><strong>meditnl-</strong></span> <span class='ocrx_word' id='word_1_8' title='bbox 2225 535 2268 586; x_wconf 76' lang='grc' dir='ltr'>Α</span> 
     </span>
    </p>
   </div>
   <div class='ocr_carea' id='block_1_3' title="bbox 663 619 2191 692">
    <p class='ocr_par' dir='ltr' id='par_1_3' title="bbox 663 619 2191 692">
     <span class='ocr_line' id='line_1_3' title="bbox 663 619 2191 692; baseline -0.002 -16"><span class='ocrx_word' id='word_1_9' title='bbox 663 625 828 676; x_wconf 73' lang='lat' dir='ltr'><strong>“Hm:</strong></span> <span class='ocrx_word' id='word_1_10' title='bbox 870 630 1024 686; x_wconf 84' lang='lat' dir='ltr'><strong>teque</strong></span> <span class='ocrx_word' id='word_1_11' title='bbox 1072 621 1334 689; x_wconf 92' lang='lat' dir='ltr'><strong>judicabit</strong></span> <span class='ocrx_word' id='word_1_12' title='bbox 1393 623 1465 675; x_wconf 90' lang='lat' dir='ltr'><strong>ibi</strong></span> <span class='ocrx_word' id='word_1_13' title='bbox 1522 623 1738 692; x_wconf 78' lang='lat' dir='ltr'><strong>dignum</strong></span> <span class='ocrx_word' id='word_1_14' title='bbox 1801 634 1922 675; x_wconf 89' lang='lat' dir='ltr'><strong>esse</strong></span> <span class='ocrx_word' id='word_1_15' title='bbox 1970 619 2191 674; x_wconf 90' lang='lat' dir='ltr'><strong>lumine.</strong></span> 
     </span>
    </p>
   </div>
   <div class='ocr_carea' id='block_1_4' title="bbox 661 708 2195 779">
    <p class='ocr_par' dir='ltr' id='par_1_4' title="bbox 661 708 2195 779">
     <span class='ocr_line' id='line_1_4' title="bbox 661 708 2195 779; baseline 0.002 -20"><span class='ocrx_word' id='word_1_16' title='bbox 661 710 918 776; x_wconf 81' lang='lat' dir='ltr'><strong>Quoniam</strong></span> <span class='ocrx_word' id='word_1_17' title='bbox 954 708 1116 772; x_wconf 82' lang='lat' dir='ltr'><strong>igitur</strong></span> <span class='ocrx_word' id='word_1_18' title='bbox 1141 710 1434 778; x_wconf 74' lang='lat' dir='ltr'><strong>quicunque</strong></span> <span class='ocrx_word' id='word_1_19' title='bbox 1465 712 1601 765; x_wconf 86' lang='lat' dir='ltr'><strong>male</strong></span> <span class='ocrx_word' id='word_1_20' title='bbox 1627 711 1756 779; x_wconf 87' lang='lat' dir='ltr'><strong>agit,</strong></span> <span class='ocrx_word' id='word_1_21' title='bbox 1787 718 1914 778; x_wconf 90' lang='lat' dir='ltr'><strong>puta</strong></span> <span class='ocrx_word' id='word_1_22' title='bbox 1961 708 2195 764; x_wconf 83' lang='lat' dir='ltr'><strong>fornica-</strong></span> 
     </span>
    </p>
   </div>
   <div class='ocr_carea' id='block_1_5' title="bbox 1536 391 3802 470">
    <p class='ocr_par' dir='ltr' id='par_1_5' title="bbox 1536 391 3802 470">
     <span class='ocr_line' id='line_1_5' title="bbox 1536 391 3802 470; baseline -0.008 0"><span class='ocrx_word' id='word_1_23' title='bbox 1536 391 2087 470; x_wconf 62' lang='lat' dir='ltr'><strong>SUi’PLEMENTUM</strong></span> <span class='ocrx_word' id='word_1_24' title='bbox 2129 407 2215 461; x_wconf 68' lang='lat' dir='ltr'><strong>Al)</strong></span> <span class='ocrx_word' id='word_1_25' title='bbox 2247 406 2561 463; x_wconf 83' lang='lat' dir='ltr'><strong>ORIGENIS</strong></span> <span class='ocrx_word' id='word_1_26' title='bbox 2594 403 2995 460; x_wconf 75' lang='lat' dir='ltr'><strong>EXEGETICA.</strong></span> <span class='ocrx_word' id='word_1_27' title='bbox 3721 399 3802 453; x_wconf 61' lang='lat' dir='ltr'><strong>lii</strong></span> 
     </span>
    </p>
   </div>
   <div class='ocr_carea' id='block_1_6' title="bbox 2362 512 3801 596">
    <p class='ocr_par' dir='ltr' id='par_1_6' title="bbox 2362 512 3801 596">
     <span class='ocr_line' id='line_1_6' title="bbox 2362 512 3801 596; baseline -0.011 -18"><span class='ocrx_word' id='word_1_28' title='bbox 2362 525 2470 596; x_wconf 86' lang='lat'><strong>(65)</strong></span> <span class='ocrx_word' id='word_1_29' title='bbox 2490 527 2639 595; x_wconf 87' lang='grc' dir='ltr'>Μεση</span> <span class='ocrx_word' id='word_1_30' title='bbox 2649 524 2813 594; x_wconf 79' lang='grc' dir='ltr'>μὸρία</span> <span class='ocrx_word' id='word_1_31' title='bbox 2825 540 2888 591; x_wconf 87' lang='grc' dir='ltr'><strong>γε</strong></span> <span class='ocrx_word' id='word_1_32' title='bbox 2913 521 3014 592; x_wconf 80' lang='grc' dir='ltr'><strong>μὴν</strong></span> <span class='ocrx_word' id='word_1_33' title='bbox 3035 516 3350 587; x_wconf 79' lang='grc' dir='ltr'>ὀνομάζεται</span> <span class='ocrx_word' id='word_1_34' title='bbox 3369 513 3463 582; x_wconf 84' lang='grc' dir='ltr'>τῆς</span> <span class='ocrx_word' id='word_1_35' title='bbox 3482 512 3677 582; x_wconf 78' lang='grc' dir='ltr'>ἡμέρας</span> <span class='ocrx_word' id='word_1_36' title='bbox 3694 518 3801 569; x_wconf 71' lang='grc' dir='ltr'>αὐτὸ</span> 
     </span>
    </p>
   </div>
   <div class='ocr_carea' id='block_1_7' title="bbox 2292 597 3799 684">
    <p class='ocr_par' dir='ltr' id='par_1_7' title="bbox 2292 597 3799 684">
     <span class='ocr_line' id='line_1_7' title="bbox 2292 597 3799 684; baseline -0.009 -16"><span class='ocrx_word' id='word_1_37' title='bbox 2292 617 2353 668; x_wconf 76' lang='grc' dir='ltr'><strong>τὸ</strong></span> <span class='ocrx_word' id='word_1_38' title='bbox 2379 616 2708 684; x_wconf 77' lang='grc' dir='ltr'><strong>μεσαίτατον.</strong></span> <span class='ocrx_word' id='word_1_39' title='bbox 2726 613 2831 665; x_wconf 84' lang='grc' dir='ltr'>Καί</span> <span class='ocrx_word' id='word_1_40' title='bbox 2859 629 2917 663; x_wconf 89' lang='grc' dir='ltr'><strong>σε</strong></span> <span class='ocrx_word' id='word_1_41' title='bbox 2950 611 3121 680; x_wconf 83' lang='grc' dir='ltr'>κρινεῖ</span> <span class='ocrx_word' id='word_1_42' title='bbox 3151 607 3298 670; x_wconf 80' lang='grc' dir='ltr'>ἄξιον</span> <span class='ocrx_word' id='word_1_43' title='bbox 3331 597 3466 655; x_wconf 77' lang='grc' dir='ltr'>εἶναι</span> <span class='ocrx_word' id='word_1_44' title='bbox 3498 601 3662 668; x_wconf 78' lang='grc' dir='ltr'>φωτὸς</span> <span class='ocrx_word' id='word_1_45' title='bbox 3689 606 3799 660; x_wconf 71' lang='grc' dir='ltr'>ἐκεῖ,</span> 
     </span>
    </p>
   </div>
   <div class='ocr_carea' id='block_1_8' title="bbox 2305 687 3798 777">
    <p class='ocr_par' dir='ltr' id='par_1_8' title="bbox 2305 687 3798 777">
     <span class='ocr_line' id='line_1_8' title="bbox 2305 687 3798 777; baseline -0.008 -18"><span class='ocrx_word' id='word_1_46' title='bbox 2305 707 2516 777; x_wconf 84' lang='grc' dir='ltr'><strong>Ἐπειδὴ</strong></span> <span class='ocrx_word' id='word_1_47' title='bbox 2551 702 2644 758; x_wconf 81' lang='grc' dir='ltr'><strong>οὖν</strong></span> <span class='ocrx_word' id='word_1_48' title='bbox 2672 704 2787 769; x_wconf 82' lang='grc' dir='ltr'>πᾶς</span> <span class='ocrx_word' id='word_1_49' title='bbox 2836 707 2867 757; x_wconf 86' lang='grc' dir='ltr'><strong><em>ό</em></strong></span> <span class='ocrx_word' id='word_1_50' title='bbox 2897 702 3096 771; x_wconf 68' lang='grc' dir='ltr'>φαῦλα</span> <span class='ocrx_word' id='word_1_51' title='bbox 3135 694 3451 763; x_wconf 79' lang='grc' dir='ltr'><strong>πράσσων,</strong></span> <span class='ocrx_word' id='word_1_52' title='bbox 3491 687 3596 746; x_wconf 76' lang='grc' dir='ltr'>οἷον</span> <span class='ocrx_word' id='word_1_53' title='bbox 3627 696 3653 746; x_wconf 84' lang='grc' dir='ltr'><strong>ὁ</strong></span> <span class='ocrx_word' id='word_1_54' title='bbox 3690 714 3798 766; x_wconf 88' lang='grc' dir='ltr'>πορ-</span> 
     </span>
    </p>
   </div>
   <div class='ocr_carea' id='block_1_9' title="bbox 662 783 2190 870">
    <p class='ocr_par' dir='ltr' id='par_1_9' title="bbox 662 798 2190 870">
     <span class='ocr_line' id='line_1_9' title="bbox 662 798 2190 870; baseline 0.001 -18"><span class='ocrx_word' id='word_1_55' title='bbox 662 813 763 862; x_wconf 88' lang='lat' dir='ltr'><strong>tor,</strong></span> <span class='ocrx_word' id='word_1_56' title='bbox 797 798 905 852; x_wconf 85' lang='lat' dir='ltr'><strong>odit</strong></span> <span class='ocrx_word' id='word_1_57' title='bbox 941 801 1105 850; x_wconf 80' lang='lat' dir='ltr'><strong>lucem</strong></span> <span class='ocrx_word' id='word_1_58' title='bbox 1145 800 1213 864; x_wconf 76' lang='grc'><strong>⁵⁸,</strong></span> <span class='ocrx_word' id='word_1_59' title='bbox 1261 811 1315 854; x_wconf 91' lang='lat' dir='ltr'><strong>et</strong></span> <span class='ocrx_word' id='word_1_60' title='bbox 1361 813 1616 870; x_wconf 90' lang='lat' dir='ltr'><strong>quantum</strong></span> <span class='ocrx_word' id='word_1_61' title='bbox 1651 801 1701 853; x_wconf 89' lang='lat' dir='ltr'><strong>in</strong></span> <span class='ocrx_word' id='word_1_62' title='bbox 1741 815 1798 853; x_wconf 88' lang='lat' dir='ltr'><strong>se</strong></span> <span class='ocrx_word' id='word_1_63' title='bbox 1825 814 1927 862; x_wconf 85' lang='lat' dir='ltr'><strong>eSt,</strong></span> <span class='ocrx_word' id='word_1_64' title='bbox 1961 801 2190 854; x_wconf 88' lang='lat' dir='ltr'><strong>occultat</strong></span> 
     </span>
    </p>
   </div>
   <div class='ocr_carea' id='block_1_10' title="bbox 2287 783 3801 870">
    <p class='ocr_par' dir='ltr' id='par_1_10' title="bbox 2292 783 3801 865">
     <span class='ocr_line' id='line_1_10' title="bbox 2292 783 3801 865; baseline -0.009 -15"><span class='ocrx_word' id='word_1_65' title='bbox 2292 797 2480 862; x_wconf 81' lang='grc' dir='ltr'>νεύων,</span> <span class='ocrx_word' id='word_1_66' title='bbox 2506 796 2674 865; x_wconf 81' lang='grc' dir='ltr'>μισεῖ</span> <span class='ocrx_word' id='word_1_67' title='bbox 2711 795 2774 848; x_wconf 86' lang='grc' dir='ltr'><strong>τὸ</strong></span> <span class='ocrx_word' id='word_1_68' title='bbox 2791 790 3032 861; x_wconf 43' lang='lat' dir='ltr'><strong>subﬁxa}.</strong></span> <span class='ocrx_word' id='word_1_69' title='bbox 3060 789 3119 840; x_wconf 87' lang='grc' dir='ltr'>τὸ</span> <span class='ocrx_word' id='word_1_70' title='bbox 3143 788 3262 838; x_wconf 82' lang='grc' dir='ltr'>ὅσον</span> <span class='ocrx_word' id='word_1_71' title='bbox 3289 785 3370 854; x_wconf 85' lang='grc' dir='ltr'><strong>ἐφ’</strong></span> <span class='ocrx_word' id='word_1_72' title='bbox 3395 783 3582 853; x_wconf 84' lang='grc' dir='ltr'>ἐαυτῷ,</span> <span class='ocrx_word' id='word_1_73' title='bbox 3605 785 3801 854; x_wconf 77' lang='grc' dir='ltr'><strong>κρύπτει</strong></span> 
     </span>
    </p>
   </div>
   <div class='ocr_carea' id='block_1_11' title="bbox 658 889 2190 960">
    <p class='ocr_par' dir='ltr' id='par_1_11' title="bbox 658 889 2190 960">
     <span class='ocr_line' id='line_1_11' title="bbox 658 889 2190 960; baseline 0.003 -19"><span class='ocrx_word' id='word_1_74' title='bbox 658 905 775 957; x_wconf 68' lang='lat' dir='ltr'><strong>qua:</strong></span> <span class='ocrx_word' id='word_1_75' title='bbox 805 889 931 958; x_wconf 79' lang='lat' dir='ltr'><strong>agit,</strong></span> <span class='ocrx_word' id='word_1_76' title='bbox 980 899 1033 941; x_wconf 91' lang='lat' dir='ltr'><strong>ut</strong></span> <span class='ocrx_word' id='word_1_77' title='bbox 1081 905 1182 944; x_wconf 82' lang='lat' dir='ltr'><strong>non</strong></span> <span class='ocrx_word' id='word_1_78' title='bbox 1218 902 1506 960; x_wconf 76' lang='lat' dir='ltr'><strong>arguantur</strong></span> <span class='ocrx_word' id='word_1_79' title='bbox 1547 894 1631 946; x_wconf 70' lang='lat'><strong>‘9:</strong></span> <span class='ocrx_word' id='word_1_80' title='bbox 1668 892 1778 945; x_wconf 87' lang='lat' dir='ltr'><strong>vult</strong></span> <span class='ocrx_word' id='word_1_81' title='bbox 1815 892 1954 946; x_wconf 87' lang='lat' dir='ltr'><strong>enim</strong></span> <span class='ocrx_word' id='word_1_82' title='bbox 1998 894 2190 946; x_wconf 80' lang='lat' dir='ltr'><strong>nesciri</strong></span> 
     </span>
    </p>
   </div>
   <div class='ocr_carea' id='block_1_12' title="bbox 657 979 2189 1050">
    <p class='ocr_par' dir='ltr' id='par_1_12' title="bbox 657 979 2189 1050">
     <span class='ocr_line' id='line_1_12' title="bbox 657 979 2189 1050; baseline 0 -17"><span class='ocrx_word' id='word_1_83' title='bbox 657 979 1063 1033; x_wconf 89' lang='lat' dir='ltr'><strong>fornicationem</strong></span> <span class='ocrx_word' id='word_1_84' title='bbox 1119 996 1269 1034; x_wconf 90' lang='lat' dir='ltr'><strong>suam</strong></span> <span class='ocrx_word' id='word_1_85' title='bbox 1297 1001 1308 1035; x_wconf 94' lang='lat'>:</span> <span class='ocrx_word' id='word_1_86' title='bbox 1335 993 1611 1050; x_wconf 86' lang='lat' dir='ltr'><strong>propterea</strong></span> <span class='ocrx_word' id='word_1_87' title='bbox 1653 983 1814 1036; x_wconf 89' lang='lat' dir='ltr'><strong>etiam</strong></span> <span class='ocrx_word' id='word_1_88' title='bbox 1859 982 1995 1037; x_wconf 85' lang='lat' dir='ltr'><strong>celat</strong></span> <span class='ocrx_word' id='word_1_89' title='bbox 2047 983 2189 1036; x_wconf 83' lang='lat' dir='ltr'><strong>viam</strong></span> 
     </span>
    </p>
   </div>
   <div class='ocr_carea' id='block_1_13' title="bbox 656 1070 2193 1141">
    <p class='ocr_par' dir='ltr' id='par_1_13' title="bbox 656 1070 2193 1141">
     <span class='ocr_line' id='line_1_13' title="bbox 656 1070 2193 1141; baseline 0 -17"><span class='ocrx_word' id='word_1_90' title='bbox 656 1084 830 1131; x_wconf 86' lang='lat' dir='ltr'><strong>suam,</strong></span> <span class='ocrx_word' id='word_1_91' title='bbox 865 1071 947 1123; x_wconf 92' lang='lat' dir='ltr'><strong>cui</strong></span> <span class='ocrx_word' id='word_1_92' title='bbox 978 1070 1193 1124; x_wconf 86' lang='lat' dir='ltr'><strong>institit.</strong></span> <span class='ocrx_word' id='word_1_93' title='bbox 1223 1071 1292 1124; x_wconf 84' lang='lat' dir='ltr'><strong>At</strong></span> <span class='ocrx_word' id='word_1_94' title='bbox 1316 1073 1406 1141; x_wconf 87' lang='lat' dir='ltr'><strong>qui</strong></span> <span class='ocrx_word' id='word_1_95' title='bbox 1435 1073 1564 1126; x_wconf 87' lang='lat' dir='ltr'><strong>facit</strong></span> <span class='ocrx_word' id='word_1_96' title='bbox 1592 1072 1894 1137; x_wconf 85' lang='lat' dir='ltr'><strong>veritatem,</strong></span> <span class='ocrx_word' id='word_1_97' title='bbox 1928 1082 2053 1140; x_wconf 89' lang='lat' dir='ltr'><strong>puta</strong></span> <span class='ocrx_word' id='word_1_98' title='bbox 2101 1087 2193 1125; x_wconf 89' lang='lat' dir='ltr'><strong>ca-</strong></span> 
     </span>
    </p>
   </div>
   <div class='ocr_carea' id='block_1_14' title="bbox 654 1159 2188 1231">
    <p class='ocr_par' dir='ltr' id='par_1_14' title="bbox 654 1159 2188 1231">
     <span class='ocr_line' id='line_1_14' title="bbox 654 1159 2188 1231; baseline 0.003 -19"><span class='ocrx_word' id='word_1_99' title='bbox 654 1159 919 1213; x_wconf 71' lang='lat' dir='ltr'><strong>stimonia:</strong></span> <span class='ocrx_word' id='word_1_100' title='bbox 958 1169 1210 1226; x_wconf 85' lang='lat' dir='ltr'><strong>sectator,</strong></span> <span class='ocrx_word' id='word_1_101' title='bbox 1242 1162 1356 1215; x_wconf 85' lang='lat' dir='ltr'><strong>vult</strong></span> <span class='ocrx_word' id='word_1_102' title='bbox 1401 1164 1572 1231; x_wconf 84' lang='lat' dir='ltr'><strong>ipsam</strong></span> <span class='ocrx_word' id='word_1_103' title='bbox 1603 1163 1938 1217; x_wconf 84' lang='lat' dir='ltr'><strong>manifestam</strong></span> <span class='ocrx_word' id='word_1_104' title='bbox 1972 1164 2188 1225; x_wconf 84' lang='lat' dir='ltr'><strong>facere;</strong></span> 
     </span>
    </p>
   </div>
   <div class='ocr_carea' id='block_1_15' title="bbox 654 1249 2190 1320">
    <p class='ocr_par' dir='ltr' id='par_1_15' title="bbox 654 1249 2190 1320">
     <span class='ocr_line' id='line_1_15' title="bbox 654 1249 2190 1320; baseline 0.001 -18"><span class='ocrx_word' id='word_1_105' title='bbox 654 1263 759 1302; x_wconf 84' lang='lat' dir='ltr'><strong>non</strong></span> <span class='ocrx_word' id='word_1_106' title='bbox 799 1249 1104 1305; x_wconf 88' lang='lat' dir='ltr'><strong>hominibus</strong></span> <span class='ocrx_word' id='word_1_107' title='bbox 1141 1251 1377 1320; x_wconf 83' lang='lat' dir='ltr'><strong>quidem,</strong></span> <span class='ocrx_word' id='word_1_108' title='bbox 1417 1264 1476 1306; x_wconf 92' lang='lat' dir='ltr'><strong>ut</strong></span> <span class='ocrx_word' id='word_1_109' title='bbox 1506 1269 1612 1308; x_wconf 91' lang='lat' dir='ltr'><strong>non</strong></span> <span class='ocrx_word' id='word_1_110' title='bbox 1648 1255 1843 1308; x_wconf 86' lang='lat' dir='ltr'><strong>habeat</strong></span> <span class='ocrx_word' id='word_1_111' title='bbox 1867 1257 1933 1306; x_wconf 88' lang='lat' dir='ltr'><strong>ab</strong></span> <span class='ocrx_word' id='word_1_112' title='bbox 1961 1253 2190 1307; x_wconf 90' lang='lat' dir='ltr'><strong>homini-</strong></span> 
     </span>
    </p>
   </div>
   <div class='ocr_carea' id='block_1_16' title="bbox 650 1341 2186 1414">
    <p class='ocr_par' dir='ltr' id='par_1_16' title="bbox 650 1341 2186 1414">
     <span class='ocr_line' id='line_1_16' title="bbox 650 1341 2186 1414; baseline 0.003 -21"><span class='ocrx_word' id='word_1_113' title='bbox 650 1341 752 1393; x_wconf 75' lang='lat' dir='ltr'><strong>bus</strong></span> <span class='ocrx_word' id='word_1_114' title='bbox 791 1342 1109 1409; x_wconf 85' lang='lat' dir='ltr'><strong>mercedem,</strong></span> <span class='ocrx_word' id='word_1_115' title='bbox 1140 1345 1231 1398; x_wconf 88' lang='lat' dir='ltr'><strong>sed</strong></span> <span class='ocrx_word' id='word_1_116' title='bbox 1292 1346 1398 1400; x_wconf 91' lang='lat' dir='ltr'><strong>Deo</strong></span> <span class='ocrx_word' id='word_1_117' title='bbox 1446 1364 1460 1399; x_wconf 88' lang='lat'><strong>:</strong></span> <span class='ocrx_word' id='word_1_118' title='bbox 1496 1353 1774 1414; x_wconf 86' lang='lat' dir='ltr'><strong>propterea</strong></span> <span class='ocrx_word' id='word_1_119' title='bbox 1812 1345 2012 1400; x_wconf 90' lang='lat' dir='ltr'><strong>dictum</strong></span> <span class='ocrx_word' id='word_1_120' title='bbox 2069 1356 2186 1399; x_wconf 86' lang='lat' dir='ltr'><strong>est:</strong></span> 
     </span>
    </p>
   </div>
   <div class='ocr_carea' id='block_1_17' title="bbox 2291 877 3803 954">
    <p class='ocr_par' dir='ltr' id='par_1_17' title="bbox 2291 877 3803 954">
     <span class='ocr_line' id='line_1_17' title="bbox 2291 877 3803 954; baseline -0.008 -12"><span class='ocrx_word' id='word_1_121' title='bbox 2291 891 2327 943; x_wconf 79' lang='grc' dir='ltr'><strong>ἃ</strong></span> <span class='ocrx_word' id='word_1_122' title='bbox 2359 892 2517 951; x_wconf 85' lang='grc' dir='ltr'>ποιεῖ,</span> <span class='ocrx_word' id='word_1_123' title='bbox 2561 886 2760 954; x_wconf 75' lang='grc' dir='ltr'>ἵναμὴ</span> <span class='ocrx_word' id='word_1_124' title='bbox 2787 881 3070 952; x_wconf 77' lang='grc' dir='ltr'><strong>ἐλεγχθῇ·</strong></span> <span class='ocrx_word' id='word_1_125' title='bbox 3111 879 3251 932; x_wconf 81' lang='grc' dir='ltr'>θέλει</span> <span class='ocrx_word' id='word_1_126' title='bbox 3294 877 3402 948; x_wconf 85' lang='grc' dir='ltr'>γὰρ</span> <span class='ocrx_word' id='word_1_127' title='bbox 3433 877 3504 946; x_wconf 83' lang='grc' dir='ltr'>μὴ</span> <span class='ocrx_word' id='word_1_128' title='bbox 3533 878 3803 947; x_wconf 82' lang='grc' dir='ltr'>γνωσθῆναι</span> 
     </span>
    </p>
   </div>
   <div class='ocr_carea' id='block_1_18' title="bbox 2289 968 3805 1048">
    <p class='ocr_par' dir='ltr' id='par_1_18' title="bbox 2289 968 3805 1048">
     <span class='ocr_line' id='line_1_18' title="bbox 2289 968 3805 1048; baseline -0.007 -16"><span class='ocrx_word' id='word_1_129' title='bbox 2289 980 2384 1048; x_wconf 83' lang='grc' dir='ltr'>τὴν</span> <span class='ocrx_word' id='word_1_130' title='bbox 2412 978 2662 1048; x_wconf 77' lang='grc' dir='ltr'>πορνείαν</span> <span class='ocrx_word' id='word_1_131' title='bbox 2695 975 2855 1028; x_wconf 83' lang='grc' dir='ltr'>αὐτοῦ</span> <span class='ocrx_word' id='word_1_132' title='bbox 2874 991 2886 1003; x_wconf 92' lang='grc'><strong>·</strong></span> <span class='ocrx_word' id='word_1_133' title='bbox 2922 973 2999 1025; x_wconf 82' lang='grc' dir='ltr'><strong>διὸ</strong></span> <span class='ocrx_word' id='word_1_134' title='bbox 3026 973 3118 1025; x_wconf 75' lang='grc' dir='ltr'><strong>καὶ</strong></span> <span class='ocrx_word' id='word_1_135' title='bbox 3143 969 3462 1040; x_wconf 76' lang='grc' dir='ltr'><strong>ἐπικρύπτει</strong></span> <span class='ocrx_word' id='word_1_136' title='bbox 3485 968 3577 1037; x_wconf 85' lang='grc' dir='ltr'>τὴν</span> <span class='ocrx_word' id='word_1_137' title='bbox 3597 969 3703 1022; x_wconf 80' lang='grc' dir='ltr'>ὁδὸν</span> <span class='ocrx_word' id='word_1_138' title='bbox 3729 971 3805 1022; x_wconf 78' lang='grc' dir='ltr'>αὐ-</span> 
     </span>
    </p>
   </div>
   <div class='ocr_carea' id='block_1_19' title="bbox 2287 1053 3807 1137">
    <p class='ocr_par' dir='ltr' id='par_1_19' title="bbox 2287 1053 3807 1137">
     <span class='ocr_line' id='line_1_19' title="bbox 2287 1053 3807 1137; baseline -0.005 -17"><span class='ocrx_word' id='word_1_139' title='bbox 2287 1068 2406 1130; x_wconf 81' lang='grc' dir='ltr'>τοῦ,</span> <span class='ocrx_word' id='word_1_140' title='bbox 2450 1068 2516 1137; x_wconf 79' lang='grc' dir='ltr'>ἢν</span> <span class='ocrx_word' id='word_1_141' title='bbox 2544 1067 2797 1119; x_wconf 82' lang='grc' dir='ltr'>ὥδευσεν’</span> <span class='ocrx_word' id='word_1_142' title='bbox 2831 1066 2860 1116; x_wconf 84' lang='grc' dir='ltr'>ὁ</span> <span class='ocrx_word' id='word_1_143' title='bbox 2889 1063 2944 1115; x_wconf 86' lang='grc' dir='ltr'>δὲ</span> <span class='ocrx_word' id='word_1_144' title='bbox 2975 1060 3142 1114; x_wconf 88' lang='grc' dir='ltr'>ποιῶν</span> <span class='ocrx_word' id='word_1_145' title='bbox 3186 1061 3283 1130; x_wconf 84' lang='grc' dir='ltr'><strong>τὴν</strong></span> <span class='ocrx_word' id='word_1_146' title='bbox 3329 1059 3580 1129; x_wconf 84' lang='grc' dir='ltr'>ἀλήθειαν</span> <span class='ocrx_word' id='word_1_147' title='bbox 3602 1099 3614 1120; x_wconf 92' lang='grc'><strong>,</strong></span> <span class='ocrx_word' id='word_1_148' title='bbox 3647 1053 3745 1110; x_wconf 76' lang='grc' dir='ltr'>οἷον</span> <span class='ocrx_word' id='word_1_149' title='bbox 3784 1064 3807 1113; x_wconf 82' lang='grc' dir='ltr'>ὁ</span> 
     </span>
    </p>
   </div>
   <div class='ocr_carea' id='block_1_20' title="bbox 2290 1146 3804 1227">
    <p class='ocr_par' dir='ltr' id='par_1_20' title="bbox 2290 1146 3804 1227">
     <span class='ocr_line' id='line_1_20' title="bbox 2290 1146 3804 1227; baseline -0.008 -18"><span class='ocrx_word' id='word_1_150' title='bbox 2290 1155 2593 1227; x_wconf 78' lang='grc' dir='ltr'>σωφρονῶν,</span> <span class='ocrx_word' id='word_1_151' title='bbox 2629 1155 2768 1207; x_wconf 78' lang='grc' dir='ltr'>θέλει</span> <span class='ocrx_word' id='word_1_152' title='bbox 2800 1153 2966 1221; x_wconf 85' lang='grc' dir='ltr'>αὐτὴν</span> <span class='ocrx_word' id='word_1_153' title='bbox 3013 1147 3343 1219; x_wconf 83' lang='grc' dir='ltr'>φανερῶσαι,</span> <span class='ocrx_word' id='word_1_154' title='bbox 3387 1147 3484 1199; x_wconf 83' lang='grc' dir='ltr'><strong>οὐκ</strong></span> <span class='ocrx_word' id='word_1_155' title='bbox 3512 1146 3804 1217; x_wconf 80' lang='grc' dir='ltr'>ἀνθρώποις,</span> 
     </span>
    </p>
   </div>
   <div class='ocr_carea' id='block_1_21' title="bbox 2287 1236 3806 1316">
    <p class='ocr_par' dir='ltr' id='par_1_21' title="bbox 2287 1236 3806 1316">
     <span class='ocr_line' id='line_1_21' title="bbox 2287 1236 3806 1316; baseline -0.007 -17"><span class='ocrx_word' id='word_1_156' title='bbox 2287 1246 2372 1300; x_wconf 78' lang='grc' dir='ltr'>ἵνα</span> <span class='ocrx_word' id='word_1_157' title='bbox 2403 1245 2475 1316; x_wconf 83' lang='grc' dir='ltr'><strong>μὴ</strong></span> <span class='ocrx_word' id='word_1_158' title='bbox 2507 1245 2682 1316; x_wconf 79' lang='grc' dir='ltr'><strong>ἀπέχῃ</strong></span> <span class='ocrx_word' id='word_1_159' title='bbox 2714 1243 2802 1296; x_wconf 85' lang='grc' dir='ltr'>τὸν</span> <span class='ocrx_word' id='word_1_160' title='bbox 2840 1241 3026 1312; x_wconf 84' lang='grc' dir='ltr'>μισθὸν</span> <span class='ocrx_word' id='word_1_161' title='bbox 3062 1239 3171 1292; x_wconf 81' lang='grc' dir='ltr'>ἀπὸ</span> <span class='ocrx_word' id='word_1_162' title='bbox 3210 1238 3318 1290; x_wconf 86' lang='grc' dir='ltr'><strong>τῶν</strong></span> <span class='ocrx_word' id='word_1_163' title='bbox 3351 1236 3666 1307; x_wconf 83' lang='grc' dir='ltr'>ἀνθρώπων,</span> <span class='ocrx_word' id='word_1_164' title='bbox 3696 1238 3806 1289; x_wconf 76' lang='grc' dir='ltr'>ἀλλὰ</span> 
     </span>
    </p>
   </div>
   <div class='ocr_carea' id='block_1_22' title="bbox 2284 1328 3807 1408">
    <p class='ocr_par' dir='ltr' id='par_1_22' title="bbox 2284 1328 3807 1408">
     <span class='ocr_line' id='line_1_22' title="bbox 2284 1328 3807 1408; baseline -0.007 -18"><span class='ocrx_word' id='word_1_165' title='bbox 2284 1337 2361 1408; x_wconf 83' lang='grc' dir='ltr'><strong>τῷ</strong></span> <span class='ocrx_word' id='word_1_166' title='bbox 2381 1336 2498 1406; x_wconf 82' lang='grc' dir='ltr'><strong>Θεῷ</strong></span> <span class='ocrx_word' id='word_1_167' title='bbox 2515 1355 2526 1366; x_wconf 90' lang='grc'><strong>·</strong></span> <span class='ocrx_word' id='word_1_168' title='bbox 2559 1336 2645 1389; x_wconf 80' lang='grc' dir='ltr'>διὰ</span> <span class='ocrx_word' id='word_1_169' title='bbox 2667 1334 2819 1387; x_wconf 76' lang='grc' dir='ltr'>τοῦτο</span> <span class='ocrx_word' id='word_1_170' title='bbox 2841 1333 3048 1403; x_wconf 78' lang='grc' dir='ltr'>εἴρηται</span> <span class='ocrx_word' id='word_1_171' title='bbox 3069 1350 3085 1361; x_wconf 69' lang='grc' dir='ltr'><strong>ο</strong></span> <span class='ocrx_word' id='word_1_172' title='bbox 3125 1329 3539 1396; x_wconf 62' lang='grc' dir='ltr'>Ἀποκάαῑυψον</span> <span class='ocrx_word' id='word_1_173' title='bbox 3566 1328 3702 1394; x_wconf 83' lang='grc' dir='ltr'>πρὸς</span> <span class='ocrx_word' id='word_1_174' title='bbox 3721 1331 3807 1381; x_wconf 82' lang='grc' dir='ltr'><strong>Κύ-</strong></span> 
     </span>
    </p>
   </div>
   <div class='ocr_carea' id='block_1_23' title="bbox 650 1417 2190 1501">
    <p class='ocr_par' dir='ltr' id='par_1_23' title="bbox 650 1427 2187 1501">
     <span class='ocr_line' id='line_1_23' title="bbox 650 1427 2187 1501; baseline 0.005 -20"><span class='ocrx_word' id='word_1_175' title='bbox 650 1427 835 1483; x_wconf 80' lang='lat' dir='ltr'><strong>Revela</strong></span> <span class='ocrx_word' id='word_1_176' title='bbox 880 1433 1019 1498; x_wconf 87' lang='lat' dir='ltr'><strong>apud</strong></span> <span class='ocrx_word' id='word_1_177' title='bbox 1049 1433 1327 1489; x_wconf 86' lang='lat' dir='ltr'><strong>Dominum</strong></span> <span class='ocrx_word' id='word_1_178' title='bbox 1360 1439 1491 1491; x_wconf 83' lang='lat' dir='ltr'><strong>viam</strong></span> <span class='ocrx_word' id='word_1_179' title='bbox 1535 1446 1700 1501; x_wconf 86' lang='lat' dir='ltr'><strong>tuam,</strong></span> <span class='ocrx_word' id='word_1_180' title='bbox 1741 1437 1792 1490; x_wconf 90' lang='lat' dir='ltr'><strong>id</strong></span> <span class='ocrx_word' id='word_1_181' title='bbox 1829 1445 1932 1499; x_wconf 89' lang='lat' dir='ltr'><strong>est,</strong></span> <span class='ocrx_word' id='word_1_182' title='bbox 1962 1439 2187 1492; x_wconf 86' lang='lat' dir='ltr'><strong>ostende</strong></span> 
     </span>
    </p>
   </div>
   <div class='ocr_carea' id='block_1_24' title="bbox 2287 1417 3804 1501">
    <p class='ocr_par' dir='ltr' id='par_1_24' title="bbox 2287 1417 3804 1496">
     <span class='ocr_line' id='line_1_24' title="bbox 2287 1417 3804 1496; baseline -0.01 -13"><span class='ocrx_word' id='word_1_183' title='bbox 2287 1447 2413 1496; x_wconf 80' lang='grc' dir='ltr'>ριον</span> <span class='ocrx_word' id='word_1_184' title='bbox 2441 1429 2553 1496; x_wconf 81' lang='grc' dir='ltr'><strong>τὴν</strong></span> <span class='ocrx_word' id='word_1_185' title='bbox 2583 1427 2723 1482; x_wconf 83' lang='grc' dir='ltr'><strong>ὀδόν</strong></span> <span class='ocrx_word' id='word_1_186' title='bbox 2759 1441 2873 1479; x_wconf 86' lang='grc' dir='ltr'><strong>σου</strong></span> <span class='ocrx_word' id='word_1_187' title='bbox 2897 1465 2912 1490; x_wconf 91' lang='grc'><strong>,</strong></span> <span class='ocrx_word' id='word_1_188' title='bbox 2946 1423 3222 1484; x_wconf 83' lang='grc' dir='ltr'>τουτέστι,</span> <span class='ocrx_word' id='word_1_189' title='bbox 3265 1418 3432 1482; x_wconf 81' lang='grc' dir='ltr'>δεῖξον</span> <span class='ocrx_word' id='word_1_190' title='bbox 3459 1418 3601 1487; x_wconf 82' lang='grc' dir='ltr'>αὐτῷ</span> <span class='ocrx_word' id='word_1_191' title='bbox 3627 1417 3709 1468; x_wconf 83' lang='grc' dir='ltr'>τὸν</span> <span class='ocrx_word' id='word_1_192' title='bbox 3733 1418 3804 1468; x_wconf 84' lang='grc' dir='ltr'><strong>σὺν</strong></span> 
     </span>
    </p>
   </div>
   <div class='ocr_carea' id='block_1_25' title="bbox 651 1506 2190 1594">
    <p class='ocr_par' dir='ltr' id='par_1_25' title="bbox 651 1517 2184 1594">
     <span class='ocr_line' id='line_1_25' title="bbox 651 1517 2184 1594; baseline 0.006 -23"><span class='ocrx_word' id='word_1_193' title='bbox 651 1517 728 1572; x_wconf 86' lang='lat' dir='ltr'><strong>illi</strong></span> <span class='ocrx_word' id='word_1_194' title='bbox 761 1518 926 1574; x_wconf 87' lang='lat' dir='ltr'><strong>vitam</strong></span> <span class='ocrx_word' id='word_1_195' title='bbox 974 1532 1114 1576; x_wconf 89' lang='lat' dir='ltr'><strong>tuam</strong></span> <span class='ocrx_word' id='word_1_196' title='bbox 1150 1525 1576 1594; x_wconf 86' lang='lat' dir='ltr'><strong>vituperabilem,</strong></span> <span class='ocrx_word' id='word_1_197' title='bbox 1606 1536 1660 1580; x_wconf 92' lang='lat' dir='ltr'><strong>et</strong></span> <span class='ocrx_word' id='word_1_198' title='bbox 1692 1527 1805 1594; x_wconf 89' lang='lat' dir='ltr'><strong>ipse</strong></span> <span class='ocrx_word' id='word_1_199' title='bbox 1833 1527 2041 1580; x_wconf 84' lang='lat' dir='ltr'><strong>curabit</strong></span> <span class='ocrx_word' id='word_1_200' title='bbox 2069 1535 2119 1579; x_wconf 91' lang='lat' dir='ltr'><strong>te</strong></span> <span class='ocrx_word' id='word_1_201' title='bbox 2156 1543 2184 1580; x_wconf 89' lang='lat' dir='ltr'><strong>a</strong></span> 
     </span>
    </p>
   </div>
   <div class='ocr_carea' id='block_1_26' title="bbox 2287 1506 3802 1594">
    <p class='ocr_par' dir='ltr' id='par_1_26' title="bbox 2287 1506 3802 1588">
     <span class='ocr_line' id='line_1_26' title="bbox 2287 1506 3802 1588; baseline -0.01 -17"><span class='ocrx_word' id='word_1_202' title='bbox 2287 1520 2564 1588; x_wconf 87' lang='grc' dir='ltr'>ἐπίμωμον</span> <span class='ocrx_word' id='word_1_203' title='bbox 2615 1516 2763 1585; x_wconf 82' lang='grc' dir='ltr'>βίον,</span> <span class='ocrx_word' id='word_1_204' title='bbox 2795 1514 2886 1567; x_wconf 73' lang='grc' dir='ltr'><strong>καὶ</strong></span> <span class='ocrx_word' id='word_1_205' title='bbox 2935 1512 3093 1574; x_wconf 83' lang='grc' dir='ltr'>αὐτὸς</span> <span class='ocrx_word' id='word_1_206' title='bbox 3140 1507 3461 1580; x_wconf 84' lang='grc' dir='ltr'>Θεραπεύσει</span> <span class='ocrx_word' id='word_1_207' title='bbox 3503 1523 3561 1558; x_wconf 89' lang='grc' dir='ltr'><strong>σε</strong></span> <span class='ocrx_word' id='word_1_208' title='bbox 3598 1506 3696 1558; x_wconf 78' lang='grc' dir='ltr'><strong>ἀπὸ</strong></span> <span class='ocrx_word' id='word_1_209' title='bbox 3714 1506 3802 1558; x_wconf 82' lang='grc' dir='ltr'><strong>τῶν</strong></span> 
     </span>
    </p>
   </div>
   <div class='ocr_carea' id='block_1_27' title="bbox 649 1596 2190 1680">
    <p class='ocr_par' dir='ltr' id='par_1_27' title="bbox 649 1610 2185 1680">
     <span class='ocr_line' id='line_1_27' title="bbox 649 1610 2185 1680; baseline 0.005 -16"><span class='ocrx_word' id='word_1_210' title='bbox 649 1610 982 1680; x_wconf 78' lang='lat' dir='ltr'><strong>vulneribus,</strong></span> <span class='ocrx_word' id='word_1_211' title='bbox 1029 1623 1082 1668; x_wconf 93' lang='lat' dir='ltr'><strong>et</strong></span> <span class='ocrx_word' id='word_1_212' title='bbox 1121 1614 1310 1670; x_wconf 82' lang='lat' dir='ltr'><strong>eﬂiciet</strong></span> <span class='ocrx_word' id='word_1_213' title='bbox 1345 1619 1570 1670; x_wconf 85' lang='lat' dir='ltr'><strong>mundas</strong></span> <span class='ocrx_word' id='word_1_214' title='bbox 1607 1619 1792 1673; x_wconf 88' lang='lat' dir='ltr'><strong>sordes</strong></span> <span class='ocrx_word' id='word_1_215' title='bbox 1840 1628 1979 1672; x_wconf 90' lang='lat' dir='ltr'><strong>tuas.</strong></span> <span class='ocrx_word' id='word_1_216' title='bbox 2034 1619 2098 1672; x_wconf 90' lang='lat' dir='ltr'><strong>Et</strong></span> <span class='ocrx_word' id='word_1_217' title='bbox 2139 1618 2185 1672; x_wconf 88' lang='lat' dir='ltr'><strong>si</strong></span> 
     </span>
    </p>
   </div>
   <div class='ocr_carea' id='block_1_28' title="bbox 2287 1596 3802 1680">
    <p class='ocr_par' dir='ltr' id='par_1_28' title="bbox 2287 1596 3802 1680">
     <span class='ocr_line' id='line_1_28' title="bbox 2287 1596 3802 1680; baseline -0.007 -19"><span class='ocrx_word' id='word_1_218' title='bbox 2287 1609 2624 1680; x_wconf 82' lang='grc' dir='ltr'><strong>τραυμάτων,</strong></span> <span class='ocrx_word' id='word_1_219' title='bbox 2657 1607 2750 1660; x_wconf 73' lang='grc' dir='ltr'><strong>καὶ</strong></span> <span class='ocrx_word' id='word_1_220' title='bbox 2783 1606 2993 1674; x_wconf 88' lang='grc' dir='ltr'>ποιήσει</span> <span class='ocrx_word' id='word_1_221' title='bbox 3021 1603 3111 1655; x_wconf 80' lang='grc' dir='ltr'><strong>τὸν</strong></span> <span class='ocrx_word' id='word_1_222' title='bbox 3161 1599 3398 1670; x_wconf 80' lang='grc' dir='ltr'>ῥυπαρὸν</span> <span class='ocrx_word' id='word_1_223' title='bbox 3431 1596 3677 1667; x_wconf 81' lang='grc' dir='ltr'>καθαρόν.</span> <span class='ocrx_word' id='word_1_224' title='bbox 3706 1597 3802 1650; x_wconf 83' lang='grc' dir='ltr'>Κᾶν</span> 
     </span>
    </p>
   </div>
   <div class='ocr_carea' id='block_1_29' title="bbox 653 1687 2190 1775">
    <p class='ocr_par' dir='ltr' id='par_1_29' title="bbox 653 1696 2184 1775">
     <span class='ocr_line' id='line_1_29' title="bbox 653 1696 2184 1775; baseline 0.006 -24"><span class='ocrx_word' id='word_1_225' title='bbox 653 1696 821 1754; x_wconf 85' lang='lat' dir='ltr'><strong>fueris</strong></span> <span class='ocrx_word' id='word_1_226' title='bbox 851 1702 1068 1768; x_wconf 88' lang='lat' dir='ltr'><strong>probus,</strong></span> <span class='ocrx_word' id='word_1_227' title='bbox 1097 1704 1412 1773; x_wconf 80' lang='lat' dir='ltr'><strong>gloriabitur</strong></span> <span class='ocrx_word' id='word_1_228' title='bbox 1437 1705 1501 1758; x_wconf 92' lang='lat' dir='ltr'><strong>de</strong></span> <span class='ocrx_word' id='word_1_229' title='bbox 1533 1715 1582 1760; x_wconf 89' lang='lat' dir='ltr'><strong>te</strong></span> <span class='ocrx_word' id='word_1_230' title='bbox 1609 1724 1623 1758; x_wconf 90' lang='lat'><strong>:</strong></span> <span class='ocrx_word' id='word_1_231' title='bbox 1676 1715 1730 1760; x_wconf 92' lang='lat' dir='ltr'><strong>et</strong></span> <span class='ocrx_word' id='word_1_232' title='bbox 1759 1706 1883 1774; x_wconf 90' lang='lat' dir='ltr'><strong>quia</strong></span> <span class='ocrx_word' id='word_1_233' title='bbox 1919 1722 2038 1761; x_wconf 91' lang='lat' dir='ltr'><strong>cum</strong></span> <span class='ocrx_word' id='word_1_234' title='bbox 2069 1707 2184 1775; x_wconf 88' lang='lat' dir='ltr'><strong>jac-</strong></span> 
     </span>
    </p>
   </div>
   <div class='ocr_carea' id='block_1_30' title="bbox 2287 1687 3801 1775">
    <p class='ocr_par' dir='ltr' id='par_1_30' title="bbox 2287 1687 3801 1769">
     <span class='ocr_line' id='line_1_30' title="bbox 2287 1687 3801 1769; baseline -0.01 -16"><span class='ocrx_word' id='word_1_235' title='bbox 2287 1700 2410 1769; x_wconf 84' lang='grc' dir='ltr'>γένῃ</span> <span class='ocrx_word' id='word_1_236' title='bbox 2439 1698 2596 1761; x_wconf 86' lang='grc' dir='ltr'>καλὸς</span> <span class='ocrx_word' id='word_1_237' title='bbox 2626 1699 2718 1750; x_wconf 76' lang='grc' dir='ltr'><strong>καὶ</strong></span> <span class='ocrx_word' id='word_1_238' title='bbox 2749 1696 2966 1764; x_wconf 80' lang='grc' dir='ltr'>ἀγαθὸς,</span> <span class='ocrx_word' id='word_1_239' title='bbox 3004 1689 3401 1762; x_wconf 80' lang='grc' dir='ltr'>ἐγκαυχήσεταί</span> <span class='ocrx_word' id='word_1_240' title='bbox 3428 1706 3509 1740; x_wconf 88' lang='grc' dir='ltr'><strong>σοι</strong></span> <span class='ocrx_word' id='word_1_241' title='bbox 3534 1706 3546 1718; x_wconf 93' lang='grc'><strong>·</strong></span> <span class='ocrx_word' id='word_1_242' title='bbox 3597 1689 3682 1740; x_wconf 78' lang='grc' dir='ltr'><strong>καὶ</strong></span> <span class='ocrx_word' id='word_1_243' title='bbox 3707 1687 3801 1739; x_wconf 66' lang='grc' dir='ltr'>ἐπεὶ</span> 
     </span>
    </p>
   </div>
   <div class='ocr_carea' id='block_1_31' title="bbox 654 1776 2190 1866">
    <p class='ocr_par' dir='ltr' id='par_1_31' title="bbox 654 1787 2183 1866">
     <span class='ocr_line' id='line_1_31' title="bbox 654 1787 2183 1866; baseline 0.008 -24"><span class='ocrx_word' id='word_1_244' title='bbox 654 1787 918 1844; x_wconf 85' lang='lat' dir='ltr'><strong>tabundus</strong></span> <span class='ocrx_word' id='word_1_245' title='bbox 945 1807 1046 1844; x_wconf 91' lang='lat' dir='ltr'><strong>non</strong></span> <span class='ocrx_word' id='word_1_246' title='bbox 1068 1807 1236 1858; x_wconf 87' lang='lat' dir='ltr'><strong>esses,</strong></span> <span class='ocrx_word' id='word_1_247' title='bbox 1261 1795 1566 1850; x_wconf 88' lang='lat' dir='ltr'><strong>occultabas</strong></span> <span class='ocrx_word' id='word_1_248' title='bbox 1583 1796 1841 1866; x_wconf 82' lang='lat' dir='ltr'><strong>justitiam</strong></span> <span class='ocrx_word' id='word_1_249' title='bbox 1875 1811 2041 1862; x_wconf 89' lang='lat' dir='ltr'><strong>tuam,</strong></span> <span class='ocrx_word' id='word_1_250' title='bbox 2072 1800 2183 1866; x_wconf 81' lang='lat' dir='ltr'><strong>ipse</strong></span> 
     </span>
    </p>
   </div>
   <div class='ocr_carea' id='block_1_32' title="bbox 2287 1776 3802 1866">
    <p class='ocr_par' dir='ltr' id='par_1_32' title="bbox 2287 1776 3802 1860">
     <span class='ocr_line' id='line_1_32' title="bbox 2287 1776 3802 1860; baseline -0.01 -17"><span class='ocrx_word' id='word_1_251' title='bbox 2287 1791 2360 1860; x_wconf 85' lang='grc' dir='ltr'>μὴ</span> <span class='ocrx_word' id='word_1_252' title='bbox 2385 1789 2459 1842; x_wconf 86' lang='grc' dir='ltr'>ὣν</span> <span class='ocrx_word' id='word_1_253' title='bbox 2486 1787 2753 1851; x_wconf 82' lang='grc' dir='ltr'>κενόδοξος</span> <span class='ocrx_word' id='word_1_254' title='bbox 2781 1787 3039 1857; x_wconf 78' lang='grc' dir='ltr'><strong>ἔκρυπτες</strong></span> <span class='ocrx_word' id='word_1_255' title='bbox 3064 1783 3161 1852; x_wconf 84' lang='grc' dir='ltr'>τὴν</span> <span class='ocrx_word' id='word_1_256' title='bbox 3180 1779 3520 1846; x_wconf 85' lang='grc' dir='ltr'>δικαιοσύνην</span> <span class='ocrx_word' id='word_1_257' title='bbox 3543 1795 3650 1839; x_wconf 90' lang='grc' dir='ltr'>σου,</span> <span class='ocrx_word' id='word_1_258' title='bbox 3671 1776 3802 1838; x_wconf 75' lang='grc' dir='ltr'>αὐτὸς</span> 
     </span>
    </p>
   </div>
   <div class='ocr_carea' id='block_1_33' title="bbox 630 1868 2190 1958">
    <p class='ocr_par' dir='ltr' id='par_1_33' title="bbox 630 1879 2184 1958">
     <span class='ocr_line' id='line_1_33' title="bbox 630 1879 2184 1958; baseline 0.008 -27"><span class='ocrx_word' id='word_1_259' title='bbox 630 1879 990 1936; x_wconf 76' lang='lat' dir='ltr'><strong>,manifestam</strong></span> <span class='ocrx_word' id='word_1_260' title='bbox 1044 1883 1223 1950; x_wconf 78' lang='lat' dir='ltr'><strong>faciet,</strong></span> <span class='ocrx_word' id='word_1_261' title='bbox 1267 1895 1321 1940; x_wconf 91' lang='lat' dir='ltr'><strong>et</strong></span> <span class='ocrx_word' id='word_1_262' title='bbox 1360 1902 1528 1954; x_wconf 91' lang='lat' dir='ltr'><strong>usque</strong></span> <span class='ocrx_word' id='word_1_263' title='bbox 1559 1889 1694 1943; x_wconf 89' lang='lat' dir='ltr'><strong>adeo</strong></span> <span class='ocrx_word' id='word_1_264' title='bbox 1724 1890 2089 1958; x_wconf 85' lang='lat' dir='ltr'><strong>conspicuam,</strong></span> <span class='ocrx_word' id='word_1_265' title='bbox 2127 1901 2184 1944; x_wconf 88' lang='lat' dir='ltr'><strong>ut</strong></span> 
     </span>
    </p>
   </div>
   <div class='ocr_carea' id='block_1_34' title="bbox 2287 1868 3802 1958">
    <p class='ocr_par' dir='ltr' id='par_1_34' title="bbox 2287 1868 3802 1950">
     <span class='ocr_line' id='line_1_34' title="bbox 2287 1868 3802 1950; baseline -0.009 -18"><span class='ocrx_word' id='word_1_266' title='bbox 2287 1879 2514 1950; x_wconf 79' lang='grc' dir='ltr'>φανερὸν</span> <span class='ocrx_word' id='word_1_267' title='bbox 2557 1879 2796 1948; x_wconf 83' lang='grc' dir='ltr'>ποιήσει,</span> <span class='ocrx_word' id='word_1_268' title='bbox 2841 1878 2934 1930; x_wconf 72' lang='grc' dir='ltr'><strong>καὶ</strong></span> <span class='ocrx_word' id='word_1_269' title='bbox 2984 1876 3154 1937; x_wconf 73' lang='grc' dir='ltr'>οὕτως</span> <span class='ocrx_word' id='word_1_270' title='bbox 3199 1873 3432 1941; x_wconf 77' lang='grc' dir='ltr'>ἐπιφανῇ</span> <span class='ocrx_word' id='word_1_271' title='bbox 3469 1869 3606 1939; x_wconf 86' lang='grc'>(66),</span> <span class='ocrx_word' id='word_1_272' title='bbox 3645 1868 3802 1937; x_wconf 81' lang='grc' dir='ltr'>ὥσπερ</span> 
     </span>
    </p>
   </div>
   <div class='ocr_carea' id='block_1_35' title="bbox 651 1961 2190 2050">
    <p class='ocr_par' dir='ltr' id='par_1_35' title="bbox 651 1970 2184 2050">
     <span class='ocr_line' id='line_1_35' title="bbox 651 1970 2184 2050; baseline 0.007 -26"><span class='ocrx_word' id='word_1_273' title='bbox 651 1970 732 2024; x_wconf 89' lang='lat' dir='ltr'><strong>sol</strong></span> <span class='ocrx_word' id='word_1_274' title='bbox 758 1983 842 2026; x_wconf 90' lang='lat' dir='ltr'><strong>est</strong></span> <span class='ocrx_word' id='word_1_275' title='bbox 879 1974 929 2025; x_wconf 91' lang='lat' dir='ltr'><strong>in</strong></span> <span class='ocrx_word' id='word_1_276' title='bbox 962 1975 1200 2032; x_wconf 87' lang='lat' dir='ltr'><strong>meridie.</strong></span> <span class='ocrx_word' id='word_1_277' title='bbox 1236 1977 1325 2031; x_wconf 85' lang='lat' dir='ltr'><strong>Ait</strong></span> <span class='ocrx_word' id='word_1_278' title='bbox 1356 1977 1497 2032; x_wconf 88' lang='lat' dir='ltr'><strong>enim</strong></span> <span class='ocrx_word' id='word_1_279' title='bbox 1525 1996 1538 2032; x_wconf 87' lang='lat'><strong>:</strong></span> <span class='ocrx_word' id='word_1_280' title='bbox 1571 1978 1714 2032; x_wconf 79' lang='lat' dir='ltr'><strong>Tum:</strong></span> <span class='ocrx_word' id='word_1_281' title='bbox 1746 1980 1881 2048; x_wconf 81' lang='lat' dir='ltr'><strong>justi</strong></span> <span class='ocrx_word' id='word_1_282' title='bbox 1918 1980 2184 2050; x_wconf 76' lang='lat' dir='ltr'><strong>fulgebunt</strong></span> 
     </span>
    </p>
   </div>
   <div class='ocr_carea' id='block_1_36' title="bbox 2287 1961 3802 2050">
    <p class='ocr_par' dir='ltr' id='par_1_36' title="bbox 2287 1961 3802 2040">
     <span class='ocr_line' id='line_1_36' title="bbox 2287 1961 3802 2040; baseline -0.007 -19"><span class='ocrx_word' id='word_1_283' title='bbox 2287 1970 2432 2040; x_wconf 81' lang='grc' dir='ltr'>ἥλιον</span> <span class='ocrx_word' id='word_1_284' title='bbox 2469 1971 2528 2022; x_wconf 85' lang='grc' dir='ltr'><strong>ἐν</strong></span> <span class='ocrx_word' id='word_1_285' title='bbox 2563 1969 2890 2039; x_wconf 72' lang='grc' dir='ltr'>μεσημϐρίᾳ.</span> <span class='ocrx_word' id='word_1_286' title='bbox 2930 1969 3066 2022; x_wconf 80' lang='grc' dir='ltr'>Τότε</span> <span class='ocrx_word' id='word_1_287' title='bbox 3138 1965 3279 2033; x_wconf 84' lang='grc' dir='ltr'>γὰρ,</span> <span class='ocrx_word' id='word_1_288' title='bbox 3315 1963 3510 2033; x_wconf 68' lang='grc' dir='ltr'>φησιν,</span> <span class='ocrx_word' id='word_1_289' title='bbox 3539 1965 3589 2015; x_wconf 82' lang='grc' dir='ltr'>οὶ</span> <span class='ocrx_word' id='word_1_290' title='bbox 3621 1961 3802 2014; x_wconf 80' lang='grc' dir='ltr'>δίκαιοι</span> 
     </span>
    </p>
   </div>
   <div class='ocr_carea' id='block_1_37' title="bbox 648 2060 2190 2130">
    <p class='ocr_par' dir='ltr' id='par_1_37' title="bbox 648 2061 1994 2118">
     <span class='ocr_line' id='line_1_37' title="bbox 648 2061 1994 2118; baseline 0.005 -5"><span class='ocrx_word' id='word_1_291' title='bbox 648 2062 782 2114; x_wconf 78' lang='lat' dir='ltr'><strong>sicut</strong></span> <span class='ocrx_word' id='word_1_292' title='bbox 805 2061 886 2116; x_wconf 72' lang='lat' dir='ltr'><strong>sol</strong></span> <span class='ocrx_word' id='word_1_293' title='bbox 911 2063 977 2118; x_wconf 83' lang='lat'><strong>&quot;.</strong></span> <span class='ocrx_word' id='word_1_294' title='bbox 1986 2072 1994 2080; x_wconf 81' lang='lat'><strong>‘</strong></span> 
     </span>
    </p>
   </div>
   <div class='ocr_carea' id='block_1_38' title="bbox 2287 2060 2941 2130">
    <p class='ocr_par' dir='ltr' id='par_1_38' title="bbox 2287 2060 2941 2130">
     <span class='ocr_line' id='line_1_38' title="bbox 2287 2060 2941 2130; baseline -0.006 -15"><span class='ocrx_word' id='word_1_295' title='bbox 2287 2062 2628 2130; x_wconf 74' lang='grc' dir='ltr'>λάμψουσιν</span> <span class='ocrx_word' id='word_1_296' title='bbox 2648 2061 2726 2124; x_wconf 85' lang='grc' dir='ltr'>ὡς</span> <span class='ocrx_word' id='word_1_297' title='bbox 2753 2060 2941 2125; x_wconf 72' lang='grc' dir='ltr'>ἣλιος.</span> 
     </span>
    </p>
   </div>
   <div class='ocr_carea' id='block_1_39' title="bbox 2318 2183 3778 2311">
    <p class='ocr_par' dir='ltr' id='par_1_39' title="bbox 2318 2183 3778 2311">
     <span class='ocr_line' id='line_1_39' title="bbox 2318 2183 3778 2311; baseline -0.004 -70"><span class='ocrx_word' id='word_1_298' title='bbox 2318 2188 2463 2259; x_wconf 88' lang='grc' dir='ltr'>Στίχ.</span> <span class='ocrx_word' id='word_1_299' title='bbox 2501 2187 2567 2252; x_wconf 81' lang='grc' dir='ltr'><strong>ζ’.</strong></span> <span class='ocrx_word' id='word_1_300' title='bbox 2611 2189 2946 2258; x_wconf 73' lang='grc' dir='ltr'>Ὑποτάγηθι</span> <span class='ocrx_word' id='word_1_301' title='bbox 2983 2188 3312 2311; x_wconf 61' lang='grc' dir='ltr'>εςῴόΚιιιπίῳ,</span> <span class='ocrx_word' id='word_1_302' title='bbox 3355 2187 3453 2242; x_wconf 81' lang='grc' dir='ltr'>καὶ</span> <span class='ocrx_word' id='word_1_303' title='bbox 3498 2183 3778 2238; x_wconf 82' lang='grc' dir='ltr'>ἱκέτευσον</span> 
     </span>
     <span class='ocr_line' id='line_1_40' title="bbox 2951 2275 3156 2310; baseline -0.005 0"><span class='ocrx_word' id='word_1_304' title='bbox 2951 2275 3063 2310; x_wconf 84' lang='grc' dir='ltr'><strong>αυτ</strong></span> <span class='ocrx_word' id='word_1_305' title='bbox 3101 2275 3156 2310; x_wconf 78' lang='grc' dir='ltr'>ν.</span> 
     </span>
    </p>
   </div>
   <div class='ocr_carea' id='block_1_40' title="bbox 2951 2275 3156 2310">
    <p class='ocr_par' dir='ltr' id='par_1_40' title="bbox 2951 2275 3156 2310">
     <span class='ocr_line' id='line_1_41' title="bbox 2951 2275 3156 2310; baseline 0 0"><span class='ocrx_word' id='word_1_306' title='bbox 2951 2275 3156 2310; x_wconf 78' lang='grc' dir='ltr'>αυτον.</span> 
     </span>
    </p>
   </div>
   <div class='ocr_carea' id='block_1_41' title="bbox 720 2343 2190 2422">
    <p class='ocr_par' dir='ltr' id='par_1_41' title="bbox 720 2344 2182 2422">
     <span class='ocr_line' id='line_1_42' title="bbox 720 2344 2182 2422; baseline 0.009 -25"><span class='ocrx_word' id='word_1_307' title='bbox 720 2344 1118 2412; x_wconf 88' lang='lat' dir='ltr'><strong>Snbjectionem</strong></span> <span class='ocrx_word' id='word_1_308' title='bbox 1157 2351 1319 2419; x_wconf 78' lang='lat' dir='ltr'><strong>igitur</strong></span> <span class='ocrx_word' id='word_1_309' title='bbox 1354 2352 1454 2405; x_wconf 84' lang='lat' dir='ltr'><strong>hoc</strong></span> <span class='ocrx_word' id='word_1_310' title='bbox 1498 2351 1617 2408; x_wconf 91' lang='lat' dir='ltr'><strong>loco</strong></span> <span class='ocrx_word' id='word_1_311' title='bbox 1653 2353 1883 2422; x_wconf 86' lang='lat' dir='ltr'><strong>appellat</strong></span> <span class='ocrx_word' id='word_1_312' title='bbox 1911 2370 2182 2410; x_wconf 79' lang='lat' dir='ltr'><strong>recessum</strong></span> 
     </span>
    </p>
   </div>
   <div class='ocr_carea' id='block_1_42' title="bbox 2287 2343 3801 2422">
    <p class='ocr_par' dir='ltr' id='par_1_42' title="bbox 2362 2343 3801 2419">
     <span class='ocr_line' id='line_1_43' title="bbox 2362 2343 3801 2419; baseline -0.005 -17"><span class='ocrx_word' id='word_1_313' title='bbox 2362 2349 2663 2419; x_wconf 79' lang='grc' dir='ltr'>’Υποταγὴν</span> <span class='ocrx_word' id='word_1_314' title='bbox 2712 2347 2804 2402; x_wconf 76' lang='grc' dir='ltr'><strong>οὖν</strong></span> <span class='ocrx_word' id='word_1_315' title='bbox 2867 2348 3100 2402; x_wconf 74' lang='grc' dir='ltr'>ἐνταῦθα</span> <span class='ocrx_word' id='word_1_316' title='bbox 3147 2349 3294 2416; x_wconf 81' lang='grc' dir='ltr'><strong>λέγει</strong></span> <span class='ocrx_word' id='word_1_317' title='bbox 3350 2347 3446 2417; x_wconf 80' lang='grc' dir='ltr'><strong>τὴν</strong></span> <span class='ocrx_word' id='word_1_318' title='bbox 3499 2345 3602 2399; x_wconf 88' lang='grc' dir='ltr'><strong>τῶν</strong></span> <span class='ocrx_word' id='word_1_319' title='bbox 3648 2343 3801 2397; x_wconf 82' lang='grc' dir='ltr'>κακῶν</span> 
     </span>
    </p>
   </div>
   <div class='ocr_carea' id='block_1_43' title="bbox 652 2433 2190 2512">
    <p class='ocr_par' dir='ltr' id='par_1_43' title="bbox 652 2436 2178 2512">
     <span class='ocr_line' id='line_1_44' title="bbox 652 2436 2178 2512; baseline 0.007 -24"><span class='ocrx_word' id='word_1_320' title='bbox 652 2449 681 2488; x_wconf 89' lang='lat' dir='ltr'><strong>a</strong></span> <span class='ocrx_word' id='word_1_321' title='bbox 707 2436 880 2492; x_wconf 83' lang='lat' dir='ltr'><strong>malis.</strong></span> <span class='ocrx_word' id='word_1_322' title='bbox 909 2436 1074 2492; x_wconf 86' lang='lat' dir='ltr'><strong>Nemo</strong></span> <span class='ocrx_word' id='word_1_323' title='bbox 1102 2440 1297 2508; x_wconf 86' lang='lat' dir='ltr'><strong>quippe</strong></span> <span class='ocrx_word' id='word_1_324' title='bbox 1344 2457 1573 2510; x_wconf 90' lang='lat' dir='ltr'><strong>peccans</strong></span> <span class='ocrx_word' id='word_1_325' title='bbox 1612 2444 1892 2512; x_wconf 83' lang='lat' dir='ltr'><strong>subjicitur</strong></span> <span class='ocrx_word' id='word_1_326' title='bbox 1938 2447 2178 2498; x_wconf 82' lang='lat' dir='ltr'><strong>Domino.</strong></span> 
     </span>
    </p>
   </div>
   <div class='ocr_carea' id='block_1_44' title="bbox 2287 2433 3801 2512">
    <p class='ocr_par' dir='ltr' id='par_1_44' title="bbox 2287 2433 3801 2512">
     <span class='ocr_line' id='line_1_45' title="bbox 2287 2433 3801 2512; baseline -0.005 -19"><span class='ocrx_word' id='word_1_327' title='bbox 2287 2439 2638 2512; x_wconf 74' lang='grc' dir='ltr'><strong>ἀναχώρησιν.</strong></span> <span class='ocrx_word' id='word_1_328' title='bbox 2669 2440 2851 2502; x_wconf 72' lang='grc' dir='ltr'>Οὐδεὶς</span> <span class='ocrx_word' id='word_1_329' title='bbox 2881 2440 2989 2510; x_wconf 77' lang='grc' dir='ltr'>γὰρ</span> <span class='ocrx_word' id='word_1_330' title='bbox 3023 2440 3347 2510; x_wconf 81' lang='grc' dir='ltr'>ἁμαρτάνων</span> <span class='ocrx_word' id='word_1_331' title='bbox 3381 2437 3720 2489; x_wconf 77' lang='grc' dir='ltr'>ὑποτέτακται</span> <span class='ocrx_word' id='word_1_332' title='bbox 3742 2433 3801 2502; x_wconf 85' lang='grc' dir='ltr'><strong>τῷ</strong></span> 
     </span>
    </p>
   </div>
   <div class='ocr_carea' id='block_1_45' title="bbox 648 2522 2190 2600">
    <p class='ocr_par' dir='ltr' id='par_1_45' title="bbox 648 2522 2182 2598">
     <span class='ocr_line' id='line_1_46' title="bbox 648 2522 2182 2598; baseline 0.007 -22"><span class='ocrx_word' id='word_1_333' title='bbox 648 2522 799 2590; x_wconf 84' lang='lat' dir='ltr'><strong>Esto,</strong></span> <span class='ocrx_word' id='word_1_334' title='bbox 827 2527 922 2589; x_wconf 89' lang='lat' dir='ltr'><strong>ait,</strong></span> <span class='ocrx_word' id='word_1_335' title='bbox 951 2527 1076 2595; x_wconf 89' lang='lat' dir='ltr'><strong>quia</strong></span> <span class='ocrx_word' id='word_1_336' title='bbox 1102 2529 1212 2596; x_wconf 87' lang='lat' dir='ltr'><strong>jam</strong></span> <span class='ocrx_word' id='word_1_337' title='bbox 1244 2529 1511 2596; x_wconf 84' lang='lat' dir='ltr'><strong>subjectus</strong></span> <span class='ocrx_word' id='word_1_338' title='bbox 1554 2531 1768 2586; x_wconf 90' lang='lat' dir='ltr'><strong>fuerim.</strong></span> <span class='ocrx_word' id='word_1_339' title='bbox 1818 2532 1954 2598; x_wconf 89' lang='lat' dir='ltr'><strong>Quid</strong></span> <span class='ocrx_word' id='word_1_340' title='bbox 1986 2533 2182 2587; x_wconf 75' lang='lat' dir='ltr'><strong>faciam</strong></span> 
     </span>
    </p>
   </div>
   <div class='ocr_carea' id='block_1_46' title="bbox 2287 2522 3801 2600">
    <p class='ocr_par' dir='ltr' id='par_1_46' title="bbox 2287 2524 3801 2600">
     <span class='ocr_line' id='line_1_47' title="bbox 2287 2524 3801 2600; baseline -0.005 -18"><span class='ocrx_word' id='word_1_341' title='bbox 2287 2531 2484 2600; x_wconf 82' lang='grc' dir='ltr'>Κυρίῳ.</span> <span class='ocrx_word' id='word_1_342' title='bbox 2519 2531 2715 2591; x_wconf 81' lang='grc' dir='ltr'>Ἔστω,</span> <span class='ocrx_word' id='word_1_343' title='bbox 2764 2530 2944 2599; x_wconf 78' lang='grc' dir='ltr'>φησὶν,</span> <span class='ocrx_word' id='word_1_344' title='bbox 2981 2531 3063 2581; x_wconf 78' lang='grc' dir='ltr'>ὅτι</span> <span class='ocrx_word' id='word_1_345' title='bbox 3099 2529 3199 2599; x_wconf 74' lang='grc' dir='ltr'>ἤδη</span> <span class='ocrx_word' id='word_1_346' title='bbox 3240 2527 3544 2597; x_wconf 82' lang='grc' dir='ltr'>ὑπετάχθην</span> <span class='ocrx_word' id='word_1_347' title='bbox 3568 2543 3580 2556; x_wconf 75' lang='grc' dir='ltr'><strong>ο</strong></span> <span class='ocrx_word' id='word_1_348' title='bbox 3614 2527 3662 2577; x_wconf 90' lang='grc' dir='ltr'>τί</span> <span class='ocrx_word' id='word_1_349' title='bbox 3691 2524 3801 2576; x_wconf 83' lang='grc' dir='ltr'>ποιῶ</span> 
     </span>
    </p>
   </div>
   <div class='ocr_carea' id='block_1_47' title="bbox 647 2612 2190 2690">
    <p class='ocr_par' dir='ltr' id='par_1_47' title="bbox 647 2613 2180 2690">
     <span class='ocr_line' id='line_1_48' title="bbox 647 2613 2180 2690; baseline 0.008 -23"><span class='ocrx_word' id='word_1_350' title='bbox 647 2613 712 2668; x_wconf 86' lang='lat' dir='ltr'><strong>de</strong></span> <span class='ocrx_word' id='word_1_351' title='bbox 742 2617 1109 2685; x_wconf 84' lang='lat' dir='ltr'><strong>superioribus</strong></span> <span class='ocrx_word' id='word_1_352' title='bbox 1137 2620 1160 2673; x_wconf 89' lang='lat'><strong>?</strong></span> <span class='ocrx_word' id='word_1_353' title='bbox 1192 2620 1492 2690; x_wconf 89' lang='lat' dir='ltr'><strong>Deprecare</strong></span> <span class='ocrx_word' id='word_1_354' title='bbox 1519 2623 1689 2687; x_wconf 91' lang='lat' dir='ltr'><strong>illum,</strong></span> <span class='ocrx_word' id='word_1_355' title='bbox 1724 2625 1909 2680; x_wconf 90' lang='lat' dir='ltr'><strong>dicens</strong></span> <span class='ocrx_word' id='word_1_356' title='bbox 1940 2642 1954 2678; x_wconf 89' lang='lat'><strong>:</strong></span> <span class='ocrx_word' id='word_1_357' title='bbox 1997 2625 2075 2679; x_wconf 87' lang='lat' dir='ltr'><strong>Ne</strong></span> <span class='ocrx_word' id='word_1_358' title='bbox 2099 2642 2180 2679; x_wconf 88' lang='lat' dir='ltr'><strong>re-</strong></span> 
     </span>
    </p>
   </div>
   <div class='ocr_carea' id='block_1_48' title="bbox 2287 2612 3801 2690">
    <p class='ocr_par' dir='ltr' id='par_1_48' title="bbox 2287 2612 3801 2690">
     <span class='ocr_line' id='line_1_49' title="bbox 2287 2612 3801 2690; baseline -0.004 -18"><span class='ocrx_word' id='word_1_359' title='bbox 2287 2619 2408 2689; x_wconf 78' lang='grc' dir='ltr'>περὶ</span> <span class='ocrx_word' id='word_1_360' title='bbox 2439 2619 2543 2673; x_wconf 89' lang='grc' dir='ltr'><strong>τῶν</strong></span> <span class='ocrx_word' id='word_1_361' title='bbox 2586 2619 2902 2690; x_wconf 82' lang='grc' dir='ltr'>προτέρων;</span> <span class='ocrx_word' id='word_1_362' title='bbox 2947 2619 3241 2672; x_wconf 75' lang='grc' dir='ltr'>’ἱκέτευσον</span> <span class='ocrx_word' id='word_1_363' title='bbox 3281 2618 3460 2682; x_wconf 81' lang='grc' dir='ltr'>αὐτὸν,</span> <span class='ocrx_word' id='word_1_364' title='bbox 3500 2617 3663 2684; x_wconf 79' lang='grc' dir='ltr'>λέγων</span> <span class='ocrx_word' id='word_1_365' title='bbox 3686 2633 3697 2646; x_wconf 69' lang='grc' dir='ltr'><strong><em>ο</em></strong></span> <span class='ocrx_word' id='word_1_366' title='bbox 3724 2612 3801 2678; x_wconf 81' lang='grc' dir='ltr'><strong>Μὴ</strong></span> 
     </span>
    </p>
   </div>
   <div class='ocr_carea' id='block_1_49' title="bbox 649 2701 2190 2780">
    <p class='ocr_par' dir='ltr' id='par_1_49' title="bbox 649 2705 2182 2780">
     <span class='ocr_line' id='line_1_50' title="bbox 649 2705 2182 2780; baseline 0.007 -24"><span class='ocrx_word' id='word_1_367' title='bbox 649 2705 879 2758; x_wconf 79' lang='lat' dir='ltr'><strong>corderis</strong></span> <span class='ocrx_word' id='word_1_368' title='bbox 912 2707 1245 2776; x_wconf 83' lang='lat' dir='ltr'><strong>iniquitatum</strong></span> <span class='ocrx_word' id='word_1_369' title='bbox 1279 2720 1574 2765; x_wconf 77' lang='lat' dir='ltr'><strong>nostrarum</strong></span> <span class='ocrx_word' id='word_1_370' title='bbox 1608 2713 1942 2780; x_wconf 85' lang='lat' dir='ltr'><strong>antiquarunt</strong></span> <span class='ocrx_word' id='word_1_371' title='bbox 1974 2715 2040 2767; x_wconf 70' lang='grc' dir='ltr'><strong>τ’.</strong></span> <span class='ocrx_word' id='word_1_372' title='bbox 2076 2715 2182 2767; x_wconf 82' lang='lat' dir='ltr'><strong>[ta-</strong></span> 
     </span>
    </p>
   </div>
   <div class='ocr_carea' id='block_1_50' title="bbox 2287 2701 3802 2780">
    <p class='ocr_par' dir='ltr' id='par_1_50' title="bbox 2287 2701 3802 2776">
     <span class='ocr_line' id='line_1_51' title="bbox 2287 2701 3802 2776; baseline -0.005 -15"><span class='ocrx_word' id='word_1_373' title='bbox 2287 2706 2552 2775; x_wconf 73' lang='grc' dir='ltr'>μνησθῇς</span> <span class='ocrx_word' id='word_1_374' title='bbox 2565 2707 2731 2776; x_wconf 72' lang='grc' dir='ltr'>ἡμῶν</span> <span class='ocrx_word' id='word_1_375' title='bbox 2752 2707 3011 2774; x_wconf 75' lang='grc' dir='ltr'>ἀνομιῶν</span> <span class='ocrx_word' id='word_1_376' title='bbox 3033 2709 3313 2776; x_wconf 79' lang='grc' dir='ltr'>ἀρχαίων.</span> <span class='ocrx_word' id='word_1_377' title='bbox 3336 2707 3492 2758; x_wconf 82' lang='grc' dir='ltr'>Ὥστε</span> <span class='ocrx_word' id='word_1_378' title='bbox 3514 2707 3571 2757; x_wconf 86' lang='grc' dir='ltr'><strong>οὐ</strong></span> <span class='ocrx_word' id='word_1_379' title='bbox 3598 2705 3672 2757; x_wconf 84' lang='grc' dir='ltr'>δεῖ</span> <span class='ocrx_word' id='word_1_380' title='bbox 3697 2701 3802 2772; x_wconf 75' lang='grc' dir='ltr'>πρό-</span> 
     </span>
    </p>
   </div>
   <div class='ocr_carea' id='block_1_51' title="bbox 646 2793 2190 2872">
    <p class='ocr_par' dir='ltr' id='par_1_51' title="bbox 646 2798 2181 2872">
     <span class='ocr_line' id='line_1_52' title="bbox 646 2798 2181 2872; baseline 0.008 -26"><span class='ocrx_word' id='word_1_381' title='bbox 646 2809 751 2862; x_wconf 90' lang='lat' dir='ltr'><strong>que</strong></span> <span class='ocrx_word' id='word_1_382' title='bbox 786 2809 887 2849; x_wconf 90' lang='lat' dir='ltr'><strong>non</strong></span> <span class='ocrx_word' id='word_1_383' title='bbox 922 2806 1131 2864; x_wconf 90' lang='lat' dir='ltr'><strong>oportet</strong></span> <span class='ocrx_word' id='word_1_384' title='bbox 1163 2798 1310 2864; x_wconf 90' lang='lat' dir='ltr'><strong>prius</strong></span> <span class='ocrx_word' id='word_1_385' title='bbox 1342 2814 1439 2867; x_wconf 86' lang='lat' dir='ltr'><strong>pro</strong></span> <span class='ocrx_word' id='word_1_386' title='bbox 1473 2804 1710 2869; x_wconf 86' lang='lat' dir='ltr'><strong>peccatis</strong></span> <span class='ocrx_word' id='word_1_387' title='bbox 1750 2817 1998 2870; x_wconf 79' lang='lat' dir='ltr'><strong>exorare,</strong></span> <span class='ocrx_word' id='word_1_388' title='bbox 2027 2820 2181 2872; x_wconf 84' lang='lat' dir='ltr'><strong>quam</strong></span> 
     </span>
    </p>
   </div>
   <div class='ocr_carea' id='block_1_52' title="bbox 2287 2793 3802 2872">
    <p class='ocr_par' dir='ltr' id='par_1_52' title="bbox 2287 2793 3802 2868">
     <span class='ocr_line' id='line_1_53' title="bbox 2287 2793 3802 2868; baseline -0.006 -18"><span class='ocrx_word' id='word_1_389' title='bbox 2287 2813 2433 2868; x_wconf 81' lang='grc' dir='ltr'>τερον</span> <span class='ocrx_word' id='word_1_390' title='bbox 2458 2797 2582 2867; x_wconf 76' lang='grc' dir='ltr'>περὶ</span> <span class='ocrx_word' id='word_1_391' title='bbox 2609 2797 2874 2867; x_wconf 87' lang='grc' dir='ltr'>ἁμαρτίας</span> <span class='ocrx_word' id='word_1_392' title='bbox 2907 2797 3193 2860; x_wconf 71' lang='grc' dir='ltr'>ἱκετεύειν,</span> <span class='ocrx_word' id='word_1_393' title='bbox 3215 2797 3248 2868; x_wconf 76' lang='grc' dir='ltr'><strong>ἢ</strong></span> <span class='ocrx_word' id='word_1_394' title='bbox 3268 2795 3598 2864; x_wconf 81' lang='grc' dir='ltr'>ὑποταγέντα</span> <span class='ocrx_word' id='word_1_395' title='bbox 3623 2793 3695 2862; x_wconf 84' lang='grc' dir='ltr'>τῷ</span> <span class='ocrx_word' id='word_1_396' title='bbox 3714 2793 3802 2843; x_wconf 81' lang='grc' dir='ltr'><strong>Κυ-</strong></span> 
     </span>
    </p>
   </div>
   <div class='ocr_carea' id='block_1_53' title="bbox 646 2881 2190 2960">
    <p class='ocr_par' dir='ltr' id='par_1_53' title="bbox 646 2884 2179 2960">
     <span class='ocr_line' id='line_1_54' title="bbox 646 2884 2179 2960; baseline 0.008 -24"><span class='ocrx_word' id='word_1_397' title='bbox 646 2884 768 2952; x_wconf 92' lang='lat' dir='ltr'><strong>quis</strong></span> <span class='ocrx_word' id='word_1_398' title='bbox 798 2884 1116 2952; x_wconf 88' lang='lat' dir='ltr'><strong>subjiciatur</strong></span> <span class='ocrx_word' id='word_1_399' title='bbox 1139 2887 1386 2953; x_wconf 87' lang='lat' dir='ltr'><strong>Domino,</strong></span> <span class='ocrx_word' id='word_1_400' title='bbox 1419 2889 1472 2943; x_wconf 90' lang='lat' dir='ltr'><strong>id</strong></span> <span class='ocrx_word' id='word_1_401' title='bbox 1496 2900 1578 2945; x_wconf 83' lang='lat' dir='ltr'><strong>est</strong></span> <span class='ocrx_word' id='word_1_402' title='bbox 1620 2906 1650 2944; x_wconf 91' lang='lat' dir='ltr'><strong>a</strong></span> <span class='ocrx_word' id='word_1_403' title='bbox 1682 2891 1918 2960; x_wconf 88' lang='lat' dir='ltr'><strong>peccatis</strong></span> <span class='ocrx_word' id='word_1_404' title='bbox 1948 2896 2179 2948; x_wconf 85' lang='lat' dir='ltr'><strong>recedat.</strong></span> 
     </span>
    </p>
   </div>
   <div class='ocr_carea' id='block_1_54' title="bbox 2287 2881 3801 2960">
    <p class='ocr_par' dir='ltr' id='par_1_54' title="bbox 2287 2881 3801 2958">
     <span class='ocr_line' id='line_1_55' title="bbox 2287 2881 3801 2958; baseline 0.001 -20"><span class='ocrx_word' id='word_1_405' title='bbox 2287 2887 2417 2958; x_wconf 85' lang='grc' dir='ltr'>ρίῳ,</span> <span class='ocrx_word' id='word_1_406' title='bbox 2463 2888 2732 2939; x_wconf 83' lang='grc' dir='ltr'>τουτέστιν</span> <span class='ocrx_word' id='word_1_407' title='bbox 2775 2887 3043 2940; x_wconf 79' lang='grc' dir='ltr'>ἐκστάντα</span> <span class='ocrx_word' id='word_1_408' title='bbox 3093 2889 3190 2957; x_wconf 82' lang='grc' dir='ltr'><strong>τῆς</strong></span> <span class='ocrx_word' id='word_1_409' title='bbox 3238 2887 3519 2958; x_wconf 79' lang='grc' dir='ltr'>ἁμαρτίας.</span> <span class='ocrx_word' id='word_1_410' title='bbox 3574 2886 3683 2938; x_wconf 87' lang='grc' dir='ltr'>Ἔτι</span> <span class='ocrx_word' id='word_1_411' title='bbox 3717 2881 3801 2951; x_wconf 77' lang='grc' dir='ltr'><strong>γὰρ</strong></span> 
     </span>
    </p>
   </div>
   <div class='ocr_carea' id='block_1_55' title="bbox 648 2971 2190 3052">
    <p class='ocr_par' dir='ltr' id='par_1_55' title="bbox 648 2971 2182 3052">
     <span class='ocr_line' id='line_1_56' title="bbox 648 2971 2182 3052; baseline 0.01 -28"><span class='ocrx_word' id='word_1_412' title='bbox 648 2971 798 3038; x_wconf 86' lang='lat' dir='ltr'><strong>Quod</strong></span> <span class='ocrx_word' id='word_1_413' title='bbox 841 2976 981 3028; x_wconf 91' lang='lat' dir='ltr'><strong>enim</strong></span> <span class='ocrx_word' id='word_1_414' title='bbox 1023 2977 1229 3031; x_wconf 83' lang='lat' dir='ltr'><strong>veniam</strong></span> <span class='ocrx_word' id='word_1_415' title='bbox 1264 2990 1602 3046; x_wconf 86' lang='lat' dir='ltr'><strong>peccatorum</strong></span> <span class='ocrx_word' id='word_1_416' title='bbox 1629 2989 1776 3049; x_wconf 88' lang='lat' dir='ltr'><strong>petat</strong></span> <span class='ocrx_word' id='word_1_417' title='bbox 1799 2982 1865 3047; x_wconf 91' lang='lat' dir='ltr'><strong>is,</strong></span> <span class='ocrx_word' id='word_1_418' title='bbox 1888 2984 1981 3052; x_wconf 87' lang='lat' dir='ltr'><strong>qui</strong></span> <span class='ocrx_word' id='word_1_419' title='bbox 2008 2985 2182 3041; x_wconf 88' lang='lat' dir='ltr'><strong>adhuc</strong></span> 
     </span>
    </p>
   </div>
   <div class='ocr_carea' id='block_1_56' title="bbox 2287 2971 3802 3052">
    <p class='ocr_par' dir='ltr' id='par_1_56' title="bbox 2287 2973 3802 3049">
     <span class='ocr_line' id='line_1_57' title="bbox 2287 2973 3802 3049; baseline -0.005 -19"><span class='ocrx_word' id='word_1_420' title='bbox 2287 2977 2405 3030; x_wconf 69' lang='grc' dir='ltr'>ὄντα</span> <span class='ocrx_word' id='word_1_421' title='bbox 2435 2979 2492 3030; x_wconf 90' lang='grc' dir='ltr'><strong>ἐν</strong></span> <span class='ocrx_word' id='word_1_422' title='bbox 2505 2977 2793 3048; x_wconf 82' lang='grc' dir='ltr'>ἁμαρτίαις</span> <span class='ocrx_word' id='word_1_423' title='bbox 2818 2978 3011 3045; x_wconf 63' lang='grc' dir='ltr'>ἄφεσιν</span> <span class='ocrx_word' id='word_1_424' title='bbox 3042 2978 3320 3049; x_wconf 84' lang='grc' dir='ltr'>ἁμαρτιῶν</span> <span class='ocrx_word' id='word_1_425' title='bbox 3343 2979 3529 3043; x_wconf 54' lang='grc' dir='ltr'>αἰτεῖν,</span> <span class='ocrx_word' id='word_1_426' title='bbox 3559 2975 3686 3028; x_wconf 81' lang='grc' dir='ltr'>πάνυ</span> <span class='ocrx_word' id='word_1_427' title='bbox 3711 2973 3802 3026; x_wconf 70' lang='grc' dir='ltr'>ἄλο-</span> 
     </span>
    </p>
   </div>
   <div class='ocr_carea' id='block_1_57' title="bbox 644 3065 2533 3135">
    <p class='ocr_par' dir='ltr' id='par_1_57' title="bbox 644 3065 2533 3135">
     <span class='ocr_line' id='line_1_58' title="bbox 644 3065 2533 3135; baseline 0.007 -22"><span class='ocrx_word' id='word_1_428' title='bbox 644 3065 876 3130; x_wconf 86' lang='lat' dir='ltr'><strong>peccatis</strong></span> <span class='ocrx_word' id='word_1_429' title='bbox 909 3066 1162 3130; x_wconf 65' lang='lat' dir='ltr'><strong>adhmret,</strong></span> <span class='ocrx_word' id='word_1_430' title='bbox 1192 3082 1281 3121; x_wconf 87' lang='lat' dir='ltr'><strong>res</strong></span> <span class='ocrx_word' id='word_1_431' title='bbox 1311 3069 1530 3122; x_wconf 88' lang='lat' dir='ltr'><strong>omnino</strong></span> <span class='ocrx_word' id='word_1_432' title='bbox 1553 3067 1946 3126; x_wconf 89' lang='lat' dir='ltr'><strong>irrationabilis</strong></span> <span class='ocrx_word' id='word_1_433' title='bbox 1974 3082 2074 3127; x_wconf 91' lang='lat' dir='ltr'><strong>est.</strong></span> <span class='ocrx_word' id='word_1_434' title='bbox 2278 3067 2372 3135; x_wconf 86' lang='grc' dir='ltr'><strong>γόν</strong></span> <span class='ocrx_word' id='word_1_435' title='bbox 2402 3069 2533 3119; x_wconf 76' lang='grc' dir='ltr'>ἐστι.</span> 
     </span>
    </p>
   </div>
   <div class='ocr_carea' id='block_1_58' title="bbox 757 2214 2080 2290">
    <p class='ocr_par' dir='ltr' id='par_1_58' title="bbox 757 2214 2080 2290">
     <span class='ocr_line' id='line_1_59' title="bbox 757 2214 2080 2290; baseline 0.008 -22"><span class='ocrx_word' id='word_1_436' title='bbox 757 2214 818 2269; x_wconf 79' lang='grc' dir='ltr'><strong>ν.</strong></span> <span class='ocrx_word' id='word_1_437' title='bbox 854 2216 909 2270; x_wconf 90' lang='lat'><strong>7.</strong></span> <span class='ocrx_word' id='word_1_438' title='bbox 933 2217 1218 2284; x_wconf 87' lang='lat' dir='ltr'><strong>Subjicitor</strong></span> <span class='ocrx_word' id='word_1_439' title='bbox 1257 2219 1501 2286; x_wconf 85' lang='lat' dir='ltr'><strong>Domino,</strong></span> <span class='ocrx_word' id='word_1_440' title='bbox 1542 2231 1590 2275; x_wconf 85' lang='lat' dir='ltr'><strong>et</strong></span> <span class='ocrx_word' id='word_1_441' title='bbox 1620 2221 1894 2290; x_wconf 78' lang='lat' dir='ltr'><strong>deprecare</strong></span> <span class='ocrx_word' id='word_1_442' title='bbox 1941 2239 2080 2278; x_wconf 87' lang='lat' dir='ltr'><strong>eum.</strong></span> 
     </span>
    </p>
   </div>
   <div class='ocr_carea' id='block_1_59' title="bbox 646 3192 2190 3279">
    <p class='ocr_par' dir='ltr' id='par_1_59' title="bbox 646 3192 2178 3279">
     <span class='ocr_line' id='line_1_60' title="bbox 646 3192 2178 3279; baseline 0.007 -31"><span class='ocrx_word' id='word_1_443' title='bbox 646 3192 720 3274; x_wconf 38' lang='grc' dir='ltr'>ι’..</span> <span class='ocrx_word' id='word_1_444' title='bbox 743 3194 797 3246; x_wconf 92' lang='grc'>7.</span> <span class='ocrx_word' id='word_1_445' title='bbox 835 3192 918 3273; x_wconf 51' lang='lat' dir='ltr'><strong>Ne</strong></span> <span class='ocrx_word' id='word_1_446' title='bbox 945 3196 1294 3279; x_wconf 43' lang='lat' dir='ltr'><strong>“stimuleris.</strong></span> <span class='ocrx_word' id='word_1_447' title='bbox 1324 3199 1485 3279; x_wconf 77' lang='lat' dir='ltr'><strong>in_eo_</strong></span> <span class='ocrx_word' id='word_1_448' title='bbox 1510 3203 1597 3269; x_wconf 88' lang='lat' dir='ltr'><strong>qui</strong></span> <span class='ocrx_word' id='word_1_449' title='bbox 1639 3202 1952 3279; x_wconf 70' lang='lat' dir='ltr'><strong>fortunatus</strong></span> <span class='ocrx_word' id='word_1_450' title='bbox 1985 3205 2178 3260; x_wconf 72' lang='lat' dir='ltr'><strong>incedit</strong></span> 
     </span>
    </p>
   </div>
   <div class='ocr_carea' id='block_1_60' title="bbox 2287 3192 3802 3279">
    <p class='ocr_par' dir='ltr' id='par_1_60' title="bbox 2287 3192 3802 3279">
     <span class='ocr_line' id='line_1_61' title="bbox 2287 3192 3802 3279; baseline -0.005 -28"><span class='ocrx_word' id='word_1_451' title='bbox 2287 3198 2424 3278; x_wconf 57' lang='grc' dir='ltr'>Στίλρ</span> <span class='ocrx_word' id='word_1_452' title='bbox 2465 3197 3031 3279; x_wconf 34' lang='grc' dir='ltr'>ςλΜὴτταραζῇλου</span> <span class='ocrx_word' id='word_1_453' title='bbox 3051 3197 3224 3279; x_wconf 45' lang='grc' dir='ltr'><strong>ἐν’τῷ</strong></span> <span class='ocrx_word' id='word_1_454' title='bbox 3253 3193 3711 3276; x_wconf 70' lang='grc' dir='ltr'>κατευρδουμένῳ</span> <span class='ocrx_word' id='word_1_455' title='bbox 3750 3192 3802 3244; x_wconf 72' lang='grc' dir='ltr'><strong>ἐν</strong></span> 
     </span>
    </p>
   </div>
   <div class='ocr_carea' id='block_1_61' title="bbox 702 3263 2190 3339">
    <p class='ocr_par' dir='ltr' id='par_1_61' title="bbox 702 3263 2128 3339">
     <span class='ocr_line' id='line_1_62' title="bbox 702 3263 2128 3339; baseline 0.012 -25"><span class='ocrx_word' id='word_1_456' title='bbox 702 3263 758 3314; x_wconf 85' lang='lat' dir='ltr'><strong>in</strong></span> <span class='ocrx_word' id='word_1_457' title='bbox 798 3263 882 3314; x_wconf 86' lang='lat' dir='ltr'><strong>via</strong></span> <span class='ocrx_word' id='word_1_458' title='bbox 914 3279 1031 3330; x_wconf 75' lang='lat' dir='ltr'><strong>sua,</strong></span> <span class='ocrx_word' id='word_1_459' title='bbox 1066 3265 1122 3318; x_wconf 86' lang='lat' dir='ltr'><strong>in</strong></span> <span class='ocrx_word' id='word_1_460' title='bbox 1152 3265 1356 3319; x_wconf 86' lang='lat' dir='ltr'><strong>homine</strong></span> <span class='ocrx_word' id='word_1_461' title='bbox 1380 3263 1603 3334; x_wconf 78' lang='lat' dir='ltr'><strong>faciente</strong></span> <span class='ocrx_word' id='word_1_462' title='bbox 1627 3263 2128 3339; x_wconf 71' lang='lat' dir='ltr'><strong>prwvaricationem.</strong></span> 
     </span>
    </p>
   </div>
   <div class='ocr_carea' id='block_1_62' title="bbox 2287 3263 3800 3339">
    <p class='ocr_par' dir='ltr' id='par_1_62' title="bbox 2350 3263 3800 3339">
     <span class='ocr_line' id='line_1_63' title="bbox 2350 3263 3800 3339; baseline -0.005 -19"><span class='ocrx_word' id='word_1_463' title='bbox 2350 3263 2424 3339; x_wconf 55' lang='grc' dir='ltr'><strong>τῇ</strong></span> <span class='ocrx_word' id='word_1_464' title='bbox 2454 3267 2568 3332; x_wconf 82' lang='grc' dir='ltr'><strong>ὀδῷ</strong></span> <span class='ocrx_word' id='word_1_465' title='bbox 2612 3263 2815 3331; x_wconf 82' lang='grc' dir='ltr'>αὐτοῦ,</span> <span class='ocrx_word' id='word_1_466' title='bbox 2857 3268 2926 3319; x_wconf 79' lang='grc' dir='ltr'>ἐν</span> <span class='ocrx_word' id='word_1_467' title='bbox 2961 3267 3248 3336; x_wconf 81' lang='grc' dir='ltr'><strong>ἀνθρώπῳ</strong></span> <span class='ocrx_word' id='word_1_468' title='bbox 3281 3265 3545 3320; x_wconf 75' lang='grc' dir='ltr'>ποιοῦντι</span> <span class='ocrx_word' id='word_1_469' title='bbox 3570 3263 3800 3331; x_wconf 63' lang='grc' dir='ltr'>παρανο-</span> 
     </span>
    </p>
   </div>
   <div class='ocr_carea' id='block_1_63' title="bbox 713 3414 2181 3496">
    <p class='ocr_par' dir='ltr' id='par_1_63' title="bbox 713 3414 2181 3496">
     <span class='ocr_line' id='line_1_64' title="bbox 713 3414 2181 3496; baseline 0.012 -27"><span class='ocrx_word' id='word_1_470' title='bbox 713 3414 792 3469; x_wconf 84' lang='lat' dir='ltr'><strong>Ne</strong></span> <span class='ocrx_word' id='word_1_471' title='bbox 820 3416 1262 3488; x_wconf 83' lang='lat' dir='ltr'><strong>imiteris.inquit.</strong></span> <span class='ocrx_word' id='word_1_472' title='bbox 1298 3421 1604 3478; x_wconf 82' lang='lat' dir='ltr'><strong>felicitatem</strong></span> <span class='ocrx_word' id='word_1_473' title='bbox 1641 3440 1706 3480; x_wconf 82' lang='lat' dir='ltr'><strong>ex</strong></span> <span class='ocrx_word' id='word_1_474' title='bbox 1739 3429 2181 3496; x_wconf 69' lang='lat' dir='ltr'><strong>prmvaricatione</strong></span> 
     </span>
    </p>
   </div>
   <div class='ocr_carea' id='block_1_64' title="bbox 649 3506 2178 3587">
    <p class='ocr_par' dir='ltr' id='par_1_64' title="bbox 649 3506 2178 3587">
     <span class='ocr_line' id='line_1_65' title="bbox 649 3506 2178 3587; baseline 0.012 -30"><span class='ocrx_word' id='word_1_475' title='bbox 649 3506 1052 3574; x_wconf 75' lang='lat' dir='ltr'><strong>provenientem</strong></span> <span class='ocrx_word' id='word_1_476' title='bbox 1092 3525 1107 3561; x_wconf 88' lang='lat'><strong>:</strong></span> <span class='ocrx_word' id='word_1_477' title='bbox 1154 3523 1323 3579; x_wconf 88' lang='lat' dir='ltr'><strong>neque</strong></span> <span class='ocrx_word' id='word_1_478' title='bbox 1369 3512 1434 3564; x_wconf 90' lang='lat' dir='ltr'><strong>ad</strong></span> <span class='ocrx_word' id='word_1_479' title='bbox 1488 3512 1688 3584; x_wconf 78' lang='lat' dir='ltr'><strong>ﬂagitia</strong></span> <span class='ocrx_word' id='word_1_480' title='bbox 1737 3523 2067 3587; x_wconf 86' lang='lat' dir='ltr'><strong>provoceris,</strong></span> <span class='ocrx_word' id='word_1_481' title='bbox 2096 3531 2178 3576; x_wconf 88' lang='lat' dir='ltr'><strong>ta-</strong></span> 
     </span>
    </p>
   </div>
   <div class='ocr_carea' id='block_1_65' title="bbox 647 3595 2184 3680">
    <p class='ocr_par' dir='ltr' id='par_1_65' title="bbox 647 3595 2184 3680">
     <span class='ocr_line' id='line_1_66' title="bbox 647 3595 2184 3680; baseline 0.013 -33"><span class='ocrx_word' id='word_1_482' title='bbox 647 3595 804 3649; x_wconf 89' lang='lat' dir='ltr'><strong>metsi</strong></span> <span class='ocrx_word' id='word_1_483' title='bbox 835 3596 1014 3650; x_wconf 87' lang='lat' dir='ltr'><strong>videas</strong></span> <span class='ocrx_word' id='word_1_484' title='bbox 1047 3600 1363 3666; x_wconf 84' lang='lat' dir='ltr'><strong>pravitatem</strong></span> <span class='ocrx_word' id='word_1_485' title='bbox 1397 3603 1624 3658; x_wconf 89' lang='lat' dir='ltr'><strong>feliciter</strong></span> <span class='ocrx_word' id='word_1_486' title='bbox 1661 3607 1940 3680; x_wconf 87' lang='lat' dir='ltr'><strong>fausteque</strong></span> <span class='ocrx_word' id='word_1_487' title='bbox 1974 3623 2184 3666; x_wconf 85' lang='lat' dir='ltr'><strong>verten-</strong></span> 
     </span>
    </p>
   </div>
   <div class='ocr_carea' id='block_1_66' title="bbox 649 3686 2182 3765">
    <p class='ocr_par' dir='ltr' id='par_1_66' title="bbox 649 3686 2182 3765">
     <span class='ocr_line' id='line_1_67' title="bbox 649 3686 2182 3765; baseline 0.012 -27"><span class='ocrx_word' id='word_1_488' title='bbox 649 3695 784 3750; x_wconf 88' lang='lat' dir='ltr'><strong>tem,</strong></span> <span class='ocrx_word' id='word_1_489' title='bbox 806 3686 1069 3754; x_wconf 90' lang='lat' dir='ltr'><strong>siquidem</strong></span> <span class='ocrx_word' id='word_1_490' title='bbox 1093 3689 1432 3758; x_wconf 83' lang='lat' dir='ltr'><strong>cogitandum</strong></span> <span class='ocrx_word' id='word_1_491' title='bbox 1456 3703 1559 3758; x_wconf 87' lang='lat' dir='ltr'><strong>est,</strong></span> <span class='ocrx_word' id='word_1_492' title='bbox 1583 3699 1722 3765; x_wconf 89' lang='lat' dir='ltr'><strong>quod</strong></span> <span class='ocrx_word' id='word_1_493' title='bbox 1759 3700 2008 3752; x_wconf 71' lang='lat' dir='ltr'><strong>saeculum</strong></span> <span class='ocrx_word' id='word_1_494' title='bbox 2045 3703 2182 3756; x_wconf 89' lang='lat' dir='ltr'><strong>istud</strong></span> 
     </span>
    </p>
   </div>
   <div class='ocr_carea' id='block_1_67' title="bbox 647 3775 2182 3848">
    <p class='ocr_par' dir='ltr' id='par_1_67' title="bbox 647 3775 2182 3848">
     <span class='ocr_line' id='line_1_68' title="bbox 647 3775 2182 3848; baseline 0.013 -23"><span class='ocrx_word' id='word_1_495' title='bbox 647 3786 833 3826; x_wconf 87' lang='lat' dir='ltr'><strong>eorum</strong></span> <span class='ocrx_word' id='word_1_496' title='bbox 861 3775 950 3840; x_wconf 89' lang='lat' dir='ltr'><strong>sit,</strong></span> <span class='ocrx_word' id='word_1_497' title='bbox 983 3777 1072 3843; x_wconf 88' lang='lat' dir='ltr'><strong>qui</strong></span> <span class='ocrx_word' id='word_1_498' title='bbox 1100 3776 1255 3830; x_wconf 88' lang='lat' dir='ltr'><strong>aliam</strong></span> <span class='ocrx_word' id='word_1_499' title='bbox 1286 3795 1431 3848; x_wconf 86' lang='lat' dir='ltr'><strong>spem</strong></span> <span class='ocrx_word' id='word_1_500' title='bbox 1483 3798 1586 3837; x_wconf 89' lang='lat' dir='ltr'><strong>non</strong></span> <span class='ocrx_word' id='word_1_501' title='bbox 1635 3786 1855 3842; x_wconf 86' lang='lat' dir='ltr'><strong>habent.</strong></span> <span class='ocrx_word' id='word_1_502' title='bbox 1901 3789 2182 3846; x_wconf 90' lang='lat' dir='ltr'><strong>Fortunati</strong></span> 
     </span>
    </p>
   </div>
   <div class='ocr_carea' id='block_1_68' title="bbox 645 3861 2184 3942">
    <p class='ocr_par' dir='ltr' id='par_1_68' title="bbox 645 3861 2184 3942">
     <span class='ocr_line' id='line_1_69' title="bbox 645 3861 2184 3942; baseline 0.014 -27"><span class='ocrx_word' id='word_1_503' title='bbox 645 3861 702 3916; x_wconf 89' lang='lat' dir='ltr'><strong>in</strong></span> <span class='ocrx_word' id='word_1_504' title='bbox 736 3876 802 3917; x_wconf 87' lang='lat' dir='ltr'><strong>eo</strong></span> <span class='ocrx_word' id='word_1_505' title='bbox 828 3865 956 3929; x_wconf 90' lang='lat' dir='ltr'><strong>sint,</strong></span> <span class='ocrx_word' id='word_1_506' title='bbox 992 3875 1045 3919; x_wconf 92' lang='lat' dir='ltr'><strong>et</strong></span> <span class='ocrx_word' id='word_1_507' title='bbox 1086 3866 1318 3923; x_wconf 83' lang='lat' dir='ltr'><strong>habento</strong></span> <span class='ocrx_word' id='word_1_508' title='bbox 1363 3886 1482 3940; x_wconf 50' lang='lat' dir='ltr'><strong>quae.</strong></span> <span class='ocrx_word' id='word_1_509' title='bbox 1525 3885 1836 3942; x_wconf 84' lang='lat' dir='ltr'><strong>reputantur</strong></span> <span class='ocrx_word' id='word_1_510' title='bbox 1878 3880 2040 3935; x_wconf 90' lang='lat' dir='ltr'><strong>bona.</strong></span> <span class='ocrx_word' id='word_1_511' title='bbox 2079 3882 2184 3937; x_wconf 85' lang='lat' dir='ltr'><strong>Nos</strong></span> 
     </span>
    </p>
   </div>
   <div class='ocr_carea' id='block_1_69' title="bbox 646 3954 2186 4034">
    <p class='ocr_par' dir='ltr' id='par_1_69' title="bbox 646 3954 2186 4034">
     <span class='ocr_line' id='line_1_70' title="bbox 646 3954 2186 4034; baseline 0.012 -28"><span class='ocrx_word' id='word_1_512' title='bbox 646 3965 777 4007; x_wconf 76' lang='lat' dir='ltr'><strong>vero</strong></span> <span class='ocrx_word' id='word_1_513' title='bbox 797 3954 848 4006; x_wconf 93' lang='lat' dir='ltr'><strong>in</strong></span> <span class='ocrx_word' id='word_1_514' title='bbox 887 3956 1028 4009; x_wconf 91' lang='lat' dir='ltr'><strong>aliud</strong></span> <span class='ocrx_word' id='word_1_515' title='bbox 1050 3959 1299 4012; x_wconf 65' lang='lat' dir='ltr'><strong>saeculum</strong></span> <span class='ocrx_word' id='word_1_516' title='bbox 1333 3963 1450 4015; x_wconf 69' lang='lat' dir='ltr'><strong>vita:</strong></span> <span class='ocrx_word' id='word_1_517' title='bbox 1479 3964 1714 4019; x_wconf 90' lang='lat' dir='ltr'><strong>animum</strong></span> <span class='ocrx_word' id='word_1_518' title='bbox 1739 3967 2061 4023; x_wconf 85' lang='lat' dir='ltr'><strong>intendimus</strong></span> <span class='ocrx_word' id='word_1_519' title='bbox 2087 4012 2101 4034; x_wconf 92' lang='lat'><strong>,</strong></span> <span class='ocrx_word' id='word_1_520' title='bbox 2131 3983 2186 4025; x_wconf 90' lang='lat' dir='ltr'><strong>et</strong></span> 
     </span>
    </p>
   </div>
   <div class='ocr_carea' id='block_1_70' title="bbox 648 4051 2182 4126">
    <p class='ocr_par' dir='ltr' id='par_1_70' title="bbox 648 4051 2182 4126">
     <span class='ocr_line' id='line_1_71' title="bbox 648 4051 2182 4126; baseline 0.012 -28"><span class='ocrx_word' id='word_1_521' title='bbox 648 4059 771 4113; x_wconf 84' lang='lat' dir='ltr'><strong>spes</strong></span> <span class='ocrx_word' id='word_1_522' title='bbox 807 4057 987 4101; x_wconf 90' lang='lat' dir='ltr'><strong>nostra</strong></span> <span class='ocrx_word' id='word_1_523' title='bbox 1015 4060 1138 4116; x_wconf 93' lang='lat' dir='ltr'><strong>post</strong></span> <span class='ocrx_word' id='word_1_524' title='bbox 1165 4051 1263 4105; x_wconf 84' lang='lat' dir='ltr'><strong>hoc</strong></span> <span class='ocrx_word' id='word_1_525' title='bbox 1295 4054 1545 4108; x_wconf 72' lang='lat' dir='ltr'><strong>saeculum</strong></span> <span class='ocrx_word' id='word_1_526' title='bbox 1580 4059 1889 4126; x_wconf 81' lang='lat' dir='ltr'><strong>porrigitur.</strong></span> <span class='ocrx_word' id='word_1_527' title='bbox 1911 4061 2049 4115; x_wconf 89' lang='lat' dir='ltr'><strong>Fieri</strong></span> <span class='ocrx_word' id='word_1_528' title='bbox 2079 4079 2182 4116; x_wconf 91' lang='lat' dir='ltr'><strong>non</strong></span> 
     </span>
    </p>
   </div>
   <div class='ocr_carea' id='block_1_71' title="bbox 648 4139 2186 4220">
    <p class='ocr_par' dir='ltr' id='par_1_71' title="bbox 648 4139 2186 4220">
     <span class='ocr_line' id='line_1_72' title="bbox 648 4139 2186 4220; baseline 0.012 -32"><span class='ocrx_word' id='word_1_529' title='bbox 648 4145 824 4205; x_wconf 89' lang='lat' dir='ltr'><strong>potest</strong></span> <span class='ocrx_word' id='word_1_530' title='bbox 876 4147 932 4190; x_wconf 93' lang='lat' dir='ltr'><strong>ut</strong></span> <span class='ocrx_word' id='word_1_531' title='bbox 960 4148 1014 4192; x_wconf 85' lang='lat' dir='ltr'><strong>et</strong></span> <span class='ocrx_word' id='word_1_532' title='bbox 1047 4139 1098 4192; x_wconf 89' lang='lat' dir='ltr'><strong>in</strong></span> <span class='ocrx_word' id='word_1_533' title='bbox 1128 4142 1228 4220; x_wconf 63' lang='lat' dir='ltr'><strong>boq</strong></span> <span class='ocrx_word' id='word_1_534' title='bbox 1254 4152 1308 4195; x_wconf 89' lang='lat' dir='ltr'><strong>et</strong></span> <span class='ocrx_word' id='word_1_535' title='bbox 1355 4143 1407 4196; x_wconf 92' lang='lat' dir='ltr'><strong>in</strong></span> <span class='ocrx_word' id='word_1_536' title='bbox 1451 4144 1542 4198; x_wconf 91' lang='lat' dir='ltr'><strong>illo</strong></span> <span class='ocrx_word' id='word_1_537' title='bbox 1586 4147 1780 4202; x_wconf 68' lang='lat' dir='ltr'><strong>saeculo</strong></span> <span class='ocrx_word' id='word_1_538' title='bbox 1822 4149 1960 4204; x_wconf 87' lang='lat' dir='ltr'><strong>bona</strong></span> <span class='ocrx_word' id='word_1_539' title='bbox 1991 4152 2186 4206; x_wconf 86' lang='lat' dir='ltr'><strong>habea-</strong></span> 
     </span>
    </p>
   </div>
   <div class='ocr_carea' id='block_1_72' title="bbox 653 4225 2182 4305">
    <p class='ocr_par' dir='ltr' id='par_1_72' title="bbox 653 4225 2182 4305">
     <span class='ocr_line' id='line_1_73' title="bbox 653 4225 2182 4305; baseline 0.012 -27"><span class='ocrx_word' id='word_1_540' title='bbox 653 4240 790 4278; x_wconf 90' lang='lat' dir='ltr'><strong>mus.</strong></span> <span class='ocrx_word' id='word_1_541' title='bbox 824 4225 880 4280; x_wconf 92' lang='lat' dir='ltr'><strong>Si</strong></span> <span class='ocrx_word' id='word_1_542' title='bbox 905 4229 1044 4281; x_wconf 91' lang='lat' dir='ltr'><strong>enim</strong></span> <span class='ocrx_word' id='word_1_543' title='bbox 1077 4229 1166 4284; x_wconf 86' lang='lat' dir='ltr'><strong>hic</strong></span> <span class='ocrx_word' id='word_1_544' title='bbox 1191 4226 1387 4286; x_wconf 79' lang='lat' dir='ltr'><strong>habeat</strong></span> <span class='ocrx_word' id='word_1_545' title='bbox 1415 4235 1556 4301; x_wconf 87' lang='lat' dir='ltr'><strong>quis,</strong></span> <span class='ocrx_word' id='word_1_546' title='bbox 1601 4235 1673 4289; x_wconf 89' lang='lat' dir='ltr'><strong>ibi</strong></span> <span class='ocrx_word' id='word_1_547' title='bbox 1716 4239 1929 4305; x_wconf 89' lang='lat' dir='ltr'><strong>punitus</strong></span> <span class='ocrx_word' id='word_1_548' title='bbox 1957 4243 2136 4296; x_wconf 90' lang='lat' dir='ltr'><strong>audiet</strong></span> <span class='ocrx_word' id='word_1_549' title='bbox 2168 4260 2182 4297; x_wconf 93' lang='lat'>:</span> 
     </span>
    </p>
   </div>
   <div class='ocr_carea' id='block_1_73' title="bbox 646 4311 2185 4384">
    <p class='ocr_par' dir='ltr' id='par_1_73' title="bbox 646 4311 2185 4384">
     <span class='ocr_line' id='line_1_74' title="bbox 646 4311 2185 4384; baseline 0.014 -22"><span class='ocrx_word' id='word_1_550' title='bbox 646 4311 903 4378; x_wconf 73' lang='lat' dir='ltr'><strong>Accepisti</strong></span> <span class='ocrx_word' id='word_1_551' title='bbox 942 4314 1074 4366; x_wconf 85' lang='lat' dir='ltr'><strong>bona</strong></span> <span class='ocrx_word' id='word_1_552' title='bbox 1105 4325 1193 4368; x_wconf 86' lang='lat' dir='ltr'><strong>tua</strong></span> <span class='ocrx_word' id='word_1_553' title='bbox 1220 4319 1273 4370; x_wconf 86' lang='lat' dir='ltr'><strong>in</strong></span> <span class='ocrx_word' id='word_1_554' title='bbox 1301 4320 1404 4372; x_wconf 80' lang='lat' dir='ltr'><strong>vita</strong></span> <span class='ocrx_word' id='word_1_555' title='bbox 1445 4330 1533 4372; x_wconf 88' lang='lat' dir='ltr'><strong>tua</strong></span> <span class='ocrx_word' id='word_1_556' title='bbox 1568 4322 1633 4374; x_wconf 70' lang='grc' dir='ltr'><strong>τ’.</strong></span> <span class='ocrx_word' id='word_1_557' title='bbox 1667 4321 1979 4381; x_wconf 85' lang='lat' dir='ltr'><strong>Necessario</strong></span> <span class='ocrx_word' id='word_1_558' title='bbox 2008 4337 2185 4384; x_wconf 85' lang='lat' dir='ltr'><strong>tamen</strong></span> 
     </span>
    </p>
   </div>
   <div class='ocr_carea' id='block_1_74' title="bbox 2345 3338 2506 3404">
    <p class='ocr_par' dir='ltr' id='par_1_74' title="bbox 2345 3338 2506 3404">
     <span class='ocr_line' id='line_1_75' title="bbox 2345 3338 2506 3404; baseline -0.006 -16"><span class='ocrx_word' id='word_1_559' title='bbox 2345 3338 2506 3404; x_wconf 80' lang='grc' dir='ltr'>μίαν.</span> 
     </span>
    </p>
   </div>
   <div class='ocr_carea' id='block_1_75' title="bbox 2348 3424 3799 3497">
    <p class='ocr_par' dir='ltr' id='par_1_75' title="bbox 2348 3424 3799 3497">
     <span class='ocr_line' id='line_1_76' title="bbox 2348 3424 3799 3497; baseline 0.005 -17"><span class='ocrx_word' id='word_1_560' title='bbox 2348 3427 2438 3496; x_wconf 78' lang='grc' dir='ltr'><strong>Μὴ</strong></span> <span class='ocrx_word' id='word_1_561' title='bbox 2461 3427 2691 3496; x_wconf 82' lang='grc' dir='ltr'>μιμήσῃ,</span> <span class='ocrx_word' id='word_1_562' title='bbox 2706 3426 2887 3495; x_wconf 70' lang='grc' dir='ltr'>φησιν,</span> <span class='ocrx_word' id='word_1_563' title='bbox 2903 3427 3248 3496; x_wconf 82' lang='grc' dir='ltr'>εὐδαιμονίαν</span> <span class='ocrx_word' id='word_1_564' title='bbox 3267 3429 3332 3480; x_wconf 85' lang='grc' dir='ltr'>ὲκ</span> <span class='ocrx_word' id='word_1_565' title='bbox 3355 3424 3680 3497; x_wconf 79' lang='grc' dir='ltr'>παρανομίας</span> <span class='ocrx_word' id='word_1_566' title='bbox 3697 3436 3799 3492; x_wconf 63' lang='grc' dir='ltr'><strong>ουτ·</strong></span> 
     </span>
    </p>
   </div>
   <div class='ocr_carea' id='block_1_76' title="bbox 2281 3511 3799 3588">
    <p class='ocr_par' dir='ltr' id='par_1_76' title="bbox 2281 3511 3799 3588">
     <span class='ocr_line' id='line_1_77' title="bbox 2281 3511 3799 3588; baseline -0.003 -18"><span class='ocrx_word' id='word_1_567' title='bbox 2281 3516 2676 3586; x_wconf 83' lang='grc' dir='ltr'>κροτουμένην·</span> <span class='ocrx_word' id='word_1_568' title='bbox 2710 3516 2841 3586; x_wconf 79' lang='grc' dir='ltr'>μηδὲ</span> <span class='ocrx_word' id='word_1_569' title='bbox 2896 3519 2976 3580; x_wconf 78' lang='grc' dir='ltr'><strong>εἰς</strong></span> <span class='ocrx_word' id='word_1_570' title='bbox 3015 3518 3212 3572; x_wconf 81' lang='grc' dir='ltr'>κακίαν</span> <span class='ocrx_word' id='word_1_571' title='bbox 3259 3517 3519 3588; x_wconf 80' lang='grc' dir='ltr'>ἐρεθίζου,</span> <span class='ocrx_word' id='word_1_572' title='bbox 3566 3515 3661 3568; x_wconf 79' lang='grc' dir='ltr'><strong>κᾶν</strong></span> <span class='ocrx_word' id='word_1_573' title='bbox 3693 3511 3799 3582; x_wconf 78' lang='grc' dir='ltr'>ὁρᾷς</span> 
     </span>
    </p>
   </div>
   <div class='ocr_carea' id='block_1_77' title="bbox 2281 3599 3801 3675">
    <p class='ocr_par' dir='ltr' id='par_1_77' title="bbox 2281 3599 3801 3675">
     <span class='ocr_line' id='line_1_78' title="bbox 2281 3599 3801 3675; baseline -0.005 -16"><span class='ocrx_word' id='word_1_574' title='bbox 2281 3608 2341 3659; x_wconf 75' lang='grc' dir='ltr'><strong>τὸ</strong></span> <span class='ocrx_word' id='word_1_575' title='bbox 2371 3605 2535 3658; x_wconf 84' lang='grc' dir='ltr'>κακὸν</span> <span class='ocrx_word' id='word_1_576' title='bbox 2576 3605 2922 3675; x_wconf 84' lang='grc' dir='ltr'>εὐοδούμενον</span> <span class='ocrx_word' id='word_1_577' title='bbox 2940 3646 2954 3670; x_wconf 91' lang='grc'><strong>,</strong></span> <span class='ocrx_word' id='word_1_578' title='bbox 3001 3607 3118 3660; x_wconf 82' lang='grc' dir='ltr'>δέον</span> <span class='ocrx_word' id='word_1_579' title='bbox 3147 3607 3457 3675; x_wconf 82' lang='grc' dir='ltr'>λογίσασθαι</span> <span class='ocrx_word' id='word_1_580' title='bbox 3480 3648 3494 3670; x_wconf 95' lang='grc'><strong>,</strong></span> <span class='ocrx_word' id='word_1_581' title='bbox 3525 3607 3602 3659; x_wconf 85' lang='grc' dir='ltr'><strong>ὅτι</strong></span> <span class='ocrx_word' id='word_1_582' title='bbox 3629 3605 3655 3657; x_wconf 85' lang='grc' dir='ltr'>ὁ</span> <span class='ocrx_word' id='word_1_583' title='bbox 3694 3599 3801 3654; x_wconf 55' lang='lat' dir='ltr'><strong>alti»</strong></span> 
     </span>
    </p>
   </div>
   <div class='ocr_carea' id='block_1_78' title="bbox 2284 3689 3799 3768">
    <p class='ocr_par' dir='ltr' id='par_1_78' title="bbox 2284 3689 3799 3768">
     <span class='ocr_line' id='line_1_79' title="bbox 2284 3689 3799 3768; baseline -0.003 -21"><span class='ocrx_word' id='word_1_584' title='bbox 2284 3689 2435 3758; x_wconf 76' lang='grc' dir='ltr'>οὗτος</span> <span class='ocrx_word' id='word_1_585' title='bbox 2475 3693 2676 3747; x_wconf 79' lang='grc' dir='ltr'>τούτων</span> <span class='ocrx_word' id='word_1_586' title='bbox 2722 3694 2836 3746; x_wconf 82' lang='grc' dir='ltr'>ἐστὶ</span> <span class='ocrx_word' id='word_1_587' title='bbox 2884 3696 2995 3748; x_wconf 89' lang='grc' dir='ltr'><strong>τῶν</strong></span> <span class='ocrx_word' id='word_1_588' title='bbox 3045 3697 3119 3768; x_wconf 79' lang='grc' dir='ltr'><strong>μὴ</strong></span> <span class='ocrx_word' id='word_1_589' title='bbox 3164 3698 3394 3766; x_wconf 86' lang='grc' dir='ltr'>ἐχόντων</span> <span class='ocrx_word' id='word_1_590' title='bbox 3437 3696 3596 3765; x_wconf 80' lang='grc' dir='ltr'>ἄλλην</span> <span class='ocrx_word' id='word_1_591' title='bbox 3623 3692 3799 3746; x_wconf 82' lang='grc' dir='ltr'>ἐλπίδα.</span> 
     </span>
    </p>
   </div>
   <div class='ocr_carea' id='block_1_79' title="bbox 2282 3785 3799 3858">
    <p class='ocr_par' dir='ltr' id='par_1_79' title="bbox 2282 3785 3799 3858">
     <span class='ocr_line' id='line_1_80' title="bbox 2282 3785 3799 3858; baseline -0.003 -18"><span class='ocrx_word' id='word_1_592' title='bbox 2282 3787 2684 3857; x_wconf 79' lang='grc' dir='ltr'>Εὐτυχείτωσαν</span> <span class='ocrx_word' id='word_1_593' title='bbox 2715 3788 2772 3838; x_wconf 89' lang='grc' dir='ltr'><strong>ἐν</strong></span> <span class='ocrx_word' id='word_1_594' title='bbox 2798 3787 2968 3857; x_wconf 81' lang='grc' dir='ltr'>αὐτῷ,</span> <span class='ocrx_word' id='word_1_595' title='bbox 3002 3789 3095 3841; x_wconf 83' lang='grc' dir='ltr'><strong>καὶ</strong></span> <span class='ocrx_word' id='word_1_596' title='bbox 3117 3788 3387 3857; x_wconf 80' lang='grc' dir='ltr'>ἐχέτωσαν</span> <span class='ocrx_word' id='word_1_597' title='bbox 3411 3790 3476 3842; x_wconf 78' lang='grc' dir='ltr'><strong>τὰ</strong></span> <span class='ocrx_word' id='word_1_598' title='bbox 3505 3785 3799 3858; x_wconf 68' lang='grc' dir='ltr'>νομιζόμενα</span> 
     </span>
    </p>
   </div>
   <div class='ocr_carea' id='block_1_80' title="bbox 2283 3875 3800 3949">
    <p class='ocr_par' dir='ltr' id='par_1_80' title="bbox 2283 3875 3800 3949">
     <span class='ocr_line' id='line_1_81' title="bbox 2283 3875 3800 3949; baseline 0.005 -21"><span class='ocrx_word' id='word_1_599' title='bbox 2283 3876 2478 3944; x_wconf 84' lang='grc' dir='ltr'>ἀγαθά.</span> <span class='ocrx_word' id='word_1_600' title='bbox 2512 3877 2699 3945; x_wconf 82' lang='grc' dir='ltr'>Ἡμεῖς</span> <span class='ocrx_word' id='word_1_601' title='bbox 2735 3877 2791 3928; x_wconf 86' lang='grc' dir='ltr'><strong>δέ</strong></span> <span class='ocrx_word' id='word_1_602' title='bbox 2836 3879 2920 3942; x_wconf 77' lang='grc' dir='ltr'>εἰς</span> <span class='ocrx_word' id='word_1_603' title='bbox 2951 3878 3108 3930; x_wconf 80' lang='grc' dir='ltr'>ἄλλον</span> <span class='ocrx_word' id='word_1_604' title='bbox 3146 3879 3317 3932; x_wconf 79' lang='grc' dir='ltr'>αἰῶνα</span> <span class='ocrx_word' id='word_1_605' title='bbox 3359 3880 3619 3949; x_wconf 81' lang='grc' dir='ltr'>βλέπομεν</span> <span class='ocrx_word' id='word_1_606' title='bbox 3651 3875 3800 3941; x_wconf 76' lang='grc' dir='ltr'><strong>ζωῆς·</strong></span> 
     </span>
    </p>
   </div>
   <div class='ocr_carea' id='block_1_81' title="bbox 2284 3964 3803 4039">
    <p class='ocr_par' dir='ltr' id='par_1_81' title="bbox 2284 3964 3803 4039">
     <span class='ocr_line' id='line_1_82' title="bbox 2284 3964 3803 4039; baseline -0.003 -19"><span class='ocrx_word' id='word_1_607' title='bbox 2284 3969 2375 4021; x_wconf 74' lang='grc' dir='ltr'>καὶ</span> <span class='ocrx_word' id='word_1_608' title='bbox 2407 3969 2439 4037; x_wconf 86' lang='grc' dir='ltr'><strong>ἡ</strong></span> <span class='ocrx_word' id='word_1_609' title='bbox 2473 3968 2622 4030; x_wconf 75' lang='grc' dir='ltr'>ἐλπὶς</span> <span class='ocrx_word' id='word_1_610' title='bbox 2647 3966 2823 4038; x_wconf 85' lang='grc' dir='ltr'>ἡμῶν,</span> <span class='ocrx_word' id='word_1_611' title='bbox 2871 3968 3001 4038; x_wconf 80' lang='grc' dir='ltr'>ἑξῆς</span> <span class='ocrx_word' id='word_1_612' title='bbox 3029 3969 3203 4039; x_wconf 85' lang='grc' dir='ltr'>τούτῳ</span> <span class='ocrx_word' id='word_1_613' title='bbox 3234 3969 3311 4038; x_wconf 81' lang='grc' dir='ltr'><strong>τῷ</strong></span> <span class='ocrx_word' id='word_1_614' title='bbox 3345 3970 3495 4023; x_wconf 75' lang='grc' dir='ltr'>αἰῶνι</span> <span class='ocrx_word' id='word_1_615' title='bbox 3529 3971 3680 4022; x_wconf 87' lang='grc' dir='ltr'>ἐστιν.</span> <span class='ocrx_word' id='word_1_616' title='bbox 3717 3964 3803 4031; x_wconf 81' lang='grc' dir='ltr'><strong>Οὐχ</strong></span> 
     </span>
    </p>
   </div>
   <div class='ocr_carea' id='block_1_82' title="bbox 2283 4053 3804 4132">
    <p class='ocr_par' dir='ltr' id='par_1_82' title="bbox 2283 4053 3804 4132">
     <span class='ocr_line' id='line_1_83' title="bbox 2283 4053 3804 4132; baseline -0.004 -22"><span class='ocrx_word' id='word_1_617' title='bbox 2283 4053 2392 4110; x_wconf 75' lang='grc' dir='ltr'>οἷόν</span> <span class='ocrx_word' id='word_1_618' title='bbox 2423 4057 2481 4109; x_wconf 81' lang='grc' dir='ltr'>τέ</span> <span class='ocrx_word' id='word_1_619' title='bbox 2504 4059 2618 4109; x_wconf 88' lang='grc' dir='ltr'>ἐστι</span> <span class='ocrx_word' id='word_1_620' title='bbox 2645 4056 2714 4109; x_wconf 82' lang='grc' dir='ltr'>τὰ</span> <span class='ocrx_word' id='word_1_621' title='bbox 2735 4055 2916 4124; x_wconf 83' lang='grc' dir='ltr'>ἀγαθὰ</span> <span class='ocrx_word' id='word_1_622' title='bbox 2947 4059 3006 4111; x_wconf 90' lang='grc' dir='ltr'><strong>ἐν</strong></span> <span class='ocrx_word' id='word_1_623' title='bbox 3037 4062 3210 4132; x_wconf 83' lang='grc' dir='ltr'>τούτῳ</span> <span class='ocrx_word' id='word_1_624' title='bbox 3228 4061 3305 4132; x_wconf 83' lang='grc' dir='ltr'><strong>τῷ</strong></span> <span class='ocrx_word' id='word_1_625' title='bbox 3325 4061 3476 4114; x_wconf 84' lang='grc' dir='ltr'>αίῶνι</span> <span class='ocrx_word' id='word_1_626' title='bbox 3503 4059 3637 4130; x_wconf 76' lang='grc' dir='ltr'>ἔχειν</span> <span class='ocrx_word' id='word_1_627' title='bbox 3659 4055 3739 4110; x_wconf 78' lang='grc' dir='ltr'><strong>καὶ</strong></span> <span class='ocrx_word' id='word_1_628' title='bbox 3762 4056 3804 4104; x_wconf 81' lang='grc' dir='ltr'><strong>ἐν</strong></span> 
     </span>
    </p>
   </div>
   <div class='ocr_carea' id='block_1_83' title="bbox 2284 4148 3803 4222">
    <p class='ocr_par' dir='ltr' id='par_1_83' title="bbox 2284 4148 3803 4222">
     <span class='ocr_line' id='line_1_84' title="bbox 2284 4148 3803 4222; baseline 0.003 -22"><span class='ocrx_word' id='word_1_629' title='bbox 2284 4149 2474 4217; x_wconf 82' lang='grc' dir='ltr'>ἐκείνῳ</span> <span class='ocrx_word' id='word_1_630' title='bbox 2492 4164 2505 4178; x_wconf 77' lang='grc' dir='ltr'><strong>ο</strong></span> <span class='ocrx_word' id='word_1_631' title='bbox 2540 4148 2586 4199; x_wconf 81' lang='grc' dir='ltr'><strong>εἰ</strong></span> <span class='ocrx_word' id='word_1_632' title='bbox 2616 4148 2724 4217; x_wconf 89' lang='grc' dir='ltr'><strong>γὰρ</strong></span> <span class='ocrx_word' id='word_1_633' title='bbox 2753 4149 2810 4200; x_wconf 84' lang='grc' dir='ltr'><strong>ἐν</strong></span> <span class='ocrx_word' id='word_1_634' title='bbox 2838 4148 3012 4220; x_wconf 82' lang='grc' dir='ltr'>τούτῳ</span> <span class='ocrx_word' id='word_1_635' title='bbox 3036 4151 3147 4222; x_wconf 76' lang='grc' dir='ltr'>ἔχει</span> <span class='ocrx_word' id='word_1_636' title='bbox 3183 4154 3329 4222; x_wconf 85' lang='grc' dir='ltr'>(τις),</span> <span class='ocrx_word' id='word_1_637' title='bbox 3348 4153 3464 4204; x_wconf 87' lang='grc' dir='ltr'>ἐκεῖ</span> <span class='ocrx_word' id='word_1_638' title='bbox 3487 4149 3803 4216; x_wconf 75' lang='grc' dir='ltr'>κολαζόμενος</span> 
     </span>
    </p>
   </div>
   <div class='ocr_carea' id='block_1_84' title="bbox 2284 4237 3802 4310">
    <p class='ocr_par' dir='ltr' id='par_1_84' title="bbox 2284 4237 3802 4310">
     <span class='ocr_line' id='line_1_85' title="bbox 2284 4237 3802 4310; baseline -0.001 -20"><span class='ocrx_word' id='word_1_639' title='bbox 2284 4238 2586 4290; x_wconf 82' lang='grc' dir='ltr'>ἀκούσεται·</span> <span class='ocrx_word' id='word_1_640' title='bbox 2617 4237 2939 4304; x_wconf 80' lang='grc' dir='ltr'>Ἀπέλαϐες</span> <span class='ocrx_word' id='word_1_641' title='bbox 2959 4241 3030 4294; x_wconf 85' lang='grc' dir='ltr'><strong>τὰ</strong></span> <span class='ocrx_word' id='word_1_642' title='bbox 3051 4242 3242 4310; x_wconf 74' lang='grc' dir='ltr'>ἀγαθά</span> <span class='ocrx_word' id='word_1_643' title='bbox 3256 4259 3370 4296; x_wconf 87' lang='grc' dir='ltr'><strong>σου</strong></span> <span class='ocrx_word' id='word_1_644' title='bbox 3393 4243 3461 4295; x_wconf 81' lang='grc' dir='ltr'>ἐν</span> <span class='ocrx_word' id='word_1_645' title='bbox 3481 4239 3552 4308; x_wconf 76' lang='grc' dir='ltr'>τῇ</span> <span class='ocrx_word' id='word_1_646' title='bbox 3574 4237 3678 4306; x_wconf 82' lang='grc' dir='ltr'><strong>ζ’ωῇ</strong></span> <span class='ocrx_word' id='word_1_647' title='bbox 3691 4251 3802 4289; x_wconf 79' lang='grc' dir='ltr'>σου.</span> 
     </span>
    </p>
   </div>
   <div class='ocr_carea' id='block_1_85' title="bbox 2299 4323 3805 4398">
    <p class='ocr_par' dir='ltr' id='par_1_85' title="bbox 2299 4323 3805 4398">
     <span class='ocr_line' id='line_1_86' title="bbox 2299 4323 3805 4398; baseline 0.006 -21"><span class='ocrx_word' id='word_1_648' title='bbox 2299 4325 2628 4394; x_wconf 78' lang='grc' dir='ltr'>’Λναγκαίως</span> <span class='ocrx_word' id='word_1_649' title='bbox 2664 4326 2844 4394; x_wconf 83' lang='grc' dir='ltr'>μέντοι</span> <span class='ocrx_word' id='word_1_650' title='bbox 2886 4329 3260 4398; x_wconf 82' lang='grc' dir='ltr'>προστέθειται</span> <span class='ocrx_word' id='word_1_651' title='bbox 3287 4331 3346 4383; x_wconf 88' lang='grc' dir='ltr'><strong>τό</strong></span> <span class='ocrx_word' id='word_1_652' title='bbox 3372 4347 3384 4359; x_wconf 89' lang='grc'><strong>·</strong></span> <span class='ocrx_word' id='word_1_653' title='bbox 3429 4331 3529 4383; x_wconf 81' lang='grc' dir='ltr'><strong>Ἐν</strong></span> <span class='ocrx_word' id='word_1_654' title='bbox 3559 4323 3805 4394; x_wconf 77' lang='grc' dir='ltr'><strong>ἀνθρώπω</strong></span> 
     </span>
    </p>
   </div>
   <div class='ocr_carea' id='block_1_86' title="bbox 647 4397 2190 4490">
    <p class='ocr_par' dir='ltr' id='par_1_86' title="bbox 647 4397 2182 4481">
     <span class='ocr_line' id='line_1_87' title="bbox 647 4397 2182 4481; baseline 0.016 -33"><span class='ocrx_word' id='word_1_655' title='bbox 647 4397 902 4466; x_wconf 89' lang='lat' dir='ltr'><strong>adjicitur</strong></span> <span class='ocrx_word' id='word_1_656' title='bbox 931 4400 1055 4454; x_wconf 89' lang='lat' dir='ltr'><strong>illud</strong></span> <span class='ocrx_word' id='word_1_657' title='bbox 1090 4419 1104 4455; x_wconf 91' lang='lat'><strong>:</strong></span> <span class='ocrx_word' id='word_1_658' title='bbox 1133 4403 1195 4457; x_wconf 86' lang='lat' dir='ltr'><strong>In</strong></span> <span class='ocrx_word' id='word_1_659' title='bbox 1221 4407 1426 4462; x_wconf 80' lang='lat' dir='ltr'><strong>homine</strong></span> <span class='ocrx_word' id='word_1_660' title='bbox 1449 4410 1671 4478; x_wconf 81' lang='lat' dir='ltr'><strong>faciente</strong></span> <span class='ocrx_word' id='word_1_661' title='bbox 1683 4417 2182 4481; x_wconf 63' lang='lat' dir='ltr'><strong>praevaricationem.</strong></span> 
     </span>
    </p>
   </div>
   <div class='ocr_carea' id='block_1_87' title="bbox 2287 4397 3808 4490">
    <p class='ocr_par' dir='ltr' id='par_1_87' title="bbox 2287 4413 3808 4490">
     <span class='ocr_line' id='line_1_88' title="bbox 2287 4413 3808 4490; baseline -0.002 -21"><span class='ocrx_word' id='word_1_662' title='bbox 2287 4415 2548 4469; x_wconf 75' lang='grc' dir='ltr'>ποιοῦντι</span> <span class='ocrx_word' id='word_1_663' title='bbox 2579 4416 2968 4485; x_wconf 79' lang='grc' dir='ltr'>παρανομίαν.</span> <span class='ocrx_word' id='word_1_664' title='bbox 3001 4418 3122 4472; x_wconf 86' lang='grc' dir='ltr'><strong>Τῶν</strong></span> <span class='ocrx_word' id='word_1_665' title='bbox 3145 4421 3546 4490; x_wconf 60' lang='grc' dir='ltr'>τοιούτωνογὰρ,</span> <span class='ocrx_word' id='word_1_666' title='bbox 3568 4417 3710 4485; x_wconf 69' lang='grc' dir='ltr'>φησι,</span> <span class='ocrx_word' id='word_1_667' title='bbox 3728 4413 3808 4482; x_wconf 72' lang='grc' dir='ltr'>τὴν</span> 
     </span>
    </p>
   </div>
   <div class='ocr_carea' id='block_1_88' title="bbox 647 4485 2190 4582">
    <p class='ocr_par' dir='ltr' id='par_1_88' title="bbox 647 4485 2182 4575">
     <span class='ocr_line' id='line_1_89' title="bbox 647 4485 2182 4575; baseline 0.015 -37"><span class='ocrx_word' id='word_1_668' title='bbox 647 4485 851 4541; x_wconf 83' lang='lat' dir='ltr'><strong>Horum</strong></span> <span class='ocrx_word' id='word_1_669' title='bbox 881 4491 1024 4544; x_wconf 91' lang='lat' dir='ltr'><strong>enim</strong></span> <span class='ocrx_word' id='word_1_670' title='bbox 1053 4493 1224 4561; x_wconf 89' lang='lat' dir='ltr'><strong>inquit</strong></span> <span class='ocrx_word' id='word_1_671' title='bbox 1249 4496 1597 4554; x_wconf 89' lang='lat' dir='ltr'><strong>imitationem</strong></span> <span class='ocrx_word' id='word_1_672' title='bbox 1651 4517 1769 4558; x_wconf 88' lang='lat' dir='ltr'><strong>esse</strong></span> <span class='ocrx_word' id='word_1_673' title='bbox 1809 4511 2182 4575; x_wconf 76' lang='lat' dir='ltr'><strong>respuendum,</strong></span> 
     </span>
    </p>
   </div>
   <div class='ocr_carea' id='block_1_89' title="bbox 2287 4485 3804 4582">
    <p class='ocr_par' dir='ltr' id='par_1_89' title="bbox 2291 4485 3804 4582">
     <span class='ocr_line' id='line_1_90' title="bbox 2291 4485 3804 4582; baseline -0.001 -24"><span class='ocrx_word' id='word_1_674' title='bbox 2291 4507 2516 4577; x_wconf 84' lang='grc' dir='ltr'>μίμησιν</span> <span class='ocrx_word' id='word_1_675' title='bbox 2552 4506 2928 4576; x_wconf 84' lang='grc' dir='ltr'>παραιτεῖσθαι</span> <span class='ocrx_word' id='word_1_676' title='bbox 2953 4510 3080 4579; x_wconf 75' lang='grc' dir='ltr'><strong>χρήο</strong></span> <span class='ocrx_word' id='word_1_677' title='bbox 3110 4510 3205 4562; x_wconf 80' lang='grc' dir='ltr'>καὶ</span> <span class='ocrx_word' id='word_1_678' title='bbox 3229 4485 3710 4582; x_wconf 34' lang='grc' dir='ltr'>χρήσιμον-σφόδρα</span> <span class='ocrx_word' id='word_1_679' title='bbox 3732 4497 3804 4553; x_wconf 72' lang='grc' dir='ltr'>τοῦ</span> 
     </span>
    </p>
   </div>
   <div class='ocr_carea' id='block_1_90' title="bbox 645 4579 2190 4667">
    <p class='ocr_par' dir='ltr' id='par_1_90' title="bbox 645 4579 2180 4662">
     <span class='ocr_line' id='line_1_91' title="bbox 645 4579 2180 4662; baseline 0.017 -32"><span class='ocrx_word' id='word_1_680' title='bbox 645 4579 1038 4652; x_wconf 88' lang='lat' dir='ltr'><strong>plurimumque</strong></span> <span class='ocrx_word' id='word_1_681' title='bbox 1091 4589 1343 4655; x_wconf 84' lang='lat' dir='ltr'><strong>prodesse</strong></span> <span class='ocrx_word' id='word_1_682' title='bbox 1395 4593 1438 4645; x_wconf 90' lang='lat' dir='ltr'><strong>si</strong></span> <span class='ocrx_word' id='word_1_683' title='bbox 1488 4593 1694 4662; x_wconf 81' lang='lat' dir='ltr'><strong>longius</strong></span> <span class='ocrx_word' id='word_1_684' title='bbox 1745 4597 2059 4654; x_wconf 84' lang='lat' dir='ltr'><strong>recedamus</strong></span> <span class='ocrx_word' id='word_1_685' title='bbox 2115 4602 2180 4656; x_wconf 86' lang='lat' dir='ltr'><strong>ab</strong></span> 
     </span>
    </p>
   </div>
   <div class='ocr_carea' id='block_1_91' title="bbox 2287 4579 3805 4667">
    <p class='ocr_par' dir='ltr' id='par_1_91' title="bbox 2287 4579 3805 4667">
     <span class='ocr_line' id='line_1_92' title="bbox 2287 4579 3805 4667; baseline 0.004 -17"><span class='ocrx_word' id='word_1_686' title='bbox 2287 4599 2580 4667; x_wconf 77' lang='grc' dir='ltr'>ἁποφοιτᾷν</span> <span class='ocrx_word' id='word_1_687' title='bbox 2607 4596 2682 4666; x_wconf 84' lang='grc' dir='ltr'>τῷ</span> <span class='ocrx_word' id='word_1_688' title='bbox 2715 4596 3061 4667; x_wconf 75' lang='grc' dir='ltr'>παραζηλοῦν</span> <span class='ocrx_word' id='word_1_689' title='bbox 3118 4579 3334 4663; x_wconf 62' lang='grc' dir='ltr'>αὐτους.</span> <span class='ocrx_word' id='word_1_690' title='bbox 3376 4579 3683 4653; x_wconf 77' lang='grc' dir='ltr'>Εὑοδοῦνται</span> <span class='ocrx_word' id='word_1_691' title='bbox 3717 4589 3805 4661; x_wconf 79' lang='grc'><strong>(67)</strong></span> 
     </span>
    </p>
   </div>
   <div class='ocr_carea' id='block_1_92' title="bbox 649 4669 2190 4760">
    <p class='ocr_par' dir='ltr' id='par_1_92' title="bbox 649 4669 2179 4760">
     <span class='ocr_line' id='line_1_93' title="bbox 649 4669 2179 4760; baseline 0.016 -38"><span class='ocrx_word' id='word_1_692' title='bbox 649 4669 961 4725; x_wconf 68' lang='lat' dir='ltr'><strong>zenmlandis</strong></span> <span class='ocrx_word' id='word_1_693' title='bbox 1006 4673 1128 4728; x_wconf 89' lang='lat' dir='ltr'><strong>illis.</strong></span> <span class='ocrx_word' id='word_1_694' title='bbox 1183 4675 1444 4748; x_wconf 76' lang='lat' dir='ltr'><strong>PrOSpcre</strong></span> <span class='ocrx_word' id='word_1_695' title='bbox 1495 4685 1638 4738; x_wconf 90' lang='lat' dir='ltr'><strong>enim</strong></span> <span class='ocrx_word' id='word_1_696' title='bbox 1689 4685 1969 4754; x_wconf 87' lang='lat' dir='ltr'><strong>incedunt,</strong></span> <span class='ocrx_word' id='word_1_697' title='bbox 2021 4699 2179 4760; x_wconf 88' lang='lat' dir='ltr'><strong>atque</strong></span> 
     </span>
    </p>
   </div>
   <div class='ocr_carea' id='block_1_93' title="bbox 2287 4669 3805 4760">
    <p class='ocr_par' dir='ltr' id='par_1_93' title="bbox 2287 4685 3805 4758">
     <span class='ocr_line' id='line_1_94' title="bbox 2287 4685 3805 4758; baseline -0.016 -3"><span class='ocrx_word' id='word_1_698' title='bbox 2287 4687 2421 4758; x_wconf 72' lang='grc' dir='ltr'>γὰρ,</span> <span class='ocrx_word' id='word_1_699' title='bbox 2449 4688 2567 4757; x_wconf 81' lang='grc' dir='ltr'>ἦτοι</span> <span class='ocrx_word' id='word_1_700' title='bbox 2595 4687 2691 4757; x_wconf 85' lang='grc' dir='ltr'>τὴν</span> <span class='ocrx_word' id='word_1_701' title='bbox 2720 4686 2777 4738; x_wconf 84' lang='grc' dir='ltr'>ὲν</span> <span class='ocrx_word' id='word_1_702' title='bbox 2815 4689 3104 4758; x_wconf 83' lang='grc' dir='ltr'>πράγμασι</span> <span class='ocrx_word' id='word_1_703' title='bbox 3136 4693 3247 4752; x_wconf 84' lang='grc' dir='ltr'>τοῖς</span> <span class='ocrx_word' id='word_1_704' title='bbox 3286 4691 3432 4754; x_wconf 77' lang='grc' dir='ltr'>ἰδίοις</span> <span class='ocrx_word' id='word_1_705' title='bbox 3470 4689 3664 4743; x_wconf 81' lang='grc' dir='ltr'>εὐοδίαν</span> <span class='ocrx_word' id='word_1_706' title='bbox 3689 4685 3805 4752; x_wconf 79' lang='grc' dir='ltr'>ἔχειν</span> 
     </span>
    </p>
   </div>
   <div class='ocr_carea' id='block_1_94' title="bbox 645 4760 2190 4849">
    <p class='ocr_par' dir='ltr' id='par_1_94' title="bbox 645 4760 2176 4849">
     <span class='ocr_line' id='line_1_95' title="bbox 645 4760 2176 4849; baseline 0.015 -40"><span class='ocrx_word' id='word_1_707' title='bbox 645 4760 780 4812; x_wconf 85' lang='lat' dir='ltr'><strong>adeo</strong></span> <span class='ocrx_word' id='word_1_708' title='bbox 829 4760 883 4814; x_wconf 90' lang='lat' dir='ltr'><strong>in</strong></span> <span class='ocrx_word' id='word_1_709' title='bbox 935 4763 1046 4816; x_wconf 88' lang='lat' dir='ltr'><strong>suis</strong></span> <span class='ocrx_word' id='word_1_710' title='bbox 1075 4769 1300 4835; x_wconf 75' lang='lat' dir='ltr'><strong>negotiis</strong></span> <span class='ocrx_word' id='word_1_711' title='bbox 1346 4773 1753 4841; x_wconf 88' lang='lat' dir='ltr'><strong>prosperitatem</strong></span> <span class='ocrx_word' id='word_1_712' title='bbox 1791 4776 1989 4832; x_wconf 89' lang='lat' dir='ltr'><strong>habere</strong></span> <span class='ocrx_word' id='word_1_713' title='bbox 2017 4795 2176 4849; x_wconf 82' lang='lat' dir='ltr'><strong>repn-</strong></span> 
     </span>
    </p>
   </div>
   <div class='ocr_carea' id='block_1_95' title="bbox 2287 4760 3805 4849">
    <p class='ocr_par' dir='ltr' id='par_1_95' title="bbox 2287 4775 3805 4848">
     <span class='ocr_line' id='line_1_96' title="bbox 2287 4775 3805 4848; baseline -0.007 -18"><span class='ocrx_word' id='word_1_714' title='bbox 2287 4776 2763 4847; x_wconf 75' lang='grc' dir='ltr'>ὺπολαμϐάνονται,</span> <span class='ocrx_word' id='word_1_715' title='bbox 2819 4777 2878 4828; x_wconf 87' lang='grc' dir='ltr'><strong>οὐ</strong></span> <span class='ocrx_word' id='word_1_716' title='bbox 2926 4777 3128 4848; x_wconf 78' lang='grc' dir='ltr'>ψήφοις</span> <span class='ocrx_word' id='word_1_717' title='bbox 3157 4783 3291 4843; x_wconf 86' lang='grc' dir='ltr'>ταῖς.</span> <span class='ocrx_word' id='word_1_718' title='bbox 3323 4782 3524 4836; x_wconf 80' lang='grc' dir='ltr'>ἄνωθεν</span> <span class='ocrx_word' id='word_1_719' title='bbox 3566 4781 3623 4833; x_wconf 85' lang='grc' dir='ltr'><strong>τὸ</strong></span> <span class='ocrx_word' id='word_1_720' title='bbox 3651 4775 3805 4848; x_wconf 78' lang='grc' dir='ltr'>χρῆμα</span> 
     </span>
    </p>
   </div>
   <div class='ocr_carea' id='block_1_96' title="bbox 645 4857 2190 4943">
    <p class='ocr_par' dir='ltr' id='par_1_96' title="bbox 645 4857 2181 4938">
     <span class='ocr_line' id='line_1_97' title="bbox 645 4857 2181 4938; baseline 0.016 -37"><span class='ocrx_word' id='word_1_721' title='bbox 645 4857 852 4914; x_wconf 88' lang='lat' dir='ltr'><strong>tantur,</strong></span> <span class='ocrx_word' id='word_1_722' title='bbox 887 4867 1048 4920; x_wconf 90' lang='lat' dir='ltr'><strong>quum</strong></span> <span class='ocrx_word' id='word_1_723' title='bbox 1080 4869 1186 4909; x_wconf 92' lang='lat' dir='ltr'><strong>non</strong></span> <span class='ocrx_word' id='word_1_724' title='bbox 1217 4872 1280 4911; x_wconf 82' lang='lat' dir='ltr'><strong>ex</strong></span> <span class='ocrx_word' id='word_1_725' title='bbox 1315 4861 1493 4916; x_wconf 83' lang='lat' dir='ltr'><strong>divina</strong></span> <span class='ocrx_word' id='word_1_726' title='bbox 1541 4868 1811 4921; x_wconf 88' lang='lat' dir='ltr'><strong>sententia</strong></span> <span class='ocrx_word' id='word_1_727' title='bbox 1849 4883 2008 4938; x_wconf 89' lang='lat' dir='ltr'><strong>opum</strong></span> <span class='ocrx_word' id='word_1_728' title='bbox 2034 4885 2181 4924; x_wconf 77' lang='lat' dir='ltr'><strong>cont-</strong></span> 
     </span>
    </p>
   </div>
   <div class='ocr_carea' id='block_1_97' title="bbox 2287 4857 3804 4943">
    <p class='ocr_par' dir='ltr' id='par_1_97' title="bbox 2287 4867 3804 4943">
     <span class='ocr_line' id='line_1_98' title="bbox 2287 4867 3804 4943; baseline 0.005 -21"><span class='ocrx_word' id='word_1_729' title='bbox 2287 4869 2676 4941; x_wconf 83' lang='grc' dir='ltr'>κερδαίνοντες,</span> <span class='ocrx_word' id='word_1_730' title='bbox 2709 4867 2820 4921; x_wconf 86' lang='grc' dir='ltr'>ἁλλ’</span> <span class='ocrx_word' id='word_1_731' title='bbox 2853 4869 2918 4921; x_wconf 87' lang='grc' dir='ltr'><strong>ἐκ</strong></span> <span class='ocrx_word' id='word_1_732' title='bbox 2943 4869 3040 4922; x_wconf 80' lang='grc' dir='ltr'><strong>τοῦ</strong></span> <span class='ocrx_word' id='word_1_733' title='bbox 3076 4872 3415 4927; x_wconf 86' lang='grc' dir='ltr'>πλεονεκτεῖν</span> <span class='ocrx_word' id='word_1_734' title='bbox 3452 4874 3544 4927; x_wconf 73' lang='grc' dir='ltr'><strong>καὶ</strong></span> <span class='ocrx_word' id='word_1_735' title='bbox 3575 4867 3804 4943; x_wconf 75' lang='grc' dir='ltr'>ἁρπάζειν</span> 
     </span>
    </p>
   </div>
   <div class='ocr_carea' id='block_1_98' title="bbox 644 4937 2190 5032">
    <p class='ocr_par' dir='ltr' id='par_1_98' title="bbox 644 4937 2183 5027">
     <span class='ocr_line' id='line_1_99' title="bbox 644 4937 2183 5027; baseline 0.012 -36"><span class='ocrx_word' id='word_1_736' title='bbox 644 4938 839 5008; x_wconf 89' lang='lat' dir='ltr'><strong>pendia</strong></span> <span class='ocrx_word' id='word_1_737' title='bbox 870 4937 1087 5008; x_wconf 89' lang='lat' dir='ltr'><strong>faciant,</strong></span> <span class='ocrx_word' id='word_1_738' title='bbox 1121 4945 1212 4999; x_wconf 88' lang='lat' dir='ltr'><strong>sed</strong></span> <span class='ocrx_word' id='word_1_739' title='bbox 1253 4961 1317 5002; x_wconf 81' lang='lat' dir='ltr'><strong>ex</strong></span> <span class='ocrx_word' id='word_1_740' title='bbox 1364 4954 1589 5006; x_wconf 84' lang='lat' dir='ltr'><strong>avaritia</strong></span> <span class='ocrx_word' id='word_1_741' title='bbox 1617 4993 1633 5017; x_wconf 88' lang='lat'><strong>,</strong></span> <span class='ocrx_word' id='word_1_742' title='bbox 1669 4965 1722 5009; x_wconf 91' lang='lat' dir='ltr'><strong>et</strong></span> <span class='ocrx_word' id='word_1_743' title='bbox 1770 4937 2038 5027; x_wconf 79' lang='lat' dir='ltr'><strong>rapientes</strong></span> <span class='ocrx_word' id='word_1_744' title='bbox 2082 4957 2183 5010; x_wconf 89' lang='lat' dir='ltr'><strong>ali-</strong></span> 
     </span>
    </p>
   </div>
   <div class='ocr_carea' id='block_1_99' title="bbox 2287 4937 3806 5032">
    <p class='ocr_par' dir='ltr' id='par_1_99' title="bbox 2287 4937 3806 5032">
     <span class='ocr_line' id='line_1_100' title="bbox 2287 4937 3806 5032; baseline -0.003 -18"><span class='ocrx_word' id='word_1_745' title='bbox 2287 4937 2361 5014; x_wconf 41' lang='lat' dir='ltr'><strong>td</strong></span> <span class='ocrx_word' id='word_1_746' title='bbox 2395 4961 2592 5032; x_wconf 83' lang='grc' dir='ltr'>ἐτέρων</span> <span class='ocrx_word' id='word_1_747' title='bbox 2624 4958 2733 5011; x_wconf 78' lang='grc' dir='ltr'>ἐσθ’</span> <span class='ocrx_word' id='word_1_748' title='bbox 2766 4960 2875 5014; x_wconf 85' lang='grc' dir='ltr'>ὅτε.</span> <span class='ocrx_word' id='word_1_749' title='bbox 2906 4960 3017 5031; x_wconf 83' lang='grc' dir='ltr'>Τὴν</span> <span class='ocrx_word' id='word_1_750' title='bbox 3065 4959 3160 5016; x_wconf 77' lang='grc' dir='ltr'><strong>οὖν</strong></span> <span class='ocrx_word' id='word_1_751' title='bbox 3196 4965 3469 5027; x_wconf 79' lang='grc' dir='ltr'>εὑόδωσιν,</span> <span class='ocrx_word' id='word_1_752' title='bbox 3499 4963 3592 5032; x_wconf 80' lang='grc' dir='ltr'><strong>τὴν</strong></span> <span class='ocrx_word' id='word_1_753' title='bbox 3615 4937 3723 5012; x_wconf 35' lang='grc' dir='ltr'>,ἐπὶ</span> <span class='ocrx_word' id='word_1_754' title='bbox 3759 4951 3806 5005; x_wconf 83' lang='grc' dir='ltr'><strong>τδ</strong></span> 
     </span>
    </p>
   </div>
   <div class='ocr_carea' id='block_1_100' title="bbox 647 5030 2190 5121">
    <p class='ocr_par' dir='ltr' id='par_1_100' title="bbox 647 5030 2184 5119">
     <span class='ocr_line' id='line_1_101' title="bbox 647 5030 2184 5119; baseline 0.016 -41"><span class='ocrx_word' id='word_1_755' title='bbox 647 5030 858 5098; x_wconf 84' lang='lat' dir='ltr'><strong>quando</strong></span> <span class='ocrx_word' id='word_1_756' title='bbox 881 5045 997 5098; x_wconf 73' lang='lat' dir='ltr'><strong>qua:</strong></span> <span class='ocrx_word' id='word_1_757' title='bbox 1023 5033 1192 5089; x_wconf 89' lang='lat' dir='ltr'><strong>aliena</strong></span> <span class='ocrx_word' id='word_1_758' title='bbox 1227 5049 1371 5094; x_wconf 90' lang='lat' dir='ltr'><strong>sunt.</strong></span> <span class='ocrx_word' id='word_1_759' title='bbox 1391 5040 1809 5114; x_wconf 88' lang='lat' dir='ltr'><strong>Prosperitatem</strong></span> <span class='ocrx_word' id='word_1_760' title='bbox 1834 5049 1995 5119; x_wconf 78' lang='lat' dir='ltr'><strong>igitur</strong></span> <span class='ocrx_word' id='word_1_761' title='bbox 2011 5051 2184 5105; x_wconf 83' lang='lat' dir='ltr'><strong>nOmi-</strong></span> 
     </span>
    </p>
   </div>
   <div class='ocr_carea' id='block_1_101' title="bbox 2287 5030 3806 5121">
    <p class='ocr_par' dir='ltr' id='par_1_101' title="bbox 2287 5030 3806 5121">
     <span class='ocr_line' id='line_1_102' title="bbox 2287 5030 3806 5121; baseline -0.005 -20"><span class='ocrx_word' id='word_1_762' title='bbox 2287 5052 2454 5121; x_wconf 71' lang='grc' dir='ltr'>χεῖρον</span> <span class='ocrx_word' id='word_1_763' title='bbox 2488 5030 2774 5120; x_wconf 78' lang='grc' dir='ltr'>προκοπὴν</span> <span class='ocrx_word' id='word_1_764' title='bbox 2800 5030 2982 5116; x_wconf 79' lang='grc' dir='ltr'>λέγει.</span> <span class='ocrx_word' id='word_1_765' title='bbox 3016 5051 3234 5121; x_wconf 76' lang='grc' dir='ltr'>Ἐπειδὴ</span> <span class='ocrx_word' id='word_1_766' title='bbox 3258 5053 3314 5106; x_wconf 90' lang='grc' dir='ltr'><strong>δέ</strong></span> <span class='ocrx_word' id='word_1_767' title='bbox 3346 5053 3527 5106; x_wconf 77' lang='grc' dir='ltr'>πολλοὶ</span> <span class='ocrx_word' id='word_1_768' title='bbox 3553 5030 3614 5105; x_wconf 72' lang='grc' dir='ltr'><strong>ἐν</strong></span> <span class='ocrx_word' id='word_1_769' title='bbox 3639 5049 3806 5101; x_wconf 82' lang='grc' dir='ltr'>δικαιο-</span> 
     </span>
    </p>
   </div>
   <div class='ocr_carea' id='block_1_102' title="bbox 647 5122 2190 5210">
    <p class='ocr_par' dir='ltr' id='par_1_102' title="bbox 647 5122 2184 5200">
     <span class='ocr_line' id='line_1_103' title="bbox 647 5122 2184 5200; baseline 0.013 -27"><span class='ocrx_word' id='word_1_770' title='bbox 647 5128 744 5173; x_wconf 84' lang='lat' dir='ltr'><strong>nat</strong></span> <span class='ocrx_word' id='word_1_771' title='bbox 783 5122 1077 5188; x_wconf 89' lang='lat' dir='ltr'><strong>profectum</strong></span> <span class='ocrx_word' id='word_1_772' title='bbox 1133 5127 1184 5181; x_wconf 83' lang='lat' dir='ltr'><strong>in</strong></span> <span class='ocrx_word' id='word_1_773' title='bbox 1234 5128 1407 5198; x_wconf 81' lang='lat' dir='ltr'><strong>pejus.</strong></span> <span class='ocrx_word' id='word_1_774' title='bbox 1465 5133 1726 5200; x_wconf 83' lang='lat' dir='ltr'><strong>Quoniam</strong></span> <span class='ocrx_word' id='word_1_775' title='bbox 1773 5153 1898 5192; x_wconf 91' lang='lat' dir='ltr'><strong>vero</strong></span> <span class='ocrx_word' id='word_1_776' title='bbox 1940 5139 2088 5193; x_wconf 88' lang='lat' dir='ltr'><strong>multi</strong></span> <span class='ocrx_word' id='word_1_777' title='bbox 2132 5141 2184 5193; x_wconf 92' lang='lat' dir='ltr'><strong>in</strong></span> 
     </span>
    </p>
   </div>
   <div class='ocr_carea' id='block_1_103' title="bbox 2287 5122 3804 5210">
    <p class='ocr_par' dir='ltr' id='par_1_103' title="bbox 2287 5131 3804 5210">
     <span class='ocr_line' id='line_1_104' title="bbox 2287 5131 3804 5210; baseline -0.002 -18"><span class='ocrx_word' id='word_1_778' title='bbox 2287 5140 2414 5210; x_wconf 82' lang='grc' dir='ltr'>σύνῃ</span> <span class='ocrx_word' id='word_1_779' title='bbox 2436 5138 2652 5202; x_wconf 84' lang='grc' dir='ltr'>ζῶντες,</span> <span class='ocrx_word' id='word_1_780' title='bbox 2692 5140 2819 5191; x_wconf 83' lang='grc' dir='ltr'>ὅταν</span> <span class='ocrx_word' id='word_1_781' title='bbox 2860 5137 3046 5195; x_wconf 86' lang='grc' dir='ltr'>ῐδωσιν</span> <span class='ocrx_word' id='word_1_782' title='bbox 3075 5146 3299 5209; x_wconf 76' lang='grc' dir='ltr'>ἑαυτοὺς</span> <span class='ocrx_word' id='word_1_783' title='bbox 3338 5146 3395 5197; x_wconf 82' lang='grc' dir='ltr'><strong>ἐν</strong></span> <span class='ocrx_word' id='word_1_784' title='bbox 3423 5143 3616 5205; x_wconf 84' lang='grc' dir='ltr'>πόνοις,</span> <span class='ocrx_word' id='word_1_785' title='bbox 3653 5139 3734 5192; x_wconf 85' lang='grc' dir='ltr'>τὸν</span> <span class='ocrx_word' id='word_1_786' title='bbox 3760 5131 3804 5186; x_wconf 79' lang='grc' dir='ltr'>δὲ</span> 
     </span>
    </p>
   </div>
   <div class='ocr_carea' id='block_1_104' title="bbox 642 5211 2190 5304">
    <p class='ocr_par' dir='ltr' id='par_1_104' title="bbox 642 5211 2183 5294">
     <span class='ocr_line' id='line_1_105' title="bbox 642 5211 2183 5294; baseline 0.01 -31"><span class='ocrx_word' id='word_1_787' title='bbox 642 5211 850 5280; x_wconf 87' lang='lat' dir='ltr'><strong>justitia</strong></span> <span class='ocrx_word' id='word_1_788' title='bbox 882 5213 1145 5285; x_wconf 77' lang='lat' dir='ltr'><strong>viventes,</strong></span> <span class='ocrx_word' id='word_1_789' title='bbox 1182 5221 1271 5275; x_wconf 92' lang='lat' dir='ltr'><strong>ubi</strong></span> <span class='ocrx_word' id='word_1_790' title='bbox 1301 5235 1531 5279; x_wconf 91' lang='lat' dir='ltr'><strong>cernunt</strong></span> <span class='ocrx_word' id='word_1_791' title='bbox 1555 5228 1762 5294; x_wconf 87' lang='lat' dir='ltr'><strong>seipsos</strong></span> <span class='ocrx_word' id='word_1_792' title='bbox 1807 5227 1858 5280; x_wconf 92' lang='lat' dir='ltr'><strong>in</strong></span> <span class='ocrx_word' id='word_1_793' title='bbox 1885 5226 2183 5281; x_wconf 87' lang='lat' dir='ltr'><strong>atllictioni-</strong></span> 
     </span>
    </p>
   </div>
   <div class='ocr_carea' id='block_1_105' title="bbox 2287 5211 3804 5304">
    <p class='ocr_par' dir='ltr' id='par_1_105' title="bbox 2287 5227 3804 5304">
     <span class='ocr_line' id='line_1_106' title="bbox 2287 5227 3804 5304; baseline 0.005 -21"><span class='ocrx_word' id='word_1_794' title='bbox 2287 5229 2602 5299; x_wconf 81' lang='grc' dir='ltr'>ἁμαρτωλὸν</span> <span class='ocrx_word' id='word_1_795' title='bbox 2631 5229 2689 5279; x_wconf 82' lang='grc' dir='ltr'><strong>ἐν</strong></span> <span class='ocrx_word' id='word_1_796' title='bbox 2727 5229 2858 5280; x_wconf 82' lang='grc' dir='ltr'>πᾶσι</span> <span class='ocrx_word' id='word_1_797' title='bbox 2889 5229 3029 5300; x_wconf 81' lang='grc' dir='ltr'>πρὸς</span> <span class='ocrx_word' id='word_1_798' title='bbox 3058 5233 3246 5304; x_wconf 88' lang='grc' dir='ltr'>καιρὸν</span> <span class='ocrx_word' id='word_1_799' title='bbox 3277 5233 3644 5302; x_wconf 79' lang='grc' dir='ltr'>εὐοδούμενον,</span> <span class='ocrx_word' id='word_1_800' title='bbox 3680 5227 3804 5295; x_wconf 70' lang='grc' dir='ltr'>ὄργι’</span> 
     </span>
    </p>
   </div>
   <div class='ocr_carea' id='block_1_106' title="bbox 646 5303 2190 5391">
    <p class='ocr_par' dir='ltr' id='par_1_106' title="bbox 646 5303 2185 5384">
     <span class='ocr_line' id='line_1_107' title="bbox 646 5303 2185 5384; baseline 0.008 -28"><span class='ocrx_word' id='word_1_801' title='bbox 646 5303 767 5366; x_wconf 90' lang='lat' dir='ltr'><strong>bus,</strong></span> <span class='ocrx_word' id='word_1_802' title='bbox 795 5315 1129 5370; x_wconf 86' lang='lat' dir='ltr'><strong>peccatorem</strong></span> <span class='ocrx_word' id='word_1_803' title='bbox 1153 5321 1338 5366; x_wconf 89' lang='lat' dir='ltr'><strong>contra</strong></span> <span class='ocrx_word' id='word_1_804' title='bbox 1362 5313 1413 5366; x_wconf 94' lang='lat' dir='ltr'><strong>in</strong></span> <span class='ocrx_word' id='word_1_805' title='bbox 1434 5315 1680 5368; x_wconf 89' lang='lat' dir='ltr'><strong>omnibus</strong></span> <span class='ocrx_word' id='word_1_806' title='bbox 1701 5325 1996 5384; x_wconf 77' lang='lat' dir='ltr'><strong>Opportune</strong></span> <span class='ocrx_word' id='word_1_807' title='bbox 2017 5315 2185 5370; x_wconf 85' lang='lat' dir='ltr'><strong>felici-</strong></span> 
     </span>
    </p>
   </div>
   <div class='ocr_carea' id='block_1_107' title="bbox 2287 5303 3806 5391">
    <p class='ocr_par' dir='ltr' id='par_1_107' title="bbox 2287 5303 3806 5391">
     <span class='ocr_line' id='line_1_108' title="bbox 2287 5303 3806 5391; baseline -0.005 -21"><span class='ocrx_word' id='word_1_808' title='bbox 2287 5317 2626 5387; x_wconf 76' lang='grc' dir='ltr'>σθὲντεςιτῆς</span> <span class='ocrx_word' id='word_1_809' title='bbox 2649 5317 2993 5391; x_wconf 84' lang='grc' dir='ltr'>δικαιοσύνης</span> <span class='ocrx_word' id='word_1_810' title='bbox 3019 5303 3371 5391; x_wconf 81' lang='grc' dir='ltr'>ἀφίστανται,</span> <span class='ocrx_word' id='word_1_811' title='bbox 3405 5322 3559 5375; x_wconf 81' lang='grc' dir='ltr'>τοῦτο</span> <span class='ocrx_word' id='word_1_812' title='bbox 3579 5319 3634 5372; x_wconf 82' lang='grc' dir='ltr'>δὲ</span> <span class='ocrx_word' id='word_1_813' title='bbox 3653 5313 3806 5370; x_wconf 79' lang='grc' dir='ltr'>ἀνοίας</span> 
     </span>
    </p>
   </div>
   <div class='ocr_carea' id='block_1_108' title="bbox 648 5398 2190 5482">
    <p class='ocr_par' dir='ltr' id='par_1_108' title="bbox 648 5399 2187 5473">
     <span class='ocr_line' id='line_1_109' title="bbox 648 5399 2187 5473; baseline 0.009 -30"><span class='ocrx_word' id='word_1_814' title='bbox 648 5400 732 5445; x_wconf 93' lang='lat' dir='ltr'><strong>ter</strong></span> <span class='ocrx_word' id='word_1_815' title='bbox 750 5404 1016 5463; x_wconf 85' lang='lat' dir='ltr'><strong>agentem,</strong></span> <span class='ocrx_word' id='word_1_816' title='bbox 1045 5399 1414 5471; x_wconf 83' lang='lat' dir='ltr'><strong>indignatione</strong></span> <span class='ocrx_word' id='word_1_817' title='bbox 1437 5405 1673 5473; x_wconf 90' lang='lat' dir='ltr'><strong>correpti</strong></span> <span class='ocrx_word' id='word_1_818' title='bbox 1698 5403 1764 5457; x_wconf 86' lang='lat' dir='ltr'><strong>ab</strong></span> <span class='ocrx_word' id='word_1_819' title='bbox 1779 5404 1988 5472; x_wconf 88' lang='lat' dir='ltr'><strong>justitia</strong></span> <span class='ocrx_word' id='word_1_820' title='bbox 2010 5405 2187 5459; x_wconf 89' lang='lat' dir='ltr'><strong>desci-</strong></span> 
     </span>
    </p>
   </div>
   <div class='ocr_carea' id='block_1_109' title="bbox 2287 5398 3805 5482">
    <p class='ocr_par' dir='ltr' id='par_1_109' title="bbox 2287 5398 3805 5482">
     <span class='ocr_line' id='line_1_110' title="bbox 2287 5398 3805 5482; baseline -0.008 -12"><span class='ocrx_word' id='word_1_821' title='bbox 2287 5407 2379 5476; x_wconf 80' lang='grc' dir='ltr'><strong>τῆς</strong></span> <span class='ocrx_word' id='word_1_822' title='bbox 2404 5408 2664 5477; x_wconf 74' lang='grc' dir='ltr'>ἐσχάτηςο</span> <span class='ocrx_word' id='word_1_823' title='bbox 2696 5405 2784 5458; x_wconf 86' lang='grc' dir='ltr'><strong>διὰ</strong></span> <span class='ocrx_word' id='word_1_824' title='bbox 2815 5405 2972 5461; x_wconf 80' lang='grc' dir='ltr'>τοῦτο</span> <span class='ocrx_word' id='word_1_825' title='bbox 3002 5412 3368 5482; x_wconf 84' lang='grc' dir='ltr'>μακροθυμεῖν</span> <span class='ocrx_word' id='word_1_826' title='bbox 3395 5410 3649 5464; x_wconf 83' lang='grc' dir='ltr'>διδάσκων</span> <span class='ocrx_word' id='word_1_827' title='bbox 3683 5406 3708 5458; x_wconf 79' lang='grc' dir='ltr'>ὁ</span> <span class='ocrx_word' id='word_1_828' title='bbox 3734 5398 3805 5453; x_wconf 69' lang='grc' dir='ltr'><strong>λδ-</strong></span> 
     </span>
    </p>
   </div>
   <div class='ocr_carea' id='block_1_110' title="bbox 717 5508 2190 5586">
    <p class='ocr_par' dir='ltr' id='par_1_110' title="bbox 717 5508 2190 5585">
     <span class='ocr_line' id='line_1_111' title="bbox 717 5508 2190 5585; baseline 0.009 -23"><span class='ocrx_word' id='word_1_829' title='bbox 717 5508 764 5540; x_wconf 82' lang='grc'>⁸⁸</span> <span class='ocrx_word' id='word_1_830' title='bbox 797 5509 949 5567; x_wconf 80' lang='lat' dir='ltr'><strong>Joan.</strong></span> <span class='ocrx_word' id='word_1_831' title='bbox 992 5531 1072 5584; x_wconf 85' lang='lat' dir='ltr'><strong>nt,</strong></span> <span class='ocrx_word' id='word_1_832' title='bbox 1115 5519 1206 5574; x_wconf 70' lang='lat'><strong>20.</strong></span> <span class='ocrx_word' id='word_1_833' title='bbox 1279 5518 1324 5550; x_wconf 86' lang='grc'><strong>⁶⁹</strong></span> <span class='ocrx_word' id='word_1_834' title='bbox 1366 5518 1495 5572; x_wconf 89' lang='lat' dir='ltr'><strong>ibid.</strong></span> <span class='ocrx_word' id='word_1_835' title='bbox 1569 5518 1615 5550; x_wconf 83' lang='lat'>&quot;</span> <span class='ocrx_word' id='word_1_836' title='bbox 1660 5519 1848 5574; x_wconf 80' lang='lat' dir='ltr'><strong>Matth.</strong></span> <span class='ocrx_word' id='word_1_837' title='bbox 1878 5535 1997 5585; x_wconf 81' lang='lat' dir='ltr'><strong>xm,</strong></span> <span class='ocrx_word' id='word_1_838' title='bbox 2024 5521 2111 5575; x_wconf 76' lang='grc'><strong>45.</strong></span> <span class='ocrx_word' id='word_1_839' title='bbox 2175 5521 2190 5550; x_wconf 73' lang='grc' dir='ltr'><strong><em>τ</em></strong></span> 
     </span>
    </p>
   </div>
   <div class='ocr_carea' id='block_1_111' title="bbox 2287 5508 3320 5586">
    <p class='ocr_par' dir='ltr' id='par_1_111' title="bbox 2287 5519 3320 5586">
     <span class='ocr_line' id='line_1_112' title="bbox 2287 5519 3320 5586; baseline 0.003 -10"><span class='ocrx_word' id='word_1_840' title='bbox 2287 5520 2391 5576; x_wconf 77' lang='lat' dir='ltr'><strong>’sal.</strong></span> <span class='ocrx_word' id='word_1_841' title='bbox 2424 5520 2724 5585; x_wconf 77' lang='lat' dir='ltr'><strong>Lxxvnt,8.</strong></span> <span class='ocrx_word' id='word_1_842' title='bbox 2799 5521 2844 5551; x_wconf 56' lang='grc' dir='ltr'><strong>θ’</strong></span> <span class='ocrx_word' id='word_1_843' title='bbox 2896 5519 3031 5577; x_wconf 90' lang='lat' dir='ltr'><strong>Luc.</strong></span> <span class='ocrx_word' id='word_1_844' title='bbox 3087 5525 3320 5586; x_wconf 61' lang='lat'><strong>“1,25.</strong></span> 
     </span>
    </p>
   </div>
   <div class='ocr_carea' id='block_1_112' title="bbox 2359 5651 3628 5732">
    <p class='ocr_par' dir='ltr' id='par_1_112' title="bbox 2359 5651 3628 5732">
     <span class='ocr_line' id='line_1_113' title="bbox 2359 5651 3628 5732; baseline -0.008 0"><span class='ocrx_word' id='word_1_845' title='bbox 2359 5651 2467 5732; x_wconf 68' lang='lat'><strong>(.99)</strong></span> <span class='ocrx_word' id='word_1_846' title='bbox 2502 5652 2786 5732; x_wconf 61' lang='grc' dir='ltr'><strong>’βπιεξανῆς</strong></span> <span class='ocrx_word' id='word_1_847' title='bbox 2817 5658 2900 5709; x_wconf 67' lang='grc' dir='ltr'><strong>τοι</strong></span> <span class='ocrx_word' id='word_1_848' title='bbox 2925 5661 3215 5732; x_wconf 28' lang='grc' dir='ltr'>ὲπιφμεγγῆ.</span> <span class='ocrx_word' id='word_1_849' title='bbox 3251 5673 3301 5718; x_wconf 73' lang='lat' dir='ltr'><strong>et</strong></span> <span class='ocrx_word' id='word_1_850' title='bbox 3333 5663 3445 5732; x_wconf 74' lang='lat' dir='ltr'><strong>leae</strong></span> <span class='ocrx_word' id='word_1_851' title='bbox 3466 5659 3628 5732; x_wconf 80' lang='grc' dir='ltr'>ἥλιος.</span> 
     </span>
    </p>
   </div>
   <div class='ocr_carea' id='block_1_113' title="bbox 719 5647 2438 5734">
    <p class='ocr_par' dir='ltr' id='par_1_113' title="bbox 719 5647 2438 5734">
     <span class='ocr_line' id='line_1_114' title="bbox 719 5647 2438 5734; baseline 0.019 -34"><span class='ocrx_word' id='word_1_852' title='bbox 719 5647 830 5734; x_wconf 56' lang='grc'><strong>(95)</strong></span> <span class='ocrx_word' id='word_1_853' title='bbox 864 5649 1065 5709; x_wconf 82' lang='lat' dir='ltr'><strong>Littera</strong></span> <span class='ocrx_word' id='word_1_854' title='bbox 1085 5654 1132 5710; x_wconf 79' lang='grc' dir='ltr'><strong>Μ</strong></span> <span class='ocrx_word' id='word_1_855' title='bbox 1157 5655 1320 5713; x_wconf 89' lang='lat' dir='ltr'><strong>minio</strong></span> <span class='ocrx_word' id='word_1_856' title='bbox 1341 5655 1595 5725; x_wconf 77' lang='lat' dir='ltr'><strong>pingitur,</strong></span> <span class='ocrx_word' id='word_1_857' title='bbox 1618 5655 1766 5724; x_wconf 83' lang='lat' dir='ltr'><strong>quasi</strong></span> <span class='ocrx_word' id='word_1_858' title='bbox 1788 5654 1910 5711; x_wconf 85' lang='lat' dir='ltr'><strong>hinc</strong></span> <span class='ocrx_word' id='word_1_859' title='bbox 1931 5653 2184 5724; x_wconf 70' lang='lat' dir='ltr'><strong>Origenes</strong></span> <span class='ocrx_word' id='word_1_860' title='bbox 2359 5651 2438 5734; x_wconf 59' lang='lat'><strong>(.99</strong></span> 
     </span>
    </p>
   </div>
   <div class='ocr_carea' id='block_1_114' title="bbox 2351 5721 3113 5792">
    <p class='ocr_par' dir='ltr' id='par_1_114' title="bbox 2351 5721 3113 5792">
     <span class='ocr_line' id='line_1_115' title="bbox 2351 5721 3113 5792; baseline 0.017 -23"><span class='ocrx_word' id='word_1_861' title='bbox 2351 5722 2463 5792; x_wconf 56' lang='lat'><strong>{67)</strong></span> <span class='ocrx_word' id='word_1_862' title='bbox 2503 5722 2579 5774; x_wconf 78' lang='lat' dir='ltr'><strong>An</strong></span> <span class='ocrx_word' id='word_1_863' title='bbox 2610 5721 2686 5784; x_wconf 74' lang='grc' dir='ltr'>τό,</span> <span class='ocrx_word' id='word_1_864' title='bbox 2726 5732 2781 5777; x_wconf 89' lang='lat' dir='ltr'><strong>et</strong></span> <span class='ocrx_word' id='word_1_865' title='bbox 2811 5741 2956 5790; x_wconf 77' lang='lat' dir='ltr'><strong>mox,</strong></span> <span class='ocrx_word' id='word_1_866' title='bbox 2982 5721 3113 5782; x_wconf 56' lang='grc' dir='ltr'><strong>τόῦῗ</strong></span> 
     </span>
    </p>
   </div>
   <div class='ocr_carea' id='block_1_115' title="bbox 653 5719 917 5773">
    <p class='ocr_par' dir='ltr' id='par_1_115' title="bbox 653 5719 917 5773">
     <span class='ocr_line' id='line_1_116' title="bbox 653 5719 917 5773; baseline 0.008 -2"><span class='ocrx_word' id='word_1_867' title='bbox 653 5719 917 5773; x_wconf 87' lang='lat' dir='ltr'><strong>ordiatnr.</strong></span> 
     </span>
    </p>
   </div>
  </div>
