3922 6416
1425 470 1784 526 EXCERPTA
1821 471 1886 527 IN
1925 463 2253 525 PSALMOS.

3309 475 3407 529 126

276 557 504 660 acui-ﬁ;
537 565 954 652 δικαιοσύνης
982 585 1082 640 τοῦ
1116 585 1249 640 Θεοῦ
1281 585 1369 639 τὸν
1399 587 1604 656 καρπὸν
1621 603 1757 656 προσ

1856 595 2058 650 scunt,
2114 584 2252 653 quod
2297 593 2380 639 est
2433 594 2682 641 extremm
2727 587 3076 656 insipientia;
3123 599 3400 660 propterea

102 670 388 764 ἐφέποι
418 670 587 725 φησι.

127 830 402 926 Mil-Ti-
422 833 666 926 "9500‘
685 838 823 894 ἀπὸ
842 844 1068 914 ὀργῆς,
1084 847 1182 901 καὶ
1197 846 1547 916 ἐγκατάλιπε
1575 849 1776 915 θυμόν.

271 924 563 993 Ἐπωφελὲς
594 926 661 978 τὸ
688 933 1078 1004 παράδειγμα
1096 975 1111 998 ,
1151 936 1245 989 καὶ
1270 937 1378 998 τοῖς
1414 935 1779 1002 ὑποτεταγμέ-

188 1033 307 1085 ,ηις
333 1014 446 1085 Θεῷ
474 1017 982 1087 πρεπωδέστατον.
1019 1025 1140 1096 Χρὴ
1183 1026 1317 1094 γὰρ,
1365 1025 1526 1094 φησι,
1576 1024 1781 1094 πράους

217 1115 363 1168 εἰναι,
382 1107 474 1160 καὶ
495 1104 554 1160 εῦ
583 1109 733 1177 μάλα
769 1111 1214 1183 καθεστηκότας,
1249 1115 1338 1166 καὶ
1373 1112 1613 1176 εὐταξίαν
1636 1113 1779 1181 έχον-

225 1215 312 1261 τας
338 1199 414 1260 εἰς
440 1195 582 1261 νοῦν,
625 1198 977 1264 ἀγαπῶντάς
1010 1217 1073 1253 τε
1105 1201 1390 1264 διαπαντὸς
1419 1202 1514 1269 τὴν
1552 1201 1657 1253 ἀπὸ
1682 1201 1777 1270 τῆς

228 1287 590 1358 μακροθυμίας
632 1289 876 1354 εὐοδίαν,
925 1291 1025 1343 καὶ
1068 1291 1176 1344 τῶν
1213 1292 1288 1358 ἐξ
1312 1293 1478 1362 ὀργῆς
1524 1293 1776 1361 κυμάτων

218 1380 532 1448 ἀποφοιτᾷν.
565 1377 688 1431 Τῶν
727 1379 844 1450 γὰρ
890 1380 1082 1433 παθῶν
1112 1381 1231 1436 τινὰ
1263 1381 1358 1450 μὲν
1390 1381 1450 1433 οὐ
1487 1381 1669 1433 πίπτει
1699 1383 1776 1443 είς

217 1468 457 1531 πολλοὺς,
484 1468 620 1522 ἀλλὰ
656 1471 756 1522 καὶ
790 1471 839 1522 oi
880 1472 1138 1540 τυχόντες
1174 1471 1440 1524 ἀπέϐαλον
1483 1471 1618 1524 αὐτὰ
1647 1488 1776 1540 προ-

211 1557 523 1620 κόπτοντες.
547 1558 621 1610 Τὸ
642 1558 755 1628 γὰρ
790 1561 988 1630 μιαρὸν
1026 1560 1179 1612 τοῦτο
1207 1560 1391 1623 πάθος,
1423 1563 1456 1630 ἡ
1487 1561 1640 1632 ὀργὴ,
1686 1562 1776 1614 έκ-

211 1646 362 1699 καίει
373 1647 480 1698 ’καὶ
503 1649 626 1708 τοὺς
652 1647 954 1710 δοκοῦντας
975 1644 1113 1700 εῖναι
1138 1649 1446 1718 φρονίμους,
1463 1651 1554 1702 καὶ
1581 1652 1775 1721 ταράσ-

211 1751 332 1786 σει·
373 1735 436 1786 οὐ
457 1736 576 1787 τινὰ
612 1736 736 1804 μὲν,
775 1737 899 1789 τινὰ
922 1737 966 1789 δ’
999 1735 1060 1788 οὐ
1087 1755 1100 1768 °
1134 1737 1267 1790 ἀλλὰ
1294 1738 1576 1791 κινδυνεύω
1602 1740 1773 1807 λέγειν

206 1824 424 1885 πάντας
453 1825 774 1894 ἀνθρώπους
807 1825 981 1895 παρὲξ
998 1825 1091 1878 τοῦ
1123 1826 1446 1893 τελείου,ὲὰν
1465 1845 1564 1880 που
1581 1829 1770 1900 εὑρεθῇ

201 1928 294 1975 τις
322 1913 546 1978 τέλειος.

196 2090 351 2160 Στίχ.
387 2091 453 2144 θ’.
471 2095 538 2145 Οἱ
577 2091 651 2144 δὲ
682 2093 1089 2178 ὑπομένοντες
1110 2093 1216 2174 τρν
1246 2095 1460 2162 Κύριον
1485 2097 1798 2178 κληρονοεχ

783 2161 1059 2230 μήσουσι
1087 2162 1222 2231 γῆν.

273 2249 382 2318 (68)
415 2246 648 2321 Ἐπειδὴ
671 2252 943 2323 είώθαμέν
980 2271 1094 2316 πως
1113 2253 1197 2306 ἀεὶ
1215 2252 1319 2306 τῶν
1335 2252 1578 2322 πονηρῶν
1604 2253 1770 2305 ἁπαν-

190 2340 473 2406 ιπασθαι,
508 2343 589 2413 τῷ
610 2345 708 2397 τοῦ
743 2345 1064 2408 κολάξεσθαι
1085 2346 1191 2398 δέει
1217 2344 1600 2414 συνωθούμενοι
1635 2345 1766 2415 πρὸς

185 2431 510 2501 τὺὰμεινον,
538 2434 730 2502 ἐφέσει
757 2435 814 2486 δὲ
835 2435 943 2488 τῶιν
971 2435 1260 2505 παράθεοῦ
1278 2434 1622 2504 χαρισμάτων
1648 2452 1766 2487 συν-

179 2518 513 2573 ιλαύνεσθαι
541 2523 626 2585 είς
651 2523 713 2575 τὸ
742 2523 933 2594 διαζῇν
954 2525 1217 2594 εὐνόμως·
1250 2525 1337 2578 διὰ
1359 2525 1532 2586 τοῦτο,
1550 2524 1722 2588 δείξας
1737 2527 1766 2576 ὁ

179 2608 407 2674 ψάλλων
463 2611 718 2682 ὀλέθριον
765 2611 874 2664 τῶν
927 2613 1364 2684 πονηρευομένων
1391 2614 1449 2666 τὸ
1471 2615 1637 2676 τέλος,
1668 2615 1766 2665 έπ-

178 2695 344 2764 ἀγει,
380 2700 465 2750 ὄτι
487 2703 554 2753 Ol
593 2700 705 2752 τὸν
734 2703 954 2767 Κύριον
985 2702 1398 2770 ὑπομένοντες,
1423 2703 1688 2755 τουτέστιν
1716 2705 1764 2756 οἱ

178 2785 280 2838 διὰ
305 2789 603 2859 καρτερίας
619 2790 718 2841 καὶ
744 2791 1020 2859 ὑπομονῆς
1042 2791 1130 2842 τὸν
1150 2791 1425 2861 εὐδόκιμον
1447 2791 1761 2861 κατορθοῦνο

181 2890 286 2938 τες
315 2877 446 2944 βίον,
481 2877 1025 2946 κληρονομήσουσι
1040 2879 1174 2948 γῆν,
1202 2881 1321 2949 ἥτις
1344 2881 1440 2932 οὐκ
1466 2880 1575 2932 ἔστι
1602 2881 1665 2950 μέ
1676 2898 1763 2950 ρος

181 2965 396 3036 ταύτης
447 2967 549 3037 τῆς
597 2968 707 3036 γῆς
739 2968 846 3019 ὐπὸ
894 2969 1130 3038 κατάραν
1173 2970 1562 3039 γεγενημένης,
1597 2970 1661 3039 ἢν
1705 2971 1761 3022 ὲν

179 3053 388 3118 λύπαις
403 3057 574 3108 ἐσθίει
599 3057 784 3119 πάσας
805 3058 901 3120 τὰς
932 3059 1140 3129 ἡμέρας
1164 3059 1326 3112 αὐτοῦ
1355 3062 1382 3112 ὁ
1409 3058 1762 3128 ἐργαζόμενος

175 3144 390 3214 αὐτήνο
427 3147 568 3198 ἀλλὰ
599 3147 707 3214 γῆν
744 3147 992 3216 ἐκείνην,
1022 3149 1117 3218 τὴν
1143 3151 1253 3210 τοῖς
1292 3149 1468 3216 ἁγίοις
1510 3149 1761 3219 ηὐτρεπι-

1882 677 2004 730 dum
2030 690 2206 729 sermo
2239 681 2391 728 docet
2427 686 2672 744 oportere
2703 693 2796 731 nos
2819 693 2937 733 esse
2961 677 3305 746 longanimos,
3326 683 3401 736 ait

1879 781 2088 835 quoque
2131 764 2352 834 justitize
2394 765 2619 818 fructum
2647 781 2676 818 a
2705 767 2812 820 Deo
2838 781 2958 821 esse
3003 768 3397 825 attendendum.

1987 853 2048 910 V.
2102 854 2156 908 8.
2199 855 2386 907 Desine
2430 855 2492 907 ab
2526 855 2629 920 ira,
2665 865 2709 908 et
2749 857 2920 908 desere
2955 856 3296 912 iracundiam.

1947 943 2088 998 Utile
2110 943 2393 1005 monitum,
2420 951 2472 995 et
2497 942 2564 996 iis
2593 944 2684 1010 qui
2719 944 2941 1010 subjecti
2973 954 3098 999 sunt
3133 945 3239 998 Deo
3266 960 3396 999 con-

1877 1033 2329 1104 gruentissimum.
2361 1032 2582 1099 Oportet
2609 1033 2786 1098 enim,
2829 1035 2924 1098 ait,
2974 1048 3070 1088 nos
3103 1049 3224 1094 esse
3245 1050 3398 1088 man-

1877 1131 2080 1186 suetos,
2108 1123 2306 1191 optime
2331 1121 2430 1175 sibi
2462 1130 2793 1186 constantes,
2824 1131 2877 1176 et
2899 1123 3310 1178 moderationem
3341 1126 3395 1178 in

1877 1211 2054 1264 animo
2085 1211 2320 1263 habere:
2353 1209 2570 1277 diligere
2599 1223 2808 1278 quoque
2838 1222 3049 1276 semper
3083 1212 3397 1277 proveniea-

1876 1309 1980 1354 tem
2016 1315 2082 1353 ex
2113 1298 2515 1367 longanimitate
2545 1314 2873 1363 successum,
2921 1307 2976 1352 et
3014 1300 3079 1352 ab
3114 1299 3396 1354 iracundia:

1875 1399 2007 1445 aestu
2032 1400 2348 1458 temperare.
2377 1388 2454 1442 Ex
2480 1387 2843 1443 affectionibus
2863 1389 3004 1442 enim
3029 1369 3264 1457 quaedam
3291 1405 3393 1443 non

1873 1479 2069 1534 cadunt
2094 1479 2147 1531 in
2180 1482 2394 1542 multos,
2417 1479 2672 1546 quasdam
2702 1478 2860 1532 etiam
2882 1479 3116 1532 nonnulli
3151 1480 3216 1532 de
3241 1479 3396 1532 trivio

1871 1568 2116 1622 homines
2144 1567 2484 1635 proficientes
2538 1578 2822 1620 exuerunt.
2869 1567 3226 1622 Exsecrabilis
3271 1582 3396 1622 vero

1873 1657 1973 1711 ista
2010 1657 2409 1726 passio,'iram,
2458 1659 2695 1725 inquam,
2743 1656 3016 1710 succendit
3055 1665 3109 1710 et
3157 1671 3250 1711 eos
3303 1657 3395 1725 qui

1871 1746 2119 1799 videntur
2175 1759 2295 1800 esse
2356 1746 2682 1812 prudentes,
2738 1753 2896 1810 atque
2940 1741 3392 1811 perturbatznou

1870 1848 2033 1887 unum
2058 1834 2268 1902 quidem
2292 1835 2494 1902 utique,
2540 1834 2700 1886 alium
2744 1846 2869 1885 vero
2907 1847 3049 1896 non;
3104 1832 3194 1885 sed
3226 1832 3394 1886 audeo

1797 1906 1840 1960 Β
1867 1923 2042 1978 dicere
2076 1937 2259 1977 omnes
2309 1938 2529 1992 prorsus
2574 1924 2813 1977 homines
2860 1930 3052 1990 praeter
3078 1920 3391 1989 perfectum,

1868 2010 2038 2066 sicubi
2071 2012 2293 2066 inveniri
2319 2021 2493 2080 potest
2522 2013 2609 2081 qui
2637 2012 2706 2066 sit
2735 2010 3019 2080 perfectus.

1870 2101 1930 2155 ν.
1988 2101 2042 2156 9.
2092 2101 2412 2156 Sustinentes
2443 2111 2615 2154 autem
2671 2101 2975 2165 Dominum,
3016 2100 3388 2154 hereditabunt

2538 2181 2746 2222 terram.

1933 2261 2192 2326 Quoniam
2277 2261 2649 2316 consuevimus
2729 2261 3118 2329 quodammodo
3180 2275 3390 2330 semper

1863 2351 2114 2404 adversus
2145 2366 2333 2420 pravos
2355 2350 2650 2418 insurgere,
2680 2359 2822 2403 metu
2845 2363 3012 2418 poena:
3038 2349 3388 2419 propellentes

1862 2453 1955 2492 eos
1982 2440 2045 2491 ad
2078 2441 2348 2495 meliorem
2384 2439 2612 2508 frugem,
2665 2453 2772 2506 quo
2819 2439 3084 2494 desiderio
3126 2439 3386 2493 donorum

1862 2530 1953 2584 Dei
1991 2541 2248 2598 cogantur
2270 2531 2335 2584 ad
2365 2530 2499 2584 bene
2541 2531 2868 2596 honesteque
2899 2529 3182 2582 vivendum
3203 2566 3220 2590 ,
3268 2542 3389 2595 pro-

1870 2627 2051 2685 pterea
2079 2615 2363 2670 ostendens
2388 2616 2658 2683 psalmista
2706 2615 3062 2684 perniciosum
3101 2630 3387 2684 pravorum

1862 2703 2042 2768 linem,
2078 2702 2375 2756 subiulert:
2403 2701 2722 2755 Sustinenles
2767 2701 3076 2769 Dominum,
3113 2703 3166 2756 id
3189 2712 3270 2757 est
3299 2702 3388 2770 qui

1863 2805 1927 2844 ex
1959 2789 2273 2844 fortitudine
2301 2801 2352 2843 et
2372 2790 2621 2859 patientia
2646 2789 2963 2843 laudabilem
2985 2791 3146 2844 vitam
3170 2791 3385 2861 degunt,

1859 2878 2231 2932 hcreditabunt
2281 2888 2489 2943 terram,
2549 2893 2666 2945 quae
2720 2892 2824 2930 non
2874 2887 2959 2930 est
3013 2879 3186 2944 portio
3233 2889 3387 2932 terra:

1859 2967 2011 3020 istius
2033 2965 2283 3032 subjecta:
2307 2967 2612 3029 maledicto,
2630 2967 2695 3020 de
2717 2981 2818 3033 qua
2848 2967 2901 3019 in
2925 2967 3194 3021 doloribus
3217 2982 3385 3021 come-

1858 3058 1935 3110 dit
1981 3071 2164 3110 omnes
2201 3056 2313 3110 dies
2357 3071 2482 3110 suos
2541 3056 2629 3123 qui
2693 3057 2818 3109 colit
2845 3070 2959 3108 eam
2989 3074 3002 3108 :
3035 3055 3128 3108 sed
3188 3064 3382 3109 terram

1858 3145 1997 3199 illam
2029 3146 2226 3199 sanctis
2248 3156 2614 3214 praeparatam.
2643 3143 2935 3198 Haereditas
2961 3145 3152 3212 Quippe
3173 3159 3377 3210 eorum,

180 3233 414 3304 σμένην.
441 3236 664 3305 Κλῆρος
690 3234 799 3305 γὰρ
822 3237 1003 3298 αὐτοῖς
1020 3239 1052 3305 ἡ
1076 3237 1180 3289 τῶν
1197 3237 1361 3304 ἁγίων
1386 3237 1705 3299 καλλίπολις,
1727 3239 1757 3308 ἡ

1859 3243 1939 3288 est
1962 3235 2314 3302 pulcherrima
2350 3235 2438 3287 illa
2471 3235 2678 3300 civitas,
2701 3249 2820 3303 quin
2845 3243 2897 3288 et
2920 3245 3102 3288 sancta
3129 3245 3183 3288 et
3214 3249 3371 3303 supe-

177 3323 316 3391 ἱερά
337 3341 393 3376 τε
417 3327 511 3377 καὶ
538 3327 676 3390 ἄνω,
713 3320 782 3396 ἦς
821 3325 1146 3395 κληροδότης
1163 3326 1307 3389 Θεός.
1335 3326 1444 3397 (69)
1474 3329 1678 3396 Ὥσπερ
1699 3326 1754 3378 δέ

173 3409 336 3463 ἐστιν
359 3416 386 3466 ὁ
412 3415 608 3484 Σωτὴρ
646 3415 810 3480 σοφία
829 3453 846 3477 ,
875 3415 1066 3482 Λόγος,
1089 3417 1272 3485 εἰρήνη
1303 3418 1395 3468 καὶ
1419 3416 1719 3486 δικαιοσύνη
1737 3456 1752 3480 ,

168 3494 357 3563 οὕτως
384 3503 478 3554 καὶ
517 3503 796 3572 ύπομονή.
831 3503 1141 3572 Γέγραπται
1167 3504 1292 3572 γάρ⁹
1323 3505 1427 3556 Καὶ
1456 3503 1570 3556 νῦν
1601 3505 1689 3570 τίς
1715 3507 1751 3572 ἡ

166 3587 458 3657 ὑπομονὴ
475 3608 635 3660 μου;
665 3593 818 3660 Οὐχὶ
841 3593 1089 3658 Κύριος;
1130 3594 1243 3660 ’Λφ’
1271 3587 1330 3646 οῦ
1355 3591 1607 3664 ἀρύεσθαι
1639 3597 1752 3648 ἐστι

165 3676 282 3727 καὶ
311 3678 605 3749 λαμϐάνειν
631 3682 838 3744 πάντα,
873 3681 909 3733 ἃ
935 3683 1146 3748 λέγεται
1170 3679 1304 3734 εἶναι
1324 3683 1460 3737 κατὰ
1491 3685 1585 3746 τὰς
1615 3685 1752 3754 Γρα-

164 3764 299 3830 φὰς
321 3771 631 3840 όΧριστός.
678 3771 768 3833 Ὠς
807 3770 915 3840 γὰρ
963 3772 1158 3840 μετοχῇ
1199 3771 1359 3823 αὑτοῦ
1393 3773 1582 3825 δίκαιοι
1609 3775 1752 3840 γινὸ-

162 3855 327 3921 μεθα
355 3862 445 3912 καὶ
475 3863 656 3928 σοφοὶ,
683 3861 779 3912 καὶ
815 3845 1166 3930 εἰρηνεύομεν
1187 3877 1199 3894 τ
1229 3860 1395 3922 οὓτως
1423 3864 1511 3913 καὶ
1558 3865 1750 3932 μετοχῇ

157 3944 348 3999 αὑτοῦ
375 3951 744 4020 ὑπομένομεν.
791 3947 1061 4018 Ἦσύχαξε
1105 3944 1196 4000 οὖν
1232 3949 1506 4020 ὑπομένων
1535 3953 1624 4006 καὶ
1666 3955 1752 4004 έκ-

156 4029 467 4104 δεχόμενος
498 4039 592 4090 τὸν
625 4037 787 4103 Θεὸν,
831 4037 906 4105 μὴ
950 4037 1341 4107 ταραττόμενος
1379 4042 1486 4101 τοῖς
1506 4041 1746 4110 παροῦσι.

237 4198 398 4273 Στίχ.
431 4212 520 4258 ια’.
547 4209 616 4257 Ol
636 4205 709 4257 δὲ
738 4204 951 4271 πραεῖς
983 4204 1504 4273 κληρονομήσουσι
1535 4207 1665 4276 γῆν.

225 4287 302 4336 Οἱ
357 4294 463 4346 ἀπὸ
492 4294 862 4347 Οὐαλεντίνου
912 4293 1004 4344 καί
1045 4310 1205 4346 τινων
1238 4295 1466 4366 ἐτέρων,
1520 4299 1748 4367 οἰόμενοι

125 4374 249 4425 τδν
288 4379 522 4454 Σωτῆρα
544 4385 732 4452 λέγειν
763 4384 832 4436 τὰ
863 4383 938 4453 μὴ
983 4383 1244 4454 είρημένα
1280 4385 1336 4438 ὲν
1362 4389 1472 4450 τοῖς
1506 4389 1748 4452 παλαιοῖς

124 4458 514 4538 Γράμμασιν,
542 4469 805 4522 ἐντεῦθεν
849 4469 1274 4538 ὲλεγχέσθωσαν,
1319 4472 1622 4540 ἀκούοντες,
1665 4477 1744 4528 ὅτι

1857 3322 1965 3376 rior
1989 3324 2154 3385 audit,
2185 3324 2336 3392 cujus
2369 3325 2682 3379 distributor
2709 3332 2791 3377 est
2830 3324 2986 3378 Deus.
3019 3323 3168 3378 Sicut
3193 3335 3369 3379 autem

1857 3411 2099 3467 Salvator
2123 3421 2200 3466 est
2239 3412 2519 3479 sapientia,
2551 3414 2802 3478 Verbum,
2838 3430 2936 3482 pax
2965 3424 3018 3468 et
3039 3415 3275 3482 justitia,
3302 3413 3378 3466 ita

1853 3499 2010 3552 etiam
2045 3501 2320 3570 patientia.
2354 3500 2620 3570 Scriptum
2649 3514 2731 3556 est
2760 3504 2900 3557 enim
2928 3520 2940 3555 :
2971 3501 3034 3554 Et
3078 3519 3233 3566 nunc,
3265 3518 3380 3570 quia

1851 3603 1922 3646 est
1959 3593 2204 3660 patientia
2235 3595 2388 3650 mea?
2428 3593 2609 3648 Nonne
2649 3595 2899 3647 Dominus
2929 3595 3014 3646 7’?
3041 3611 3069 3648 a
3110 3610 3213 3663 quo
3246 3595 3377 3646 hau-

1851 3679 1964 3734 rire
2011 3690 2218 3748 oportet
2241 3690 2293 3734 et
2317 3683 2561 3749 accipere
2590 3682 2788 3744 omnia,
2833 3697 2952 3749 quae
2988 3680 3230 3734 Christus
3259 3695 3378 3735 esse

1851 3769 2044 3824 dicitur
2063 3771 2352 3825 secundum
2385 3769 2706 3840 Scripturas.
2730 3771 2898 3826 Sicuti
2924 3769 3064 3825 enim
3090 3770 3378 3839 participa-

1852 3861 1993 3914 tione
2020 3861 2135 3928 ejus
2161 3862 2315 3915 fimus
2334 3862 2488 3928 justi,
2528 3871 2582 3916 et
2619 3863 2908 3929 sapientes,
2933 3871 2984 3914 et
3013 3860 3220 3929 pacifici
3243 3900 3257 3924 ,
3299 3861 3374 3914 ita

1847 3959 2054 4012 quoque
2085 3946 2494 4014 participatione
2524 3945 2638 4013 ejus
2663 3947 2816 4002 limus
2843 3948 3128 4015 patientes.
3148 3948 3376 4012 Quiesce

1847 4034 2008 4106 igitur
2035 4034 2306 4088 sustinens
2351 4050 2402 4088 et
2445 4046 2764 4104 exspectans
2813 4037 2993 4100 Deum,
3039 4051 3373 4105 nequaquam

1846 4121 2003 4175 rebus
2029 4123 2371 4190 praesentibus
2404 4125 2756 4192 perturbatus.

1948 4209 2010 4263 γ.
2059 4212 2143 4265 Η.
2191 4211 2449 4266 Mansueli
2494 4231 2607 4268 vero
2638 4213 3014 4267 Itasreditabunt
3055 4225 3265 4269 terram.

1913 4301 2265 4356 Valentiniani
2309 4314 2366 4357 et
2422 4303 2511 4357 alii
2565 4305 2818 4372 quidam,
2876 4305 2976 4356 rati
3041 4304 3369 4360 Salvatorem

1843 4389 2021 4444 dicere
2064 4406 2181 4459 qua:
2215 4406 2545 4460 nequaquam
2578 4393 2627 4444 in
2666 4391 2857 4459 priscis
2902 4390 3192 4460 Scripturis
3232 4394 3370 4447 dicta

1843 4489 1989 4543 sunt,
2029 4495 2093 4533 ex
2125 4479 2223 4534 hoc
2255 4480 2369 4534 loco
2404 4491 2719 4549 arguantur,
2769 4480 2890 4533 dum
2926 4482 3148 4534 audiunt
3181 4499 3193 4535 :
3222 4481 3370 4534 Beati

121 4552 458 4628 Μακάριοι
485 4561 726 4629 πραεῖς,
759 4561 852 4613 ὅτι
892 4559 1062 4612 αὐτοὶ
1090 4560 1605 4629 κληρονομήσουσι
1635 4565 1747 4631 τὴν

1856 4570 2120 4633 νηιηιιιειί,
2171 4571 2287 4638 quia
2322 4571 2424 4638 ipsi
2449 4570 2820 4623 hurreditabunt
2863 4580 3055 4624 terram
3109 4571 3194 4626 ’δε
3227 4574 3368 4640 quod

118 4641 296 4708 Τῆν-
326 4651 527 4721 Εἵρητο
562 4653 666 4721 μὲν
694 4650 793 4703 καὶ
823 4649 1086 4719 πρότερον
1115 4649 1202 4703 διὰ
1233 4649 1518 4710 Δαὸὶδύπὸ
1535 4654 1625 4706 τοῦ
1649 4655 1742 4710 αὐη

117 4731 242 4782 τοῦ
280 4736 428 4793 Πνεύ
436 4760 625 4810 ματος.

209 4821 352 4896 (7ο)
378 4829 894 4901 Οἰκοωμικώτερον
938 4828 994 4881 δὲ
1024 4828 1142 4880 λίαν
1174 4830 1202 4880 ὁ
1243 4827 1403 4879 Δαϐιὸ
1432 4828 1742 4901 ἀντιπαρεξ-

111 4906 275 4974 άγει
293 4923 420 4982 ταῖς
429 4921 537 4974 τῶν
561 4919 908 4990 παρανόμων
933 4917 1181 4970 κολάσεσι
1196 4917 1262 4969 τὰ
1275 4917 1382 4969 τῶν
1403 4917 1565 4983 ἁγίων
1584 4920 1738 4990 γέρα.

130 4993 370 5076 ’Ᾱκονᾷ
410 5009 467 5061 δὲ
499 5009 590 5062 διὰ
624 5006 844 5060 τούτων
888 5006 1084 5067 αὐτοὺς
1117 5008 1195 5068 είς
1235 5005 1418 5073 ἔφεσιν
1461 5006 1736 5079 εὐανδρίας

125 5101 558 5168 πνευματικῆς,
585 5099 656 5151 δι’
685 5093 758 5167 ἦς
785 5095 855 5148 ἂν
881 5095 1086 5162 γένοιτο
1105 5094 1395 5164 κατορθοῦν
1423 5096 1593 5148 πάντα
1615 5099 1735 5167 τρό-

133 5189 250 5224 πον
294 5183 516 5256 ἀρετῆς.
569 5187 690 5256 (71)
741 5185 933 5251 Ταύτῃ
977 5183 1059 5234 τοί
1109 5199 1297 5252 φησιν·
1326 5186 1389 5234 Ol
1430 5182 1497 5234 δὲ
1531 5187 1733 5252 πραεῖς

125 5265 695 5344 κληρονομήσουσι
753 5273 898 5341 γῆν,
948 5272 1046 5339 τὴν
1091 5273 1210 5324 ἄνωι
1236 5271 1450 5340 δηλαδή.
1503 5273 1566 5323 Εἰ
1626 5275 1731 5346 γάρ

122 5347 294 5436 ξπιν
329 5367 387 5419 ἐν
406 5369 663 5436 οὐρανοῖς
693 5362 843 5417 κατὰ
876 5360 1085 5413 Παῦλον
1115 5360 1454 5429 Ἰερουσαλὴμ
1487 5363 1578 5413 καὶ
1600 5365 1732 5418 Σιὼν

122 5428 283 5495 ὅρος.
330 5428 629 5504 ἀκόλὸυθον
655 5449 760 5501 καὶ
804 5445 918 5513 γῆν
955 5448 1111 5506 νοεῖν,
1153 5445 1216 5512 ἢν
1245 5428 1730 5516 κληρονομήσουσιν

191 5518 242 5548 ⁷³
275 5527 434 5592 Psal.
470 5551 712 5598 xxxvm,
757 5534 816 5588 8.
905 5530 955 5562 ⁷⁸
1007 5526 1186 5584 Mallho
1217 5546 1267 5597 ν,
1294 5529 1346 5584 4-

217 5609 327 5689 6.8)
355 5631 455 5687 Ms.
490 5630 704 5700 Cyrillo
752 5623 982 5698 tribuit.

352 5701 541 5773 Cyrilli
584 5707 642 5755 et
671 5693 976 5760 Origents.

126 5752 184 5794 οη

352 5687 553 5773 Cyri”;
584 5707 642 5755 ει
671 5689 976 5760 Origenis.
1043 5687 1169 5743 lliuc
1219 5688 1465 5758 Origenes
1511 5691 1726 5752 νίάθιυΐ

1843 4666 1997 4710 antea
2049 4672 2258 4726 quoque
2290 4659 2486 4713 dictum
2515 4659 2691 4713 fuerat
2732 4676 2826 4728 per
2880 4661 3045 4714 David
3084 4661 3149 4714 ab
3181 4665 3366 4715 eodem

1845 4746 2064 4814 Spiritu.

1913 4836 2114 4890 Eximia
2146 4839 2402 4906 sapientia
2451 4841 2599 4895 valde
2635 4841 2800 4895 David
2839 4842 3118 4911 impiorum
3167 4841 3366 4909 suppli-

1843 4923 1940 4977 ciis
1993 4939 2024 4977 e
2060 4928 2279 4994 regione
2321 4930 2539 4996 opponit
2584 4941 2892 4984 sanctorum
2957 4931 3359 4984 retributiones.

1837 5011 2208 5070 Exacuitvero
2253 5032 2345 5084 per
2369 5019 2478 5071 haec
2500 5019 2618 5074 illos
2643 5023 2708 5075 ad
2748 5021 3070 5075 desiderium
3094 5020 3362 5087 generosi-

1837 5101 1964 5154 tatis
1990 5101 2304 5168 spiritualis,
2330 5120 2432 5172 qua
2459 5108 2548 5160 fiat
2577 5119 2631 5160 ut
2671 5121 2878 5162 omnem
2917 5109 3127 5162 modum
3151 5106 3363 5160 virtutis

1835 5192 2045 5258 assequi
2079 5193 2304 5247 valeant.
2344 5195 2628 5263 Propterea
2653 5199 2783 5251 dicit
2813 5215 2826 5252 :
2856 5195 3113 5250 Mansueti
3145 5195 3362 5248 haeredi-

1834 5280 2014 5332 tabunt
2056 5290 2270 5349 terram,
2297 5299 2582 5354 supernam
2619 5288 2884 5342 videlicet.
2931 5287 2986 5340 Si
3018 5287 3165 5340 enim
3201 5284 3356 5337 estin

1831 5369 2006 5432 cmlis,
2033 5369 2184 5436 juxta
2221 5371 2466 5439 Paulum,
2512 5376 2833 5442 Jerusalem,
2885 5385 2938 5430 et
2989 5389 3140 5427 mons
3191 5371 3354 5428 Sion,

1830 5473 2164 5528 consequens
2197 5475 2280 5518 est
2337 5478 2393 5520 ut
2437 5467 2506 5521 ibi
2553 5467 2715 5523 etiam
2763 5474 2962 5518 terram
3000 5459 3355 5526 concipiamus

1895 5636 2006 5774 (703
2032 5639 2224 5709 Κύριλ.

1899 5704 1978 5774 (71
2046 5707 2224 5774 Ὡριγέ

1899 5704 2006 5774 (7i)
2046 5704 2266 5778 Ὡριγέν.
