3922 6376
642 361 742 416 {35
1492 357 2034 414 SUI’PLEMENTUM
2068 357 2158 410 AD
2195 355 2510 414 ORIGENIS
2547 359 2948 415 EXEGETICA.
3719 360 3804 415 4M

639 454 893 542 plantavit
940 469 1132 522 Esaum
1175 464 1438 534 Jacobus;
1474 486 1503 524 a
1540 487 1702 539 puero
1737 463 1916 527 Daniel
1947 473 2151 540 prophe

2269 471 2660 541 πρεσϐυτέρους
2705 472 2940 542 ἤλεγξεν.
2981 471 3054 524 Οὐ
3098 469 3334 522 δύνασαι
3383 464 3622 530 τοιοῦτος
3674 468 3789 536 γενὲ

639 563 790 626 tavit,
823 571 874 615 et
921 559 1155 613 seniores
1200 561 1458 628 coarguit.
1502 560 1615 615 Non
1662 572 1812 630 potes
1859 563 2151 629 hujusmodi

2259 561 2377 614 σθαι
2399 578 2411 624 ;
2434 561 2589 613 Γενοῦ
2613 562 2736 631 ἑξῆς
2761 562 3009 630 ἀθλητὴς,
3032 559 3108 622 ὡς
3137 561 3165 610 ὁ
3189 559 3422 621 δίκαιος,
3454 558 3533 619 ὃς,
3563 558 3664 610 κᾶν
3685 559 3808 631 πέσῃ

635 654 858 707 evadere
886 651 910 703 τ
933 651 1058 704 Esto
1111 652 1371 719 sequioris
1396 651 1598 706 ordinis
1645 654 1864 719 athleta,
1889 663 1946 708 ut
1971 654 2053 706 vir
2072 655 2155 719 ju-

634 753 778 804 stus,
832 743 919 810 qui
955 745 1195 809 quamvis
1245 745 1403 800 cadat
1443 743 1493 796 in
1525 743 1661 799 lucta
1705 744 1790 798 vel
1831 760 2022 806 cursu,
2057 761 2158 797 non

631 833 912 897 colliditur,
944 835 1064 902 quia
1093 833 1341 886 Dominus
1388 834 1617 901 suffulcit
1648 851 1854 900 manum
1895 834 2025 903 ejus.
2055 834 2160 886 Du-

631 923 717 976 bia
766 922 990 982 locutio;
1025 923 1284 976 incertum
1332 925 1476 977 enim
1514 932 1688 978 utrum
1733 940 1902 990 suam,
1950 924 2029 978 vel
2081 924 2164 978 lu-

628 1013 824 1066 ctantis
871 1028 932 1069 ac
968 1013 1076 1078 jam
1108 1011 1416 1077 collidendi,
1461 1022 1521 1066 ut
1546 1028 1651 1068 uon
1686 1022 2062 1081 prorsusruat
2107 1013 2162 1080 in

627 1099 839 1163 faciem,
875 1109 925 1153 et
961 1109 1103 1152 totus
1114 1099 1294 1166 jaceat
1323 1099 1472 1162 humi
1501 1109 1818 1167 prostratus.

628 1187 692 1244 ν.
722 1191 808 1243 εδ.
842 1190 1030 1243 Juuior
1053 1189 1386 1310 Ῑαὶςιῗηίηἶ.
1409 1191 1553 1244 senui
1577 1206 1595 1243 :
1617 1200 1662 1244 et
1690 1206 1789 1244 non
1832 1190 1937 1244 uidi
1969 1190 2162 1259 iustum

1265 1275 1345 1310 ere
1372 1270 1549 1310 ictum.

1265 1270 1549 1310 erettctum.

697 1346 861 1398 Aliter
888 1355 1064 1399 autem
1117 1357 1423 1414 reputamus
1465 1355 1678 1400 aetatem
1707 1348 1996 1402 secundum
2026 1348 2162 1403 inte-

627 1435 820 1487 rioretu
854 1435 1142 1495 hominem,
1166 1434 1334 1503 pueri,
1364 1434 1598 1499 juvenis,
1632 1435 1795 1490 senis.
1827 1437 1968 1490 Ante
1999 1435 2166 1489 Abra-

626 1525 748 1578 ham
774 1539 922 1592 ergo.
941 1525 1286 1594 longmviores
1314 1524 1400 1577 illo
1437 1541 1540 1580 non
1569 1536 1694 1579 sunt
1730 1526 1855 1580 dicti
1884 1519 2163 1590 Seniores;

624 1616 716 1667 sed
750 1614 859 1682 ipse
900 1615 1100 1682 primus
1125 1626 1340 1684 propter
1367 1617 1618 1670 virtutem
1651 1616 1830 1671 senior
1857 1618 2084 1684 audivit,
2114 1627 2169 1672 et

624 1713 901 1772 propterea
934 1705 1072 1772 qttod
1101 1706 1322 1759 interior
1361 1707 1518 1760 homo
1543 1706 1656 1773 ejus
1679 1695 2016 1760 [evacuaverat
2052 1725 2167 1774 qua:

2258 651 2493 704 παλαίων
2525 651 2556 720 ἢ
2598 651 2820 722 τρέχων,
2851 653 2922 704 οὐ
2950 649 3456 717 καταρρήγνυται,
3491 647 3580 698 ὅτι
3614 649 3808 714 Κύριος

2256 739 2638 806 ἁντιστηρίζει
2666 740 2828 808 χεῖρα
2851 739 3051 792 αὑτοῦ.
3093 737 3428 807 Ἀμφίϐολος
3459 738 3491 805 ἡ
3527 736 3696 801 λέξιςο
3721 733 3806 785 πό-

2256 848 2408 899 τερον
2438 829 2540 901 γὰρ
2565 830 2658 900 τὴν
2683 830 2886 893 ἑαυτοῦ,
2922 831 2955 899 ἦ
2987 829 3081 899 τὴν
3119 828 3216 880 τοῦ
3251 827 3574 889 παλαίοντος
3607 829 3694 880 καὶ
3715 827 3802 898 ἤδη

2261 922 2534 990 μέλλοντος
2585 921 3073 992 καταρρήγνυσθαι,
3126 920 3215 971 ἵνα
3267 917 3342 988 μὴ
3389 917 3527 979 ὅλως
3573 917 3692 988 ἔλθῃ
3724 920 3803 970 ἐπὶ

2258 1011 2560 1081 πρόσωπον,
2595 1012 2686 1063 καὶ
2717 1011 2934 1081 γένηται
2965 1010 3142 1081 χαμαὶ
3175 1009 3295 1071 ὅλος
3330 1008 3600 1077 κείμενος.

2259 1184 2404 1253 Στίχ.
2434 1191 2538 1272 με’.
2569 1184 3213 1272 Negifepog'érerdunr'
3255 1185 3357 1272 καὶ
3385 1183 3496 1272 γζὰρ
3520 1183 3797 1272 ἐηήρασαο

2355 1251 2450 1305 ὸὶαὶ
2480 1257 2586 1306 οὐκ
2623 1251 2782 1306 εἴδωρ
2822 1251 3719 1322 δίκάιονέγκαταλελειμιὶένον.

2339 1343 2564 1412 Ἑτέρως
2588 1345 2643 1396 δὲ
2671 1345 2824 1412 ῐσμεν
2841 1344 3052 1414 ἡλικίαν
3085 1343 3232 1396 κατά
3260 1343 3353 1395 τὸν
3378 1345 3488 1395 ἔσω
3516 1341 3794 1412 ἄνθρωπον,

2260 1433 2487 1495 παιδίου,
2517 1434 2812 1495 νεανίσκου,
2842 1437 3113 1503 γέροντος.
3144 1432 3260 1503 Πρὸ
3285 1434 3420 1500 γοῦν
3443 1433 3537 1484 τοῦ
3574 1434 3797 1504 ⁹Δϐραὰιιι

2260 1525 2306 1574 oi
2346 1523 2810 1594 πολυχρονιώτερα
2835 1524 2994 1577 αὐτοῦ
3019 1525 3120 1575 οὐκ
3149 1524 3399 1593 εἴρηνται
3427 1523 3791 1594 πρεσϐύτεροι·

2261 1613 2372 1664 ἀλλ’
2391 1613 2546 1674 αὐτὸς
2579 1613 2788 1683 πρῶτος
2815 1614 2881 1666 δι’
2907 1612 3104 1685 ἀρετὴν
3130 1613 3506 1684 πρεσϐύτερος
3527 1615 3792 1683 ἐχρημάτμ

2265 1702 2343 1764 σε,
2373 1704 2464 1756 καὶ
2494 1702 2579 1755 διὰ
2602 1703 2660 1754 τὸ
2686 1703 2774 1755 τὸν
2813 1704 2918 1756 ἔσω
2945 1704 3108 1755 αὑτοῦ
3141 1703 3431 1774 ἄνθρωπον
3459 1701 3789 1772 κατηργηκέ·

623 1794 1073 1862 erantparvuli".
1114 1796 1246 1848 Audi
1291 1793 1615 1851 Jeremiam:
1652 1795 1733 1850 Ne
1753 1797 2146 1866 dixeritis,quia

2249 1809 2339 1846 ναι
2369 1794 2437 1846 τὰ
2487 1793 2588 1846 τοῦ
2637 1795 2870 1859 νηπίου.
2912 1795 3020 1846 Καὶ
3066 1795 3340 1864 Ἰερεμίου
3384 1794 3574 1847 ἄκουεο
3600 1793 3690 1860 Μὴ
3707 1791 3789 1846 λέ-

616 1885 799 1952 junior
827 1901 916 1954 ego
943 1903 1054 1939 sum
1088 1888 1153 1939 θ’.
1180 1885 1309 1940 Tale
1331 1887 1456 1954 quid
1493 1897 1544 1939 tu
1581 1887 1710 1939 mihi
1760 1888 1930 1955 cogita
1959 1889 2021 1940 de
2052 1887 2153 1940 Da-

625 1976 710 2030 vid
740 1989 949 2046 quoque
977 1993 990 2028 :
1015 1974 1224 2039 Junior,
1256 1976 1441 2044 inquit,
1471 1976 1544 2050 [ui
1574 1991 1594 2039 ;
1620 1977 1901 2029 secundum
1939 1977 2154 2030 inte-rio-

624 2080 734 2119 rem
765 2066 1052 2120 hominem.
1090 2053 1322 2120 Mutatus
1351 2054 1525 2120 autem
1575 2066 1640 2120 de
1667 2064 1883 2132 juvenili
1923 2081 2068 2119 more
2099 2077 2153 2121 et

625 2154 879 2217 instabili,
915 2155 1201 2208 secundum
1225 2169 1379 2222 quem
1398 2155 1717 2222 juvenilibus
1743 2156 1959 2210 studens
1981 2156 2153 2223 iunior

623 2260 789 2306 eram,
821 2245 887 2297 ad
931 2254 1258 2299 senectutem
1295 2248 1435 2307 veni,
1459 2245 1620 2298 vitam
1667 2245 1868 2297 habens
1899 2246 2153 2301 immacu-

623 2331 808 2396 latam,
835 2339 888 2385 et
917 2346 1101 2384 canam
1135 2331 1490 2398 prudentiam.
1520 2333 1694 2400 Atque
1724 2340 1780 2384 ut
1808 2327 1874 2385 ita
1909 2316 2153 2401 profece-

624 2421 755 2483 riin,
789 2436 891 2473 non
951 2421 1056 2472 vidi
1101 2431 1307 2488 fastum
1351 2421 1666 2474 derelictum.
1698 2421 1752 2474 Si
1807 2421 2154 2489 corporaliter

625 2509 916 2580 intelligas,
949 2509 1138 2563 falsum
1183 2518 1282 2565 est.
1319 2511 1387 2564 At
1427 2511 1541 2564 dua:
1573 2521 1694 2565 sunt
1730 2510 2102 2566 derelictiones
2133 2529 2147 2578 ;

621 2600 792 2654 altera
849 2599 1164 2668 corporalis,
1211 2615 1328 2669 qua:
1377 2600 1508 2654 nihil
1545 2591 1695 2654 nobis
1742 2599 1934 2664 oﬂicit;
1983 2600 2148 2656 altera

623 2687 934 2756 spiritualis,
968 2693 1084 2757 quae
1119 2689 1363 2744 interitus
1400 2686 1510 2744 est.
1536 2690 1796 2756 Quantum
1827 2690 1986 2759 igitur
2015 2691 2149 2747 dite-

623 2779 822 2832 scintus
854 2779 905 2832 in
935 2779 1184 2848 operibus
1208 2779 1390 2848 justis,
1416 2789 1562 2833 tauto
1597 2781 1763 2848 magis
1785 2779 2064 2848 juvamur,
2093 2791 2151 2835 ut

625 2884 727 2922 non
763 2867 1196 2936 derelinquamur
1223 2862 1388 2938 uSque
1421 2870 1472 2924 in
1493 2857 1684 2923 tinem.
1711 2869 2040 2924 ldcirco'non
2063 2872 2148 2924 di-

623 2959 723 3021 xit,
746 2958 834 3028 qui
861 2958 1264 3028 derelinquatur,
1292 2961 1382 3014 sed
1427 2960 1716 3013 derelictus.
1750 2959 1883 3025 Quia
1923 2961 1986 3013 ad
2019 2969 2149 3014 teut-

621 3060 718 3112 pus
757 3045 1194 3114 derelinquuntur
1235 3045 1394 3100 etiam
1436 3048 1583 3113 justi,
1623 3048 1776 3100 sicuti
1815 3046 1933 3110 Job,
1969 3057 2026 3102 ut
2056 3063 2148 3118 ap-

622 3145 830 3202 pareret
850 3133 1046 3202 justus.
1198 3164 1202 3168 -

1088 3233 1092 3238 '
1203 3220 1392 3276 PSAL.
1426 3219 1557 3272 XLI.

623 3309 685 3363 Υ.
718 3312 794 3380 10.
838 3310 1016 3362 Dicam
1047 3309 1151 3380 ρεο
1187 3311 1518 3380 :Auxiliutor
1548 3326 1686 3380 meus
1722 3326 1794 3380 es.
1825 3309 1890 3362 Ut
1917 3311 2039 3380 quid
2056 3315 2150 3366 mei

690 3378 876 3450 oti/itus
904 3393 954 3450 es
984 3380 1007 3431 ?
1036 3376 1100 3450 Et
1122 3393 1278 3445 quare
1301 3378 1462 3430 tristis
1490 3379 1666 3430 incedo
1693 3377 1853 3441 vultu,
1876 3376 1995 3432 dum
2021 3382 2149 3450 ami-

688 3444 1074 3513 gitinimicus?
1135 3444 1140 3445 ⁷
1259 3455 1262 3460 ’
1371 3471 1376 3475 -
1437 3469 1443 3475 ·
1525 3463 1531 3470 ·
1645 3472 1650 3475 -
1878 3460 1884 3464 ’

627 3533 801 3604 νηιι.
833 3531 974 3604 Cum
1002 3531 1455 3604 confringebantur
1505 3550 1624 3588 ossa
1671 3551 1806 3597 mea,
1835 3539 2150 3604 impropero.

692 3601 825 3672 bnutr
848 3602 975 3672 mihi
1005 3601 1364 3672 _iuimici_mei
1397 3619 1415 3654 :
1439 3618 1553 3656 cum
1607 3605 1827 3658 dicereut
1877 3605 1973 3672 ipsi
2002 3601 2148 3660 Vmilti

689 3670 916 3735 quotidie
947 3685 965 3721 :
1001 3668 1100 3722 Ubi
1119 3679 1193 3723 est
1231 3669 1367 3724 Deus
1391 3682 1508 3725 tuus
1537 3673 1563 3724 ?

692 3759 804 3810 Non
857 3759 1098 3813 videmus
1144 3774 1329 3814 omnes
1352 3762 1619 3835 quomodo
1649 3762 1964 3816 misereatur
1987 3762 2144 3818 Deus.

621 3848 758 3913 Quin
814 3848 971 3902 etiam
999 3863 1141 3916 saepe
1185 3851 1239 3917 in
1286 3850 1350 3903 iis
1385 3865 1502 3917 qua:
1536 3865 1598 3904 ex
1631 3851 1994 3908 misericordia
2037 3852 2148 3920 ejus

621 3940 956 4004 proveniunt,
979 3948 1256 4007 propterea
1285 3941 1425 4007 quod
1455 3941 1674 3995 molesta
1701 3951 1846 4008 sunt,
1884 3943 2022 3995 haud
2051 3957 2144 3996 vo-

621 4027 1052 4094 lupehabentes,
1088 4044 1151 4081 ne
1203 4030 1417 4097 quidem
1463 4045 1580 4084 esse
1626 4043 1688 4082 ea
1730 4031 2144 4084 miscricordiam

621 4119 1006 4172 existimamus.
1055 4117 1342 4186 Propterea
1433 4121 1720 4176 dicimus:
1785 4119 1981 4190 thuid
2046 4121 2144 4172 mei

620 4211 806 4262 oblitus
825 4224 876 4261 es
902 4209 926 4260 1'
951 4209 1016 4260 At
1049 4210 1139 4276 qui
1179 4210 1428 4277 percipit,
1459 4210 1582 4277 quia
1616 4222 1772 4263 omne
1806 4212 1946 4278 quod
1991 4211 2147 4263 indu-

621 4299 694 4352 cit
751 4298 884 4351 Deus
933 4298 1131 4351 utiliter
1177 4298 1399 4364 inducit,
1449 4298 1579 4352 utbil
1624 4299 1728 4351 tale
1757 4299 1920 4361 dicet,
1971 4300 2145 4354 sciens

621 4386 785 4441 Deum
838 4387 911 4440 ita
961 4402 1134 4456 agere,
1174 4389 1295 4456 quia
1323 4381 1647 4455 pmuiteutizr.
1697 4399 1750 4443 et
1779 4389 1991 4444 utilitati
2027 4389 2144 4456 ejus
2175 4424 2219 4479 Β

621 4479 816 4531 studet.
843 4474 946 4530 Sed
972 4477 1110 4544 quod
1162 4478 1481 4538 dicebamus.
1518 4477 1777 4544 pumileas
1811 4475 1995 4544 vulgus
2039 4476 2142 4530 sci-

621 4567 843 4622 scitatur
869 4580 898 4617 a
937 4566 1062 4627 Deo,
1095 4579 1189 4618 cur
1232 4568 1404 4636 ipsum
1436 4567 1708 4634 reliquerit
1732 4565 1864 4620 adeo
1889 4566 2141 4626 alllictum

621 4673 684 4711 ac
725 4655 937 4709 tristitia
966 4655 1230 4708 obrutum.
1261 4656 1509 4722 Qiuenam
1541 4665 1622 4709 est
1661 4655 1816 4723 hujus
1843 4654 2144 4708 derelictio-

622 4748 706 4800 uis
732 4759 890 4798 causa
920 4743 943 4795 ?
969 4757 1136 4810 neque
1158 4745 1295 4796 enim
1321 4744 1548 4814 vulgaris
1571 4745 1746 4812 aliqua
1767 4757 1884 4797 esse
1915 4743 2140 4796 videtur.

619 4837 721 4902 Qui
773 4835 934 4901 igitur
963 4834 1090 4886 dicit
1119 4854 1130 4886 :
1174 4832 1362 4902 thuid
1393 4835 1491 4888 mei
1521 4835 1710 4888 oblitus
1741 4850 1793 4886 es
1821 4835 1847 4888 ?
1872 4832 2142 4887 conﬁdere

619 4928 846 4988 videtur,
884 4925 1022 4991 quod
1075 4926 1202 4986 nihil
1241 4924 1427 4978 fecerit.
1473 4939 1675 4986 eorum,
1727 4937 1948 4992 quorum
1985 4934 2142 4974 causa

617 5015 959 5068 obliviscatur
993 5014 1146 5068 Deus.
1179 5013 1469 5084 Admodum
1499 5029 1623 5068 vero
1646 5014 1920 5067 contristat
1939 5010 2138 5078 justum

620 5106 766 5163 illud,
801 5101 897 5154 Ubi
930 5112 1002 5155 est
1036 5105 1060 5154 .9
1089 5105 1285 5157 dictum
1313 5105 1379 5158 de
1408 5104 1536 5168 Deo,
1563 5104 1701 5170 quod
1733 5103 1902 5156 locum
1949 5098 2138 5154 innuit.

619 5196 710 5248 Est
740 5193 880 5246 enim
925 5201 1174 5262 extrema:
1209 5193 1490 5247 dementire
1519 5192 1784 5253 arbitrari,
1819 5189 1982 5242 Deum
2021 5201 2139 5240 esse

620 5285 669 5334 iu
701 5283 835 5334 loco.
879 5281 1234 5351 Magnitudine
1271 5284 1408 5338 enim
1456 5283 1604 5336 locus
1627 5289 1836 5334 constat
1865 5297 1878 5332 :
1917 5289 1972 5331 at
2007 5278 2140 5330 Deus

619 5375 737 5427 talis
769 5375 1140 5444 magnitudinis
1186 5392 1376 5448 expers
1429 5383 1532 5430 est.
1592 5372 1677 5428 Isti
1729 5386 1852 5424 vero
1881 5369 2140 5425 oratioais

681 5513 721 5542 ἰ
755 5511 768 5564 Ι
796 5511 1061 5583 Con-xm,
1092 5519 1178 5573 11.
1247 5519 1291 5550 ⁹²
1314 5526 1509 5570 aerem.
1548 5526 1587 5573 I,
1611 5511 1661 5561 7.

683 5646 789 5715 (30)
819 5649 1006 5717 Κύριλ.
1037 5655 1140 5712 Sed
1171 5659 1338 5728 magis
1365 5653 1651 5720 Ot‘igenem
1683 5649 1911 5716 sapiunt.

2251 1903 2406 1954 γετε,
2442 1885 2530 1937 ὅτι
2568 1884 2844 1951 νεώτερος
2881 1883 2994 1954 ἐγώ
3021 1887 3159 1952 ειμι.
3195 1885 3452 1937 Τοιοῦτόν
3491 1885 3543 1937 τί
3586 1902 3670 1954 μοι
3697 1885 3786 1937 νόει

2251 1975 2341 2027 καὶ
2375 1975 2499 2044 περὶ
2530 1974 2621 2026 τοῦ
2649 1974 2804 2026 Δαϐίδ
2823 1991 2835 2004 ο
2865 1974 3119 2041 Νήπιος,
3149 1976 3336 2045 φησὶν,
3363 1977 3648 2044 ἐγενόμην
3669 1975 3787 2027 κατὰ

2249 2065 2335 2116 τὸν
2377 2063 2482 2116 ἔσω
2532 2063 2628 2133 μου
2675 2064 2972 2134 ἄνθρωπον.
3029 2063 3366 2118 Μεταϐαλὼν
3416 2066 3470 2118 δὲ
3515 2067 3576 2118 ἑκ
3617 2063 3786 2134 νεαροῦ

2250 2155 2407 2223 ἡοους
2436 2154 2527 2206 καὶ
2573 2153 2843 2215 ἀϐεϐαίου,
2895 2153 3016 2205 καθ’
3071 2155 3132 2206 ὃν
3179 2154 3515 2224 νεωτερίζων
3553 2153 3784 2218 νεώτερος

2249 2241 2412 2310 ἢμην,
2457 2242 2532 2301 είς
2570 2240 2744 2308 γῆρας
2787 2235 2968 2309 ἦλθον,
3009 2239 3125 2309 βίον
3170 2241 3502 2312 ἀκηλίδωτον
3543 2241 3672 2309 ἔχων
3706 2239 3784 2294 καὶ

2250 2329 2434 2382 πολιὰν
2464 2329 2736 2398 φρόνησιν.
2765 2329 2871 2379 Καὶ
2899 2328 3043 2382 οὕτω
3065 2330 3367 2399 προκόψας,
3398 2331 3507 2383 οὐκ
3528 2326 3681 2382 εἶδον
3708 2327 3781 2380 δι-

2249 2433 2416 2469 καιον
2431 2416 3050 2484 ἐγκαταλελειμμένον.
3088 2419 3215 2471 Ἑάν
3237 2420 3562 2488 σωματικῶς
3582 2416 3780 2487 ἀκούῃς,

2248 2506 2433 2574 ψεῦδός
2463 2508 2594 2561 ἐστι.
2637 2506 2737 2558 Δύο
2766 2507 2822 2558 δέ
2850 2508 2991 2560 είσιν
3023 2509 3467 2577 ἐγκαταλείψεις
3500 2511 3532 2578 ἡ
3572 2509 3662 2578 μὲν
3691 2525 3778 2559 σω-

2252 2597 2468 2666 ματικὴ,
2494 2597 2613 2666 ἥτις
2647 2598 2794 2650 οὐδὲν
2831 2600 2981 2670 ἡμᾶς
3030 2598 3256 2668 βλάπτει
3276 2617 3289 2630 ο
3328 2602 3361 2670 ἡ
3394 2601 3452 2652 δὲ
3483 2599 3578 2668 τῆς
3607 2596 3778 2666 ψυχῆς,

2247 2688 2364 2756 ἥτις
2409 2687 2642 2757 ὀλέθριός
2686 2691 2848 2742 ἐστιν.
2886 2690 3051 2744 Ὅσον
3091 2692 3190 2761 μὲν
3230 2688 3323 2746 οὖν
3370 2691 3688 2761 πλουτοῦμεν
3727 2692 3774 2742 ἐν

2249 2777 2423 2848 ἔργοις
2448 2777 2687 2840 δικαίοις,
2712 2779 2963 2834 τοσοῦτον
2992 2782 3190 2850 μᾶλλον
3217 2782 3550 2854 βοηθούμεθα
3573 2783 3696 2852 πρὸς
3724 2780 3772 2834 τὸ

2251 2867 2323 2936 μὴ
2385 2867 2859 2935 ὲγ-καταλείπεσθαι
2931 2872 3102 2944 μέχρι
3161 2873 3366 2937 τέλους.
3430 2875 3518 2927 Διὸ
3574 2875 3667 2928 οὑκ
3706 2869 3773 2925 εἷ-

2247 2971 2366 3018 πεν,
2411 2956 2947 3026 ἐγκαταληφθέντα
2968 3000 2984 3025 ,
3033 2961 3149 3014 ἀλλ’
3180 2963 3776 3033 ἐγκαταλελειμμένον.

2259 3045 2428 3107 Ἐπεὶ,
2459 3045 2590 3113 πρὸς
2632 3045 2817 3116 καιρὸν
2852 3051 2955 3101 καὶ
2993 3051 3551 3122 ὲγκαταλιμπάνονται
3587 3053 3774 3116 δίκαιοι,

2176 3121 2217 3178 C
2249 3132 2322 3194 ὡς
2344 3133 2371 3182 ὁ
2415 3131 2548 3194 Ἰὼϐ,
2583 3133 2666 3186 ἵνα
2690 3134 2936 3207 ἀναφανῇ
2967 3139 3193 3203 δίκαιος.

2853 3225 3025 3282 ΨΑΛ.
3060 3231 3196 3282 ΜΑ’.

2249 3310 2392 3384 Στίχ.
2416 3316 2465 3384 ι’.
2840 3312 3234 3384 Ἀντιλήπτωρ
3259 3335 3376 3384 μου
3401 3312 3456 3371 εἷ
3496 3318 3591 3370 Διὰ
3609 3317 3770 3384 τίμου

2319 3376 2641 3455 ἐπελρίξοιξί
2658 3380 2760 3455 Καὶ
2798 3381 2902 3455 ἵνα
2929 3385 2985 3455 τί
3010 3376 3437 3451 σὶευθρὶυέτάζων
3460 3376 3768 3454 πορεύοὶαιι,

2316 3448 2384 3499 ὲν
2406 3447 2485 3510 τῷ
2508 3447 2793 3500 ἐκθλίϐειν
2826 3451 2939 3503 τὸν
2962 3447 3213 3520 ἐχθρόιὴ
3530 3447 3559 3472 ’·

2249 3537 2506 3612 sumat.
2547 3537 2646 3612 Ἕως
2672 3536 3190 3612 τῷ-καταθλᾶσθαιί
3208 3544 3280 3596 τὰ
3304 3544 3450 3597 ὀστᾶ
3473 3561 3604 3612 μου,
3631 3541 3769 3594 ὠνει-

2317 3606 2572 3680 διζᾴνμε,
2592 3609 2644 3658 οἱ
2663 3607 2863 3680 ἐχθροί
2874 3677 2886 3680 _
2891 3627 3008 3676 μου
3037 3611 3106 3662 ἐν
3128 3611 3209 3675 τῷ
3239 3613 3437 3680 λέγειν
3456 3606 3664 3676 ἀύτούς
3683 3624 3768 3677 μοι

2317 3675 2440 3728 καθ’
2470 3673 2731 3740 ἑκάστην
2769 3673 3034 3746 ἡμέρανη
3065 3673 3188 3734 Ποῧ
3220 3673 3387 3734 ἐστὶν
3412 3685 3443 3734 0'
3473 3683 3600 3745 Θεός
3638 3673 3768 3737 ἰγουὶ

2316 3763 2426 3832 Οὐχ
2451 3762 2658 3833 ὁρῶμεν
2682 3763 2738 3815 δὲ
2764 3765 2970 3830 πάντες
3007 3769 3125 3831 πῶς
3152 3770 3289 3822 ἐλεεῖ
3306 3774 3335 3824 ὁ
3358 3771 3504 3834 Θεός.
3537 3771 3636 3824 Καὶ
3662 3767 3768 3820 πολ-

2247 3853 2398 3915 λάκις
2429 3853 2558 3922 πρὸς
2581 3852 2648 3904 τὰ
2675 3856 2792 3905 κατ’
2821 3855 3190 3929 ἐλεημοσύνην
3227 3860 3388 3914 αὐτοῦ
3420 3861 3679 3930 γινόμενα,
3703 3855 3766 3923 τῷ

2247 3944 2472 3997 ἐπίπονα
2515 3940 2668 4007 εἶναι,
2699 3947 2795 4015 οὐχ
2835 3949 3003 4018 ἡδέως
3044 3950 3275 4020 ἔχοντες,
3309 3955 3428 4006 οὐδὲ
3470 3954 3608 4006 ἔλεον
3646 3950 3762 4004 εἶναι

2245 4033 2549 4104 νομίζομεν.
2586 4036 2674 4089 Διὸ
2705 4035 2960 4108 λέγομενο
2994 4042 3096 4094 Διὰ
3124 4043 3182 4094 τί
3209 4061 3326 4112 μου
3365 4042 3647 4097 ἐπελάθου
3659 4057 3678 4105 ;
3715 4040 3762 4102 ὀ

2244 4124 2298 4177 δὲ
2327 4125 2624 4202 διειληφὼς,
2653 4128 2730 4180 ὅτι
2773 4132 2883 4182 πᾶν
2922 4131 2951 4183 ὃ
2983 4133 3176 4200 ἐπάγει
3203 4135 3230 4185 ὁ
3257 4135 3387 4198 Θεὸς
3415 4134 3762 4204 συμφερόντως

2245 4215 2457 4282 ἐπάγει,
2479 4216 2627 4268 οὐδὲν
2655 4218 2767 4286 ἐρεῖ
2789 4221 3048 4287 τοιοῦτον,
3078 4219 3249 4288 εἰδὼς,
3277 4225 3358 4278 ὅτι
3381 4226 3477 4294 τὴν
3507 4223 3762 4293 μετάνοιαν

2245 4305 2426 4368 αὑτοῦ,
2466 4306 2555 4358 καὶ
2582 4307 2676 4375 τὴν
2708 4307 2977 4374 ὠφέλειαν
3025 4314 3535 4382 πραγματευόμενος
3561 4313 3587 4362 ὁ
3629 4309 3759 4369 Θεὸς,

2245 4394 2397 4446 τοῦτο
2424 4397 2580 4447 ποιεῖ.
2626 4395 2761 4446 Ἀλλ’
2810 4399 2947 4468 ὅπερ
2989 4401 3265 4472 ἐλέγομεν,
3303 4403 3331 4454 ὁ
3374 4400 3761 4469 μεταγινώσκων

2245 4483 2366 4545 λαὸς
2390 4483 2701 4538 πυνθάνεται
2723 4487 2822 4540 τοῦ
2851 4489 3006 4553 Θεοῦ,
3032 4491 3118 4543 διὰ
3157 4491 3214 4543 τι
3240 4492 3401 4546 αὐτὸν
3422 4488 3761 4558 ἐγκαταλέλοι-

2246 4589 2343 4624 πεν
2368 4571 2533 4635 οὕτως
2557 4573 2936 4644 ὲκθλιϐόμενον
2974 4580 3068 4632 καὶ
3095 4576 3679 4649 σκυθρωπάζοντα.ί80)
3709 4571 3762 4624 Τί

2243 4661 2305 4714 τὸ
2334 4662 2498 4715 αἴτιον
2539 4663 2633 4732 τῆς
2657 4665 2912 4736 τοιαύτης
2940 4669 3402 4738 ἐγκαταλείψεως;
3435 4676 3494 4722 οὐ
3535 4668 3590 4719 τὸ
3625 4664 3760 4731 τυχθιν

2245 4750 2349 4818 γὰρ
2373 4749 2540 4803 ἔοικεν
2571 4747 2722 4806 εἶναι.
2766 4754 2830 4807 ὐ
2855 4757 3035 4826 μέντοι
3083 4759 3280 4825 λέγων’
3309 4758 3408 4810 Διά
3434 4757 3488 4808 τί
3515 4773 3626 4823 μου
3671 4752 3761 4802 ἑπ-

2244 4839 2490 4902 ελάθου;
2532 4840 2747 4913 θαρρεῖν
2776 4845 2970 4909 ἔοικεν,
2999 4848 3073 4909 ὡς
3107 4849 3270 4918 μηδὲν
3304 4844 3621 4918 πεποιηκὼς.
3650 4840 3708 4900 δι’
3727 4837 3759 4889 ἀ

2246 4929 2692 4983 ὲπιλανϐάνεταιὸ
2715 4932 2862 4997 Θεός.
2895 4937 3042 4990 Πάνυ
3085 4937 3141 4990 δὲ
3172 4938 3326 4990 λυπεῖ
3350 4939 3436 4994 τὸν
3475 4936 3668 4990 δίκαιον
3686 4929 3754 4989 τὸν

2245 5018 2399 5082 Ποῦ;
2444 5022 2535 5072 ἐπὶ
2574 5021 2704 5074 Θεοῦ
2752 5024 3072 5094 λεγόμενον,
3117 5028 3253 5098 ὅπερ
3300 5030 3413 5080 ἐστὶ
3457 5018 3757 5094 σημαντικὸν

2241 5107 2423 5162 τόπου.
2467 5110 2575 5179 Τῆς
2615 5111 2720 5181 γὰρ
2746 5115 2978 5185 ἐσχάτης
3003 5118 3183 5180 ἀνοίας
3207 5119 3267 5172 τὸ
3295 5119 3349 5170 ὲν
3374 5117 3516 5184 τόπῳ
3543 5108 3758 5178 νομίζω

2241 5193 2371 5250 εἶναι
2387 5201 2473 5253 τὸν
2488 5202 2635 5256 Θεόν.
2656 5207 2837 5278 Ὀγκῳ
2855 5209 2964 5279 γὰρ
2991 5211 3371 5277 συνυφίσταται
3397 5207 3552 5268 τόπος
3570 5221 3582 5233 ’
3611 5203 3755 5266 ὄγκου

2240 5283 2373 5337 δὲτὸ
2391 5287 2539 5340 Θείον
2559 5290 2850 5363 ἐλεύθερον.
2879 5290 3035 5349 οὗτοι
3060 5297 3116 5349 δὲ
3135 5297 3234 5365 τῆς
3255 5296 3417 5365 εὐχῆς
3445 5295 3494 5348 oi.
3518 5291 3652 5358 λόγοι
3674 5282 3753 5340 καὶ

2239 5371 2316 5440 τῷ
2355 5377 2412 5426 ἐν
2453 5377 2723 5435 Βαϐυλῶνι
2756 5383 2868 5452 λαῷ
2911 5384 3253 5456 ἁρμόζουσιν.
3309 5385 3419 5438 Ἀεὶ
3455 5382 3589 5452 γὰρ,
3615 5372 3753 5445 φησιν
