3922 6376
621 396 719 450 159
1465 383 2010 440 SUPPLEMENTUM
2041 381 2129 438 AD
2163 380 2474 440 ORIGENJS
2504 384 2901 440 EXEGETICA.
3656 385 3746 443 ιιι)

1138 477 1325 529 PSAL.
1364 476 1612 530 Lxxvu.
2153 495 2199 548 Α
2830 479 2988 529 um.
3049 477 3163 528 oz'.

754 577 808 627 Υ.
842 574 923 624 50.
954 570 1128 618 Adhuc
1167 567 1435 619 exsistente
1469 583 1583 618 esca
1616 567 1668 619 in
1696 583 1783 620 ore
1808 583 2003 620 eorum.
2229 568 2303 618 Στι

2229 568 2367 636 Στίχ.
2391 567 2452 619 λ’.
2484 569 2600 619 Ἔτι
2633 566 2736 634 τῆς
2767 567 3042 650 ,ϐρώσεως
3075 566 3268 631 οὔσης
3305 563 3373 616 ἐν
3405 561 3481 628 τῷ
3519 567 3745 645 στόματι.

2882 651 3096 687 αυτων.

613 726 675 782 ν.
697 726 781 779 3|.
817 721 912 794 _Ira
946 719 1036 770 Dei
1063 715 1290 794 ascendit
1320 718 1372 769 in
1412 719 1546 794 illos,
1579 728 1624 794 et
1645 721 1843 794 _occid_it
1867 720 1935 794 in
1960 719 2126 788 pluri-

2228 726 2367 794 Στίχ.
2396 725 2498 794 λα’.
2543 725 2715 792 Ὀργὴ
2753 725 2859 794 τοῦ
2904 723 3049 775 Θεοῦ
3083 721 3265 787 ἀνέϐη
3285 720 3633 794 ὲπξαύτσίις,
3661 725 3747 794 καί

586 820 592 829 -
810 792 898 841 bus
918 801 1089 839 eorum
1113 801 1133 848 ,°
1166 797 1211 837 et
1236 785 1416 838 electos
1448 785 1610 839 Israel
1637 788 1918 855 impedivit.
1961 785 1968 788 ’

2292 785 2751 857 ἀὲεέκτεινέἑοῗς
2786 792 2892 860 (82)
2926 794 3206 845 πλείοσιν
3238 785 3436 860 abscin-
3455 807 3469 822 -
3497 785 3604 844 real
3625 793 3749 858 τοὺς

1415 880 1422 886 ’
2289 862 2606 927 ἐκλεκτοὺς
2626 862 2728 916 τοῦ
2763 857 3014 927 Ἰσραὴλ·
3028 857 3454 911 συνεπόδισεν.

674 934 918 990 Videntes
939 940 1346 1001 ortygometram
1391 931 1616 998 Hebraei,
1659 949 1761 990 non
1789 938 2121 993 crediderunt

2305 949 2516 1011 ’ἰδόντες
2540 949 2634 1018 τὴν
2661 948 3065 1018 ὀρτυγομήτραν
3106 944 3363 1014 Ἑϐραῖοι,
3392 944 3489 996 οὐκ
3524 944 3743 998 ἐπίστευ-

606 1019 1061 1090 pollicitationibus
1085 1019 1296 1085 divinis,
1340 1035 1459 1073 cum
1493 1023 1829 1089 promisisset
1876 1027 2014 1079 Deus
2041 1027 2122 1080 fo-

2225 1055 2318 1089 σαν
2342 1041 2405 1107 τῇ
2428 1038 2518 1090 τοῦ
2539 1037 2668 1089 Θεοῦ
2696 1035 3006 1104 ἐπαγγελίᾳ,
3029 1032 3398 1102 ὑποσχομένου
3423 1032 3578 1101 μέχρι
3601 1033 3750 1102 μηνὸς

605 1127 680 1174 re,
707 1120 766 1170 ut
794 1122 961 1178 usque
985 1107 1037 1160 in
1069 1121 1303 1161 mensem
1340 1110 1563 1164 nutriret
1584 1124 1675 1165 eos
1697 1112 1763 1166 ad
1793 1115 2122 1167 satietatem.

2220 1125 2494 1198 διαθρέψαι
2525 1126 2714 1185 αὐτοὺς
2739 1127 2814 1186 εἰς
2843 1123 3173 1192 πλησμονήν.
3219 1119 3397 1182 Ἀλλὰ,
3444 1117 3749 1188 φοϐηθέντες

603 1201 705 1255 Sed
740 1200 911 1260 veriti,
949 1213 1014 1250 ne
1041 1194 1279 1249 avolaret
1305 1198 1388 1251 vel
1425 1199 1671 1254 deﬁceret
1705 1202 1918 1267 iterum,
1953 1202 2125 1270 Relri-

2224 1194 2424 1285 μήποτε
2457 1216 2666 1283 ἀποπτῇ
2709 1214 2742 1282 ἢ
2782 1212 3024 1281 ἀναλωθῇ
3059 1211 3244 1272 πάλιν,
3280 1209 3572 1275 Ἔψυξαν,
3613 1209 3747 1276 φησι,

599 1297 925 1359 geraverunt,
960 1287 1053 1349 ait,
1103 1286 1201 1340 sibi
1230 1287 1648 1356 refrigerationes
1673 1291 1729 1342 in
1774 1308 1896 1361 gyro
1927 1302 2123 1346 castro-

2219 1305 2446 1369 ἐαυτο⁷ς
2471 1304 2741 1372 ψυγμοὺς
2771 1305 2970 1366 κύκλῳ
2999 1301 3107 1368 τῆς
3132 1297 3528 1368 παρεμϐολῆς.
3553 1297 3654 1350 Kal
3689 1298 3749 1349 τὰ

599 1399 734 1438 rum.
768 1379 836 1432 Et
867 1394 1045 1431 carnes
1067 1379 1234 1432 adhuc
1273 1388 1416 1433 erant
1443 1381 1497 1433 in
1529 1381 1763 1434 dentibus
1790 1399 1988 1448 eorum,
2027 1401 2123 1436 an-

2220 1395 2360 1462 κρέα
2380 1394 2464 1447 ἔτι
2485 1391 2561 1463 ἦν
2593 1395 2661 1446 ἐν
2681 1393 2802 1458 τοῖς
2837 1392 3079 1444 ὀδοῦσιν
3110 1389 3327 1453 αὐτῶν,
3365 1390 3506 1455 πρὶν
3537 1389 3572 1455 ἢ
3611 1390 3749 1441 ἐκλι-

598 1481 796 1538 tequam
818 1469 1083 1534 deﬁcerent
1110 1483 1127 1518 :
1156 1477 1203 1518 et
1225 1467 1472 1522 Dominus
1499 1471 1661 1523 iratus
1681 1479 1756 1524 est
1785 1472 1839 1526 in
1859 1472 2118 1540 populum.

2219 1485 2378 1537 neir'
2409 1485 2504 1538 καὶ
2530 1485 2739 1550 Κύριος
2763 1481 3022 1549 ἐθυμώθη
3052 1484 3140 1545 είς
3168 1479 3275 1532 τὸν
3289 1481 3460 1532 λιτόν.
3496 1477 3601 1531 Καὶ
3619 1476 3746 1530 ἐπά-

597 1563 666 1614 Et
708 1564 954 1628 percussit
999 1561 1247 1616 Dominus
1282 1562 1526 1630 populum
1562 1563 1885 1630 percussione
1930 1580 2120 1631 magna

2221 1574 2362 1637 ταξε
2413 1574 2624 1640 Κύριος
2668 1572 2772 1623 τὸν
2809 1570 2960 1624 λαὸν
3001 1568 3207 1638 πληγῇ
3245 1567 3478 1636 μεγάλῃ
3516 1567 3744 1634 σφόδρα.

595 1655 740 1708 ualde
766 1654 828 1707 ".
859 1653 986 1708 Haec
1013 1655 1272 1720 percussio
1302 1669 1508 1721 magna,
1553 1667 1700 1707 mors
1731 1653 1833 1706 fuit
1865 1653 2120 1721 plurimo-

2215 1663 2420 1732 Πληγὴ
2479 1661 2536 1714 δὲ
2587 1660 2834 1730 μεγάλη,
2867 1663 2895 1714 ὁ
2939 1660 3144 1713 πολλῶν
3201 1660 3458 1721 Θάνατος,
3521 1658 3652 1712 κατὰ
3697 1656 3748 1709 τὸ

596 1759 735 1808 rum,
759 1744 910 1812 juxta
948 1743 1088 1811 quod
1136 1743 1222 1796 hic
1253 1744 1450 1796 dicitur
1480 1761 1494 1795 :
1529 1743 1732 1795 Occidit
1772 1743 1825 1794 in
1862 1743 2116 1808 pluribus,

2215 1756 2492 1826 εἰρημένον
2575 1753 2831 1806 ἐνταῦθα·
2899 1754 2980 1804 ὅτι
3064 1751 3440 1806 Ἀπέκτεινεν
3505 1751 3573 1803 ἐν
3641 1750 3747 1814 τοῖς

594 1833 648 1887 id
700 1843 781 1887 est
824 1832 1034 1886 multos.
1081 1831 1184 1885 Sed
1218 1847 1249 1884 ο
1304 1832 1769 1900 ingratitudinem!
1819 1833 2114 1899 Antequam

2214 1843 2468 1900 πλείοσι.
2518 1843 2755 1894 τουτέστι
2801 1840 3040 1902 πολλούς.
3106 1838 3244 1890 Ἀλλ’
3288 1838 3333 1890 ὢ
3386 1839 3481 1908 τῆς
3522 1839 3745 1907 ἀγνωμο-

593 1932 1035 1978 consumerentur
1075 1936 1265 1974 carnes
1309 1936 1426 1989 qua:
1459 1931 1612 1974 erant
1656 1923 1708 1974 in
1749 1921 1993 1976 dentibus
2023 1937 2112 1976 eo-

2217 1931 2404 2000 σύνηςί
2429 1931 2611 2001 Πρὶνῆ
2643 1930 3008 2000 δαπανηθῆναι
3035 1928 3103 1981 τά
3131 1931 3189 1980 ἐν
3215 1931 3327 1990 τοῖς
3358 1927 3562 1980 ὀδοῦσιν
3592 1927 3745 1980 αὐτῶν

594 2027 732 2078 rum,
777 2011 1032 2066 increduli
1086 2013 1322 2077 luerunt,
1369 2012 1516 2066 obliti
1562 2011 1807 2079 potentiae
1842 2013 1951 2069 Dei.
1988 2011 2116 2066 Pro-

2213 2019 2368 2088 κρέα,
2395 2019 2697 2088 ἠπίστησαν
2743 2015 3115 2086 ἐπιλαθόμενοι
3159 2016 3260 2084 τῆς
3291 2013 3385 2066 τοῦ
3435 2013 3565 2066 Θεοῦ
3608 2013 3745 2067 δυνά-

590 2114 770 2172 pterea
801 2104 1064 2158 desiderio
1087 2103 1302 2170 quidem
1335 2117 1432 2156 suo
1476 2103 1651 2155 satiati
1681 2111 1801 2157 sunt
1839 2102 1904 2155 ad
1930 2113 2113 2156 osten-

2216 2126 2375 2178 μεως.
2415 2111 2503 2162 Διὸ
2530 2110 2625 2179 τῆς
2671 2110 2766 2179 μὲν
2805 2107 3096 2177 ἐπιθυμίας
3141 2105 3319 2159 αὐτῶν
3364 2104 3743 2176 ἐνεπλήσθησαν

591 2195 792 2248 sionem
815 2193 1160 2260 providentia:
1185 2193 1374 2245 divina:
1398 2206 1523 2258 erga
1556 2192 1672 2246 illos
1695 2208 1708 2242 :
1740 2193 1912 2246 evasit
1941 2202 2112 2246 tamen

2213 2201 2288 2259 είς
2317 2197 2529 2260 ἔνδειξιν
2560 2191 2655 2268 τῆς
2680 2198 2804 2267 περὶ
2840 2197 3034 2258 αὐτοὺς
3070 2194 3223 2258 θείας
3260 2195 3510 2265 προνοίας
3533 2211 3545 2223 °
3583 2192 3741 2261 ἀπέϐη

589 2283 1338 2350 illis,propter'inlidelitatem
1367 2293 1422 2337 et
1448 2283 1751 2350 ingluviem,
1785 2284 1837 2336 in
1873 2288 2110 2337 morbum

2213 2288 2266 2339 δὲ
2296 2288 2493 2350 αὐτοῖς,
2520 2285 2606 2340 διά
2631 2286 2723 2356 τὴν
2749 2288 2997 2338 ἀπιστίαν
3030 2286 3125 2339 καὶ
3153 2285 3470 2355 ἀπληστίαν,
3501 2285 3576 2347 είς
3609 2282 3743 2336 νόσον

593 2373 843 2435 cholerze,
869 2381 984 2438 qua
1019 2372 1167 2426 multi
1200 2370 1533 2425 interierunt.
1560 2373 1791 2436 Quorum
1815 2371 2110 2440 exemplum

2215 2375 2454 2446 χολέρας,
2499 2376 2586 2443 ὑφ’
2637 2373 2703 2446 ἧς
2757 2375 2937 2428 πολλοὶ
2983 2375 3377 2445 διεφθάρησαν·
3420 2365 3493 2426 ὧν
3543 2374 3600 2425 τὸ
3629 2373 3744 2424 ὑπό-

590 2474 700 2517 tam
725 2463 829 2516 illis
861 2463 1010 2530 ipsis,
1034 2476 1188 2529 quam
1218 2463 1303 2526 iis,
1334 2462 1424 2529 qui
1456 2461 1522 2516 ad
1553 2475 1645 2514 eos
1671 2463 1976 2528 respiciunt,
1999 2460 2114 2516 suf-

2216 2465 2406 2534 δειγμα
2439 2465 2616 2526 αὐτοῖς
2659 2480 2715 2514 τε
2764 2463 3008 2528 ἐκείνοις,
3057 2463 3152 2515 καὶ
3191 2468 3300 2527 τοῖς
3346 2463 3479 2534 πρὸς
3522 2463 3740 2525 ἐκείνους

591 2555 774 2608 ﬁciens
799 2553 862 2607 ad
895 2554 1084 2608 bonam
1117 2553 1315 2621 frugem
1350 2552 1465 2605 fuit.

2218 2554 2430 2624 ὁρῶσιν,
2463 2554 2639 2606 ἱκανὸν
2677 2553 2809 2621 πρὸς
2839 2553 3192 2623 σωφροσύνην
3224 2554 3454 2622 ἐγένετο.

658 2642 806 2704 Illud,
837 2642 890 2693 in
912 2639 1104 2702 multis,
1131 2639 1314 2707 Aquila
1344 2648 1397 2694 et
1425 2638 1776 2706 Symmachus
1808 2641 2105 2706 ediderunt,

2281 2643 2351 2694 Τὸ
2377 2643 2452 2706 δὲ,
2483 2643 2550 2693 ἐν
2581 2640 2701 2706 τοῖς
2731 2641 3026 2702 πλείοσιν,
3075 2641 3302 2706 Ἀκύλας
3333 2643 3426 2695 καὶ
3450 2641 3736 2713 Σύμμαχος,

587 2737 640 2784 in
671 2732 940 2799 pinguibus
960 2741 1009 2783 et
1033 2729 1344 2783 obesioribus
1369 2730 1447 2794 9‘;
1482 2729 1702 2782 ditiores
1725 2731 1898 2797 populi
1925 2741 1980 2784 et
2012 2732 2112 2784 for-

2217 2735 2284 2786 ἐν
2321 2733 2438 2798 τοῖς
2475 2732 2641 2786 πίοσί
2681 2731 2777 2784 καὶ
2820 2732 3252 2801 λιπαροτέροις,
3310 2731 3585 2796 ἐξέδωκαν,
3629 2732 3739 2793 τοὺς

587 2823 750 2874 tiores
781 2821 858 2873 sic
884 2818 1222 2889 appellantes.
1256 2816 1566 2872 Verosimile
1591 2819 1734 2871 enim
1759 2829 1840 2871 est
1867 2833 1959 2873 eos
1986 2834 2109 2888 pro-

2211 2821 2630 2890 πλουσιωτέρους
2684 2820 2774 2872 τοῦ
2829 2821 2959 2872 λαοῦ
3020 2823 3112 2874 καὶ
3175 2823 3544 2893 ἰσχυροτέρους
3585 2821 3737 2885 οὕτως

585 2920 764 2977 pterea
799 2909 1149 2963 insatiabilius
1179 2906 1492 2962 comedisse.
1540 2904 1645 2960 Sed
1674 2906 1959 2960 secundum
1980 2905 2110 2957 LXX

2211 2911 2579 2980 ὀνομάσαντες.
2620 2910 2775 2971 Εἰκὸς
2803 2911 2909 2980 γὰρ
2939 2914 3136 2975 αὐτοὺς
3173 2913 3259 2964 διὰ
3293 2913 3445 2965 τοῦτο
3491 2913 3735 2981 ἀπληστο-

583 2998 639 3048 in
669 2997 897 3059 pluribus
923 2996 1129 3058 occidit,
1183 2995 1234 3047 id
1261 3004 1342 3048 est
1388 2995 1604 3058 multos,
1643 3007 1776 3060 quos
1815 2992 1977 3055 etiam
2004 2993 2110 3046 elc-

2213 2999 2379 3068 τέρως
2427 2998 2786 3068 ἐμφορεῖσθαι.
2848 3001 3010 3054 Κατὰ
3058 3002 3113 3054 δὲ
3160 3004 3284 3066 τοὺς
3346 3003 3735 3072 Ἑϐδομήκοντα,

585 3095 700 3138 ctos
726 3086 934 3138 vocavit
963 3084 1148 3142 David,
1178 3092 1355 3150 utpote
1383 3081 1681 3148 belligeros.
1725 3081 1786 3134 lli
1819 3096 1972 3148 porro
2001 3083 2108 3134 lue-

2208 3087 2276 3138 ἐγ
2316 3087 2437 3152 τοῖς
2480 3088 2753 3141 πλείοσιν
2798 3089 3177 3156 ἀπέκτεινεν,
3221 3092 3456 3144 τουτέστι
3500 3092 3733 3154 πολλοὺς,

583 3185 707 3230 Tum
752 3183 996 3230 sexcenta
1047 3173 1208 3226 mima
1255 3172 1528 3238 ίιιιὶηεεηιί
1579 3179 1631 3225 εί
1675 3171 2050 3239 (ιυίηίιηθεῑιιιθ
2076 3187 2104 3224 3
2205 3180 2295 3243 οὓς
2313 3181 2404 3234 καὶ
2431 3181 2709 3244 ἐκλεκτοὺς
2737 3183 2994 3236 ἐκάλεσεν
3025 3188 3052 3238 ὀ
3084 3186 3264 3249 Δαυῒδ,
3305 3187 3378 3250 ὡς
3409 3185 3729 3256 πολεμιστάς.

582 3265 842 3320 vieennali
891 3271 1044 3317 aetate
1067 3271 1118 3313 et
1161 3275 1340 3327 supra,
1390 3270 1609 3326 excepta
1659 3260 1898 3313 inferiori
1930 3270 2102 3326 aetate,

2206 3273 2267 3322 Oi
2294 3270 2347 3320 δὲ
2388 3265 2522 3337 ἦσαν
2572 3270 2840 3334 ἑξακόσιαι
2884 3273 3120 3340 χιλιάδες
3165 3276 3256 3326 καὶ
3295 3276 3624 3327 πεντακόσιοι
3654 3273 3733 3325 καὶ

581 3353 920 3413 mulieribus,
941 3357 996 3402 et
1021 3350 1268 3401 universa
1302 3349 1442 3402 tribu
1472 3348 1616 3401 Levi.
1666 3347 1773 3401 llos
1801 3362 1984 3403 omnes
2011 3366 2106 3402 nu-

2206 3359 2530 3427 πεντήκοντα
2555 3357 2660 3409 ἀπὸ
2686 3359 3023 3424 εἰκοσαετοῦς
3045 3364 3138 3414 καὶ
3167 3365 3438 3434 ἀνωτέρω,
3465 3364 3624 3434 χωρὶς
3643 3361 3730 3430 τῆς

585 3443 730 3494 trivit
776 3440 914 3492 Deus
960 3437 1115 3502 longo
1157 3445 1398 3504 tempore
1435 3437 1501 3490 ad
1545 3438 1888 3498 satietatem;
1937 3436 2108 3505 inquit

2206 3447 2505 3515 κατωτέρας
2530 3445 2754 3514 ἡλικίας,
2791 3449 2881 3499 καὶ
2910 3450 3016 3502 τῶν
3052 3452 3346 3518 γυναικῶν,
3379 3451 3469 3504 καὶ
3495 3443 3614 3520 ὅλης
3639 3437 3755 3516 τῆςί

581 3532 724 3584 enim
757 3545 770 3580 :
808 3527 972 3595 Usque
1015 3529 1081 3579 ad
1119 3542 1336 3581 mensem
1379 3526 1576 3579 dierum
1610 3525 1903 3589 comedetis,
1949 3526 2106 3579 donec

2205 3536 2372 3606 φυλῆς
2411 3533 2502 3585 τοῦ
2543 3535 2687 3588 Λευί.
2739 3537 2971 3602 Τούτους
3018 3541 3258 3605 ἃπαντας
3303 3542 3523 3612 ἔθρεψεν
3553 3543 3580 3592 ὀ
3615 3538 3729 3598 Θεὸς

581 3629 720 3672 exeat
753 3633 813 3670 ex
859 3617 1070 3668 naribus
1098 3616 1277 3668 vestris
1301 3616 1367 3667 ³³.
1403 3615 1598 3668 Videns
1629 3614 1876 3682 populum
1911 3630 2104 3670 concu-

2205 3631 2280 3690 εἰς
2313 3627 2468 3697 κόρον
2505 3629 2594 3680 ἐπὶ
2622 3627 2770 3679 πολύ.
2801 3629 2942 3700 Ἔφη
2967 3630 3071 3700 γάρ
3090 3648 3102 3662 ·
3137 3632 3282 3696 Ἕως
3306 3633 3494 3700 μηνὸς
3517 3628 3730 3698 ἡμερῶν

581 3711 887 3776 piscentem,
920 3717 970 3760 et
992 3720 1216 3775 purgare
1244 3719 1365 3758 eum
1394 3704 1573 3758 volens
1601 3719 1626 3756 a
1651 3706 2102 3773 concupiscentia,

2204 3718 2477 3786 φάγεσθε,
2507 3717 2612 3782 ἓως
2638 3717 2712 3769 ἂν
2730 3716 2947 3786 ἐξέλθῃ
2980 3719 3045 3771 ἐκ
3073 3719 3190 3773 τῶν
3212 3720 3524 3789 μυκτήρων·
3559 3716 3725 3787 ὑμῶν.

578 3797 791 3851 videbat
835 3795 973 3862 quod
1009 3807 1253 3847 sermone
1299 3791 1574 3845 doctrinali
1626 3807 1727 3844 non
1767 3802 2102 3861 purgaretur,

2215 3806 2380 3875 Ὁρῶν
2419 3806 2543 3861 λαὸν
2595 3805 2962 3875 ἐπιθυμητὴν,
3009 3809 3102 3860 καὶ⁸
3154 3809 3387 3878 καθᾶραι
3437 3807 3591 3860 αὐτὸν
3633 3800 3728 3856 ἀπὸ

580 3885 670 3939 sed
723 3893 924 3937 tantum
975 3883 1402 3951 concupiscentia
1465 3883 1513 3934 in
1567 3882 1862 3935 satietatem
1928 3895 2100 3934 versa.

2201 3897 2298 3965 τῆς
2359 3896 2639 3966 ἐπιθυμίας
2699 3896 3034 3966 βουλόμενος,
3079 3899 3226 3969 ἐώρα
3283 3900 3361 3951 ὅτι
3411 3897 3548 3967 λόγῳ
3598 3895 3726 3949 διδα-

579 3975 823 4028 Otuninm
851 3974 987 4026 enim
1011 3987 1184 4026 rerum
1211 3973 1428 4028 satietas
1457 3982 1555 4035 est,
1587 3988 1690 4026 non
1725 3973 1892 4026 somni
1929 3973 2101 4034 modo,

2203 3987 2436 4056 σκαλικῷ
2479 3988 2536 4039 οὐ
2589 3986 2926 4056 καθαίρεται,
2986 3989 3100 4040 ἀλλ’
3160 3990 3293 4058 αὐτῇ
3354 3992 3416 4059 τῇ
3485 3987 3727 4057 ἐπιθυμίᾳ

579 4064 667 4117 sed
703 4073 754 4117 ct
785 4064 1039 4117 ciborum.
1076 4061 1359 4129 Propterea
1405 4063 1548 4115 misit
1577 4063 1640 4116 ad
1672 4076 1762 4116 eos
1809 4072 2104 4131 ortygome-

2201 4081 2455 4150 γενομένῃ
2492 4080 2795 4149 προσκορεῖ.
2834 4079 3059 4132 Πάντων
3102 4081 3207 4150 γὰρ
3245 4082 3401 4150 κόρος
3447 4081 3600 4142 ἐστὶν,
3640 4079 3728 4146 οὐχ

580 4163 713 4205 Iram
759 4152 822 4204 ad
856 4151 1066 4220 triginta
1116 4150 1270 4204 dies:
1317 4151 1390 4204 illi
1435 4165 1580 4212 vero,
1631 4149 1848 4201 nimium
1873 4149 2101 4203 satietati

2201 4159 2364 4218 ὕπνου
2399 4149 2570 4236 μόνον,
2600 4165 2728 4217 ἀλλὰ
2769 4167 2858 4218 καὶ
2900 4149 3348 4236 βρωμάτων.’Διὸ
3386 4167 3614 4238 ἐπεμψεν
3638 4166 3723 4217 αὐ-

577 4241 932 4310 indulgentes,
964 4239 1227 4293 cbolerica
1261 4239 1538 4293 allectione
1562 4238 1893 4292 interierunt.

2200 4259 2306 4318 τοῖς
2331 4257 2729 4327 ὀρτυγομήτραν
2758 4255 2847 4306 ἐπὶ
2882 4258 3174 4326 τριάκοντα
3215 4259 3449 4328 ἡμέρας
3483 4259 3529 4309 οἱ
3562 4256 3636 4317 δὲ,
3665 4256 3722 4321 τῇ

568 4367 574 4388 .
644 4333 734 4388 Bis
763 4342 938 4386 autem
968 4332 1177 4384 invenio
1200 4331 1445 4400 populum
1472 4329 1766 4384 comedisse
1795 4339 2100 4398 ortygome-

2201 4345 2466 4416 ἀπληστίᾳ
2493 4344 2837 4415 χρησάμενοι,
2866 4345 3133 4416 χολερικῷ
3159 4347 3317 4399 πάθει
3343 4346 3657 4416 ἐφθείροντο.

576 4437 734 4482 tratn.
774 4420 948 4476 Semel
980 4422 1159 4474 statim
1185 4431 1341 4490 atque
1382 4422 1624 4474 exierunt
1661 4418 1724 4473 de
1755 4426 1894 4472 terra
1929 4415 2086 4487 Egy-

2170 4495 2172 4505 ι
2266 4415 2356 4496 Δὶς
2382 4433 2436 4484 δὲ
2468 4433 2700 4500 εὑρίσκω
2731 4432 2818 4484 τδν
2855 4415 3257 4502 λαὸννφαγόντα
3295 4415 3719 4505 ὀρτυγομήτραν·

572 4516 678 4582 pti;
741 4513 951 4573 iterum,
1000 4512 1135 4564 sicut
1180 4511 1231 4565 in
1276 4510 1518 4565 Numeris
1565 4509 1836 4572 scribitur,
1883 4509 2096 4577 quando

2170 4475 2354 4590 ’ἀπαξὶ
2379 4526 2474 4594 μὲν
2500 4475 2658 4593 ἡζίκα
2698 4521 2894 4586 εὐθέως
2943 4475 3160 4593 ἐξῆέθόν
3204 4527 3266 4577 ἐκ
3295 4475 3394 4594 γὲις
3435 4475 3719 4591 λιγύπιτου·

572 4602 802 4657 oblocuti
833 4609 958 4655 sunt
978 4599 1042 4654 de
1069 4614 1201 4668 pane
1235 4601 1348 4662 Dei,
1391 4609 1443 4654 et
1467 4599 1668 4653 futilem
1695 4598 1840 4651 illum
1869 4599 2098 4668 appella-

2190 4615 2249 4666 τὸ
2276 4613 2331 4665 δὲ
2349 4613 2611 4684 δεύτερον,
2639 4611 2712 4674 ὡς
2748 4611 2804 4663 ὲν
2839 4615 2950 4675 τοῖς
2999 4613 3276 4683 Ἀριθμοῒς
3315 4615 3720 4683 ἀναγέγραπται,

571 4701 806 4746 verunt:
860 4703 964 4756 quo
1015 4689 1178 4742 etiam
1219 4696 1464 4767 tempore
1516 4689 1598 4739 ira
1633 4687 1862 4740 ascendit
1910 4688 1963 4738 in
1990 4701 2095 4749 eos,

2190 4703 2347 4772 ἡνίκα
2390 4701 2570 4764 κακῶς
2608 4697 2754 4753 εἷπον
2783 4700 2872 4754 τὸν
2919 4701 3079 4771 ἄρτον
3111 4703 3203 4755 τοῦ
3241 4702 3396 4766 Θεοῦ,
3429 4701 3520 4754 καὶ
3559 4699 3721 4751 διάκε-

571 4789 755 4848 utpote
779 4793 896 4846 quae
923 4777 1136 4832 omnino
1162 4778 1466 4831 subsidebat
1489 4787 1766 4846 antequam
1792 4782 2092 4844 peccarent.

2196 4806 2276 4842 vov
2305 4788 2459 4840 αὑτὸν
2493 4788 2772 4858 ὠνόμασαν
2794 4804 2807 4818 ·
2846 4788 2934 4839 ὅτε
2971 4791 3063 4842 καὶ
3107 4790 3249 4857 ὀρτὴ
3284 4790 3461 4854 ἀνέθη
3502 4788 3590 4841 ἐπ’
3629 4786 3724 4837 αὺ-

571 4871 701 4924 Cum
730 4867 868 4920 enim
914 4865 1003 4917 diu
1039 4867 1367 4932 multumque
1401 4865 1604 4932 experti
1644 4865 1875 4916 divinam
1914 4871 2096 4931 poten-

2191 4879 2347 4945 τοὺς,
2387 4879 2460 4940 ὼς
2493 4879 2628 4948 τάχα
2659 4877 2806 4929 κάτω
2844 4895 2945 4930 που
2988 4874 3118 4931 οὖσα
3162 4881 3289 4950 πρὶν
3330 4879 3361 4948 ἢ
3401 4877 3718 4948 ἁμάρτωσιν.

570 4961 719 5024 llam,
757 4971 858 5010 non
886 4952 1236 5007 credidissent
1266 4955 1696 5022 benignissimum
1749 4954 1913 5006 Deum
1943 4966 2096 5018 posse

2203 4965 2414 5034 Ἐπειδὴ
2438 4965 2562 5035 γὰρ,
2600 4968 2788 5034 πεῖραν
2811 4963 3028 5035 ’πολλὴν
3055 4967 3305 5030 λαϐόντες
3338 4967 3433 5037 τῆς
3464 4964 3605 5026 θείας
3637 4962 3720 5015 δυ-

571 5047 909 5118 suppeditare
939 5059 1113 5097 escam
1144 5045 1302 5112 ipsis;
1333 5056 1384 5100 et
1417 5046 1552 5098 hanc
1581 5044 1782 5109 tribuit,
1817 5053 1869 5097 et
1897 5041 2091 5102 docuit,

2190 5053 2418 5122 νάμεως,
2459 5055 2555 5106 οὐκ
2581 5053 2901 5107 ἐπίστευσαν
2935 5056 3024 5107 τὸν
3066 5057 3438 5128 φιλάνθρωπον
3480 5051 3720 5108 δύνασθαι

569 5141 712 5208 quod
743 5146 1023 5202 utrumque
1043 5132 1217 5188 facere
1245 5137 1382 5202 potis
1410 5145 1559 5198 erat;
1608 5145 1660 5190 et
1686 5134 1820 5188 bona
1852 5131 2096 5185 videlicet

2190 5144 2484 5214 χορηγῆσαι
2524 5144 2703 5204 αὐτοῖς
2754 5146 2976 5213 τροφὴν,
3033 5146 3126 5198 καὶ
3164 5146 3363 5215 ταύτην
3403 5145 3584 5208 ἔδωκε,
3635 5139 3719 5194 καὶ

566 5231 840 5290 exhibere,
885 5235 938 5281 et
984 5242 1190 5283 sumere
1223 5229 1493 5283 ultionem.
1544 5225 1766 5281 Vitanda
1817 5232 1894 5278 est
1936 5222 2094 5288 igitur

2188 5230 2283 5298 τὴν
2316 5229 2552 5283 παιδείαν
2586 5231 2876 5301 ἐπήγαγεν,
2904 5233 2978 5295 ὡς
3010 5229 3287 5302 ἀμφότερα
3329 5233 3512 5285 ποιεῖν’
3534 5227 3716 5288 ἱκανὸς»

566 5322 868 5385 voracitas,
907 5320 1177 5389 gulositas,
1222 5322 1518 5392 ingluvies:
1561 5319 1660 5372 hoc
1723 5326 1823 5380 est,
1866 5315 2088 5368 immen-

2193 5321 2286 5370 xui.
2317 5321 2382 5372 τὰ
2411 5321 2585 5389 ἀγαθά
2621 5323 2890 5392 παρέχειν,
2931 5323 3021 5375 καὶ
3060 5315 3172 5386 τὰς’
3195 5321 3454 5394 τιμωρίας
3491 5321 3715 5386 ἐπάγειν-

566 5427 656 5466 ⁸υ³
688 5411 896 5477 θρεοηῆ
930 5424 1072 5478 usus,
1136 5417 1269 5480 gula:
1323 5414 1486 5478 furor,
1523 5409 1624 5463 cibi
1690 5403 2088 5475 intemperantia

2193 5409 2446 5463 Φευκτέον
2473 5412 2644 5465 τοίνυν
2677 5411 2992 5480 ὀψοφαγίαν,
3025 5409 3718 5483 λαιμαργίαν,·γαστριμαρ-

641 5581 682 5611 ³³
737 5579 888 5632 Num.
939 5595 1012 5642 xi,
1071 5579 1157 5646 5‘2,
1211 5581 1297 5636 35.
1373 5578 1591 5634 "Psal.
1645 5589 1843 5640 Lxxvu,
1896 5572 1983 5626 5i.
2151 5572 2196 5603 "
2234 5574 2385 5628 Num.
2418 5577 2605 5644 11,20.

633 5715 832 5784 (82)'Ev
862 5720 984 5778 τοῖς.
