3922 6404
1431 454 1649 512 EXCEB
1657 450 1785 506 ΡΤΛ
1830 450 1894 503 IN
1929 445 2257 504 PSALMOS.

229 570 258 590 ι
292 554 576 645 τουτέστι
611 563 741 635 τὴν
787 572 952 641 περὶ
987 575 1187 645 χρῆσιν
1215 572 1341 641 ὄψου
1377 569 1658 641 ἀμετρίαν,
1697 565 1796 633 τὴν

1907 576 1954 616 et
2005 561 2150 614 [uror
2203 559 2442 621 ventris,
2499 565 2556 609 ut
2590 570 2694 612 non
2741 556 3032 610 obruamus
3104 559 3428 606 mentem....

391 646 632 721 λαιμὸν
682 662 967 731 μανίαν,
1151 667 1275 737 περὶ
1316 665 1412 734 τὴν
1454 661 1651 732 τροφὴν
1689 657 1998 718 ἀκολασίαν,
2048 655 2138 706 καὶ
2191 651 2313 720 περὶ
2340 649 2575 719 γαστέρα
2601 648 2810 718 μανίαν,
2844 649 2929 700 ἵνα
2957 647 3029 716 μὴ
3051 645 3139 697 τὸν
3181 645 3302 697 νοῦν
3339 648 3430 712 ep

71 520 117 570 lll

76 618 188 690 iis"

94 729 513 844 ῗτὲρῦδιμεν
554 744 646 798 τὰ
698 729 998 810 item"...

3335 438 3431 494 ΜΞ

188 826 466 929 Lolli-7:5?-
502 837 687 893 οὒδὲν
745 846 872 898 καὶ
905 849 1061 902 κατὰ
1112 849 1395 917 ἀναγωγὴν
1429 847 1523 908 τὰς
1562 846 1802 915 ἱστορίας

1977 837 2090 890 Non
2123 845 2261 904 piget
2291 835 2449 887 etiam
2478 841 2762 898 anagogtce
2787 830 2881 880 has
2916 826 3164 880 historias
3191 833 3432 879 contem-s

150 926 340 1010 τῷδτας
367 926 713 1001 θεωρῆσαι.
765 936 1026 991 Ῥύεταί
1064 957 1144 991 τοι
1180 939 1207 989 ὁ
1242 938 1370 1000 Θεὸς
1405 937 1496 988 καὶ
1533 936 1676 1005 ἡμᾶς
1713 935 1802 987 ἀεὶ

173 1031 340 1109 ὶινςῖῆς
367 1019 704 1089 Ᾱὶγῦτπου,
745 1027 825 1078 ὲκ
864 1027 981 1097 τῆς
1023 1028 1250 1098 καμίνου
1287 1027 1384 1096 τῆς
1432 1025 1668 1096 σιδηρᾶς,
1706 1023 1803 1092 τῆς

195 1125 318 1188 κατὰ
351 1114 455 1186 τὴν
493 1116 832 1187 ἁμαρτίαν,
890 1121 990 1174 ἵνα
1029 1119 1290 1189 εἰσαγάγῃ
1333 1119 1422 1170 διὰ
1461 1116 1664 1170 πολλῶν
1700 1133 1799 1182 γυ-

207 1209 439 1284 μνασίων,
471 1206 566 1259 διὰ
599 1207 837 1261 πολλῶν
881 1209 1225 1280 θαυμασίων,
1269 1209 1335 1260 δι’
1377 1208 1537 1275 ἄρτου
1581 1209 1803 1275 ὲπουρα-

219 1303 340 1363 vim,
370 1298 431 1350 δι’
477 1295 686 1359 ὓδατος
713 1298 872 1354 ,ἀπὸ
930 1299 1036 1368 τῆς
1092 1299 1313 1367 πέτρας,
1357 1298 1394 1363 ἡ
1452 1296 1634 1362 πέτρα
1672 1295 1738 1346 δὲ
1769 1297 1802 1348 ό

199 1390 474 1462 Χριστὸς,
501 1388 598 1441 ἐπὶ
630 1388 739 1459 τὴν
768 1390 947 1457 ἁγίαν
975 1388 1320 1457 ἐπαγγελίαν.
1353 1388 1510 1453 Μέγα
1543 1383 1633 1439 οὖν
1656 1386 1796 1454 ἐμοὶ,

183 1486 319 1548 ἐὰν,
345 1483 546 1552 νοήσας
571 1481 676 1550 τὴν
713 1479 1013 1534 θάλασσαν
1066 1480 1157 1532 τοῦ
1191 1478 1304 1548 βίου
1347 1479 1440 1531 καὶ
1483 1477 1550 1530 τὰ
1576 1478 1791 1546 κύματα

179 1577 256 1627 τὰ
274 1581 358 1628 ὲν
381 1571 455 1640 τῷ
478 1571 600 1640 βίῳ,
629 1570 731 1622 καί
763 1576 832 1622 τὸ
864 1570 1064 1641 πικρὸν
1095 1571 1186 1622 καὶ
1217 1569 1453 1639 ἁλμυρὸν
1485 1569 1591 1621 τῶν
1623 1568 1802 1637 βιωτι-

199 1665 336 1716 κῶν
387 1659 733 1731 πραγμάτων
790 1659 1108 1720 κλυδώνιον,
1156 1659 1381 1726 δυνηθῶ,
1433 1657 1804 1728 εὐεργετηθεὶς

206 1753 336 1805 ὑπὸ
362 1751 450 1804 τοῦ
491 1748 651 1813 Θεοῦ,
690 1750 827 1802 ίδεῐν
873 1747 1396 1809 καταποντισθέντας
1425 1748 1547 1810 τοὺς
1589 1747 1803 1816 νοεροὺς

202 1842 572 1912 Αἰγυπτίους,
619 1842 724 1897 καὶ
756 1841 851 1892 τὸν
887 1841 1077 1909 νοητὸν
1116 1836 1338 1908 Φαραώο
1376 1837 1534 1899 αὐτὸς
1560 1837 1625 1889 δὲ.
1642 1836 1714 1888 ῶν
1748 1837 1803 1887 ὲν

195 1933 292 2003 τῷ
342 1932 475 2001 φωτὶ
521 1932 629 2002 τῆς
675 1932 900 2001 ἡμέρας
953 1929 1253 1998 σκεποίμην
1291 1927 1394 1980 ὑπὸ
1441 1925 1664 1994 νεφέλης
1707 1925 1805 1992 τῆς

197 2025 435 2094 κούφης,
465 2023 573 2076 καὶ
599 2021 717 2074 ὑπὸ
744 2018 1030 2089 φωτισμοῦ
1061 2018 1248 2088 πυρὸς,
1291 2018 1383 2070 ἐάν
1413 2017 1540 2068 ποτέ
1583 2032 1644 2082 γε
1684 2031 1805 2067 σκο-

192 2115 364 2167 τεινὰ
391 2115 486 2165 καὶ
530 2111 925 2166 δύσκολα......
958 2109 1053 2163 καὶ
1081 2111 1109 2160 ὁ
1139 2108 1339 2177 κόσμος
1373 2109 1466 2176 μὲν
1497 2107 1798 2174 ὲσκὸτηται,

194 2205 310 2256 καὶ
343 2204 518 2256 πάντα
570 2201 834 2274 ἀγνοίαις
885 2199 1264 2269 πεπλήρωται⁸
1305 2196 1412 2265 ἐγὼ
1462 2196 1516 2249 δὲ
1560 2196 1695 2266 πρὸς
1736 2195 1802 2247 τὰ

195 2292 572 2364 πνευματικὰ
601 2291 713 2361 τῆς
745 2289 1008 2359 πονηρίας
1054 2306 1216 2342 πα....
1253 2287 1360 2356 (83)
1398 2289 1454 2338 ὲν
1480 2287 1614 2355 φωτὶ
1649 2281 1694 2338 ὧ
1720 2285 1804 2338 διὰ

192 2381 268 2433 τὸ
305 2381 568 2450 ἀληθινὸν
618 2379 744 2448 φῶς
791 2378 880 2429 τὸν
929 2376 1180 2446 Χριστὸν,
1223 2375 1314 2427 διὰ
1353 2373 1448 2443 τὴν
1487 2373 1728 2442 νεφέλην,

196 2471 314 2523 οὐκ
349 2471 398 2534 ἐξ
413 2469 634 2540 ἀτμῶν
667 2484 829 2520 τινων
864 2466 1003 2519 κατὰ
1026 2466 1123 2536 τὴν
1151 2465 1330 2533 κοινὴν
1366 2463 1522 2532 φύσιν
1560 2465 1592 2531 ἠ
1620 2462 1804 2525 στάσις

194 2555 300 2629 ἦν,
345 2559 730 2630 βαθυνομένω
762 2562 873 2621 τοῖς
906 2559 1095 2627 ἀτμοῖς
1125 2553 1216 2606 τοῦ
1258 2554 1412 2623 ἀέρος
1449 2551 1534 2604 διὰ
1560 2552 1655 2621 τῆς
1692 2553 1805 2620 ὁμι-

198 2651 432 2719 χλώὂους
492 2651 856 2712 συστάσεως,
900 2651 994 2700 καὶ
1027 2645 1160 2716 πρὸς
1200 2644 1384 2697 ἑαυτὸν
1415 2641 1804 2712 έμπιλουμένου

199 2743 339 2814 τοῖς
369 2740 734 2811 πνεύμασινο
771 2736 906 2791 ἀλλά
957 2734 1198 2805 κρεῖττόν
1241 2750 1293 2785 τι
1343 2732 1436 2785 καὶ
1482 2730 1802 2801 ὑψηλότερον

199 2825 723 2910 τῆς-ἀνθρωπίνης
770 2824 1144 2894 καταλήψεως,
1178 2823 1274 2885 ὡς,
1315 2823 1407 2874 καὶ
1447 2821 1544 2890 τῆς
1577 2819 1806 2889 ἡλιακῆς

201 2917 422 2994 ἀκτῖνος
469 2917 726 2990 θερμῶς
782 2914 1212 2984 ὲπιλαμπούσης,
1257 2914 1595 2981 διατείχισμα
1646 2910 1805 2981 ἔχειν,

207 3007 559 3082 σκιάςουσάν
589 3026 657 3061 τε
696 3009 758 3060 τὸ
798 3006 1177 3074 ὑποκείμενον,
1216 3005 1307 3056 καὶ
1348 3003 1514 3072 λεπτῇ
1545 3003 1715 3071 δρόσῳ
1749 3003 1807 3055 τὸ

207 3091 493 3172 φλογῶδες
535 3098 647 3152 τοῦ
682 3098 842 3166 ἀέρος
873 3093 1316 3156 ὑπονοτίζουσανο
1349 3093 1439 3145 καὶ
1469 3091 1553 3144 διὰ
1592 3093 1687 3161 τῆς
1722 3111 1809 3145 νυ-

209 3189 358 3251 κτὸς
527 3187 798 3258 γίνεσθαι
826 3186 918 3254 ἀφ’
968 3184 1202 3253 ἑσπέρας
1234 3185 1312 3245 είς
1345 3183 1554 3253 ὄρθρον,
1593 3181 1667 3252 τῷ
1697 3181 1808 3250 ίδίῳ

212 3281 370 3341 φωτὶ
397 3286 513 3344 τοῖς
551 3275 936 3349 Ἰσραηλίταις
977 3273 1329 3345 δᾳδουχοῦσαν
1369 3273 1428 3325 τὸ
1471 3273 1666 3339 φέγγος
1713 3272 1800 3340 μέ-

213 3379 326 3429 γα.
373 3370 492 3425 Ἐὰν
545 3371 614 3421 ὲν
669 3369 739 3437 τῇ
798 3366 990 3436 ἐρήμῳ
1040 3364 1132 3416 τοῦ
1183 3363 1318 3432 βίου,
1362 3361 1484 3414 ἔνθα
1528 3363 1811 3432 ἐπικρατεῖ

201 3452 384 3533 πολλὴ
399 3463 578 3517 avom,
607 3457 724 3510 τῶν
745 3455 1106 3524 πραγμάτων,
1131 3451 1312 3505 διελὼν
1344 3453 1432 3504 τὸν
1463 3452 1808 3521 στερρότατον
1834 3453 1876 3511 C

137 3533 366 3619 tet/'ng
392 3553 583 3619 λόγον
625 3546 841 3616 πέτραν
881 3541 1292 3610 ὀνομαζόμενον,
1325 3541 1561 3609 ἀφθόνως
1595 3541 1687 3593 καὶ
1727 3541 1804 3602 είς

103 3614 361 3698 “mu
426 3614 655 3710 ποτίσῃ
717 3614 809 3707 με,
844 3639 920 3701 ὡς
966 3635 1370 3707 παραϐληθῆναι
1407 3631 1466 3683 τὸ
1513 3632 1630 3701 ῥέον
1673 3629 1811 3697 ὕδωρ

102 3715 468 3808 ἀδόκηεσσῳ,
523 3734 633 3786 καὶ
671 3731 803 3790 τοὺς
831 3729 928 3798 τῆς
975 3720 1342 3796 πνευματικῆς
1386 3722 1586 3783 κοιλίας
1646 3737 1810 3772 ποτα-

111 3825 373 3897 imi-<-

209 3924 448 3991 ἐΞγὼ
501 3921 566 3973 δὲ
611 3913 1071 3985 παραπικραὶνω
1115 3909 1221 3962 τὸν
1253 3909 1532 3974 Ὕψιστον
1573 3906 1640 3957 ἐν
1677 3905 1815 3957 ἀνύα

135 4017 322 4086 ἔμεν
349 4054 363 4076 ,
398 4014 498 4065 ἐὰν
555 4008 705 4080 μετὰ
764 4005 863 4074 τὴν
914 3999 1254 4055 διδασκαλίαν
1299 3997 1451 4049 πάλιν
1506 3994 1810 4064 ἁμαρτάνω.

151 4082 738 4167 ἐπιλανθανόμενος
768 4093 876 4145 τῶν
909 4091 1083 4156 λόγων
1119 4087 1225 4139 τῶν
1257 4085 1562 4155 θρεψάντων
1607 4100 1691 4152 με,
1719 4082 1810 4132 καὶ

167 4195 278 4244 τοῦ
343 4191 574 4251 ὓδατος,
606 4185 706 4238 τοῦ
739 4182 847 4235 ἀπὸ
882 4180 982 4249 τῆς
1028 4178 1248 4247 πέτρας,
1291 4176 1420 4242 ἣτις
1444 4174 1608 4228 ἐστίν
1633 4175 1664 4224 ό
1688 4174 1816 4238 Χρι-

166 4279 396 4339 στός.
419 4280 608 4349 Πέτρᾳ
635 4276 697 4326 δὲ
723 4269 1082 4333 ἀπεικάζεται
1109 4269 1137 4318 ὁ
1171 4263 1395 4334 Χριστὸς
1420 4262 1505 4314 διὰ
1529 4259 1588 4312 τὸ
1622 4258 1812 4328 ἄθραυσ-

174 4381 364 4416 now
395 4370 490 4422 καὶ
514 4348 848 4429 άκλόνητον.
896 4358 1239 4428 Ἑρήρεισται
1272 4352 1378 4422 γὰρ
1414 4352 1558 4412 ἰδίοις
1595 4348 1810 4416 ἀγαθοῖς

172 4455 211 4522 ἡ
250 4456 356 4509 Oa
373 4462 423 4512 ία
449 4477 507 4512 τε
531 4459 630 4512 καὶ
667 4455 975 4524 ὑπέρτατος
1000 4448 1176 4516 φύσις.
1209 4436 1283 4496 Oi:
1307 4443 1398 4496 καὶ
1427 4441 1808 4508 κατελάλησαν,

176 4544 266 4608 ὡς
361 4553 425 4602 ἐν
465 4545 754 4620 προσώπῳ
813 4538 1056 4600 Μωσέως
1079 4575 1094 4597 ,
1140 4536 1173 4603 ἡ
1225 4530 1535 4620 συναγωγὴ,
1592 4545 1816 4599 κατηγο-

179 4628 464 4700 ροῦντες
500 4615 592 4688 ἐπὶ
623 4631 890 4688 Πιλάτου,
937 4625 1030 4677 καὶ
1074 4621 1153 4684 τὸ,
1187 4615 1342 4686 Αἶρε,
1379 4618 1656 4684 σταύρου,
1689 4617 1815 4668 ἀνα-

180 4728 602 4796 κεκράγασιν.
652 4719 798 4776 Εἶτα
847 4718 904 4770 δὲ
939 4716 1055 4769 δυσὶ
1085 4711 1413 4782 λελυπήκασι
1464 4709 1709 4778 πληγαῖς,
1739 4709 1812 4770 ὼς

179 4808 293 4878 τὴν
399 4815 600 4885 πέτραν
642 4807 895 4876 Μωῡσῆς
950 4806 1030 4866 δὶς
1075 4801 1356 4885 ἐπάταξεν.
1418 4796 1808 4850 Ἀπεκτείνασι

184 4897 316 4968 γὰρ
387 4882 800 4968 τὸν-ἀρχηγὸν
827 4892 938 4960 τῆς
969 4888 1133 4957 ζωῆς,
1167 4883 1262 4940 εἷθ’
1298 4888 1380 4938 ὅτι
1411 4884 1712 4954 μεμένηκεν
1754 4882 1810 4932 ὲν

190 4993 482 5056 νεκροῖς,
514 4985 837 5043 ἀναπείθειν
877 4981 1082 5051 ἤθελον.
1134 4978 1290 5030 Ἀλλ’
1317 4972 1635 5026 ἐκδέδωκεν
1655 4971 1692 5036 ἡ
1715 4969 1815 5022 πέ-

196 5089 340 5139 τρα
403 5079 708 5142 πλουσίως
743 5073 811 5128 τὸ
842 5071 1022 5139 νᾶμα,
1052 5068 1149 5120 καὶ
1174 5065 1447 5118 πεπότικε
1476 5059 1677 5114 πᾶσαν
1702 5059 1816 5124 τὴν

198 5169 631 5238 συναγωγήν.
673 5161 976 5218 Ἐπέκλυσε
1005 5156 1114 5226 γὰρ
1129 5156 1223 5224 τὴν
1247 5150 1562 5221 οἰκουμένην
1587 5147 1815 5218 Χριστὸς

206 5235 511 5320 ἱεροξτέ
548 5257 643 5311 καὶ
678 5254 850 5314 θείοις
888 5249 1142 5318 νάμασιν.
1192 5243 1247 5295 Ὀ
1280 5240 1538 5312 πηγάζων
1581 5237 1642 5288 τὸ
1681 5235 1818 5288 θεῖον

207 5343 414 5408 νᾶμα
455 5349 560 5410 τοῖς
602 5343 822 5413 διψῶσι,
870 5338 962 5390 καὶ
1011 5331 1252 5402 προχέων
1291 5331 1350 5381 τὸ
1399 5328 1536 5397 ὕδωρ
1616 5327 1678 5376 ὲκ
1726 5323 1785 5392 τῆ

206 5430 518 5506 πλευρᾶς,
544 5436 638 5489 τοῦ
681 5433 910 5500 σιδήρου
945 5426 1046 5494 τὴν
1095 5421 1260 5489 φλέϐα
1300 5419 1497 5488 ταύτην
1538 5413 1824 5481 ἁναστομί-

207 5533 474 5590 cmVtog,
525 5527 618 5580 καὶ
658 5525 723 5576 τὸ
766 5518 967 5588 πικρὸν
1010 5514 1109 5582 τῆς
1161 5511 1396 5580 Μερρἄς,
1445 5506 1533 5559 τοῦ
1563 5501 1820 5557 κολαστοῦ

338 5635 415 5669 ’⁵
440 5639 454 5691 1
483 5637 605 5692 Cor.
665 5653 719 5698 ι,
757 5637 814 5688 4.
900 5629 944 5660 ⁸⁷
994 5621 1141 5698 Psal.
1169 5633 1365 5687 Lxxvn,
1397 5619 1478 5672 Π.

193 5707 309 5745 ικι
337 5714 462 5773 in,
503 5710 595 5769 {5;
632 5697 807 5759 Exlod.
839 5715 972 5761 xm,
1001 5697 1054 5748 6.

269 5789 372 5852 ξεῖ
385 5803 439 5871 3)
482 5803 640 5860 Forte
669 5795 846 5860 πάθη.

1581 5614 1624 5646 ³⁸
1655 5611 1672 5664 Ι
1719 5608 1843 5664 Cor.
1870 5624 1924 5673 ι,
1957 5606 2006 5660 4.

1900 925 2053 993 piari.
2090 923 2365 976 Liberabit
2397 935 2523 974 sane
2567 920 2706 973 Deus
2752 933 2849 972 nos
2879 931 3096 986 quoque
3129 928 3340 982 semper
3367 914 3434 968 de

1905 1024 2042 1068 terra
2086 1011 2326 1080 Egypti,
2362 1010 2427 1064 de
2461 1009 2674 1062 fornace
2703 1008 2893 1069 ferrea,
2923 1005 3128 1074 peccati
3163 1003 3430 1065 videlicet,

1900 1113 1957 1159 ut
1987 1103 2287 1158 introducat
2317 1115 2412 1168 per
2456 1099 2620 1152 multa
2649 1098 3086 1155 exercitamenta.
3139 1108 3236 1163 per
3266 1093 3434 1145 mira-

1899 1191 2023 1244 bilia
2057 1189 2242 1252 multa,
2277 1202 2374 1256 per
2413 1201 2603 1255 panem
2646 1183 2943 1247 emlestem,
2991 1196 3088 1251 per
3133 1195 3322 1248 aquam
3366 1181 3434 1232 de

1899 1287 2072 1348 petra,
2107 1285 2252 1345 petra
2283 1263 2449 1328 autem
2476 1283 2551 1327 est
2580 1272 2815 1326 Christus
2842 1270 2912 1337 ’°,
2944 1271 3010 1325 ad
3046 1279 3281 1323 sanctam
3308 1278 3433 1337 pro‘

1901 1369 2228 1423 missionem.
2263 1366 2508 1434 Magnum
2557 1372 2638 1416 est
2683 1377 2810 1432 ergo
2856 1360 3006 1426 mihi,
3055 1361 3097 1413 si
3146 1359 3322 1413 animo
3349 1373 3434 1410 rce

1901 1469 2092 1528 putans
2142 1456 2297 1523 hujus
2351 1455 2477 1508 vita:
2534 1469 2702 1516 mare,
2753 1461 2806 1508 et
2855 1452 2978 1504 vita:
3034 1449 3193 1503 etiam
3223 1436 3431 1508 ﬂuctus,
3519 1492 3521 1494 .

1901 1563 2053 1602 acres
2080 1559 2292 1614 quoque
2317 1552 2371 1598 et
2405 1542 2766 1610 salsuginosas
2797 1539 2965 1593 undas
3001 1550 3178 1590 rerum
3211 1533 3432 1586 munda»

1902 1651 2111 1700 narum,
2138 1635 2357 1704 possim,
2401 1632 2673 1688 beneﬁciis
2712 1630 3009 1684 cumulatus
3035 1642 3063 1680 a
3096 1627 3224 1688 Deo,
3256 1627 3438 1677 videre

1902 1726 2208 1778 submersos
2258 1720 2561 1790 spirituales
2611 1719 2929 1790 Egyptios,
2997 1728 3052 1769 et
3102 1713 3434 1784 spiritualem

1902 1815 2230 1869 Pharaonem
2261 1829 2277 1867 :
2307 1814 2430 1865 dum
2455 1811 2664 1865 interim
2694 1823 2793 1877 ego
2831 1809 2882 1861 in
2929 1806 3130 1859 lumine
3165 1804 3268 1858 diei
3296 1802 3435 1871 posio

1904 1915 2007 1967 tus,
2035 1911 2282 1972 protegar
2310 1918 2338 1955 a
2379 1901 2517 1955 nube
2549 1899 2671 1964 levi,
2720 1906 2775 1951 et
2801 1897 2865 1950 ab
2890 1881 3242 1949 illustratione
3277 1892 3434 1962 ignis,

1903 1996 1948 2050 si
1977 1996 2190 2063 quando
2235 1993 2373 2048 forte
2408 1992 2700 2045 tenebrosa:
2736 2003 2822 2042 res
2866 1995 2920 2041 et
2952 1983 3194 2040 dilIiciles
3229 1982 3436 2036 contina

1904 2095 2052 2156 gant,
2081 2086 2203 2152 dum
2250 2083 2475 2136 mundus
2525 2077 2755 2133 tenebris
2805 2075 3115 2139 offunditur,
3162 2082 3216 2127 et
3253 2073 3430 2125 omnia

1903 2176 2194 2245 ignorantia
2224 2181 2347 2227 sunt
2379 2170 2571 2225 referta
2599 2185 2615 2225 :
2643 2182 2740 2235 ego
2770 2181 2894 2220 vero
2923 2173 3108 2220 contra
3136 2162 3433 2232 spiritualia

1903 2266 2148 2335 nequitia:
2180 2278 2365 2317 rursus
2408 2262 2459 2314 in
2492 2261 2692 2312 lumine
2749 2257 2872 2322 sim,
2918 2262 3138 2323 propter
3165 2251 3433 2306 Christum

1902 2358 2073 2410 lucem
2104 2367 2312 2415 verant;
2356 2358 2574 2418 propter
2618 2347 2830 2407 nubem,
2879 2344 2964 2398 cui
3008 2358 3110 2395 non
3141 2355 3206 2394 ex
3233 2339 3437 2406 vapori-

1903 2449 2000 2500 bus
2029 2443 2340 2512 quibusdam
2360 2441 2646 2494 secundum
2671 2446 3002 2490 communem
3034 2439 3281 2484 naturam
3307 2442 3439 2481 cono

1904 2534 2143 2590 sistentia
2170 2541 2304 2594 erat,
2335 2538 2585 2584 concreto
2611 2525 2894 2596 vaporibus
2923 2537 3044 2577 aere
3073 2533 3136 2576 ex
3181 2519 3433 2574 nebulosa

1905 2622 2270 2686 crassitudine,
2311 2629 2362 2672 et
2404 2619 2456 2671 in
2497 2617 2672 2686 seipso
2718 2631 2748 2668 a
2804 2614 2978 2668 ventis
3009 2619 3313 2680 compacto;
3343 2610 3437 2663 sed

1904 2709 2246 2767 excellentius
2274 2709 2398 2777 quid
2428 2717 2482 2762 et
2521 2703 2798 2761 sublimius
2828 2705 3059 2758 humana
3087 2702 3438 2772 comprehen-

1905 2797 2092 2850 sione:
2130 2807 2297 2862 usque
2339 2793 2493 2853 adeo,
2544 2797 2621 2852 ut,
2658 2789 2921 2843 solaribus
2968 2789 3134 2841 radiis
3182 2786 3436 2841 fervidius

1907 2886 2332 2948 coruscantibus,
2386 2878 2648 2946 interiecti
2680 2878 2832 2946 quasi
2887 2879 3026 2930 muri
3059 2878 3319 2931 rationem
3351 2877 3439 2929 ba-

1907 2977 2078 3039 beret,
2121 2973 2449 3028 obumbrans
2498 2967 2752 3035 quidquid
2786 2963 2834 3017 ei
2887 2964 3121 3028 suberat,
3175 2978 3240 3017 ae
3291 2965 3433 3017 tenui

1907 3081 2027 3120 rore
2059 3065 2310 3117 ardentes
2355 3060 2495 3113 aeris
2538 3066 2696 3110 astus
2734 3061 3090 3121 temperaret:
3127 3061 3284 3105 noctu
3309 3067 3437 3104 vero

1906 3155 2045 3222 ignis
2084 3153 2233 3205 tleret
2265 3166 2293 3203 a
2341 3163 2560 3218 vespera
2612 3148 2666 3199 in
2711 3142 3024 3203 diluculum,
3061 3141 3276 3209 propria
3317 3139 3454 3193 luce'

1905 3241 2157 3296 lsraelitis
2181 3241 2348 3293 facem
2378 3236 2662 3306 praeferens
2689 3232 2930 3287 immensi
2960 3230 3272 3298 splendoris.
3299 3228 3355 3283 Si
3381 3229 3432 3281 in

1907 3335 2063 3404 hujus
2090 3333 2211 3384 vita:
2244 3342 2448 3404 eremo,
2479 3327 2566 3380 ubi
2602 3326 2764 3378 multa
2797 3323 3000 3380 obtinet
3031 3319 3294 3373 dementia
3354 3332 3440 3370 re—

1908 3441 2048 3487 rum,
2081 3423 2281 3477 dividat
2305 3418 2664 3472 ﬁrmissimum
2689 3429 2843 3470 suum
2874 3424 3171 3468 sermonem
3189 3450 3204 3474 ,
3230 3417 3438 3476 petram

1908 3515 2126 3572 dictum,
2167 3507 2480 3574 abundeque
2511 3514 2563 3559 et
2593 3503 2660 3558 ad
2687 3503 2984 3559 satietatem
3010 3500 3193 3568 irriget
3223 3510 3306 3551 me
3334 3497 3439 3557 sic,

1907 3615 1964 3656 ut
1989 3602 2295 3657 conferatur
2321 3599 2492 3650 ﬂuens
2520 3609 2655 3663 aqua
2705 3593 2895 3662 abysso
2924 3605 3030 3644 una
3054 3601 3174 3642 cum
3203 3585 3439 3640 ﬂumini-

1908 3693 2006 3746 bus
2036 3690 2189 3744 vallis
2215 3687 2524 3758 Spiritualis.

1977 3893 2085 3960 Ego
2113 3903 2234 3942 vero
2273 3887 2419 3938 irrito
2450 3882 2774 3934 Altissimum
2810 3881 2863 3930 in
2887 3878 3133 3944 inuquoso
3157 3868 3224 3936 ’⁷,
3247 3874 3291 3926 si
3324 3875 3444 3938 post

1908 3982 2223 4036 documenta
2277 3977 2465 4028 iterum
2523 3985 2709 4038 pecco,
2751 3968 2953 4022 oblitus
3000 3976 3303 4018 sermonum
3350 3961 3441 4027 qui

1909 4067 2278 4123 enutriverunt
2308 4074 2412 4120 me,
2442 4067 2494 4109 et
2517 4070 2665 4123 aqua:
2699 4055 2762 4107 de
2787 4063 2956 4120 petra,
3002 4065 3115 4116 qua:
3155 4055 3230 4100 est
3287 4045 3442 4099 Chri-

1908 4168 2018 4211 stus
2042 4157 2108 4211 ³⁸.
2135 4155 2303 4207 Petra:
2331 4162 2491 4218 porro
2523 4143 2844 4200 assimilatur
2865 4139 3129 4199 Christus,
3159 4146 3434 4205 propterea

1909 4245 2047 4315 quod
2100 4257 2196 4298 nec
2227 4240 2398 4310 frangi
2438 4253 2536 4292 nec
2582 4233 2790 4289 concuti
2836 4239 3026 4298 potest.
3064 4229 3302 4280 Firmata
3357 4235 3440 4277 est

1909 4336 2050 4392 enim
2101 4335 2150 4386 in
2200 4332 2355 4387 bonis
2399 4329 2508 4384 suis
2544 4324 2721 4380 divina
2749 4331 2801 4376 et
2824 4316 3200 4374 sublimissima
3232 4323 3440 4368 natura.

1909 4427 2106 4482 Contra
2129 4438 2282 4494 quem
2311 4422 2582 4478 Christum
2623 4413 2852 4472 oblocuti
2897 4419 3054 4469 sunt,
3107 4416 3359 4474 tanquam
3389 4404 3440 4455 in

1911 4531 2133 4586 persona
2161 4511 2374 4581 Moysis,
2406 4522 2694 4579 synagoga,
2725 4518 2842 4571 qua:
2890 4499 3034 4586 apud
3062 4497 3291 4586 Pilatum
3318 4508 3438 4547 eum

1913 4581 2182 4660 accusavit
2221 4609 2275 4656 et
2310 4597 2586 4654 clamavit:
2646 4593 2812 4656 Tolle,
2856 4585 3100 4654 cruciﬁge
3123 4585 3188 4633 ”.
3243 4581 3444 4634 Deinde

1913 4711 2038 4750 vero
2069 4693 2260 4762 duplici
2299 4690 2629 4746 oﬂ'entlerunt
2663 4685 2838 4752 plaga,
2891 4681 3026 4734 sicut
3057 4689 3263 4746 petram
3301 4671 3446 4740 Moy-

1914 4797 2001 4838 ses
2035 4783 2116 4837 bis
2142 4760 2441 4848 percussit.
2472 4772 2848 4842 lnterfecerunt
2891 4769 3030 4822 enim
3078 4765 3346 4816 Auctorem
3372 4760 3447 4811 vi-

1914 4883 1980 4926 ta:
2021 4873 2074 4934 ¹,
2132 4869 2319 4924 deinde
2365 4867 2523 4921 etiam
2573 4861 2889 4930 persuadere
2935 4855 3252 4913 voluerunt,
3305 4854 3443 4918 quod

1918 4958 2168 5014 manserit
2192 4958 2328 5010 inter
2358 4962 2611 5007 mortuos.
2644 4949 2746 5004 Sed
2773 4947 2992 5000 reddidit
3022 4953 3165 5010 petra
3195 4942 3445 5008 ﬂuentum

1917 5049 2206 5110 abundans,
2234 5055 2281 5097 et
2320 5041 2508 5108 potavit
2555 5047 2738 5092 caelum
2784 5037 3071 5088 universum
3099 5031 3140 5082 ¹.
3167 5025 3450 5080 lnundavit

1915 5141 2058 5194 enim
2092 5137 2272 5190 orbem
2308 5143 2566 5190 terrarum
2610 5127 2856 5182 Christus
2899 5120 3122 5177 sanctis.
3146 5116 3444 5180 divinisque
3480 5115 3482 5118 ’

1916 5228 2149 5284 ﬂuentis.
2177 5225 2295 5296 Ipse
2324 5223 2412 5292 qui
2452 5221 2676 5278 scaturit
2717 5218 2971 5271 ﬂuentum
3001 5211 3238 5264 divinum
3265 5203 3444 5258 sitien-

1918 5320 2076 5379 tibus,
2124 5323 2178 5370 et
2204 5291 2479 5386 profundit
2511 5323 2701 5378 aquam
2754 5308 2818 5361 de
2876 5304 3065 5362 latere,
3125 5291 3443 5386 terrebant.

1918 5419 2104 5473 venam
2127 5403 2439 5470 aperiente:
2468 5408 2521 5452 et
2568 5392 2974 5450 amaritudinem
3036 5387 3234 5441 Merrae.
3309 5374 3444 5472 {€859

1920 5505 2106 5557 nempe
2151 5487 2384 5553 ultricis,
2423 5487 2645 5540 mutavit
2692 5485 2744 5536 in
2785 5478 3050 5533 dulcorem
3106 5461 3447 5529 susceP‘i‘W’

2111 5604 2153 5638 ’ν
2176 5589 2474 5663 Ιοίιιιζιιι,
2498 5595 2580 5650 15.
2691 5593 2709 5623 ¹
2767 5593 2882 5644 Act.
2921 5599 3000 5647 Ill,
3055 5577 3137 5631 l5.
3248 5567 3442 5621 'Psal.
