3922 6368
604 425 704 480 1.ἱῦ

603 563 725 633 ligni
759 559 954 622 crucis,
998 564 1050 611 et
1081 552 1321 626 mysterii
1353 551 1487 620 ejus.
1538 548 1736 606 Littera
1778 550 1923 606 enim
1961 560 2015 605 et
2047 549 2129 604 lex

591 653 806 714 'occidit,
842 649 1053 718 spiritus
1094 662 1236 712 vero,
1272 656 1327 700 et
1361 643 1623 714 Spiritalis
1662 643 1837 699 cultus
1869 643 2132 714 evangeli-

591 736 691 795 τρυε
719 738 929 807 viviﬁcat
961 737 1000 794 ³.

668 993 911 1066 Magnam
957 1005 1082 1044 vero
1134 1003 1316 1044 curam
1361 1003 1552 1058 gerens
1603 989 1740 1042 Deus
1777 981 1843 1040 de
1892 983 2127 1055 homine,

601 1088 760 1148 etiam
795 1083 985 1139 caelum
1022 1081 1119 1150 ipsi
1161 1080 1354 1149 aperit,
1403 1087 1456 1133 et
1506 1076 1778 1132 cmlestem
1823 1075 1898 1129 illi
1953 1087 2128 1128 escam

599 1176 819 1244 praebet,
867 1173 1084 1242 ipseque
1119 1169 1262 1223 illum
1319 1183 1477 1222 manu
1531 1168 1695 1229 ducit,
1734 1162 1951 1219 eﬂ'ectus
1980 1163 2135 1216 itine-

602 1256 843 1322 rantibus
880 1265 1080 1329 lumen,
1128 1263 1341 1333 agitque
1380 1263 1430 1315 in
1477 1263 1591 1315 vias
1643 1274 1773 1328 quas
1814 1273 1910 1328 per
1937 1274 1994 1313 se
2037 1259 2136 1312 liu-

600 1373 756 1413 mana
803 1356 1017 1425 ignorat
1062 1361 1269 1406 natura.
1306 1351 1442 1417 Quin
1484 1350 1645 1404 etiam
1677 1361 1899 1418 vespere
1928 1357 2138 1417 ortygo-

602 1458 849 1512 metram,
896 1445 1064 1512 primo
1120 1451 1294 1495 autem
1344 1439 1578 1493 diluculo
1635 1453 1826 1491 manna
1884 1437 2134 1502 demittit,

601 1537 814 1605 oblique
849 1533 1002 1589 nobis
1030 1531 1271 1601 exemplo
1305 1530 1702 1592 subindicante,
1738 1535 2029 1581 amatorem
2063 1541 2138 1579 re-

603 1645 722 1684 rum
754 1637 1083 1682 terrenarum
1123 1623 1176 1676 in
1209 1619 1518 1689 intelligihili
1562 1617 1763 1671 lumine
1794 1631 2132 1684 nequaquam

602 1703 806 1773 versari
836 1734 849 1769 :
883 1729 1000 1784 quae
1030 1727 1124 1782 per
1159 1717 1578 1780 ortygometram
1630 1709 1944 1770 innuuutur,
1978 1720 2136 1774 quam

605 1804 1105 1874 concupiscentibus
1133 1800 1358 1871 porrigit
1381 1798 1542 1862 Deus,
1572 1813 1674 1850 non
1704 1797 1920 1849 trahens
1949 1793 2060 1862 ipse
2087 1794 2137 1846 in

602 1893 1107 1965 concupiscentiam,
1155 1893 1389 1945 nondum
1439 1903 1565 1942 vero
1612 1887 1843 1954 largiens
1890 1885 2138 1940 virtutem

609 1988 814 2042 fortiter
864 1981 1162 2040 debellandi
1211 1981 1509 2050 passiones.
1564 1977 1753 2030 Manna
1815 1973 2000 2029 umbra
2042 1973 2142 2026 fuit

607 2079 1042 2133 documentorum
1085 2081 1134 2126 et
1168 2071 1428 2125 donorum
1462 2082 1555 2138 per
1595 2067 1865 2140 Christum
1888 2105 1903 2130 ,
1932 2079 2049 2132 qua:
2078 2081 2142 2120 ex

605 2167 714 2223 alto
743 2164 1055 2232 cmlitusque
1085 2159 1430 2230 proveniunt,
1461 2171 1558 2211 nec
1587 2165 1854 2211 terrenum
1902 2153 2029 2220 quid
2059 2154 2147 2207 ad-

607 2260 819 2315 mistum
875 2257 1100 2318 habent,
1164 2259 1457 2320 carentqne
1507 2247 1684 2317 potius
1737 2247 1881 2300 omni
1944 2245 2145 2301 carnali

1463 401 2012 466 SUPPLEMEN’I‘UM
2045 407 2133 462 AD
2163 402 2500 462 'OBIGEMS:
2525 402 2921 458 EXEGETICA.
3699 400 3786 456 134

2236 547 2420 616 νόμου,
2467 543 2752 614 μετέϐαλεν
2789 543 2865 604 είς
2901 539 3216 608 γλυκύτητα
3268 536 3337 606 τῇ
3386 533 3664 606 παραδοχῇ
3701 536 3784 590 τοῦ

2239 636 2392 700 ξύλου
2417 635 2507 688 τοῦ
2535 632 2786 705 σταυροῦ,
2821 632 2913 685 καὶ
2940 629 3032 683 τοῦ
3062 630 3150 681 ἐπ’
3185 626 3340 697 αύτῷ
3377 625 3692 696 μυστηρίου.
3723 629 3787 683 Τὸ

2236 726 2344 796 γὰρ
2368 724 2596 796 ῃοάμμα
2625 724 2719 778 καὶ
2746 725 2774 775 ὁ
2797 721 2956 791 νόμος
2981 716 3355 777 ἀποκτείνει,
3389 714 3455 766 τὸ
3482 712 3549 767 δὲ
3573 712 3788 783 πνεῦμα

2237 815 2332 868 καὶ
2385 816 2418 886 ἡ
2481 815 2537 866 ἐν
2591 810 2853 881 πνεύματι
2907 805 3135 878 λατρεία
3190 806 3228 874 ἠ
3288 801 3619 872 εύαγγελικὴ
3663 800 3787 863 ξωο-

2239 900 2408 954 ποιεῖ.

2302 989 2554 1060 Μεγάλην
2595 987 2650 1040 δὲ
2688 985 2936 1060 πρόνοιαν
2982 982 3312 1052 ποιούμενος
3349 981 3380 1033 ὁ
3419 980 3553 1043 Θεὸς
3584 978 3673 1032 τοῦ
3708 980 3789 1034 ἀν-

2236 1080 2468 1154 θρώπου,
2510 1080 2604 1132 καὶ
2643 1077 2862 1147 οὐρανὸν
2903 1073 3053 1144 αὑτῷ
3092 1073 3325 1140 ἀνοίγει,
3360 1071 3456 1124 καὶ
3484 1070 3684 1141 τροφὴν
3709 1070 3795 1125 αὖ·

2233 1173 2309 1245 τῷ
2338 1173 2546 1225 δίδωσιν
2594 1168 2858 1238 οὐράνιον,
2903 1166 2997 1218 καὶ
3037 1165 3381 1235 χειραγωγεῖ
3425 1161 3586 1214 αὐτὸν
3629 1161 3790 1225 αὐτὸς,

2233 1263 2509 1333 γινόμενος
2533 1262 2644 1322 τοῖς
2674 1256 2912 1310 ὁδεύουσι
2952 1254 3094 1324 φῶς,
3123 1254 3222 1306 καὶ
3250 1253 3404 1320 άγων
3431 1251 3523 1303 ἐπὶ
3543 1252 3709 1314 ὁδοὺς,
3735 1252 3791 1316 ἃς

2234 1353 2349 1407 καθ’
2383 1350 2574 1421 ἑαυτὴν
2595 1352 2626 1420 ἡ
2651 1347 2960 1418 ἀνθρωπίνη
2993 1345 3164 1414 φύσις
3191 1344 3295 1396 οὐκ
3321 1343 3626 1396 ἐπίσταται.
3664 1343 3790 1415 Πλὴν

2235 1443 2469 1514 ἑσπέρας
2504 1441 2600 1511 μὲν
2642 1440 2741 1509 τὴν
2789 1437 3232 1508 ὀρτυγομήτραν,
3284 1433 3405 1504 ἅμα
3445 1433 3502 1486 δὲ
3546 1436 3611 1504 τῇ
3642 1433 3710 1503 ἕῳ
3737 1435 3788 1488 τὸ

2239 1535 2408 1604 μάννα
2454 1532 2688 1603 καθίησι,
2750 1528 2988 1597 πλαγίως
3040 1527 3175 1597 ἡμῖν
3218 1524 3316 1578 τοῦ
3370 1525 3785 1596 παραδείγματος

2237 1623 2675 1693 ύπεμφαίνοντος,
2720 1621 2801 1673 ὅτι
2847 1619 2919 1689 μή
2979 1619 3130 1670 ὲστιν
3180 1615 3241 1668 ὲν
3292 1615 3436 1686 φωτὶ
3487 1614 3658 1686 νοητῷ
3697 1615 3787 1668 τῶν

2238 1713 2434 1784 γηΐνων
2462 1714 2489 1765 ὁ
2525 1713 2753 1782 ἐραστής
2773 1726 2786 1741 ο
2819 1709 2854 1763 ἃ
2885 1709 2970 1762 διὰ
3005 1709 3107 1779 τῆς
3153 1708 3576 1779 ὀρτυγομήτρας
3613 1707 3786 1776 σημαί,

2239 1819 2404 1866 νεται,
2447 1802 2511 1872 ἦν
2550 1801 2728 1872 ὀρέγει
2759 1797 3076 1869 ἐπιζητοῦσι
3116 1797 3276 1861 Θεὸς,
3314 1798 3412 1867 οὺχ
3446 1797 3616 1850 ἕλκων
3646 1796 3785 1858 αὐτὸς

2240 1894 2318 1955 είς
2360 1892 2666 1962 ἐπιθυμίαν,
2701 1890 2852 1944 οὔπω
2888 1890 2944 1943 δὲ
2978 1889 3161 1953 διδοὺς
3191 1891 3255 1942 τὸ
3299 1887 3783 1942 κατανεανιεύεσθαι

2242 1981 2441 2036 παθῶν.
2475 1981 2546 2032 Τὸ
2572 1980 2628 2034 δὲ
2659 1980 2831 2050 μάννα
2866 1979 2990 2032 σκιὰ
3020 1979 3131 2031 τῶν
3179 1977 3270 2031 διὰ
3315 1975 3551 2050 Χριστοῦ
3595 1977 3788 2030 παιδευ-

2245 2073 2425 2142 μάτων
2459 2088 2515 2124 τε
2564 2071 2657 2123 καὶ
2694 2070 3070 2140 χαρισμάτων,
3121 2069 3160 2122 ἃ
3201 2068 3410 2122 ἄνωθέν
3458 2071 3574 2122 ἐστι
3615 2068 3704 2121 καὶ
3738 2067 3786 2132 ἐξ

2243 2159 2489 2232 ούρανοῦ,
2516 2160 2609 2212 καὶ
2634 2159 2694 2211 τὸ
2718 2158 2915 2226 γεῶδες
2947 2160 3049 2211 οὐκ
3088 2159 3225 2229 ἔχει,
3265 2159 3487 2230 ἀμοιρεῖ
3528 2159 3583 2212 δὲ
3617 2158 3788 2229 μᾶλλον

2244 2250 2333 2302 καὶ
2363 2249 2638 2320 βδελυρίας
2682 2247 2965 2318 σαρκικῆς.
3003 2249 3115 2301 Καὶ
3147 2248 3324 2311 οὕτως
3359 2248 3533 2320 τροφὴ
3577 2246 3789 2317 πνευμά-

607 2346 1025 2405 abominatione.
1079 2343 1255 2412 Atque
1303 2338 1383 2394 sic
1434 2351 1556 2393 esca
1600 2335 1844 2406 spiritus,
1889 2345 1972 2391 est
2001 2343 2142 2390 recta

2247 2358 2350 2394 των
2371 2340 2513 2392 ἐστὶν
2539 2341 2572 2409 ὴ
2609 2341 2665 2392 ὲν
2700 2337 2906 2402 τούτοις
2945 2337 3084 2409 ὀρθὴ
3131 2339 3229 2392 καὶ
3273 2339 3560 2410 ἀκίὸδηλος
3592 2337 3786 2405 γνῶσις,

607 2439 926 2508 sinceraque
974 2448 1159 2490 eorum
1213 2429 1468 2499 cognitio,
1521 2425 1672 2496 cujus
1727 2425 2149 2480 subministratio

610 2539 860 2596 tanquam
904 2525 955 2578 in
997 2523 1114 2577 luce
1136 2529 1190 2576 et
1220 2519 1306 2574 die
1342 2519 1422 2581 lit,
1458 2515 1734 2576 exoriente
1767 2513 1889 2570 Sole
1927 2513 2148 2584 iustitiae

609 2617 835 2676 Domino
860 2623 1066 2678 nostro,
1110 2611 1199 2680 qui
1225 2609 1412 2665 educat
1461 2621 1559 2662 nos
1600 2607 1653 2658 in
1685 2604 1846 2658 vitam
1874 2614 2146 2658 aeternam.

677 2709 782 2776 Qui
838 2706 981 2760 enim
1034 2719 1222 2758 manna
1289 2699 1542 2760 comedit,
1581 2697 1820 2766 superior
1871 2693 1974 2750 erit
2003 2695 2147 2749 omni

611 2797 971 2868 corruptione,
1005 2804 1060 2848 et
1117 2790 1380 2847 transiliet
1414 2794 1660 2841 mortem.
1709 2784 1798 2838 Ait
1845 2797 1992 2848 vero,
2032 2777 2148 2836 Col-

612 2893 800 2961 ligetur
827 2903 860 2939 ο
904 2879 1378 2943 contubernalibus,
1411 2887 1457 2930 et
1507 2892 1607 2928 non
1665 2871 1963 2942 relinquetis
1999 2885 2062 2925 ea:
2091 2885 2148 2924 eo

612 2959 771 3047 usque
814 2990 964 3028 mane
992 2971 1036 3025 ⁸.
1082 2967 1447 3024 Necessarium
1501 2972 1582 3017 est
1631 2962 1771 3016 enim
1823 2959 2006 3025 nobis,
2059 2959 2148 3028 qui

613 3067 846 3135 ejusdem
875 3060 1034 3116 simul
1069 3071 1250 3114 sumus
1283 3054 1406 3108 fidei
1451 3053 1694 3119 idemque
1745 3048 2002 3102 habemus
2028 3061 2154 3114 con-

614 3158 936 3216 tubernium,
966 3150 1261 3208 Ecelesiam
1315 3143 1581 3206 videlicet,
1627 3150 1682 3192 ut
1728 3138 1926 3193 divinis
1955 3137 2152 3192 nostris

612 3250 872 3306 satientur
889 3241 1243 3301 sermonibus,
1267 3251 1364 3290 nec
1383 3235 1722 3288 observemus
1745 3228 1986 3282 umbram
2009 3235 2149 3294 post-

612 3353 769 3408 quam
803 3334 1003 3389 veritas
1032 3329 1316 3387 manifeste
1343 3321 1607 3391 apparuit.
1630 3316 1732 3382 Qui
1766 3317 1926 3376 enim,
1956 3315 2052 3378 ait,
2084 3315 2137 3366 in

612 3402 720 3494 lege
742 3419 1126 3491 justiﬁeamiui,
1148 3434 1177 3467 ιι
1209 3412 1370 3483 gratia
1389 3404 1652 3462 excidistis
1674 3403 1714 3456 ⁸.
1745 3402 1848 3456 Sed
1876 3417 1994 3456 cum
2027 3415 2146 3468 per-

612 3493 915 3582 venerimus
978 3525 1075 3578 per
1129 3506 1286 3560 ﬁdem
1337 3499 1399 3553 ad
1445 3496 1774 3566 spiritualem
1838 3494 1890 3548 in
1934 3493 2146 3548 Christo

613 3604 1016 3662 sabbatismum,
1049 3599 1101 3653 id
1133 3605 1213 3651 est
1239 3594 1303 3646 ad
1330 3588 1660 3644 vacationem
1703 3600 1766 3638 ac
1794 3584 2146 3638 cessationem

613 3714 642 3751 a
665 3703 927 3766 peccato;
967 3705 1070 3744 non
1114 3696 1365 3753 tanquam
1400 3677 1639 3734 inutilem
1695 3675 2038 3741 repudiamus
2069 3682 2147 3726 tot

613 3762 894 3857 praeceptis
926 3783 1292 3834 coacervatam
1313 3771 1424 3840 jam
1454 3766 1585 3836 legis
1616 3762 1990 3826 eruditionem,
2033 3775 2148 3813 ma-

615 3847 970 3932 nuducentem
1005 3884 1100 3923 nos
1129 3865 1194 3918 ad
1225 3861 1518 3918 Christum.
1559 3851 1806 3924 Legimus
1839 3851 1980 3905 enim
2031 3847 2146 3902 Mo-

614 3971 788 4026 saicae
816 3965 1055 4025 umbras,
1101 3971 1206 4025 quo
1252 3955 1304 4006 in
1353 3949 1457 4004 illis
1502 3946 1782 4001 veritatem
1823 3952 2146 4011 quaeramus,

615 4078 741 4116 nova
768 4067 816 4113 et
842 4065 1010 4112 vetera
1040 4051 1103 4104 de
1132 4048 1371 4100 thesauro
1396 4039 1714 4108 proferente:
1738 4033 1780 4086 °.
1810 4034 1914 4086 Aut
1942 4033 1985 4086 si
2023 4045 2139 4082 ma-

612 4153 717 4214 vis,
749 4163 865 4216 qua:
892 4147 980 4199 hic
1011 4137 1319 4208 collegimus
1351 4132 1400 4183 in
1427 4138 1714 4197 parasceve
1755 4121 1901 4194 (84),
1935 4120 2048 4174 inec
2078 4118 2146 4172 ibi

612 4214 891 4297 sabbatum
933 4240 1152 4302 agentes
1173 4223 1526 4280 inveniemus,
1558 4226 1614 4269 et
1645 4214 2005 4266 cnutriemur.

683 4329 818 4382 Olim
845 4297 1057 4392 quidem
1097 4329 1282 4382 panem
1327 4309 1390 4361 de
1433 4304 1556 4359 ca’lo
1598 4302 1738 4355 dedit
1786 4300 1924 4353 Deus
1961 4297 2148 4366 popqu

613 4437 729 4484 suo,
762 4412 1024 4487 quinullo
1053 4406 1286 4461 adhibito
1326 4398 1504 4452 labore
1547 4397 1613 4452 ad
1660 4407 1859 4446 omnem
1905 4391 2146 4457 volupta-

2242 2425 2309 2502 ἧς
2329 2431 2362 2500 ἡ
2383 2428 2628 2502 χορηγία,
2647 2429 2720 2492 ὡς
2740 2431 2796 2481 ὲν
2821 2429 2958 2497 φωτὶ
2979 2430 3076 2481 καὶ
3103 2429 3291 2500 ἡμέρᾳ
3321 2429 3549 2498 γίνεται,
3573 2427 3790 2497 ἀνίσχον-

2243 2536 2332 2583 τος
2357 2517 2446 2572 τοῦ
2476 2517 2648 2570 Ἠλίου
2661 2516 2760 2586 τῆς
2792 2517 3139 2588 δικαιοσύνης
3168 2521 3380 2590 Κυρίου
3416 2515 3551 2590 (85),
3584 2517 3641 2582 ὃς
3669 2517 3788 2571 ἀπο-

2243 2604 2432 2676 τρέφει
2452 2604 2596 2674 ἡμᾶς
2619 2605 2698 2667 εἰς
2727 2597 2870 2674 ζωὴν
2902 2604 3211 2674 ἀμήρυτον.

2324 2696 2381 2748 '0
2405 2694 2512 2765 γὰρ
2535 2693 2596 2746 τὸ
2619 2692 2757 2745 θεῖον
2782 2693 2954 2764 μάννα
2984 2692 3366 2764 κατεδηδοκὼς
3392 2692 3628 2763 ἀμείνων
3656 2690 3788 2743 ἔσται

2246 2784 2447 2855 φθορᾶς
2469 2783 2560 2838 καὶ
2584 2780 2928 2851 ὑπεραλεῖται
2950 2782 3208 2836 θανάτου.
3233 2780 3597 2846 Συλλέξεται
3620 2778 3693 2842 δὲ,
3711 2795 3790 2847 φη-

2247 2875 2320 2936 σὶ,
2342 2871 2463 2938 τοῖς
2489 2869 2839 2937 συσκήνοις,
2867 2869 2970 2923 καὶ
2990 2873 3062 2923 οὺ
3087 2871 3481 2938 καταλείψετε
3501 2868 3599 2923 ἀπ’
3626 2861 3787 2920 αὐτοῦ

2244 2963 2328 3025 εἰς
2349 2959 2414 3012 τὸ
2435 2961 2596 3027 πρωΐ.
2621 2959 2738 3030 Χρὴ
2758 2959 2864 3028 γάρ
2896 2957 3038 3028 ὁμοῦ
3079 2961 3194 3022 τοῖς
3215 2958 3549 3031 ὁμοπίστοις,
3579 2957 3685 3019 τοῖς
3707 2953 3788 3023 τὴν

2247 3047 2450 3102 οἰκοῦσι
2494 3045 2713 3117 σκηνὴν,
2768 3046 2864 3116 τὴν
2919 3047 3273 3118 Ἐκκλησίαν,
3321 3046 3428 3099 τῶν
3471 3045 3626 3099 θείων
3656 3040 3788 3112 ἡμῶν

2249 3137 2838 3210 ὲμφορεῖσθαιλόγων,
2883 3137 2980 3190 καὶ
3020 3139 3096 3209 μὴ
3145 3140 3331 3209 τηρεῖν
3362 3134 3648 3208 τὴνσκιάν
3674 3128 3788 3203 μετά

2251 3228 2356 3296 τὴν,
2371 3227 2466 3298 τῆς
2490 3226 2738 3295 ἀληθείας
2755 3213 3119 3299 ἔνδειξιν(8θ’).
3142 3229 3371 3292 Οἶτινες
3392 3225 3717 3296 γὰρ,·φησὶν,
3732 3219 3788 3273 ἐν

2252 3317 2409 3384 νόμῳ
2433 3315 2800 3380 δικαιοῦσθε,
2846 3315 2958 3384 τῆς
2999 3317 3244 3386 χάριτος
3297 3316 3625 3381 ἐξεπέσετε.
3664 3309 3787 3378 Πλὴν

2253 3406 2538 3476 ἀφιγμένοι
2559 3405 2644 3457 διὰ
2670 3405 2766 3474 τῆς
2802 3405 3038 3469 πίστεως
3070 3407 3152 3471 είς
3179 3408 3272 3460 τὸν
3315 3408 3374 3460 ὲν
3414 3403 3626 3477 Χριστῷ
3661 3398 3788 3455 νοού-

2255 3510 2412 3563 μενον
2443 3488 2822 3561 σαϐϐατισμὸν,
2854 3495 3133 3546 τουτέστιν
3167 3496 3246 3557 εἰς
3282 3494 3480 3565 ἀργίαν
3519 3491 3610 3545 καὶ
3647 3486 3787 3544 κατά-

2251 3582 2400 3654 ληξιν
2421 3582 2516 3651 τὴν
2547 3580 2605 3645 ἐξ
2631 3580 2899 3652 ἁμαρτίας
2921 3622 2938 3646 ,
2972 3584 3070 3653 οὐχ
3110 3583 3186 3648 ὡς
3228 3584 3498 3654 ἄχρηστον
3527 3574 3787 3650 παραιτού-

2255 3672 2391 3743 μεθα
2415 3672 2512 3743 τὴν
2536 3670 2971 3743 προσωρευθείαν
3021 3673 3133 3744 (87)
3186 3674 3280 3726 τοῦ
3316 3674 3479 3744 νόμου
3518 3670 3786 3726 παίδευσιν,

2251 3760 2685 3834 χειραγωγοῦσαν
2724 3762 2871 3831 ἡμᾶς
2915 3765 2997 3826 είς
3041 3764 3297 3834 Χριστόν.
3345 3759 3784 3833 Περιτυγχάνομεν

2252 3854 2358 3924 γὰρ
2387 3856 2505 3915 ταῖς
2526 3853 2610 3906 διὰ
2635 3853 2870 3915 Μωσέως
2897 3855 3080 3915 σκιαῖς
3099 3893 3113 3917 ,
3147 3854 3234 3906 ἵνα
3274 3853 3372 3923 τὴν
3409 3854 3464 3904 ὲν
3509 3849 3686 3910 αὐταῖς
3707 3842 3786 3912 ζη-

2251 3943 2427 4013 τῶμεν
2451 3941 2720 4012 ἀλήθειαν,
2745 3941 2921 3996 καινὰ
2941 3944 3036 3996 καὶ
3061 3941 3288 3996 παλαιὰ
3306 3944 3376 3995 ἐκ
3395 3937 3688 4009 θησαυροῦ
3706 3934 3785 3985 ὲκ-

2252 4031 2590 4095 6άιὶλοντες.
2621 4030 2683 4084 Ei
2713 4029 2770 4083 δὲ
2802 4029 3016 4099 βούλει,
3050 4032 3193 4102 άπερ
3229 4031 3458 4084 ἐνταῦθα
3494 4022 3785 4090 συλλέξομεν

2252 4122 2309 4172 ὲν
2332 4121 2666 4189 παρασκευῇ,
2691 4117 2862 4171 ταῦτα
2898 4119 3080 4172 ἐκεῖσε
3117 4118 3538 4178 σαϐϐατίσαντες
3585 4110 3785 4180 εὑρήσο-

2255 4227 2352 4278 μεν
2384 4210 2477 4262 καὶ
2501 4208 2900 4278 τραφησόμεθα.

2325 4298 2457 4368 (87')
2494 4297 2664 4350 Πάλαι
2695 4295 2790 4366 μὲν
2821 4292 2911 4351 οὖν
2945 4298 3129 4365 ἄρτον
3147 4295 3516 4365 ἁπόὐρανοῦ
3537 4285 3785 4345 ἔδωκεν-ό

2255 4389 2394 4453 Θεὸς
2437 4387 2515 4452 τῷ
2542 4383 2666 4450 λαῷ
2711 4385 2892 4438 αὐτοῦ
2915 4427 2934 4449 ,
2974 4387 3354 4451 ἀκοπιάστως
3406 4385 3552 4452 πρὸς
3602 4375 3783 4432 πᾶσαν

614 4474 920 4564 ιοιιιιιάίείιιιι
953 4517 970 4553 :
1017 4498 1084 4551 ad
1113 4494 1250 4564 quod
1281 4489 1418 4544 enim
1467 4485 1584 4553 quis
1615 4482 1785 4545 vellet,
1831 4490 2142 4547 attempera-

2250 4476 2476 4546 ἡδονὴν
2504 4475 2786 4542 ἰσχύοντα
2805 4493 2818 4506 υ
2845 4477 2998 4543 πρὸς
3028 4477 3058 4530 ὃ
3094 4476 3202 4547 γάρ
3231 4495 3320 4542 τις
3346 4474 3616 4528 ἐϐούλετο
3631 4479 3783 4537 μετε-

615 4604 766 4653 balur
784 4597 826 4647 ⁷.
849 4591 1048 4647 Eadem
1069 4594 1152 4640 est
1177 4580 1328 4636 verbi
1366 4577 1598 4630 animam
1626 4571 1909 4626 nutrientis
1931 4575 2056 4620 natu
2068 4580 2147 4630 ra,

615 4697 791 4758 aptata
823 4684 890 4737 ad
923 4678 1226 4733 facultatem
1255 4669 1375 4737 eius
1403 4665 1496 4736 qui
1520 4663 1772 4718 nutritur.
1804 4658 1860 4712 Si
1893 4657 2145 4710 infantem

616 4747 705 4837 lex
731 4777 950 4836 nutriat,
983 4772 1041 4824 ﬁt
1066 4769 1186 4828 lac;
1227 4763 1274 4817 si
1305 4759 1644 4826 languentem
1693 4751 1947 4815 animam,
1977 4747 2095 4801 olus
2128 4761 2145 4810 ;

617 4873 660 4929 si
691 4843 861 4925 virum
898 4863 1217 4934 perfectum,
1251 4855 1449 4908 solidus
1472 4852 1643 4906 cibus.
1667 4844 1782 4898 Non
1814 4853 1989 4896 tamen
2021 4834 2149 4888 resi-

617 4960 864 5017 dentibus
889 4954 1040 5009 nobis
1068 4949 1214 5004 venit
1243 4958 1454 5004 manna,
1485 4941 1577 4994 sed
1609 4947 1765 4992 extra
1809 4941 1985 4988 castra
2022 4940 2150 4980 con-

618 5046 997 5109 tendentibus;
1044 5052 1235 5106 corpus
1297 5033 1564 5094 videlicet,
1619 5029 1673 5082 in
1718 5037 1822 5094 quo
1887 5018 2152 5075 clauditur

617 5145 1066 5206 anima’tauquatn
1097 5133 1146 5184 in
1174 5142 1410 5184 carcere.
1466 5123 1686 5190 Oportet
1728 5116 1870 5170 enim
1916 5112 2146 5164 animam

539 5233 548 5238 ’
618 5249 721 5290 non
755 5202 980 5297 amplius
1010 5223 1066 5277 in
1093 5235 1255 5276 carne
1281 5231 1424 5282 esse,
1457 5212 1548 5268 sed
1578 5210 1630 5264 in
1657 5207 1866 5276 spiritu.
1894 5202 1964 5255 At
1993 5209 2150 5252 nemo

616 5324 707 5394 qui
733 5293 907 5391 portat
945 5312 1218 5382 imaginem
1245 5306 1439 5363 terreni
1461 5304 1502 5370 ⁸,
1537 5307 1711 5374 potest
1742 5293 2017 5349 caelestem
2047 5301 2147 5386 pa.-

620 5381 744 5468 neiti
779 5381 1101 5470 manducare
1137 5417 1153 5454 :
1186 5395 1439 5452 Animalis
1488 5391 1624 5446 enim
1663 5387 1814 5438 homo
1866 5395 1968 5434 non
2011 5381 2147 5442 capit

2251 4571 2506 4637 κρίνατο.
2538 4569 2768 4639 Τοιαύτη
2801 4567 2914 4640 δὲή
2949 4572 3040 4624 τοῦ
3074 4571 3364 4644 τρέφοντος
3400 4568 3497 4637 τὴν
3532 4559 3698 4641 ψυχὴν
3718 4555 3782 4608 λό-

2251 4680 2346 4730 γου
2380 4661 2555 4730 φύσις,
2588 4661 2720 4731 πρὸς
2743 4659 2843 4732 τὴν
2879 4662 3104 4734 δύναμιν
3135 4652 3598 4732 ’ποῦ’τρεφομένου
3635 4665 3778 4722 μετα-

2251 4752 2529 4805 ϐάλλουσα.
2574 4751 2694 4803 Ἐὰν
2717 4751 2906 4820 νήπιον
2939 4754 3112 4824 τρέφῃ
3140 4754 3167 4804 ὁ
3191 4751 3373 4820 νόμος,
3399 4748 3539 4817 γάλα
3558 4743 3773 4811 γίνεται³

2251 4841 2344 4893 ἐὰν
2375 4842 2549 4913 ψυχὴν
2583 4839 2938 4903 ἀσθενοῦσαν.
2988 4843 3214 4912 λάχανον
3237 4860 3250 4874 ⁸
3286 4839 3379 4894 ἐὰν
3425 4837 3646 4892 τέλειον,
3675 4841 3778 4913 ace-

2257 4907 2589 5001 ρεά
2644 4927 2716 4980 Οὐ
2780 4907 3160 4999 καθεζομένοις
3210 4926 3267 4978 δὲ
3314 4925 3441 4993 ἡμῖν
3494 4907 3776 5001 Erizam“

2258 4999 2447 5085 μάννα,
2481 5018 2592 5071 ἀλλ’
2627 5017 2937 5090 ἐρχομένοις
2985 5019 3088 5081 ἔξω
3118 5019 3216 5087 τῆς
3248 5009 3622 5084 παρεμϐολῆςο
3652 4999 3776 5090 λέγω

2253 5108 2316 5178 δὴ
2364 5105 2456 5159 τοῦ
2506 5087 2781 5177 σώματος,
2816 5107 2872 5158 ἐν
2903 5098 2947 5173 ᾧ
2986 5109 3255 5176 ὲνεῖρκται
3301 5103 3335 5172 ἡ
3367 5099 3530 5168 ψυχή.
3579 5093 3666 5144 Δεῖ
3683 5087 3774 5155 γὰρ

2251 5197 2346 5266 τὴν
2373 5197 2547 5267 ψυχὴν
2583 5197 2770 5268 μηκέτ’
2800 5192 2936 5250 εἶναι
2968 5197 3026 5249 ὲν
3057 5194 3220 5266 σαρκὶ
3245 5231 3259 5255 ,
3287 5190 3398 5244 ἀλλ’
3424 5190 3479 5239 ὲν
3505 5180 3771 5268 πνεύματι

2252 5283 2436 5348 Οὐδεὶς
2470 5283 2558 5350 δὲ,
2593 5283 2786 5352 φορῶν
2825 5283 2937 5352 τὴν
2966 5284 3169 5337 εἰκόνα
3202 5279 3304 5332 τοῦ
3329 5273 3550 5345 χοϊκοῦ,
3575 5267 3772 5336 δύναται

2252 5373 2413 5444 ἄρτον
2460 5373 2706 5445 οὐράνιον
2759 5378 2981 5444 φαγεῖν·
3015 5372 3146 5425 διότι
3191 5366 3447 5437 ψυχικὸς
3493 5359 3773 5424 ἅνθρωπος

687 5523 770 5576 ³11
799 5520 923 5575 Cor.
950 5463 1030 5581 tu,
1069 5512 1122 5566 6.
1160 5509 1182 5540 ⁸
1211 5506 1376 5563 ΕιιοιΙ.
1408 5477 1617 5568 xvt,l8,
1642 5497 1727 5552 l9.
1824 5490 1847 5524 "
1871 5487 1990 5546 Gal.
2027 5499 2082 5554 ν,
2107 5483 2140 5539 4

2254 5483 2439 5537 Matth.
2471 5497 2586 5545 mi,
2618 5480 2708 5536 53.
2744 5482 2764 5513 ⁷
2783 5479 2910 5550 Sap.
2947 5491 3058 5540 ut,
3095 5475 3186 5542 ἳυ,
3215 5472 3306 5527 21.
3326 5469 3365 5515 ⁸,
3389 5467 3410 5522 Ι
3433 5465 3553 5522 Cor.
3581 5471 3667 5521 ﬂ.
3690 5451 3769 5510 ‘9-

691 5639 802 5701 (84)
832 5636 896 5690 Id
927 5639 1021 5696 est,
1053 5626 1483 5701 praeparatione;
1590 5686 1615 5698 ,

1088 5682 1248 5780 Ρρῖιθ
1269 5696 1415 5752 deest
1447 5686 1639 5762 Ἰησοῦ,
1669 5682 1755 5742 vel
1771 5682 1948 5752 ἡμῶν.

686 5763 796 5850 (865
823 5773 913 5829 Vel
940 5763 1219 5828 ἀνάδειξιν.

2234 5613 2236 5615 ’
2323 5599 2434 5670 (87)
2461 5597 2594 5670 Ριέιο
2619 5595 3105 5670 προσωρευθεῖσαν.

2308 5669 2441 5747 (8T)
2482 5668 2648 5736 Ὧραι.
