3922 6430
557 459 654 512 H7

556 569 701 640 Μηδὲ
730 564 858 636 ὀργὴ
889 561 974 629 ἐφ’
1001 559 1146 634 ἡμᾶς
1167 553 1394 623 ἀναϐαίη
1415 593 1429 616 ,
1458 549 1519 604 τὸ
1558 547 1769 617 πνεῦμα
1799 547 1892 600 τοῦ
1914 546 2081 615 ’,ἐξου-

557 637 820 720 σιάζοντος
842 652 903 703 τὸ
927 647 1220 718 ἀπατηλὸν,
1247 645 1306 697 τὸ
1336 643 1486 712 δίκην
1523 639 1820 710 προδρόμου
1855 637 1887 706 ἥ
1923 654 2085 690 κατα-

557 748 752 800 σκόπου
802 743 863 792 ὲκ
893 737 984 790 τοῦ
1015 737 1199 790 σκότου
1230 735 1286 787 ὲν
1404 730 1700 799 ἐκέκρυπτο
1722 766 1737 790 ,
1765 729 1844 789 είς
1873 726 1969 797 τὴν
1992 726 2090 795 ψυ-

555 836 652 906 χὴν
686 830 828 883 ἀνιὸν
859 827 945 880 διὰ
989 827 1087 896 τῆς
1121 823 1513 906 ὲνθυμήσεωςξ
1537 818 1667 890 μηδὲ
1697 817 1771 879 ὡς
1819 815 1928 887 πῦρ
1967 814 2088 870 ἐξα-

1410 427 1964 488 SUPPLEMENTUM
2002 427 2091 481 AD
2125 423 2452 483 0Blele
2484 417 2881 478 EXEGETICA.

3662 404 3752 459 148

2200 560 2405 610 mensa,
2460 557 2618 612 super
2649 553 2808 612 quam
2836 532 3110 604 sapientia
3139 526 3505 584 mactationet
3531 540 3651 579 sunt
3675 526 3759 578 int-

2195 639 2363 707 ponit,
2390 645 2436 689 et
2464 635 2638 688 vinum
2673 647 2823 685 suum
2849 629 3038 682 miscet
3065 625 3127 678 in
3151 631 3372 676 cratera
3395 619 3466 676 ".
3499 617 3678 686 Neque
3693 619 3759 672 ira

2194 729 2246 782 in
2275 742 2372 782 nos
2400 724 2689 789 ascendat;
2719 719 2943 789 spiritus
2973 728 3183 784 nempe
3212 718 3549 781 potestatem
3576 707 3761 762 haben-

2193 819 2262 872 tis
2287 817 2558 880 seductor,
2584 812 2672 880 qui
2701 807 3066 879 praacursoris
3095 806 3280 858 instar
3332 799 3422 855 vel
3473 799 3759 868 speculato-

555 875 720 988 ξόξίτῖ
732 875 1365 982 πεπυρωμένων
1392 875 1555 977 βελῶύ
1582 875 1674 959 τοῦ
1697 875 1909 975 ἐχθροῦί
1949 903 2084 956 Ἀλλ’
2112 877 2127 930 ί

2215 908 2288 973 'is,
2320 921 2384 960 ex
2433 875 2671 958 tenebris
2702 875 2769 955 in
2803 899 3003 968 quibus
3045 909 3174 950 sese
3222 891 3542 954 abdiderat,
3574 889 3624 943 in
3659 889 3759 944 ani—

554 977 777 1079 ούρανοῦ
811 1003 1018 1076 Θυρίδες
1043 977 1174 1072 ἡμῖν
1192 977 1202 981 Ἰ
1223 1002 1480 1066 ἀνοιγείεν
1501 1037 1515 1061 ,
1539 999 1592 1049 αί
1617 997 1722 1050 τῶν
1757 994 1957 1064 νοητῶν
1999 995 2090 1046 καὶ

2215 1011 2333 1049 nam
2382 991 2616 1048 ascendit
2657 1004 2753 1058 per
2798 984 3242 1054 cogitationem:
3274 993 3460 1048 neque
3491 991 3590 1032 ceu
3637 977 3759 1047 ignis

556 1095 925 1167 πνευματικῶν
953 1093 1164 1159 ὲξαπλω
1193 1091 1300 1160 (90)
1329 1088 1514 1160 ἀρεταὶ
1552 1127 1565 1140 .
1587 1125 1600 1140 .
1623 1127 1636 1140 .
1655 1127 1666 1138 .
1687 1127 1699 1139 .
1721 1126 1733 1137 .
1757 1126 1770 1137 .
1798 1127 1807 1139 .
1828 1126 1840 1139 .
1865 1125 1878 1136 .
1905 1084 2089 1136 κακίαι

554 1187 675 1258 ᾅδου
701 1189 792 1239 καὶ⁸
824 1185 1075 1247 Θανάτου,
1112 1182 1308 1242 αἵτινες
1347 1181 1404 1231 οὑ
1435 1177 1775 1247 κατισχύουσι
1805 1175 1930 1238 τῶν,
1953 1173 2092 1227 κατά

557 1275 778 1345 Πέτρον,
810 1270 1129 1326 ἀνελθόντων
1166 1269 1257 1321 ἐπὶ
1288 1268 1456 1329 πύλας
1486 1267 1581 1336 τῆς
1618 1265 1904 1335 θυγατέρος
1935 1262 2090 1316 Σιών.

557 1367 664 1417 Καὶ
697 1365 723 1414 ὁ
756 1365 811 1414 ὲν
837 1360 916 1426 τῷ
959 1358 1180 1430 κρυπτῷ
1207 1359 1302 1427 τῆς
1343 1356 1560 1428 καρδίας
1615 1354 1891 1424 ἄνθρωπος
1917 1392 1930 1416 ,
1974 1355 2092 1405 κατ’

559 1453 738 1505 εἰκόνα
775 1451 907 1502 Θεοῦ
928 1489 942 1514 ,
973 1450 1246 1518 όμοέστιος
1272 1444 1516 1512 ἀγγέλοις
1539 1444 1763 1511 γένοιτο,
1795 1442 1887 1495 τοῦ
1913 1442 2094 1511 ἀληθι-

558 1539 648 1591 νοῦ
679 1540 850 1609 μάννα
885 1537 1330 1608 μεταλαμϐάνων,
1364 1534 1453 1587 καὶ
1483 1535 1587 1587 ἀπὸ
1625 1532 1845 1603 ούρανοῦ
1874 1532 2093 1602 τροφὴν,

561 1628 672 1680 ἀλλ’
716 1629 814 1680 οὑκ
845 1627 950 1680 ἀπὸ
975 1627 1073 1695 τῆς
1105 1625 1497 1695 ἐπικαταράτου
1539 1623 1670 1691 γῆς,
1701 1623 1766 1691 ἦν
1795 1622 1823 1672 ό
1855 1620 2096 1690 ἁμαρτά-

561 1735 664 1769 νων
699 1718 756 1768 ὲν
787 1715 978 1778 λύπαις
1006 1713 1187 1766 ἐσθίει.
1223 1715 1284 1765 Οί
1313 1711 1512 1764 τούτων
1553 1710 1834 1770 ἀκούοντες
1869 1707 2096 1777 πτερού-

565 1805 776 1857 σθωσαν
802 1844 815 1868 ,
845 1801 1248 1873 ὲπαιρέσθωσαν
1273 1840 1287 1862 ,
1323 1799 1513 1870 μηκέτι
1555 1798 1786 1850 ἔστωσαν
1821 1799 1878 1849 ὲν
1904 1795 2062 1866 σαρκί
2082 1813 2094 1826 '

563 1894 894 1962 γενέσθωσαν
921 1895 976 1944 ἐν
1015 1891 1310 1960 πνεύματι’
1357 1892 1418 1941 Οἱ
1457 1887 1564 1955 γὰρ
1609 1888 1677 1940 ἐν
1717 1887 1893 1954 σαρκὶ
1933 1885 2101 1949 ὄντες

566 1985 686 2049 Θεῷ
709 1983 919 2052 ἀρέσαι
947 1985 1016 2036 οὐ
1041 1981 1340 2034 δύνανται.
1403 1979 1536 2030 Ἀλλ’
1585 1977 1675 2028 ἐπὶ
1726 1976 1822 2045 τὴν
1867 1976 2100 2045 ἱστορίαν

564 2075 788 2128 ἀνιτέον.

566 2247 711 2314 Στίχ.
739 2245 840 2314 μδθ.
873 2243 980 2314 qu
1010 2240 1411 2314 μετέστρεψετς
1457 2241 1541 2314 είς
1576 2234 1714 2306 αἷμα
1742 2236 1891 2314 rain;
1926 2251 2103 2314 πρτα-

631 2298 781 2383 ,ibc‘c
804 2298 1031 2374 adnitar;
1063 2309 1160 2363 καί
1190 2298 1262 2362 {ti
1299 2298 1648 2376 ὃμὸρήμὶιτίί
1689 2298 1915 2367 αὐτῶν,
1954 2298 2112 2368 ὅπως

631 2382 716 2453 μὴ
745 2383 982 2434 πίωσιν.

639 2469 767 2526 Οἶδα
827 2471 965 2524 κατὰ
1019 2468 1366 2540 τροπολογίαν
1411 2467 1634 2528 πολλοὺς
1681 2465 1950 2533 ποταμοὺς
2007 2465 2108 2518 Αί-

568 2564 772 2634 γύπτου
812 2559 1080 2621 ἐναντίους
1115 2558 1325 2629 Χριστῷ
1355 2556 1431 2626 τῷ
1481 2555 1714 2624 ἀληθινῷ
1755 2553 2014 2623 ποταμῷ,
2053 2545 2112 2606 οὗ

569 2653 635 2708 τὰ
675 2651 966 2722 ὁρμήματα
995 2647 1092 2716 τὴν
1128 2645 1444 2715 Ἐκκλησίαν
1460 2643 1750 2714 εὐφραίνει.
1770 2641 1949 2693 Πάντα
1961 2640 2018 2692 δὲ
2043 2640 2111 2692 τά

568 2746 667 2813 τῆς
691 2741 957 2811 σωτηρίας
987 2738 1233 2808 ἀλλότρια
1249 2735 1489 2806 ῥεύματα
1509 2771 1522 2796 ,
1549 2733 1585 2786 ἃ
1612 2735 1639 2786 ὁ
1661 2732 1810 2796 Θεὸς,
1829 2732 1963 2800 (90')
1987 2732 2110 2784 ὅταν

573 2831 821 2902 βούληταί
857 2845 1006 2891 τινας
1054 2824 1406 2894 ἐπιπρέψαι,
1445 2823 1532 2875 ἵνα
1575 2821 1870 2887 ἐξελθόντες
1921 2819 2111 2873 πίωσιν

570 2922 678 2983 ἀπὸ
720 2922 815 2990 τῆς
860 2919 1100 2988 πέτρας,
1130 2918 1164 2986 ἡ
1216 2915 1272 2972 δὲ
1312 2914 1484 2984 πέτρα
1516 2909 1583 2983 ἦν
1622 2915 1650 2965 ὁ
1691 2911 1938 2982 Χριστὸς,
1974 2910 2113 2961 ποιεῖ

575 3011 870 3082 στραφῆναι
891 3011 970 3070 εἰς
998 3003 1153 3078 αἷμα.
1182 3006 1344 3057 Ὅταν
1366 3005 1470 3074 γὰρ
1495 3001 1602 3070 ἐγὼ
1623 2999 1840 3067 καταγὼ
1866 2998 1955 3061 οὓς
2005 2997 2114 3068 (9|)

571 3101 842 3171 ἀλλοτρίου
875 3098 1061 3160 ὓδατος
1094 3097 1185 3152 καὶ
1209 3095 1566 3164 φρονήματος,
1595 3091 1686 3143 τοῦ
1719 3089 1849 3142 Θεοῦ
1875 3088 1950 3157 μὴ
1981 3088 2112 3158 (91‘)

577 3191 1051 3261 παραστήσαντοςο,
1081 3187 1161 3238 ὅτι
1219 3180 1356 3252 αἷμά
1398 3185 1541 3234 ἐστιν
1561 3219 1576 3243 ,
1622 3179 1799 3231 οὐκέτι
1833 3178 1999 3238 πίνω,
2033 3177 2117 3229 ἵνα

579 3258 901 3350 μὴῖμέτοχος
933 3276 1165 3342 γίνωμαι
1194 3272 1419 3341 αἵματος
1445 3268 1621 3338 ὀμὸρή
1631 3283 1812 3336 ματος.
1837 3265 1896 3316 Oi
1929 3263 1984 3316 δὲ
2004 3258 2116 3350 εἷεν

577 3349 671 3432 ἂν,
703 3369 751 3419 oi
785 3364 986 3434 βραχέα
1019 3362 1112 3430 μὲν
1144 3360 1423 3426 λέγοντες,
1477 3354 1692 3423 ὀλέθρια
1735 3352 1811 3412 δέ.
1841 3349 2027 3414 ίΚατά
2063 3350 2118 3402 δὲ

575 3459 673 3527 τὴν
704 3454 936 3526 ἱστορίαν
958 3490 973 3515 ,
1004 3449 1284 3517 Αἰγύπτιοι
1320 3446 1525 3500 ἀνωθεν
1573 3443 1713 3513 ὕδωρ
1759 3443 1856 3494 οὐκ
1887 3439 2116 3510 ἔχουσιν,

575 3525 696 3609 οὐδὲ
724 3544 929 3612 γίνεται
969 3539 1118 3601 ὑετὸς
1154 3540 1209 3590 ὲν
1239 3536 1514 3604 Αἰγύπτῳ.
1547 3531 1846 3603 Ἱστορικῶς
1876 3530 1973 3600 μὲν
2002 3525 2114 3592 οὖν,

584 3637 761 3705 πάσης
805 3634 924 3686 τότε
955 3632 1052 3702 τῆς
1075 3628 1182 3680 τῶν
1222 3627 1424 3679 ὑδάτων
1477 3625 1686 3693 φύσεως
1721 3621 1861 3675 κατά
1899 3621 1995 3690 τὴν
2021 3619 2119 3672 Αί-

581 3743 781 3797 γυπτον
807 3724 884 3794 τῷ
921 3719 1296 3793 προστάγματι
1321 3717 1412 3770 τοῦ
1448 3715 1684 3777 Μωσέως
1710 3716 1788 3776 είς
1830 3707 1966 3781 αἷμα
1993 3727 2122 3781 τρα-

582 3816 771 3886 πείσης
789 3853 804 3877 ,
828 3815 903 3877 ὡς
929 3811 1164 3872 καὶτοὺς
1196 3807 1380 3878 ἰχθύας
1397 3847 1412 3870 ,
1441 3809 1519 3870 είς
1554 3803 1801 3876 σαρκώδη
1840 3802 2122 3871 παχύτητα

580 3909 673 3970 τοῦ
697 3907 883 3970 ὓδατος
904 3905 1299 3977 μετατεθέντος,
1321 3899 1692 3969 διαφθαρῆναι,
1716 3897 1826 3958 τοῖς
1858 3892 2123 3962 Ἑϐραίοις

582 3998 900 4070 ἀρυομένοις
926 3991 1062 4066 αἷμα
1099 3997 1198 4048 οὐκ
1221 3989 1309 4064 ἦν.
1352 3989 1512 4043 Ὅθεν
1549 3987 1671 4056 ἔσχε
1707 3986 1800 4042 καὶ
1829 3985 1862 4053 ἡ
1914 3998 2124 4052 μαγγα-

583 4089 699 4143 νεία
727 4089 914 4159 καιρὸν
941 4088 997 4140 ὲν
1029 4086 1105 4156 τῷ
1127 4083 1276 4154 παρά
1305 4084 1416 4142 τοῖς
1462 4077 1728 4148 Ἑϐραίοις
1757 4072 2124 4145 εὑρισκομένῳ

585 4181 756 4242 ὕδατι,
783 4178 844 4231 τὸ
869 4175 1168 4246 αἱματῶδες
1193 4172 1335 4242 ὔδωρ
1366 4163 1849 4237 παρασοφίσασθαι.
1880 4162 2124 4228 Πνευμα-

585 4270 747 4333 τικῶς
779 4269 834 4321 δὲ
865 4267 957 4320 καὶ
979 4265 1072 4318 νῦν
1101 4265 1158 4317 τὸ
1188 4264 1298 4316 ῐσον
1337 4260 1481 4312 ἐστιν
1516 4257 1640 4309 ἰδεῖν
1673 4252 1966 4321 γινόμενον.
2005 4249 2122 4302 Τῶν

2202 1084 2566 1139 inﬂammetur
2591 1093 2655 1132 ex
2697 1077 2884 1145 ignitis
2917 1073 3128 1143 jaculis
3185 1069 3428 1125 inimici.
3477 1067 3587 1124 Sed
3623 1067 3757 1122 fene-

2197 1184 2322 1228 strae
2347 1169 2464 1226 coeli
2500 1168 2652 1224 nobis
2691 1165 3046 1234 aperiantur:
3086 1177 3283 1216 rerum
3327 1156 3757 1214 intellectualium

2197 1277 2259 1315 ac
2301 1257 2616 1329 spiritalium
2666 1256 2892 1308 virtutes
2944 1251 3340 1320 explicentur.
3388 1287 3404 1301 .
3447 1285 3463 1302 .
3511 1285 3528 1303 .
3567 1285 3583 1300 .
3623 1248 3758 1302 mala:

2199 1351 2395 1406 inferni
2431 1359 2483 1402 et
2512 1347 2720 1408 mortis,
2768 1359 2886 1412 qua>
2944 1357 3062 1396 non
3119 1339 3450 1412 praevalent,
3484 1339 3756 1392 secundum

2201 1439 2441 1504 Petrum,
2470 1438 2535 1491 iis
2562 1438 2650 1506 qui
2685 1438 2984 1490 ascendunt
3015 1435 3086 1486 ad
3127 1439 3322 1501 portas
3353 1429 3482 1483 ﬁliae
3523 1427 3666 1483 Sion.
3703 1429 3759 1484 Et

2201 1531 2360 1585 homo
2393 1531 2481 1600 qui
2521 1540 2602 1585 est
2637 1530 2688 1583 in
2728 1527 2942 1582 occulto
2974 1528 3191 1590 cordis,
3227 1525 3326 1595 qui
3367 1535 3454 1578 est
3486 1526 3753 1580 secundum

2201 1621 2485 1691 imaginem
2519 1621 2636 1685 Dei,
2671 1618 3058 1674 commensalis
3095 1616 3422 1684 angelorum
3454 1616 3569 1679 ﬁat,
3592 1629 3754 1668 verum

2203 1726 2394 1766 manna
2423 1711 2710 1764 comedens
2737 1718 2789 1762 et
2820 1723 3009 1764 escam
3040 1708 3108 1761 de
3135 1709 3304 1770 caelo,
3352 1721 3461 1760 non
3505 1715 3676 1759 autem
3700 1705 3753 1760 de

2208 1812 2346 1856 terra
2373 1801 2679 1865 maledicta,
2713 1815 2870 1868 quam
2907 1801 3002 1870 qui
3035 1807 3257 1866 peccat,
3288 1799 3344 1851 in
3378 1796 3650 1851 doloribus
3677 1809 3756 1849 co-

2206 1891 2390 1945 medit.
2419 1890 2519 1954 Qui
2556 1890 2668 1944 haec
2701 1889 2939 1943 audiunt
2967 1897 3197 1942 sumant
3252 1886 3394 1952 alas,
3447 1885 3501 1938 in
3556 1884 3754 1938 sublime

2205 1981 2463 2046 ferantur,
2521 1997 2626 2034 non
2671 1979 2899 2047 amplius
2938 1979 3054 2032 sint
3099 1979 3156 2031 in
3195 1990 3413 2040 carne;
3461 1977 3572 2030 sint
3593 1975 3642 2028 in
3665 1973 3755 2041 spi-

2209 2071 2310 2123 ritu
2337 2087 2352 2124 :
2384 2067 2485 2133 Qui
2514 2068 2648 2120 enim
2678 2069 2729 2120 in
2757 2083 2910 2120 carne
2943 2077 3097 2128 sunt,
3129 2065 3242 2119 Deo
3275 2065 3489 2134 placere
3516 2079 3617 2116 non
3653 2076 3755 2130 pos-

2208 2170 2324 2213 sunt
2356 2161 2419 2211 ιθ.
2452 2159 2554 2212 Sed
2587 2158 2654 2210 ad
2688 2157 2972 2210 historiam
3006 2159 3426 2212 revertendum.

2207 2249 2269 2302 γ.
2306 2250 2394 2304 M.
2430 2247 2494 2301 Et
2521 2247 2768 2301 convertit
2797 2247 2851 2298 in
2885 2248 3207 2316 sanguinem
3235 2248 3463 2316 ﬂumina
3502 2262 3688 2312 eorum,
3711 2251 3754 2302 ιι

2247 2329 2249 2332 ‘
2411 2317 2659 2386 piuvialet
2692 2332 2864 2394 aquas.
2883 2315 3095 2380 eorum,
3125 2327 3184 2368 ut
3215 2332 3320 2368 non
3367 2315 3566 2368 bibant.

2278 2471 2408 2526 Novi
2435 2471 2726 2526 secundum
2762 2470 3030 2524 moralem
3084 2484 3311 2525 sensum
3348 2471 3516 2525 multa
3554 2469 3752 2524 (lumina

2209 2565 2426 2635 Egypti
2456 2563 2724 2618 contraria
2757 2563 2984 2617 Christo
3026 2578 3162 2619 vero
3189 2563 3426 2630 ﬂumini,
3477 2565 3626 2634 cujus
3669 2565 3754 2618 im-

2189 2663 2372 2721 petus
2419 2652 2714 2706 Ecclesiam
2763 2651 3065 2707 lactiﬁcant.
3121 2650 3195 2706 At
3257 2669 3595 2723 quacunque
3647 2662 3752 2708 sunt

2215 2743 2411 2797 ﬂuenta
2443 2741 2598 2798 saluti
2625 2723 2920 2809 cbntraria,
2949 2745 3178 2812 quando
3210 2748 3326 2800 vult
3347 2745 3490 2816 Deus
3518 2745 3751 2814 quosdam

2215 2843 2552 2897 convertere,
2577 2841 2635 2886 ut
2657 2841 2923 2888 exeuntes
2953 2835 3148 2889 bibant
3171 2837 3239 2890 de
3271 2846 3451 2906 petra,
3482 2851 3598 2906 quae
3621 2844 3750 2904 petra

2216 2921 2463 2977 Christus
2523 2930 2624 2987 est,
2692 2920 2823 2976 facit
2875 2930 2937 2977 ut
2986 2927 3042 2978 in
3093 2927 3423 2996 sanguinem
3475 2935 3749 2981 vertantur.

2216 3011 2440 3077 Quando
2470 3012 2612 3066 enim
2642 3025 2742 3080 ego
2771 3012 2975 3068 damno
3007 3015 3250 3070 alienam
3285 3033 3480 3088 aquam
3521 3018 3632 3072 sive
3671 3030 3750 3070 co-

2218 3105 2403 3171 gitata,
2453 3103 2559 3156 Deo
2599 3104 2726 3156 mihi
2766 3107 3114 3172 ostendente,
3166 3110 3298 3178 quia
3347 3110 3566 3179 sanguis
3609 3115 3751 3172 sunt;

2225 3207 2328 3245 non
2379 3192 2604 3260 amplius
2653 3192 2794 3256 bibo,
2853 3203 2912 3248 ut
2961 3212 3070 3251 non
3117 3202 3395 3269 particeps
3435 3199 3555 3254 tiam
3587 3197 3753 3268 pluvia:

2217 3279 2509 3348 sanguinis.
2555 3279 2610 3332 In
2666 3280 2767 3334 hoc
2814 3296 2986 3337 censu
3029 3286 3268 3342 habendi
3304 3290 3432 3353 sint,
3474 3289 3565 3357 qui
3605 3300 3753 3356 pauca

2217 3368 2431 3432 quidem
2488 3366 2800 3435 loquuntur,
2854 3373 2951 3424 sed
3023 3375 3382 3430 nihilominus
3447 3376 3746 3444 perniciosa.

2217 3455 2382 3507 Porro
2410 3455 2708 3508 secundum
2742 3455 3062 3521 historiam,
3080 3459 3327 3530 Egyptii
3345 3461 3559 3515 caelitus
3582 3467 3750 3527 aquam

2219 3557 2323 3596 non
2348 3542 2566 3606 habent,
2614 3557 2713 3598 nec
2760 3544 2820 3598 lit
2859 3547 3042 3615 pluvia
3097 3552 3153 3604 in
3199 3551 3458 3623 ngypto.
3507 3549 3749 3605 Historice

2221 3636 2399 3704 igitur,
2428 3637 2676 3692 universa
2739 3647 2874 3694 tunc
2929 3655 3193 3710 aquarum
3235 3655 3426 3697 natura
3476 3657 3569 3712 per
3609 3639 3750 3708 Egy-

2219 3741 2370 3794 ptum
2395 3729 2649 3782 mandato
2681 3727 2886 3798 Moysis
2934 3733 2990 3787 in
3043 3734 3364 3804 sanguinem
3405 3747 3579 3797 versa,
3605 3743 3748 3797 usque

2221 3820 2352 3870 adeo
2369 3827 2426 3870 ut
2449 3818 2606 3871 etiam
2635 3819 2829 3886 pisces,
2862 3823 2916 3876 in
2947 3839 3208 3879 carneam
3237 3827 3542 3882 crassitiem
3571 3831 3748 3878 mutala

2221 3922 2382 3973 aqua,
2413 3906 2727 3974 interirent;
2755 3909 2999 3968 Hebraeis
3024 3915 3404 3971 baurientibus
3431 3915 3636 3985 sanguis
3657 3925 3746 3964 non

2221 4005 2357 4050 erat.
2381 3997 2554 4062 Quare
2593 3999 2756 4052 etiam
2803 4000 2983 4055 locum
3035 4004 3347 4058 habuerunt
3397 4000 3669 4074 praestigiae
3703 3998 3748 4050 in

2231 4102 2367 4154 aqua
2415 4105 2580 4158 penes
2629 4089 2884 4148 Hebraeos
2911 4095 3150 4161 inventa,
3183 4097 3530 4164 sanguineam
3577 4102 3747 4159 aquam

2231 4179 2540 4234 exhibendi.
2571 4179 2846 4250 Spiriluali
2885 4200 3070 4254 sensu,
3115 4201 3256 4240 nunc
3306 4199 3514 4255 quoque
3536 4184 3651 4237 licet
3683 4176 3748 4230 vi»

2227 4267 2351 4319 dere
2380 4267 2606 4334 idipsum
2635 4267 2971 4336 contingere.
2996 4273 3073 4327 Ex
3104 4276 3170 4333 iis
3199 4276 3341 4331 enim
3370 4274 3458 4343 qui
3489 4265 3748 4326 contrariis

1318 4347 1472 4412 δόξας
1506 4313 1863 4431 διεστηκότων.
1886 4339 1997 4399 τοῖς
2032 4337 2126 4431 μὲν

2233 4313 2349 4319 η--
2380 4313 2606 4334 --.,-_-_
2640 4313 2971 4336 --.η-..οων
2996 4313 3073 4327 η..
3104 4313 3170 4333 ..ο
3410 4313 3458 4326 ι..

2228 4358 2566 4425 opinionibus
2585 4357 2914 4425 dividuntur,
2952 4362 3041 4416 alii
3074 4364 3274 4418 habent
3307 4313 3535 4431 po‘t‘abile
3563 4375 3621 4414 ac
3650 4351 3748 4425 pel-

587 4421 810 4515 πότιμόν
839 4446 953 4496 ἐστι
980 4442 1073 4494 καὶ
1099 4439 1348 4509 διαφανὲς
1375 4435 1434 4486 τὸ
1480 4433 1624 4499 νᾶμα
1665 4427 1763 4496 τῆς
1803 4426 2034 4485 πίστεως
2055 4460 2069 4487 ,
2098 4421 2126 4474 ὃ

586 4557 673 4611 διὰ
697 4556 793 4626 τῆς
823 4555 965 4616 θείας
994 4551 1334 4611 διδασκαλίας
1363 4544 1615 4616 ἀρύονται
1633 4555 1648 4571 ο
1689 4540 1800 4601 τοῖς
1825 4537 1882 4589 δὲ
1911 4535 2010 4626 τῇς
2035 4551 2130 4586 πο-

582 4623 759 4718 νηρᾶς
790 4643 1102 4714 ὑπολήψεως
1140 4637 1542 4708 αίγυπτιάζουσι
1585 4629 1862 4700 διεφθορὸς
1899 4623 2033 4698 αἷμα
2067 4627 2129 4680 τὸ

589 4738 732 4809 ὕδωρ
745 4736 968 4805 γίνεται.
992 4734 1098 4786 Καὶ
1118 4731 1372 4791 πολλάκις
1392 4727 1655 4796 ἐπιχειρεῖ
1672 4727 1700 4776 ὁ
1723 4719 2128 4794 παρασοφισμὸς

587 4828 686 4896 τῆς
718 4825 929 4894 ἀπάτης
965 4823 1060 4875 καὶ
1093 4822 1155 4874 τὸ
1191 4820 1301 4873 τῶν
1346 4816 1686 4889 Ἰσραηλιτῶν
1725 4813 1885 4867 ποτὸν
1927 4809 2004 4880 τῷ
2037 4827 2130 4880 μο-

589 4915 776 4985 λυσμῷ
800 4915 894 4966 τοῦ
921 4913 1146 4981 ψεύδους
1170 4906 1306 4981 αἷμα
1333 4910 1568 4980 ποιῆσαι,
1591 4905 1831 4959 τουτέστι
1873 4902 1960 4954 τὸν
2006 4900 2131 4970 ἠμέ-

585 5022 742 5076 τερον
769 5005 924 5070 λόγον
943 5041 957 5064 ,
989 5003 1082 5055 καὶ
1109 5004 1240 5070 ἡμῖν
1261 4999 1426 5064 δεῖξαι
1450 5039 1464 5064 ,
1496 4999 1568 5068 μὴ
1604 4995 1838 5049 τοιοῦτον
1872 4992 1995 5045 ὄντα
2021 4986 2129 5042 οἷόν

591 5101 754 5150 ἐστιν.
806 5094 942 5146 Ἀλλ’
971 5093 1070 5145 οὑκ
1097 5091 1408 5161 ἀχρειώσειε
1453 5089 1677 5144 καθόλου
1706 5086 1768 5138 τὸ
1806 5083 1964 5136 ποτὸν
1987 5120 2001 5144 ,
2030 5079 2129 5133 κᾶν

590 5187 657 5240 ἑκ
695 5183 786 5238 τοῦ
833 5182 1117 5255 προχείρου
1163 5180 1228 5232 δι’
1257 5182 1467 5250 ἀπάτην
1506 5174 1840 5250 περιφοινίξῃ
1879 5173 1938 5225 τὸ
1973 5168 2128 5232 εἶδος.

515 5289 534 5333 .'
596 5276 748 5330 Πίνει
771 5273 876 5342 γὰρ
898 5275 927 5326 ὁ
976 5270 1302 5342 Ἰσραηλίτης
1319 5271 1380 5325 τὸ
1403 5269 1650 5343 ἀληθινὸν
1672 5266 1834 5335 ὕδωρ,
1859 5262 1976 5316 οὑδὲ
1998 5259 2132 5331 πρὸς

591 5367 652 5420 τὸ
674 5363 811 5426 εἶδος
830 5363 928 5432 τῆς
948 5363 1164 5431 ἀπάτης
1189 5362 1659 5434 ἐπιστρεφόμενος.

661 5481 704 5514 ¹⁸
729 5477 1038 5544 Prov.|x,2.
1121 5477 1163 5508 “
1195 5478 1345 5536 Rom.
1384 5497 1495 5546 vtn,
1521 5479 1574 5535 8.

665 5596 786 5666 (9037
819 5594 976 5649 Forte
1001 5595 1371 5666 ἐξαπλωθεῖεν.

667 5665 798 5747 (90⁸)
846 5667 901 5717 ’Λ
940 5667 970 5717 ό
996 5668 1154 5731 Θεός.
1186 5665 1342 5724 Forte
1367 5669 1469 5726 del.
1503 5670 1554 5723 ἀ.

2226 4446 2460 4500 lucidum
2494 4446 2618 4502 ﬁdei
2660 4444 2942 4516 ﬂuentum,
2991 4449 3134 4518 quod
3179 4465 3243 4504 ex
3281 4450 3475 4505 divinis
3521 4444 3749 4501 hauriunt

2228 4535 2574 4591 documentis.
2617 4536 2686 4590 At
2725 4538 2792 4592 iis
2823 4540 2916 4608 qui
2953 4541 3198 4609 reprobat
3233 4537 3511 4593 sententiae
3560 4532 3746 4588 ratione

2226 4624 2516 4695 Egyptum
2542 4641 2650 4694 pra:
2690 4642 2750 4682 se
2787 4629 2991 4698 ferunt,
3021 4632 3072 4684 in
3100 4641 3415 4695 corruptum
3457 4625 3745 4694 sanguinem

2226 4717 2405 4771 evadit
2438 4732 2576 4785 aqua
2603 4736 2618 4772 :
2642 4734 2703 4772 ac
2731 4734 2871 4789 stepe
2905 4721 3187 4774 enituntur
3218 4718 3502 4790 praestigiae
3545 4709 3744 4770 erroris,

2228 4807 2578 4861 lsraeliticum
2611 4824 2822 4877 quoque
2861 4820 3046 4878 potum
3101 4812 3509 4879 inquinamento
3548 4800 3746 4856 menda-

2228 4897 2293 4950 cii
2333 4899 2646 4968 sanguiuem
2679 4900 2889 4957 ctIicere
2918 4919 2934 4967 ;
2972 4903 3026 4957 id
3053 4914 3138 4958 est
3167 4915 3472 4958 sermonem
3505 4903 3742 4951 nostrum,

2229 4989 2489 5057 nobisque
2519 4990 2806 5045 ostendere
2837 4991 2997 5046 talem
3033 5008 3142 5046 non
3174 5005 3291 5047 csse
3333 4989 3506 5057 qualis
3535 4992 3630 5039 est.
3655 4975 3744 5033 Sed

2232 5077 2436 5131 inutilis
2477 5093 2699 5146 prorsus
2753 5088 2910 5146 potus
2955 5095 3060 5134 non
3121 5081 3234 5144 ﬁet,
3288 5077 3497 5134 tametsi
3553 5075 3744 5137 aspecw

2229 5168 2400 5236 primo
2447 5185 2549 5239 per
2597 5185 2834 5224 errorem
2889 5173 3101 5241 species
3155 5173 3273 5241 ejus
3319 5169 3583 5232 rubescat.
3622 5154 3746 5212 Bibit

2231 5259 2372 5312 enim
2404 5259 2642 5314 Israelita
2678 5275 2928 5315 veracem
2956 5277 3170 5331 aquam,
3218 5260 3436 5315 minimc
3475 5247 3746 5321 respicietll

2231 5351 2462 5418 speciem
2497 5352 2716 5406 erroris.

2308 5585 2418 5656 (91)
2450 5585 2604 5656 [forte
2629 5583 2946 5651 καταγνούς.

2300 5654 2433 5728 (91⁸)
2460 5654 2617 5714 Forte
2645 5670 2753 5730 μοι.
