3922 6386
117 393 261 492 ,ιιθ

912 518 1095 576 ΨΑΔ.
1122 525 1200 577 H'.

358 579 653 678 2141's“
711 595 1126 672 Ἀλαλάξειτε
1151 609 1228 676 τῷ
1261 611 1378 678 Θεῷ
1415 614 1619 667 Ἰακώϐ.

224 665 369 774 ξεδν
397 673 630 774 “ﬁlictia—6
668 687 783 742 τὸν
824 665 1082 769 Σωτῆρα
1114 665 1328 754 καλοῦσι
1347 665 1441 755 ⁸τὸν
1465 665 1520 755 ἐν
1551 665 1826 774 ανθρώπου
1930 685 1932 690 ’

161 767 424 866 ῥῆματί·
453 766 735 866 ὀφθέντα
788 785 889 854 τῷ
936 766 1134 841 Ἰακὼό
1179 793 1256 854 είς
1283 792 1505 864 δήλωσιν
1546 766 1665 864 τῆς.
1697 795 1830 865 μετὰ

158 861 384 956 inﬂata.-
403 861 968 956 ὲνανθρωπήσεως.
1027 861 1341 946 Ἀλαλὰζειν
1360 883 1415 935 δὲ
1447 861 1828 956 προστάττουσι

162 953 524 1031 νικητήριον
567 955 761 1030 ὕμνον
816 966 1247 1040 ἀναπέμποντες
1291 972 1454 1042 αὐτῷ,
1493 953 1570 1037 ως
1602 953 1830 1027 καταλύ-

206 1057 373 1110 σαντι
400 1045 496 1099 τὸν
521 1047 589 1101 τὸ
636 1054 868 1123 κράτος
909 1057 1104 1130 ἔχοντα
1134 1062 1224 1114 τοῦ
1255 1062 1500 1127 θανάτου,
1527 1065 1600 1126 ὡς
1629 1066 1690 1115 ὲκ
1733 1063 1830 1132 τῆς

235 1133 338 1192 τῶν
388 1135 669 1208 δαιμόνων
732 1147 1212 1212 καταδυναστείας
1257 1151 1558 1221 ῥυσαμένῳ.
1605 1153 1831 1205 Ἁλαλα-

243 1224 392 1298 τμὸς
415 1226 526 1298 γάρ
557 1229 712 1282 ἔστιν
753 1231 939 1303 ὕμνος
974 1236 1251 1300 ὲπινίκιος,
1287 1237 1344 1291 ὃν
1371 1238 1462 1290 καὶ
1489 1241 1534 1290 oi
1569 1240 1632 1291 ὲκ
1659 1237 1830 1290 Βαϐυ-

237 1317 423 1382 ’λῖυνος
457 1320 837 1386 ἀνασωθέντες
867 1325 952 1395 τῷ
996 1327 1098 1395 τὴν
1139 1328 1291 1398 νίκην
1328 1328 1688 1400 δωρησαμένῳ
1717 1329 1832 1399 Θεῷ

252 1405 510 1476 ἀλλήλοις
554 1407 762 1477 ὑφῆναι
808 1411 1293 1481 παρακελεύονται.
1345 1413 1694 1487 Ἠθικὼτερον
1741 1418 1830 1474 δέ·

253 1491 335 1552 ὧν
399 1500 500 1569 μὲν
551 1500 968 1572 κατορθούντων
1011 1503 1061 1554 οἱ
1109 1504 1306 1574 καρποὶ
1351 1505 1444 1558 ἐπὶ
1501 1507 1596 1568 τὰς
1646 1507 1834 1574 ληνοὺς

251 1588 551 1659 ἔρχονται,
594 1591 950 1648 ἀκουέτωσαν
989 1593 1111 1646 τοῦ·
1159 1592 1534 1661 Ἀγαλλιᾶσθε
1566 1595 1644 1659 τῷ
1681 1595 1829 1660 Θεῷ·

251 1679 285 1732 ὁ
317 1679 386 1732 δὲ
427 1680 676 1752 ἁμαρτὼν
707 1684 806 1735 καὶ
854 1683 1103 1751 δεόμενος
1149 1686 1425 1754 μετανοίας
1458 1686 1550 1738 καὶ
1592 1687 1834 1756 ἐπιστρο-

253 1769 383 1840 φῆς
419 1772 497 1841 μὴ
537 1770 899 1838 ἀγαλλιάσθω,
923 1772 1057 1825 ἀλλὰ
1083 1771 1368 1843 λυπηθήτω
1397 1773 1535 1826 κατὰ
1574 1774 1720 1826 Θεόν.
1771 1775 1833 1826 Ἡ

252 1859 378 1931 γὰρ
410 1861 554 1913 κατὰ
584 1861 710 1914 Θεὸν
754 1861 905 1931 λύπη
956 1862 1238 1931 μετάνοιαν
1274 1865 1352 1924 είς
1398 1863 1661 1934 σωτηρίαν
1698 1865 1832 1930 ἀμε-

252 1951 572 2020 ταμέλητον
601 1953 1019 2020 κατεργάζεται.
1053 1953 1161 2005 Καὶ
1187 1952 1272 2016 σὺ,
1295 1953 1386 2006 ἐὰν
1426 1953 1700 2023 βοηθηθεὶς
1731 1952 1836 2005 ὑπὸ

252 2038 404 2091 Θεοῦ
447 2040 545 2109 τὴν
580 2042 916 2112 συγκομιδὴν
943 2043 1178 2110 ἐποιήσω
1215 2041 1320 2094 τῶν
1353 2043 1573 2112 καρπῶν
1600 2041 1691 2095 ἐπὶ
1735 2043 1834 2104 τὰς

1385 459 1388 464 ·
1424 435 1675 492 ΕΚΜὶΜε
1715 432 2282 492 ΜηΜηδικθμ
2333 461 2336 472 -
2373 449 2383 482 ;⁴
2418 445 2424 468 '-
2537 440 2540 442 '

1851 536 1898 590 Α

2379 571 2382 574 .
2467 503 2906 582 Ρελιῗιᾷχῡῐῒ
3135 559 3144 578 ..
3287 572 3290 575 ,

2303 612 2362 666 ν.
2400 612 2456 668 2.
2492 613 2721 668 Jubt‘late
2749 614 2856 688 Deo
2879 613 3099 668 Jacob.‘
3399 663 3404 666 .

1992 703 2156 756 Deum
2186 699 2349 757 Jacob
2389 700 3012 771 appellantSalvatorem
3037 739 3056 764 ,
3082 698 3171 769 qui
3197 700 3249 752 in
3278 703 3441 769 ﬁgura

1926 792 2155 848 hominis
2199 789 2398 844 Jacobo
2429 791 2674 858 apparuit
2717 791 2782 844 ad
2825 790 3161 846 iudicandam
3210 789 3439 868 futuram

1926 882 2364 937 incarnationem.
2392 879 2626 934 Jubilare
2657 891 2832 934 autem
2858 883 3060 948 iubent.
3092 882 3328 938 victoria
3351 883 3444 950 hy-

1927 985 2050 1025 mno
2075 971 2402 1026 celebrantes
2426 984 2566 1033 eum,
2598 978 2776 1037 utpote
2804 971 2894 1038 qui
2917 970 3274 1038 proﬂigaverit
3297 970 3443 1026 illum

1929 1058 2451 1127 quihabebatmortis
2479 1061 2780 1128 imperium,
2811 1067 2864 1112 et
2885 1073 2916 1111 a
2943 1061 3237 1112 dannonum
3269 1068 3447 1128 tyran-

1926 1150 2048 1202 nide
2094 1149 2144 1202 in
2206 1149 2502 1202 libertatem
2555 1149 2869 1204 asseruerit.
2918 1147 3168 1202 Jubilatio
3217 1161 3448 1215 namque

1930 1237 2155 1306 hymnus
2170 1248 2251 1293 est
2275 1238 2588 1302 victorialis,
2604 1254 2760 1306 quem
2785 1239 2946 1292 etiam
2973 1239 3060 1306 qui
3087 1239 3152 1291 de
3182 1239 3448 1306 Babylone

1929 1324 2123 1375 servati
2152 1333 2293 1387 sunt,
2319 1324 2554 1378 victoria:
2584 1325 2821 1393 largitori
2856 1327 2964 1380 Deo
2999 1339 3196 1378 canere
3222 1340 3342 1380 sese
3361 1325 3446 1380 in-

1927 1413 2100 1467 vicem
2147 1413 2515 1468 adhortantur.
2557 1415 2622 1468 Et
2671 1418 2839 1485 magis
2878 1417 3152 1470 moraliter
3177 1434 3192 1470 :
3221 1431 3448 1484 quorum

1930 1503 2151 1556 virtuosi
2189 1502 2391 1557 fructus
2441 1505 2492 1556 in
2531 1504 2817 1557 toreularia
2854 1505 3109 1568 veniunt,
3153 1505 3448 1558 audiunto:

1928 1589 2158 1644 Jubilate
2196 1591 2300 1644 Deo
2335 1607 2354 1645 :
2384 1603 2438 1644 at
2468 1593 2556 1660 qui
2592 1594 2828 1660 peccavit
2863 1602 2917 1647 et
2957 1593 3157 1661 indiget
3188 1593 3453 1662 paeniten-

1935 1679 2005 1731 tia
2035 1687 2193 1747 atque
2218 1680 2582 1744 conversione,
2623 1696 2726 1735 non
2764 1683 3014 1746 exsultet,
3037 1683 3132 1736 sed
3160 1683 3340 1737 doleat
3371 1695 3454 1736 se-

1933 1769 2159 1822 cundum
2191 1769 2375 1824 Deum.
2403 1771 2561 1825 Dolor
2591 1773 2728 1826 enim
2753 1772 3036 1826 secundum
3072 1773 3252 1835 Deum,
3287 1773 3452 1840 paeni-

1933 1856 2150 1910 tentiam
2192 1857 2242 1909 in
2283 1858 2508 1913 salutem
2536 1874 2640 1913 non
2684 1861 3041 1928 ptenitendam
3068 1871 3340 1928 operatur.
3373 1860 3453 1914 Tu

1931 1961 2141 2017 quoque
2196 1949 2239 2002 si
2297 1950 2546 2002 divinitus
2604 1950 2814 2018 adjutus
2855 1950 3059 2005 fructus
3105 1951 3352 2004 invexisti
3397 1953 3452 2004 in

1934 2047 2117 2092 sancta
2149 2039 2459 2102 torcularia,
2486 2053 2553 2092 ne
2580 2039 2907 2094 obliviscaris
2935 2039 3048 2104 Dei,
3081 2049 3340 2108 quatenus
3365 2055 3455 2094 au-

249 2130 429 2198 ἁγίας
457 2131 677 2199 ληνοὺς,
720 2132 795 2202 μὴ
829 2131 1180 2184 ὲπιλανθάνου
1225 2132 1318 2184 τοῦ
1362 2132 1513 2196 Θεοῦ,
1547 2131 1677 2186 καθὸ
1710 2131 1834 2202 βοη-

1936 2129 2143 2182 xiliator
2189 2137 2308 2182 tuus
2363 2127 2484 2184 fuit.
2514 2129 2772 2183 Tametsi
2824 2131 2964 2184 haud
3024 2139 3306 2198 suppetant
3357 2130 3455 2185 tibi

246 2219 340 2282 θός
384 2237 490 2272 σου
525 2222 756 2288 γίνεται.
800 2221 921 2274 Κᾶν
954 2222 1161 2290 ἀπορῇς
1189 2221 1358 2289 λόγων
1403 2221 1510 2274 τῶν
1537 2222 1652 2274 κατ’
1685 2221 1838 2286 ἀξίαν

238 2311 759 2383 ἁποδοθησομένων
809 2311 888 2382 τῷ
943 2313 1058 2384 Θεῷ
1107 2315 1164 2367 ὲν
1221 2313 1570 2385 εὐχαριστίᾳ,
1611 2312 1836 2376 ἀλάλαζε

238 2399 496 2470 εὐσήμῳ
532 2403 722 2470 φωνῇ,
776 2400 1004 2471 καρδίας
1044 2401 1372 2472 κεκραγυίας
1418 2400 1837 2469 ὑπερϐαινούσης

235 2488 308 2540 τὰ
372 2490 779 2558 σημαινόμενα
835 2488 1145 2557 ἀπορούσης
1185 2489 1412 2553 λέξεως,
1459 2489 1572 2542 καὶ»
1601 2488 1686 2541 διὰ
1741 2488 1839 2557 τὴν

231 2577 506 2648 ἀπορίαν
539 2577 655 2631 τῶν
704 2577 904 2642 λέξεων
951 2579 1232 2647 ἀπόρρητα
1277 2577 1370 2632 καὶ
1399 2578 1607 2648 ἄρρητα
1655 2575 1840 2629 λαλού-

233 2684 372 2738 σης.
444 2668 574 2722 Ἐὰν
618 2668 732 2738 γὰρ
759 2669 966 2738 ἀναϐῇς
1016 2669 1085 2720 τὰ
1123 2667 1314 2731 λεκτὰ,
1353 2667 1448 2721 ἐὰν
1485 2665 1724 2737 »ὅπερὸᾗς
1773 2664 1840 2719 τὰ

215 2756 770 2828 ἀπαγγελλόμενα,
807 2758 874 2812 τὰ
917 2756 1005 2810 διὰ
1049 2757 1308 2826 στόματος
1364 2755 1706 2824 φωνούμενα,
1747 2755 1840 2808 καὶ

222 2848 417 2917 μόνῳ
467 2847 548 2917 νῷ
588 2847 829 2917 δυνηθῇς
873 2847 1057 2916 ὑμνεῖν
1095 2845 1185 2898 τὸν
1231 2844 1380 2906 Θεὸν,
1421 2842 1500 2912 τῷ
1555 2841 1840 2912 ἀποροῦντι

207 2936 546 2990 ἐπιθεῖναι
571 2936 646 2989 τὰ
673 2937 867 2994 ἑαυτοῦ
891 2936 1164 3005 κινήματα
1197 2933 1274 3002 τῷ
1305 2932 1465 3001 λόγῳ,
1497 2930 1643 3002 παρὰ
1667 2931 1728 2984 τὸ
1752 2931 1841 2985 τὸν

202 3023 418 3094 λόγον
469 3026 568 3078 τὸν
604 3027 668 3079 ὲν
700 3027 785 3078 σοὶ
819 3026 898 3096 μὴ
927 3024 1179 3078 δύνασθαι
1208 3023 1490 3093 βαστάζειν
1514 3021 1608 3075 τοῦ
1651 3023 1741 3076 νοῦ
1773 3024 1842 3078 τὰ

195 3113 563 3186 ἁπόῤῥητα
596 3116 696 3168 καὶ
721 3114 788 3167 τὰ
818 3114 956 3180 θεῖα,
987 3112 1265 3178 ἀλαλάξεις
1287 3112 1364 3182 τῷ
1393 3112 1510 3182 Θεῷ
1539 3111 1750 3177 Ἰακὼϐ,
1769 3113 1842 3176 ὡς

195 3205 517 3277 μιμητὴς
545 3204 650 3260 τοῦ
683 3203 1003 3276 πτερνιστοῦ
1040 3202 1248 3258 Ἰακώσ.

327 3319 348 3366 ς
891 3294 1058 3349 ma.
1097 3293 1224 3346 PN'.

353 3384 528 3455 Στίχ.
567 3389 643 3454 γ’.
680 3383 907 3438 Αἰνεῖτε
933 3382 1118 3437 αὐτὸν
1142 3382 1212 3435 ἐν
1237 3382 1364 3450 ἤχῳ
1395 3381 1738 3452 σάλπιγγος.

1933 2219 2090 2272 verba
2121 2233 2236 2286 qua:
2276 2219 2431 2288 digne
2463 2219 2608 2274 reddi
2638 2220 2842 2288 possint
2879 2221 2986 2276 Deo
3028 2235 3125 2288 pro
3151 2221 3444 2288 gratiarum

1931 2310 2166 2372 actione;
2196 2308 2363 2376 iubila
2386 2309 2733 2364 nihilominus
2765 2311 2956 2379 insigni
2979 2323 3130 2376 voce,
3161 2315 3322 2365 corde
3340 2311 3454 2366 cla-

1933 2409 2109 2453 mante
2144 2401 2282 2468 quod
2319 2400 2719 2470 supergreditur
2743 2400 3042 2470 signiﬁcata
3074 2403 3333 2456 sermonis
3359 2403 3454 2455 de-

1935 2489 2162 2544 ﬁcientis
2187 2530 2202 2552 ,
2235 2502 2393 2559 atque
2435 2505 2528 2559 per
2572 2491 2920 2546 deﬁcientium
2968 2494 3135 2560 ipsam
3165 2494 3451 2546 vocabulo-

1935 2593 2069 2641 rum,
2099 2588 2301 2633 secreta
2343 2589 2397 2633 et
2433 2579 2714 2634 ineffabilia
2749 2580 3005 2649 loquitur.
3036 2581 3090 2634 Si
3133 2583 3274 2635 enim
3303 2590 3457 2634 trane-

1935 2665 2158 2720 scendas
2199 2681 2316 2735 qua:
2368 2668 2547 2721 verbis
2596 2667 2872 2732 dicuntur,
2928 2682 2990 2722 ac
3033 2667 3458 2737 supergrediaris

1935 2768 2052 2823 quae
2108 2767 2201 2807 ore
2248 2753 2550 2820 proferente
2599 2757 2973 2819 enuntiantur,
3021 2755 3237 2821 soloque
3278 2753 3461 2806 animo

1935 2843 2108 2913 possis
2150 2842 2402 2912 hymnum
2446 2842 2624 2896 dicere
2673 2843 2818 2905 Deo,
2865 2843 2986 2895 dum
3047 2843 3234 2909 nequis
3285 2850 3459 2894 motus

1937 2939 2057 2986 tuos
2084 2932 2264 2986 verbis
2289 2944 2604 2998 componere
2629 2970 2644 2994 ,
2677 2931 2800 2998 quia
2831 2945 3006 2984 sermo
3033 2942 3152 2984 tuus
3183 2944 3286 2983 non
3319 2929 3459 2982 valet

1936 3022 2232 3090 exprimere
2275 3033 2361 3074 res
2390 3019 2629 3073 occultas
2655 3019 2845 3072 mentis
2873 3027 2928 3073 et
2957 3019 3162 3072 divinas
3177 3035 3199 3081 ;‘
3221 3027 3456 3072 attamen

1931 3110 2130 3180 jubilas
2179 3111 2284 3164 Deo
2325 3109 2509 3172 Jacob,
2540 3115 2720 3176 utpote
2765 3108 3006 3161 imitator
3043 3106 3458 3176 supplantatoris

1943 3199 2147 3253 Jacobi.

2539 3284 2727 3341 PSAL.
2755 3285 2859 3340 CL.

2217 3375 2277 3428 V.
2306 3374 2360 3429 3.
2387 3373 2619 3426 Luudate
2649 3389 2767 3426 eum
2795 3374 2848 3425 in
2876 3387 3000 3427 sono
3029 3372 3185 3428 tubw.

313 3474 538 3536 ’Δλλος
585 3474 746 3543 φησὶ,
792 3471 890 3525 διὰ
921 3472 1073 3540 ἤχου
1103 3472 1430 3538 κερατίνης.
1470 3471 1752 3544 Ἱερατικδν
1784 3470 1837 3522 δὲ

2007 3465 2154 3520 Atius
2183 3465 2333 3527 dicit,
2358 3481 2447 3531 per
2489 3479 2672 3517 sonum
2697 3479 2894 3516 cornere
2921 3465 2984 3519 ‘7.
3007 3464 3131 3518 Erat
3157 3465 3259 3517 hoc
3287 3463 3464 3518 sacer-

207 3562 423 3618 τοῦτο
455 3563 520 3616 τὸ
546 3563 807 3634 ὄργανον.
835 3562 897 3613 Oi
934 3562 1096 3631 ἱερεῖς
1126 3560 1234 3630 γὰρ
1279 3561 1508 3630 ἐχρῶντο
1545 3563 1663 3622 ταῖς
1713 3559 1839 3612 σάλ-

219 3653 417 3722 πιγξι
438 3691 456 3714 ,
513 3651 631 3706 τῶν
677 3652 738 3704 ὲν
785 3651 914 3704 Σινᾶ
957 3649 1257 3718 γενομένων
1306 3649 1610 3717 σαλπίγγων
1649 3650 1841 3717 ἀναμι-

238 3745 640 3814 μνήσκοντες.
685 3739 844 3792 Κατά
884 3739 1014 3806 γοῦν
1045 3738 1134 3790 τὸν
1168 3739 1522 3806 πνευματικὸν
1560 3738 1685 3806 περὶ
1721 3737 1844 3790 σαλ-

246 3831 484 3900 πίγγων
555 3830 915 3900 κατασκευῆς
978 3829 1153 3896 λόγον,
1202 3827 1658 3882 κατασκευαστέον
1715 3825 1843 3880 σάλ-

256 3905 462 3988 πιγγα,
490 3921 581 3971 ἵνα
609 3922 672 3971 ἐν
703 3919 822 3988 ἤχῳ
855 3918 1026 3986 αὐτῆς
1051 3917 1343 3985 αἰνέσωμεν
1369 3915 1458 3968 τὸν
1481 3915 1627 3968 Θεόν.
1657 3913 1847 3968 Τοιαῦ-

261 4023 361 4059 ται
391 4009 459 4070 δ’,
490 4004 677 4076 οἶμαι,
713 4005 1020 4073 σάλπιγγες
1050 4004 1328 4076 δηλοῦνται
1361 4004 1452 4057 καὶ
1482 4005 1539 4056 ἐν
1569 4003 1675 4073 ui)-
1701 4006 1850 4056 Σαλ-

271 4097 456 4161 πισει,
495 4097 596 4168 καὶ
626 4098 684 4148 οἱ
716 4096 926 4163 νεκροὶ
953 4094 1390 4162 ἐγερθήσονται.
1431 4093 1582 4145 Ἔστι
1610 4091 1666 4145 δὲ
1691 4090 1848 4161 ἑορτὴ

275 4183 557 4254 Νουμηνία
592 4184 829 4252 ἑϐδόμου
886 4182 1055 4252 μηνὸς
1069 4221 1085 4246 ,
1140 4182 1472 4253 μνημόσυνον
1517 4180 1841 4248 σαλπίγγων,

436 4273 687 4342 λέγεται·
734 4275 836 4326 Ἐν
863 4273 1172 4340 νεομηνία,
1203 4271 1503 4340 σάλπιγγι.

1946 3553 2118 3607 dotale
2146 3553 2574 3607 instrumentum.
2621 3550 2938 3605 Sacerdotes
2983 3566 3211 3619 namque
3237 3551 3463 3605 uteban-

1948 3653 2036 3700 tur
2063 3645 2226 3710 tubis,
2253 3644 2306 3698 in
2335 3644 2641 3698 memoriam
2667 3643 2911 3697 tubarum
2941 3656 3054 3710 quae
3076 3643 3126 3694 in
3164 3641 3290 3695 Sina
3315 3639 3463 3696 clan-

1943 3742 2155 3790 xerunt.
2203 3733 2358 3788 Juxta
2407 3733 2569 3800 igitur
2613 3732 2938 3800 spiritualem
2990 3731 3462 3786 construendarum

1946 3822 2186 3876 tubarum
2217 3823 2496 3884 rationem,
2513 3822 2863 3874 construenda
2891 3828 2971 3874 est
3003 3821 3145 3883 tuba,
3175 3828 3232 3873 ut
3260 3819 3314 3872 in
3335 3833 3464 3872 sono

1942 3911 2084 3964 illius
2114 3911 2390 3965 laudemus
2435 3909 2623 3966 Deum.
2664 3907 3004 3977 Huiusmodi,
3036 3917 3094 3962 ut
3129 3917 3276 3976 puto,
3325 3907 3470 3962 tubae

1941 4000 2279 4055 declarantur
2317 4011 2372 4054 et
2407 4000 2460 4053 in
2488 3999 2578 4053 illo
2606 3999 2761 4054 loco:
2797 3998 3034 4065 Ctanget,
3071 4006 3115 4049 et
3151 3996 3339 4048 mortui
3380 4010 3462 4047 re-

1941 4097 2151 4157 surgent
2198 4089 2261 4141 ³⁸.
2315 4088 2629 4141 Estautem
2697 4087 2888 4141 festum
2931 4084 3214 4139 Neomenia
3255 4082 3468 4149 septimi

1948 4180 2166 4241 mensis,
2195 4177 2504 4232 memoriale
2530 4177 2796 4241 tubarum,
2824 4178 2964 4230 sicut
2990 4174 3184 4243 legitur
3210 4191 3224 4226 :
3257 4171 3320 4224 In
3346 4187 3487 4224 neo-

1947 4268 2139 4330 mania,
2169 4267 2289 4319 tuba
2321 4267 2384 4322 ”.

303 4362 3468 4400 MM

1045 4447 1952 4613 ΩΡΙΓΕΝΟΥΣ
2023 4440 2752 4592 Ε’ΚΛΟΓΑΙ

1373 4648 1539 4732 ΕΙΣ
1574 4645 1772 4729 ΤΑΣ
1809 4643 2420 4728 ΠΑΡΟΙΜΙΑΣ.

607 4799 1286 4920 70111613le
1358 4768 2066 4912 FRAGMEN—TA
2139 4820 2259 4905 IN
2343 4807 3048 4904 PROVERBIA.

1335 4966 1655 5028 (Bibliotheca
1678 4967 2004 5024 Gallandiana,
2028 4981 2090 5016 ex
2111 4965 2248 5015 codd.
2277 4962 2471 5021 Venet.)

864 5093 990 5163 (92)
1015 5093 1168 5145 uno.
1199 5094 1276 5146 A’.

320 5202 464 5271 Σκίχ.
495 5207 570 5255 α’.
621 5192 797 5249 Ἐπεὶ
831 5189 902 5248 δὲ
935 5185 1138 5252 ἀρετὴν
1167 5180 1302 5238 εῖναι
1322 5186 1418 5252 τὴν
1449 5183 1703 5252 φρόνησιν
1730 5180 1854 5271 Ἕλ-

193 5265 684 5359 “migrant”,
711 5282 826 5336 καὶ
838 5275 1130 5346 ὁρίζονται
1147 5274 1325 5344 αὐτήνο
1356 5271 1711 5336 Ἑπιστήμην
1725 5270 1855 5336 ἀγα.

201 5369 362 5437 θιῖη·
391 5383 492 5436 καὶ
512 5374 741 5432 κακῶν
771 5366 887 5421 και
924 5360 1264 5427 coemptor
1293 5363 1326 5432 ἢ
1347 5360 1678 5427 ἐπιστήμην
1701 5371 1854 5422 ποιη-

2599 5083 2746 5138 CAP.
2771 5083 2810 5136 Ι.

2009 5177 2139 5232 v.1.
2156 5177 2286 5244 Quia
2301 5185 2476 5232 autem
2486 5173 2704 5247 gentiles
2721 5174 2972 5227 virtutem
2995 5189 3118 5228 esse
3143 5169 3469 5240 prudentiam

1953 5267 2156 5328 dicunt,
2183 5273 2237 5318 et
2257 5262 2511 5319 deﬁniunt
2530 5277 2646 5315 eam
2677 5281 2694 5317 :
2717 5261 2996 5315 Sciendum
3016 5262 3258 5314 bonorum
3287 5264 3336 5306 et
3353 5265 3467 5304 ma-

1953 5355 2122 5407 lorum
2159 5362 2204 5404 et
2251 5361 2544 5404 neutrorum
2569 5367 2588 5414 ;
2638 5350 2719 5404 vel
2767 5349 3047 5405 Scientium
3091 5347 3468 5416 agendorum“

653 5452 992 5522 ποιητέων
1015 5448 1113 5500 καὶ
1132 5425 1463 5518 οὐθετέρων,
1485 5425 1837 5514 παρέχουσαι

1956 5461 2055 5498 non
2072 5444 2378 5512 agendorum
2401 5453 2446 5494 et
2481 5452 2774 5495 neutrorum
2801 5458 2823 5508 ;
2850 5457 2964 5510 quae
2985 5440 3170 5492 tribuat
3201 5435 3366 5500 facere
3382 5425 3466 5491 [α’

175 5554 351 5615 πιέν
382 5556 593 5612 ποιεῖν
616 5551 700 5604 τὰ
739 5536 1042 5607 ποιητέα,
1065 5536 1146 5604 μὴ
1177 5539 1361 5590 ποιεῖν
1389 5538 1455 5591 δὲ
1486 5537 1555 5590 τὰ
1579 5533 1664 5603 μὴ
1700 5549 1861 5599 ποιη-

887 5631 985 5683 "'1
1017 5629 1143 5682 Cor.
1174 5645 1262 5695 xv,
1286 5631 1376 5686 ΒΞ.
1453 5633 1494 5664 ¹⁹
1524 5629 1662 5684 Psal.
1689 5642 1846 5689 Lxxx,
1867 5627 1920 5679 4.

316 5656 356 5686 ⁸⁷
398 5650 555 5708 Psal.
585 5661 681 5706 CL,
718 5644 781 5694 5.

1959 5533 2159 5595 cicada,
2207 5546 2306 5584 non
2345 5529 2582 5597 facienda
2625 5544 2739 5582 vero
2770 5545 2869 5582 non
2912 5531 3077 5595 facere
3111 5540 3130 5577 .°
3161 5519 3468 5591 colligant“

317 5744 426 5812 (9‘2)
461 5741 544 5794 Ex
569 5735 709 5793 cod.
750 5730 970 5784 Venet.
1002 5721 1120 5781 491,
1148 5737 1261 5792 pag.
1285 5724 1371 5778 38.
1398 5725 1508 5792 Ipse
1539 5721 1624 5776 hic
1648 5731 1853 5788 quoque
1877 5718 2053 5787 capita
2091 5725 2141 5771 ct
2167 5727 2351 5799 versus
2379 5710 2652 5779 adscripsi.
