3922 6440
528 458 630 515 1515

1385 430 1932 494 ευΡΡιΕιιειιτυιι
1965 425 2056 484 ΔΒ
2088 423 2408 484 ΟΗῺΕΝΙΒ
2440 425 2837 482 EXEGETICA.

3657 411 3755 467 156

523 574 671 642 juxta
697 564 902 637 praxim
928 567 983 615 et
1005 557 1290 624 theon-iam,
1320 554 1460 610 unde
1477 539 1630 608 'recta
1659 553 2052 616 consequantur
2077 587 2081 597 .

2184 542 2237 594 αὶ
2259 542 2503 610 Θεωρίαν,
2543 541 2680 594 ὥστε
2723 539 2813 592 τὸν
2839 536 2994 608 παρὰ
3023 533 3216 587 ταῦτα
3267 526 3517 581 πλοῦτον
3559 543 3753 580 κατευι

2188 630 2214 642 ιο
2365 631 2377 642 ι
2433 631 2444 642 ι
2561 631 2602 642 -ι
2675 629 2702 642 υ
2745 631 2757 642 ι
2800 627 2825 642 Λ
2960 625 2972 642 ο
3000 640 3006 642 .
3206 623 3237 642 ,ι
3291 617 3456 642 -..Α,ι
3485 616 3624 642 Δ.-π
3663 634 3740 642 -....

525 639 646 730 quae
675 658 795 711 hinc
817 650 1138 721 proveniunt
1161 646 1375 702 divitiae.
1405 644 1561 696 Deest
1602 650 1779 696 autem
1807 639 2050 692 humanae

527 727 685 804 menti
711 743 946 798 divinum
975 739 1234 807 regimen,
1258 734 1394 803 quod
1428 731 1632 786 habens
1663 727 1960 796 intelligens
1990 737 2052 777 ac

528 844 778 904 praeterea
811 831 1056 898 sapiens,
1089 840 1192 880 non
1245 823 1473 892 patietur
1525 819 1720 886 aliquid
1755 816 1929 870 triste.
1958 811 2053 865 Vir

529 921 827 989 huiusmodi
855 919 988 974 scite
1015 916 1270 983 navigans
1300 913 1363 965 ad
1388 909 1572 972 Deum,
1606 908 1669 960 ad
1703 914 1906 974 portum
1934 917 2056 972 per-

528 1013 708 1066 veniet
737 1007 1026 1064 voluntatis
1062 1004 1192 1070 ejus.
1219 1001 1400 1070 Atqui
1450 997 1753 1066 huiusmodi
1809 1010 1913 1049 non
1951 1001 2054 1054 est,

531 1104 616 1156 vel
636 1101 776 1156 circa
815 1099 968 1150 fidem
1015 1093 1349 1160 naufragium
1382 1089 1562 1152 faciet,
1585 1086 1666 1140 vel
1703 1085 1844 1140 circa
1887 1097 2053 1150 spem,

533 1190 616 1242 vel
669 1189 809 1242 circa
865 1181 1210 1241 charitatem,
1247 1185 1336 1229 aut
1380 1176 1606 1242 aliquam
1645 1187 1708 1226 ex
1754 1170 2054 1223 virtutibus.

536 1277 601 1330 Et
633 1275 719 1342 qui
752 1272 891 1326 circa
942 1268 1059 1321 illas
1091 1266 1424 1333 naufragium
1461 1263 1618 1324 fecit,
1655 1260 1846 1313 merito
1890 1263 2061 1326 potest

535 1364 710 1415 dicere
746 1377 760 1412 :
803 1356 925 1408 Veni
976 1356 1028 1406 in
1076 1354 1459 1421 profunditates
1494 1349 1672 1410 maris,
1711 1359 1756 1400 et
1808 1347 1952 1399 turbo
1977 1347 2063 1398 de-

537 1449 711 1500 mersit
743 1461 823 1497 me
853 1446 916 1497 “.
947 1445 1010 1496 Et
1037 1452 1246 1508 oportet
1277 1456 1488 1509 semper
1512 1440 1688 1493 dicere
1717 1454 1731 1488 :
1764 1437 1974 1505 Eripiar
2000 1435 2061 1488 ab

538 1537 768 1590 osoribus
793 1534 935 1595 meis,
957 1541 1004 1585 et
1025 1533 1086 1585 de
1106 1531 1375 1600 profundis
1409 1543 1656 1595 aquarum
1670 1525 1737 1577 ³⁵.

1172 1619 1435 1687 Ejusdem.

547 1714 609 1767 V.
669 1713 724 1767 5.
777 1713 877 1776 Qui
906 1720 1077 1765 autem
1107 1709 1367 1774 intelligit,
1404 1707 1594 1775 inquit,
1649 1703 2067 1775 gubernationem

1157 1777 1454 1844 possidebit.

2152 630 2324 684 Θῦναι.
2351 631 2536 684 Asina:
2557 631 2613 683 δὲ
2635 629 2711 698 τῷ
2734 625 3061 696 ἀνθρωπίνῳ
3091 621 3177 692 νῷ
3203 623 3242 691 ἡ
3288 617 3457 688 παρὰ
3485 616 3626 670 Θεοῦ
3663 634 3754 671 κυι-

2154 717 2420 787 ϐέρνησις,
2466 719 2529 786 ἢν
2557 716 2690 786 ἔχων
2732 717 2759 767 ὁ
2797 714 3015 783 νοήμων
3043 710 3146 761 καὶ
3207 706 3455 777 προσέτι
3508 704 3672 772 σοφὸς
3695 707 3752 759 οὐ

2155 807 2392 860 πείσεταί
2437 824 2490 858 τι
2523 805 2707 858 δεινόν.
2751 803 2806 855 '0
2831 800 3075 864 τοιοῦτος
3133 798 3330 851 πλέων
3368 797 3754 867 ἐπιστημόνως

2156 898 2287 968 πρὸς
2305 898 2393 949 τὸν
2425 896 2571 959 Θεὸν,
2596 896 2684 946 ἐπὶ
2709 894 2799 946 τὸν
2825 891 3024 962 λιμένα
3053 889 3269 960 φθάσει
3317 887 3420 940 τοῦ
3452 887 3755 958 θελήματος

2157 987 2336 1040 αὑτοῦ.
2375 987 2432 1037 '0
2469 985 2524 1037 δὲ
2558 984 2629 1054 μὴ
2647 981 2878 1044 τοιοῦτος
2911 981 2944 1052 ἢ
2971 980 3113 1050 περὶ
3150 978 3258 1048 τὴν
3288 977 3484 1030 πίστιν
3515 978 3750 1048 ναυαγή-

2160 1094 2261 1139 σει,
2287 1076 2318 1146 ἢ
2344 1075 2468 1146 περὶ
2489 1074 2585 1144 τὴν
2615 1072 2816 1135 ὲλπίδα,
2851 1071 2884 1142 ἢ
2931 1070 3074 1140 περὶ
3119 1068 3230 1138 τὴν
3269 1067 3530 1135 ἀγάπην,
3570 1067 3606 1136 ἦ
3638 1059 3755 1121 τινα

2158 1165 2261 1220 τῶν
2291 1165 2512 1238 ἀρετῶν.
2561 1164 2616 1215 Ὀ
2661 1163 2715 1215 δὲ
2746 1161 2872 1232 napi.
2897 1161 3110 1221 ταύτας
3149 1157 3490 1227 ναυαγήσας
3539 1156 3754 1221 εἰκότως

2163 1256 2228 1308 ἂν
2253 1255 2417 1322 λέγοιο
2459 1250 2676 1307 ’Ἦλθον
2717 1255 2801 1316 εὶς
2825 1250 2894 1303 τὰ
2917 1249 3093 1314 βάθη
3123 1247 3243 1314 τῆς
3276 1246 3632 1313 θαλάσσης,
3663 1249 3750 1300 καὶ

2164 1343 2422 1410 καταιγὶς
2446 1337 2828 1393 κατεπόντισε
2847 1355 2940 1407 με.
2965 1326 3089 1390 καὶ
3109 1336 3198 1388 δεῖ
3231 1335 3424 1402 λέγειν
3470 1335 3580 1386 ἀεί’
3641 1335 3753 1388 Ῥυ-

2165 1433 2374 1499 σθείην
2397 1432 2465 1483 ἐκ
2495 1429 2609 1483 τῶν
2635 1429 2973 1498 μισούντων
2992 1443 3098 1495 με,
3131 1425 3238 1478 καὶ
3271 1426 3346 1478 ἐκ
3379 1424 3504 1478 τῶν
3527 1424 3752 1489 ,ϐαθέων

2165 1519 2280 1573 τῶν
2321 1518 2566 1574 ὑδάτων.

2774 1607 2880 1660 Τοῦ
2906 1606 3128 1660 αὐτοῦ.

2170 1699 2314 1768 Στίχ.
2343 1705 2403 1751 ε’.
2442 1699 2494 1750 Ὀ
2529 1697 2597 1751 δὲ
2627 1697 2881 1766 νοήμων,
2917 1698 3084 1767 φησὶ,
3122 1674 3517 1763 κυϐέρνησιν
3549 1694 3748 1761 κτήσε-

2875 1783 2992 1820 ται.

550 1869 607 1923 ν.
633 1869 685 1923 ϐ.
704 1868 1054 1937 lntelligetque
1071 1867 1390 1933 parabolam,
1413 1875 1458 1916 et
1478 1864 1747 1916 obscurum
1768 1875 2067 1914 sermonem.

2184 1859 2311 1928 Ξτίχ.
2363 1864 2435 1920 ς’.
2499 1857 2718 1923 Νοήσει
2767 1873 2832 1909 τε
2867 1853 3254 1937 Ῑτρραϐολὴν
3294 1853 3400 1906 καὶ
3443 1853 3750 1906 σκοτεινὸν

615 2021 920 2088 Spiritualia
973 2019 1115 2074 enim
1160 2015 1520 2086 spiritualibus
1589 2022 1956 2082 comparantur
2009 2012 2073 2064 “.

545 2109 804 2164 Animalia
829 2119 996 2160 autem
1021 2111 1168 2159 homo
1205 2123 1305 2158 non
1329 2106 1536 2171 suscipit
1561 2121 1619 2157 ea
1651 2119 1765 2172 qua:
1785 2113 1900 2156 sunt
1928 2102 2079 2169 spiri-

547 2212 628 2253 tus
667 2199 1040 2253 Dei:stultitia
1072 2199 1208 2249 enim
1247 2206 1322 2249 est
1355 2196 1453 2263 ipsi
1476 2196 1540 2257 ⁸⁷,
1580 2194 1915 2260 Quaecunque
1935 2193 2077 2246 enim

548 2304 644 2356 per
716 2288 996 2356 parabolas
1063 2297 1114 2338 et
1185 2287 1441 2340 obscuros
1510 2297 1784 2338 sermones
1853 2280 2080 2349 Spiritus

549 2385 764 2432 sanctus
803 2392 897 2444 per
929 2377 1214 2444 prophetas
1247 2374 1452 2428 locutus
1475 2383 1573 2434 est,
1609 2386 1668 2424 ea
1697 2371 1760 2424 iis
1791 2371 1880 2440 qui
1915 2371 2081 2438 parti-

553 2466 736 2534 cipant
769 2473 820 2517 et
850 2464 1245 2517 communicant
1273 2461 1490 2529 Spiritui
1529 2469 1713 2514 sancto
1756 2457 1908 2511 facile
1945 2457 2080 2509 fiunt

551 2564 696 2619 nota,
737 2569 856 2606 cum
884 2552 950 2605 ab
992 2552 1175 2605 eodem
1212 2550 1415 2616 Spiritu
1449 2549 1536 2602 illa
1586 2548 1922 2602 edoceantur.
1981 2544 2080 2608 Qui

555 2645 696 2696 enim
731 2644 962 2712 signatus
993 2658 1092 2693 non
1138 2649 1216 2694 est
1253 2651 1306 2694 et
1343 2639 1600 2708 regimine
1633 2646 1829 2700 caret,
1876 2634 2083 2688 divinas

556 2733 860 2799 Scripturas
893 2730 1180 2798 intelligere
1208 2744 1312 2781 non
1343 2727 1503 2780 valet.

660 2818 726 2872 ν.
787 2819 838 2871 7.
877 2815 1198 2883 Principium
1229 2814 1514 2881 sapientius,
1562 2813 1714 2864 timor
1755 2811 1980 2864 Domini.

624 2908 878 2974 Principii
914 2921 1105 2960 nomen
1145 2905 1379 2958 declarat
1407 2913 1458 2958 et
1485 2902 1750 2963 ducatum,
1777 2908 1835 2951 ut
1868 2901 1919 2952 in
1951 2898 2040 2952 illo
2067 2914 2082 2952 :

559 2993 686 3048 Cum
709 2994 916 3061 justitia
941 3003 1262 3060 prwparatur
1287 2992 1497 3044 thronus
1517 2990 1758 3060 principii
1782 2989 1824 3020 ³⁸
1855 3004 1868 3040 :
1917 2998 1970 3042 et
1992 3004 2085 3042 ru-

2849 1928 3065 1992 λόγον.

2240 2012 2607 2082 Πνευματικὰ
2667 2011 2775 2079 γὰρ
2827 2009 3276 2077 πνευματικοῖς
3347 2011 3742 2078 συγκρίνεται.

2178 2105 2436 2173 Ψυχικὸς
2463 2103 2529 2156 δὲ
2553 2102 2851 2168 ἄνθρωπος
2875 2102 2948 2154 οὐ
2981 2099 3231 2166 δέχεται
3260 2100 3334 2154 τὰ
3355 2099 3468 2153 τοῦ
3501 2100 3746 2167 πνεῦμα·

2173 2211 2272 2260 τος
2302 2194 2404 2247 τοῦ
2445 2192 2615 2245 Θεοῦο
2647 2190 2832 2258 μωρία
2871 2189 2986 2258 γὰρ
3022 2190 3195 2253 αὑτῷ
3237 2191 3442 2244 ἐστιν.
3479 2190 3621 2243 Ὅσα
3650 2189 3747 2258 γὰρ

2173 2282 2258 2334 διὰ
2280 2281 2593 2351 παραϐολῶν
2618 2279 2710 2332 καὶ
2739 2278 3035 2332 σκοτεινῶν
3055 2278 3242 2346 λόγων
3266 2280 3330 2332 τὸ
3358 2281 3518 2349 ἅγιον
3539 2277 3746 2347 Πνεῦμα

2173 2373 2258 2425 διὰ
2292 2372 2398 2424 τῶν
2421 2371 2708 2441 προφητῶν
2738 2370 2991 2440 ὲλάλησε,
3027 2370 3212 2423 ταῦτα
3246 2373 3364 2433 τοῖς
3397 2372 3647 2440 μετόχοις
3662 2369 3745 2422 καὶ

2176 2464 2443 2522 κοινωνοῖς
2475 2460 2567 2512 τοῦ
2603 2461 2756 2526 ἁγίου
2794 2460 2934 2512 Πνεύ
2945 2477 3123 2529 ματος
3181 2459 3475 2528 εὔγνωστα
3515 2461 3739 2528 γίνεται,

2178 2551 2265 2602 ὑπ’
2298 2549 2456 2601 αὑτοῦ
2498 2550 2589 2601 τοῦ
2632 2549 2945 2618 Πνεύματος
2992 2550 3460 2621 ὲκδιδασκόμενα.
3519 2551 3741 2621 Ἀσφρά·

2177 2658 2356 2709 γιστος
2391 2641 2496 2712 γὰρ
2538 2641 2631 2693 καὶ
2667 2640 3037 2711 ἀκυϐέρνητος
3063 2640 3168 2703 τὰς
3197 2642 3353 2705 Θείας
3385 2641 3610 2712 Γραφὰς
3633 2643 3740 2694 tm-

2177 2729 2373 2798 γνῶναι
2396 2730 2455 2781 οὐ
2487 2729 2723 2782 δύναται.

2349 2820 2494 2887 Στίχ.
2528 2819 2589 2882 ζ’.
2631 2817 2804 2885 Ἀρχὴ
2837 2820 3088 2887 σοφίας,
3120 2822 3312 2889 φόϐος
3337 2823 3582 2888 Κυρίου.

2250 2908 2321 2960 Τὸ
2347 2909 2446 2977 τῆς
2475 2909 2644 2978 ἀρχῆς
2673 2910 2840 2978 ὄνομα
2867 2909 3026 2978 δηλοῖ
3054 2912 3152 2964 καὶ
3177 2912 3279 2978 τὴν
3313 2912 3634 2981 ἠγεμονίαν,
3673 2911 3738 2972 ὡς

2182 2999 2237 3050 ὲν
2259 2997 2362 3067 τῷ·
2403 2997 2558 3051 Μετὰ
2578 2998 2976 3064 δικαιοσύνης
3014 3000 3387 3068 ἐτοιμάζεται
3419 3003 3629 3069 θρόνος
3652 3001 3738 3067 ἀρ-

562 3084 795 3136 tlimenta
830 3081 1054 3147 alicujus
1085 3081 1361 3144 doctrinm,
1403 3090 1458 3132 ut
1500 3081 1550 3132 in
1590 3079 1677 3132 illo
1715 3097 1728 3132 :
1763 3077 2081 3145 Principium

2187 3086 2298 3156 935i;-
2322 3104 2336 3117 ·
2369 3087 2462 3140 καὶ
2497 3088 2593 3156 τήν
2630 3104 2770 3149 τινος
2804 3087 3164 3152 διδασκαλίας
3203 3091 3538 3161 εἰσαγωγήν.
3574 3090 3656 3152 Ὠς
3686 3091 3736 3139 ὲν

559 3173 654 3224 vite
681 3175 841 3234 bonae,
874 3171 1044 3238 facere
1068 3185 1183 3238 qua:
1211 3170 1361 3238 justa
1405 3179 1522 3222 sunt
1553 3169 1617 3233 ”,
1658 3170 1708 3222 id
1742 3178 1825 3222 est
1858 3169 2078 3223 moralia

2184 3177 2271 3247 τῷ·
2302 3175 2467 3245 Ἀρχὴ
2499 3176 2639 3229 ὀδοῦ
2660 3176 2905 3244 ἀγαθῆς,
2931 3178 3129 3232 ποιεῖν
3149 3181 3226 3232 τὰ
3252 3179 3474 3239 δίκαια,
3513 3178 3734 3230 τουτέστι

562 3261 896 3313 documenta.
936 3256 1081 3308 Viam
1129 3267 1304 3307 autem
1359 3256 1548 3311 bonam
1605 3255 1770 3319 dicit,
1828 3256 2086 3310 theoriam

560 3355 678 3411 quae
711 3341 774 3392 ad
803 3339 1116 3406 sapientiam
1157 3337 1322 3390 ducit.
1371 3335 1692 3404 Principium
1732 3345 1816 3390 est
1878 3351 2091 3406 quoque

563 3445 725 3486 causa
771 3427 993 3494 alicujus
1033 3426 1378 3488 exsistentiae,
1440 3432 1497 3478 ut
1543 3426 1593 3478 in
1657 3425 1747 3479 illo
1779 3424 1930 3494 :Ego
1978 3441 2091 3478 sum

564 3516 876 3585 principium
909 3526 957 3566 et
981 3513 1102 3580 ﬁnis
1127 3513 1171 3544 ’⁸ο
1204 3512 1555 3580 :principium
1584 3512 1815 3580 quidem,
1845 3521 2090 3580 tauquam

566 3605 658 3673 qui
692 3617 812 3656 esse
834 3604 1043 3668 tribuit;
1068 3601 1186 3655 finis
1211 3615 1358 3664 vero,
1381 3611 1434 3654 ut
1458 3602 1793 3669 perfectionis
1817 3602 2090 3656 motivum.

572 3694 681 3747 Hoc
711 3694 871 3762 igitur
916 3691 1031 3745 loco
1065 3691 1379 3760 principium
1471 3701 1551 3744 est
1585 3693 1823 3746 doctrina
1856 3692 2094 3745 introdu—

571 3795 696 3835 cens
726 3783 790 3834 ad
832 3779 1164 3847 sapientiam,
1197 3779 1344 3848 juxta
1382 3779 1471 3832 Dei
1499 3779 2091 3835 timorem‘consistens.

574 3868 756 3922 Timor
779 3869 918 3920 enim
951 3868 1037 3934 qui
1068 3868 1243 3935 passio
1279 3867 1490 3934 quidem
1518 3868 1589 3922 sit
1615 3909 1631 3933 ,
1674 3879 1756 3923 est
1779 3869 2096 3923 infortunio-

575 3974 690 4012 rum
710 3958 1052 4026 exspectatio.
1084 3957 1180 4022 Qui
1211 3966 1336 4011 sunt
1364 3959 1415 4010 in
1444 3959 1636 4012 timore
1668 3973 1870 4027 poenae,
1897 3959 2096 4013 evitant

573 4047 909 4115 pravitatem.
931 4045 1109 4114 Neque
1135 4047 1271 4099 hunc
1301 4048 1512 4114 preprie
1540 4047 1629 4100 Dei
1662 4048 1900 4100 timorem
1919 4047 2098 4114 appel-

574 4136 686 4189 lare
714 4145 959 4204 oportet,
991 4135 1091 4189 etsi
1148 4133 1305 4188 allicit
1352 4146 1627 4188 metuentes
1667 4152 1780 4187 eum
1812 4137 1898 4204 qui
1937 4144 2097 4202 potest

574 4234 621 4278 et
653 4225 880 4277 animam
919 4234 965 4277 et
989 4241 1172 4292 corpus
1203 4224 1414 4289 perdere
1456 4225 1509 4275 in
1550 4228 1830 4290 gehennam
1864 4223 1928 4275 “.
1963 4223 2097 4277 Eum

576 4310 720 4376 ejicit
747 4310 977 4379 perfecta
1001 4311 1255 4365 charitas.
1275 4310 1458 4363 Timor
1487 4311 1647 4377 igitur
1681 4309 1773 4363 Dei
1813 4325 1966 4365 verus
2018 4320 2100 4364 est

2187 3267 2254 3319 τὰ
2274 3266 2435 3335 ὴΘικὰ
2467 3265 2820 3335 παιδεύματα.
2869 3268 3020 3321 Ὀδὸν
3049 3269 3108 3321 δὲ
3135 3269 3286 3337 λέγει
3309 3269 3522 3339 ἀγαθὴν
3542 3269 3635 3338 τὴν
3653 3265 3734 3318 ιπι

2189 3357 2372 3426 σοφίαν
2396 3357 2625 3423 ἄγουσαν
2643 3356 2892 3426 θεωρίαν.
2923 3358 3093 3430 Ἀρχὴ
3119 3361 3214 3412 καὶ
3247 3362 3281 3431 ἡ
3297 3360 3443 3422 τινὸς
3475 3356 3737 3429 ὑπάρξεως

2189 3446 2351 3509 αίτία,
2387 3445 2460 3507 ὡς
2487 3447 2543 3498 ἐν
2572 3444 2680 3514 τῷ’
2718 3445 2856 3514 Ἐγώ
2878 3450 2998 3515 εἰμι
3032 3450 3071 3516 ἡ
3105 3447 3265 3516 ἀρχὴ
3315 3450 3412 3502 καὶ
3449 3449 3512 3501 τὸ
3539 3449 3690 3510 τέλος
3717 3460 3729 3473 ·

2191 3535 2327 3606 ἀρχὴ
2363 3535 2455 3604 μὲν
2472 3534 2545 3598 ὡς
2574 3534 2632 3586 τὸ
2661 3529 2795 3586 εἶναι
2821 3535 3021 3600 διδοὺς,
3059 3537 3214 3600 τέλος
3235 3538 3292 3591 δὲ
3323 3539 3400 3600 ὡς
3428 3535 3734 3594 τελειώσεως

2191 3619 2424 3688 ἀφορμή.
2463 3618 2573 3674 Νῦν
2605 3614 2694 3671 οὖν
2725 3620 2890 3690 ἀρχὴ,
2920 3622 2954 3690 ἡ
3001 3624 3304 3690 εἰσάγουσα
3331 3625 3410 3686 είς
3433 3625 3530 3693 τὴν
3563 3621 3731 3688 σοφίαν

2195 3705 2440 3776 μάθησις,
2467 3705 2604 3759 κατὰ
2624 3707 2710 3760 τὸν
2725 3707 2814 3759 τοῦ
2842 3709 2981 3761 Θεοῦ
3000 3712 3167 3778 φόϐον
3185 3712 3567 3782 συνισταμένη.
3587 3709 3734 3770 Φόϐος

2192 3795 2298 3866 γὰρ
2325 3796 2616 3865 παθητικὸς
2649 3797 2743 3866 μὲν
2781 3797 2973 3853 δεινῶν
3025 3802 3347 3871 προσδοκία.
3388 3801 3732 3870 Ἐγγινόμενοι

2192 3885 2267 3954 τῷ
2305 3885 2450 3956 φόϐῳ
2489 3886 2753 3948 κολάσεως
2793 3888 3106 3943 ἐκκλίνουσι
3136 3892 3236 3962 τὴν
3287 3891 3503 3944 κακίαν.
3553 3887 3732 3942 Τοῦτον

2194 3973 2311 4025 οὐδὲ
2354 3972 2512 4040 φόϐον
2559 3972 2690 4025 Θεοῦ
2743 3974 2952 4044 κυρίως
2992 3978 3492 4048 προσαγορευτέον,
3551 3979 3596 4030 εί
3649 3972 3730 4027 καὶ

2195 4061 2418 4114 ἅπτεται
2448 4059 2563 4112 τῶν
2597 4060 2981 4128 φοϐουμένων
3003 4063 3111 4117 τὸν
3136 4065 3474 4135 δυνάμενον
3501 4064 3595 4118 καὶ
3631 4063 3732 4128 ψυ-

2195 4149 2313 4219 χὴν
2331 4151 2424 4202 καὶ
2447 4148 2614 4217 σῶμα
2640 4147 2936 4203 ἀπολέσαι
2962 4152 3033 4205 ὲν
3053 4152 3287 4222 γεέννῃ.
3325 4156 3418 4207 Ὃν
3444 4151 3676 4206 ἐκϐάλλει
3700 4149 3728 4216 ἠ

2195 4239 2370 4292 τελεία
2395 4239 2597 4309 ἀγάπη.
2611 4238 2741 4290 Θεοῦ
2763 4238 2818 4290 δὲ
2835 4241 3024 4309 φόϐος,
3052 4242 3305 4315 ἀληθὴςή
3326 4244 3465 4298 κατὰ
3482 4240 3730 4310 σεϐασμὸν

2197 4329 2463 4391 εὐλάϐεια,
2487 4327 2602 4380 καθ’
2629 4328 2685 4379 ὃν
2710 4328 2868 4382 θέλει
2891 4347 2975 4393 τις
2992 4333 3231 4401 σφόδρα
3250 4335 3320 4386 ἐν
3337 4334 3465 4399 ταῖς
3479 4328 3729 4392 ἐντολαῖς

579 4399 751 4467 pietas
791 4400 1053 4468 religiosa,
1095 4400 1243 4468 juxta
1283 4413 1442 4467 quam
1486 4388 1790 4466 religionem
1832 4399 1937 4451 vult
1983 4401 2081 4466 qui:

2198 4419 2378 4472 αὐτοῦ
2412 4388 2556 4488 πόθῳ
2597 4419 2829 4488 γνησίῳ,
2865 4388 2970 4482 είς⁷
2991 4388 3129 4492 ἔργα
3145 4388 3517 4494 ’μεταϐάλλων
3549 4388 3724 4481 αὐτὰς,⁴

577 4489 890 4542 vehementer
913 4491 966 4541 in
989 4489 1248 4541 mandatis
1277 4488 1388 4556 ejus
1417 4487 1460 4518 δ’
1485 4487 1748 4540 desiderio
1771 4488 2000 4554 sincero,
2033 4506 2081 4544 at

2201 4512 2290 4562 καὶ
2329 4510 2466 4579 ἀρχὴ
2517 4477 2702 4576 σοφίας
2745 4477 2880 4564 ἀεδῦ
2925 4477 3218 4584 -γινόμενός
3276 4477 3394 4568 κατ’
3419 4477 3724 4578 είσαγωγήιθλ

577 4593 737 4646 opera
769 4579 1139 4648 redigensilla,
1172 4579 1367 4645 quique
1397 4579 1452 4629 fit
1481 4577 1798 4645 principium
1828 4580 2097 4648 sapientia:

576 4667 668 4720 Dei
695 4669 980 4721 secundum
1016 4667 1384 4720 initiationem.
1420 4666 1718 4720 Pleniorem
1761 4670 1954 4723 etenim
1978 4687 2094 4726 eum

579 4757 818 4810 invenies
860 4755 912 4809 in
949 4771 1010 4810 eo
1039 4757 1129 4824 qui
1181 4756 1471 4808 secundum
1503 4756 1814 4825 sapientiam
1846 4758 1952 4826 jam
1981 4776 2094 4828 per-

579 4846 746 4900 fectus
779 4857 881 4906 est.
924 4846 987 4899 de
1022 4859 1125 4912 quo
1177 4844 1392 4908 dicitur,
1451 4860 1553 4898 non
1599 4861 1708 4901 esse
1755 4849 2098 4916 deﬁcientium

578 4935 871 4987 timentibus
895 4934 1055 4986 Deum
1090 4932 1155 4985 “.

581 5025 643 5079 V.
709 5024 758 5075 7.
816 5021 995 5074 Pietas
1038 5031 1204 5072 autem
1235 5021 1291 5072 in
1336 5021 1496 5094 Deum
1518 5061 1532 5086 ,
1560 5025 1866 5095 principium
1898 5043 2096 5083 sensus.

651 5109 822 5164 Divini
846 5109 1046 5163 scilicet
1081 5123 1288 5171 sensus,
1319 5109 1432 5178 ejus
1458 5111 1544 5176 qui
1577 5122 1659 5165 est
1699 5129 1885 5184 nempe
1912 5132 2099 5172 secun-

580 5201 704 5254 dum
739 5198 1042 5251 interiorem
1083 5197 1346 5270 hominem
1380 5213 1396 5251 :
1431 5204 1720 5257 secundum
1761 5221 1914 5274 quem
1958 5209 2102 5262 vide-

581 5305 697 5342 mus
722 5288 890 5341 lucem
924 5301 1100 5338 veram
1125 5324 1139 5347 ,
1175 5297 1230 5338 ct
1270 5287 1511 5343 audimus
1544 5302 1748 5347 secreta
1783 5297 2020 5360 oracula,
2050 5305 2102 5350 et

581 5377 847 5430 nutrimur
894 5386 1031 5442 pane
1076 5372 1212 5435 vitae,
1259 5383 1311 5427 et
1360 5376 1738 5446 participamus
1803 5381 2102 5451 fragrantia:

650 5553 860 5608 "Psal.
913 5553 1173 5612 uvtu,'5.
1273 5552 1318 5585 ³³
1361 5554 1489 5608 ibid.
1550 5557 1635 5610 15.

652 5731 759 5799 (99)
801 5729 1050 5802 Ὁρῶμεν.

1736 5557 1778 5589 ³⁸
1813 5557 1830 5610 1
1866 5557 1988 5611 Cor.
2027 5574 2086 5620 ιι,
2150 5557 2235 5610 15.
2327 5553 2369 5584 ⁸⁷
2401 5553 2528 5607 ibid.
2591 5555 2674 5609 M.

592 5621 636 5654 *θ
653 5623 812 5691 Apoc.
836 5639 877 5678 I.
911 5621 962 5674 8.
1036 5621 1077 5651 “
1103 5620 1284 5675 Matth.
1319 5639 1370 5689 ι,
1404 5621 1488 5676 28.
1565 5625 1762 5680 "Psal.
1799 5641 1903 5686 CXI,
1938 5628 1983 5678 1.
2063 5627 2081 5656 ⁵

2184 5623 2272 5681 sal.
2303 5637 2489 5687 xxstu,
2513 5622 2598 5676 10.

2199 4600 2564 4670 Πληρέστατον
2591 4600 2696 4671 γὰρ
2727 4600 2912 4654 τοῦτον
2939 4605 3190 4675 εὑρήσεις
3217 4609 3274 4658 ὲν
3298 4605 3374 4674 τῷ
3397 4603 3536 4657 κατὰ
3556 4599 3725 4667 σοφίαν

2198 4690 2586 4761 τετελεσμένῳ,
2629 4690 2746 4743 καθ’
2772 4691 2831 4746 ὃν
2862 4693 3078 4759 λέγεται
3099 4733 3114 4756 ,
3133 4695 3222 4763 μὴ
3262 4692 3413 4749 εἶναι
3446 4691 3726 4758 ὑστέρημα

2200 4780 2321 4846 τοῖς
2338 4779 2719 4849 φοϐουμένοις
2743 4782 2848 4836 τὸν
2875 4786 3039 4838 Θεόν.

2202 5020 2344 5090 Στίχ.
2374 5021 2436 5084 ζ’.
2471 5018 2752 5074 Εὐσέϐεια
2787 5019 2855 5072 δὲ
2892 5024 2978 5088 είς
3015 5021 3177 5086 Θεὸν,
3205 5019 3360 5089 ἀρχὴ
3389 5015 3719 5080 αἰσθήσεως.

2274 5113 2382 5182 Τῆς
2404 5110 2551 5173 Θείας
2580 5109 2898 5180 αἰσθήσεως,
2927 5111 3026 5180 τῆς
3050 5111 3188 5164 κατὰ
3204 5111 3292 5164 τὸν
3308 5111 3413 5164 ἕσω
3439 5106 3717 5176 ἄνθρωπον,

2206 5200 2326 5255 καθ’
2350 5203 2414 5272 ἥν
2446 5201 2582 5254 ὁσῶν
2630 5200 2737 5270 (99)
2774 5201 2873 5271 μὲν
2917 5201 2979 5253 τὸ
3028 5203 3141 5270 φῶς
3196 5202 3254 5254 τὸ
3308 5197 3585 5269 ἀληθινὸν,
3640 5187 3720 5242 καὶ

2207 5292 2470 5362 ἀκούομεν
2496 5291 2603 5345 τῶν
2630 5291 3021 5362 κεκρυμμένων
3050 5291 3240 5358 λογίων
3259 5329 3272 5353 ,
3310 5289 3402 5342 καὶ
3432 5277 3720 5355 τρεφόμεθμ.

2202 5383 2290 5436 τὸν
2326 5385 2484 5454 ἄρτον
2524 5385 2621 5455 τῆς
2652 5383 2823 5455 ζωῆς,
2866 5363 3366 5454 ἀντιλαμϐανόμεαά
3402 5393 3460 5430 τε
3513 5368 3718 5427 εὐωδίαις

2781 5555 2824 5587 ³³
2875 5554 3028 5612 Prov.
3085 5569 3208 5626 xw,
3251 5550 3332 5606 1‘2.
3427 5549 3470 5581 ³⁹
3514 5541 3633 5600 ibid.
3660 5532 3710 5591 5-
3821 5591 3823 5594 ι
