3922 6394
192 440 302 503 153

1491 436 1746 498 FMG".
1787 435 1851 494 IN
1884 434 2284 494 PROVERBIA.

3331 440 3434 497 158

171 568 278 642 XV
315 535 489 642 ιστοῦ,
520 540 643 642 καὶῆ
978 547 1085 642 τοῦ
1107 549 1274 619 λόγου
1301 554 1400 623 τῆς
1421 553 1584 624 ζωῆς.
1610 552 1785 623 Ταύτη

1915 551 2138 614 Christi,
2167 559 2223 604 et
2283 549 2590 620 attingimus
2639 550 2856 606 verbum
2909 547 3052 604 vitm;
3111 547 3433 620 Principium

182 629 493 726 τῆς
519 631 857 704 αἰσθήσεως,
875 638 912 708 ἡ
930 638 1078 708 πρὸς
1108 642 1248 696 Θεὸν
1273 644 1790 706 εὐσέϐειαηουτέστιπ

1914 638 2071 705 hujus
2093 651 2306 703 sensus,
2363 647 2442 694 est
2479 639 2650 706 pietas
2687 638 2740 692 in
2779 638 2966 704 Deum,
3019 653 3208 706 nempe
3255 640 3436 693 incorr-

206 724 263 797 άέ
281 724 344 786 ι
365 724 454 793 (ί)-

213 815 395 882 Στεχ.
421 817 465 881 η’
496 809 610 876 Υἱὲ,
635 812 871 888 vgilas":
887 812 995 888 (2)_
1019 820 1250 885 πατρός
1277 834 1411 881 σου,
1427 819 1522 872 καὶ
1550 817 1633 888 μὴ
1659 818 1813 872 ἀπώ-

622 883 744 949 σθη
781 882 1050 951 θεσμοὺς
1073 882 1298 955 μήτρός
1322 904 1453 940 σου.

217 975 224 980 ’
306 969 527 1040 Πατρδς
558 969 654 1041 μὲν
679 970 956 1042 ἀκούομεν
979 974 1303 1047 λόγους,τῆς
1330 977 1576 1045 Γραφῆς·
1615 974 1814 1044 μητρὸς

254 1067 308 1118 δὲ
337 1059 436 1122 τὰς
466 1059 742 1132 ἀγράφους
768 1061 1102 1132 παραδόσεις
1129 1063 1232 1132 τῆς
1275 1063 1608 1132 Ἐκκλησίας·
1634 1064 1812 1115 ὁποῖον

264 1155 322 1204 τὸ
333 1150 603 1221 νηστεύειν
629 1152 686 1202 ὲν
705 1153 1104 1220 παρασκευαῖς,
1130 1152 1222 1204 καὶ
1237 1152 1392 1220 ἕτερα
1402 1151 1634 1204 τοιαῦτα.
1653 1151 1810 1202 ’Ὥστε

260 1242 421 1312 φησί’
465 1239 561 1307 Μὴ
595 1240 792 1292 πάντα
833 1239 972 1293 θέλε
1021 1241 1138 1293 ἀπὸ
1189 1240 1531 1309 ⁴γραμμάτων
1555 1241 1806 1292 ἀκούειν.

263 1331 412 1382 Ἐστι
433 1329 490 1380 δὲ
513 1329 609 1381 καὶ
642 1330 769 1391 τοὺς
795 1329 1058 1396 φυσικοὺς
1081 1332 1219 1382 νοεῖν
1241 1329 1492 1400 πατέρας,
1523 1329 1554 1399 ἢ
1581 1330 1810 1392 καὶτοὺς

253 1420 656 1488 πνευματικοὺς
707 1422 852 1473 νοεῖν
892 1419 1262 1482 διδασκάλους.
1306 1420 1414 1472 Καὶ
1461 1419 1568 1488 γὰρ
1610 1419 1807 1471 τούτων

258 1507 438 1578 μήτηρ
466 1508 500 1576 ἡ
543 1507 866 1576 Ἐκκλησία.
1764 1567 1766 1569 μ

251 1597 403 1665 Στίχ.
441 1596 505 1650 θ’;
531 1597 842 1663 Στέφανον
868 1597 977 1664 γὰρ
1003 1597 1256 1664 χαρίτων
1273 1596 1414 1663 δέξῃ
1451 1595 1533 1662 σῇ
1557 1594 1803 1665 κορυφῇ.

341 1685 498 1737 Ἀλλά
531 1685 621 1737 καὶ
653 1685 843 1756 χάρισι
868 1685 1001 1737 Θεοῦ
1028 1686 1243 1748 πολλαῖς
1275 1685 1569 1756 σωζόμεθα.

895 1776 1050 1826 ΚΕΦ.
1093 1777 1163 1827 Δ’.

223 1885 226 1887 λ
322 1863 467 1931 Στίχ.
499 1869 597 1916 κε’.
618 1865 682 1916 οι
707 1863 1006 1931 ὀφθαλμοί
1025 1879 1138 1916 σου
1169 1864 1724 1930 ὀρθὰβλεπέτωσαν.

333 1951 496 2021 Ὀρθά
527 1952 729 2022 ὁρῶσιν
781 1953 831 2004 οἱ
867 1952 1155 2022 λογισμοὺς
1203 1951 1411 2022 ἔχοντες
1439 1953 1660 2016 ἀπαθεῖς
1707 1953 1799 2006 καὶ

239 2041 485 2110 δόγματα
516 2041 712 2112 ἀληθῆ.
751 2043 870 2094 ὐτ’
905 2041 971 2094 ἂν
1022 2041 1182 2114 λέγει’
1233 2045 1297 2094 Ol
1351 2042 1638 2110 ὀφθαλμοί
1673 2055 1786 2095 σου

239 2129 387 2196 ὀρθὰ
400 2128 828 2193 βλεπέτωσαν,
861 2129 959 2199 τὴν
987 2130 1172 2198 ὅρασιν
1201 2129 1346 2197 δηλοί
1357 2130 1454 2198 τῆς
1479 2130 1669 2198 ψυχῆς.
1692 2131 1799 2182 Καὶ

235 2218 324 2270 ὅντ’
355 2219 418 2271 ἀν
446 2217 884 2288 παραινῇ-Φάγε
909 2218 1066 2285 μέλι,
1085 2216 1191 2279 vis“,
1215 2219 1312 2270 ἵνα
1327 2218 1628 2286 τλυκανθῇ
1658 2219 1800 2272 ὀλώ-

227 2309 384 2374 ρυτε
405 2321 545 2369 σου,
569 2309 692 2377 μέλι
707 2308 981 2376 τροπικῶς
995 2309 1091 2377 τὴν
1114 2307 1260 2360 θείαν
1273 2308 1416 2375 λέγει
1443 2308 1795 2372 διδασκαλίαν,

231 2399 360 2465 ἥτις
381 2397 483 2467 τὴν
519 2387 906 2467 πνευματικὴν
927 2396 1239 2466 καταρτίξει
1274 2396 1487 2464 γνῶσιν.
1524 2397 1677 2449 Ἀλλά
1706 2400 1796 2451 καὶ

229 2487 459 2539 ἅπτεται
493 2487 678 2555 ψυχῆς
707 2489 741 2552 ἠ
772 2487 960 2554 σοφία·
1006 2485 1309 2552 Ἐρὰσθητι
1335 2485 1441 2555 γὰρ
1461 2485 1664 2553 αὐτῆς,
1699 2487 1796 2539 ἵνα

227 2589 314 2625 σε
334 2574 678 2642 παραλάϐῃ.
714 2574 872 2644 Ψυχὴ
897 2575 974 2637 δὲ,
1004 2574 1090 2627 διά
1113 2572 1442 2644 περιπλοκῆς
1471 2575 1631 2644 σοφίᾳ
1670 2577 1796 2628 ἐνω-

228 2661 402 2725 θείσα,
439 2663 724 2733 ἀγιασμοῦ
753 2662 1052 2733 πληροῦται
1079 2663 1169 2715 καὶ
1201 2661 1576 2732 καθαρότητος.
1600 2665 1716 2717 Ἔτι
1731 2681 1795 2732 γε

229 2753 341 2822 μὴν
367 2755 477 2806 τῶν
508 2753 752 2824 Χριστοῦ
775 2754 960 2824 μύρων
981 2756 1014 2823 ὴ
1045 2755 1141 2822 τῆς
1169 2753 1340 2822 ψυχῆς
1354 2754 1794 2824 ἀντιλαμϐάνεται

223 2839 512 2914 ὄσφρησις.

885 2931 1042 2983 ΚΕΦ.
1086 2931 1161 2984 E'.

223 3018 374 3088 Στῐχ.
408 3027 480 3088 γ’.
515 3019 619 3087 Μὴ
653 3020 917 3088 πρόσεχε
937 3021 1148 3088 φαύλῃ
1185 3019 1416 3087 γυναικί
1437 3035 1450 3048 ⁸
1500 3019 1636 3087 μέλι
1685 3020 1794 3088 γὰρ

473 3087 804 3147 ἀποστάζει
830 3087 947 3141 ἀπὸ
984 3087 1229 3156 χειλέων
1256 3089 1554 3156 γυναικός.

1911 726 2081 781 cussa.

1912 815 1975 868 ν.
2011 817 2068 870 8.
2132 814 2306 879 Audi,
2345 815 2478 897 ﬁli,__
2501 816 2635 897 leges
2679 817 2844 897 patris
2867 819 2983 897 .tui,
3011 833 3167 888 neque
3201 819 3432 886 repudies

2299 894 2686 938 constitutiones
2725 894 2904 938 matris
2935 897 3056 940 tute.

1979 972 2152 1027 Patris
2192 973 2403 1040 quidem
2432 973 2573 1041 leges
2601 975 2863 1040 audimus,
2889 973 3173 1042 Scripturae
3201 989 3426 1043 nempe:

1909 1064 2096 1120 matris
2145 1077 2304 1130 vero,
2358 1078 2460 1118 non
2517 1064 2746 1131 scriptas
2791 1063 3098 1118 traditiones
3144 1065 3428 1128 Ecclesia;

1907 1152 2199 1218 cujusmodi
2223 1162 2304 1206 est
2329 1153 2570 1222 jeiunare
2585 1155 2749 1207 sextis
2763 1152 2930 1217 feriis,
2951 1163 3006 1204 et
3034 1152 3134 1205 alia
3159 1152 3421 1222 hujusnio-

1908 1241 1980 1294 di.
2018 1240 2165 1296 Unde
2197 1243 2324 1296 dicit
2358 1261 2372 1295 :
2410 1241 2534 1294 Noli
2571 1246 2744 1294 omnia
2771 1259 2801 1293 a
2831 1240 3013 1294 litteris
3055 1243 3254 1295 audire.
3281 1242 3426 1296 Licet

1905 1339 1959 1382 et
1987 1331 2257 1385 naturales
2286 1332 2590 1401 intelligere
2627 1341 2823 1398 patres,
2849 1329 2931 1383 vel
2960 1331 3246 1398 intelligere
3270 1331 3426 1400 spiri-

1908 1419 2076 1472 tuales
2098 1419 2360 1474 doctores.
2387 1419 2584 1474 Horum
2608 1430 2688 1473 est
2714 1420 2854 1473 enim
2877 1428 3046 1472 mater
3071 1417 3321 1473 Ecclesia.

1904 1590 1972 1644 ν.
2019 1591 2070 1646 9.
2122 1592 2374 1646 Coronam
2403 1595 2536 1646 enim
2568 1594 2849 1662 gratiarum
2875 1595 3089 1662 accipies
3125 1604 3215 1648 tuo
3248 1593 3423 1662 capiti.

1975 1679 2076 1734 Sed
2110 1681 2251 1735 enim
2284 1682 2464 1750 gratiis
2485 1682 2574 1734 Dei
2606 1682 2784 1735 multis
2803 1681 3084 1735 salvantur.

2515 1771 2662 1828 CAP.
2701 1771 2785 1825 ιν.

2110 1858 2169 1916 V.
2224 1859 2315 1914 25.
2380 1859 2532 1913 Oculi
2582 1862 2657 1912 tui
2715 1871 2852 1914 recta
2909 1865 3218 1930 aspiciunto.

1968 1949 2129 2004 Recta
2156 1950 2456 2017 aspiciunt,
2499 1951 2587 2018 qui
2627 1951 2971 2019 cogitationes
3005 1935 3422 2022 liabent'nequa—

1897 2053 2053 2107 quam
2093 2040 2429 2108 passionihus
2471 2040 2745 2106 obnoxias,
2801 2051 2851 2096 et
2903 2045 3110 2096 veracia
3153 2044 3416 2114 dogmata.

1895 2127 2118 2193 Quando
2139 2131 2287 2192 dicit,
2309 2129 2458 2184 Oculi
2479 2132 2554 2182 tui
2577 2142 2715 2183 recta
2734 2133 3040 2199 aspiciunto,
3061 2134 3228 2187 visum
3249 2135 3418 2187 innuit

1895 2220 2103 2275 animae.
2125 2219 2187 2273 Et
2209 2221 2419 2287 quando
2447 2221 2928 2276 horlaturzComede
2952 2223 3068 2286 mel,
3097 2223 3196 2290 ﬁli,
3215 2235 3268 2275 ut
3294 2224 3417 2277 dul-

1895 2320 2101 2362 eoretur
2122 2320 2304 2378 guttur
2333 2320 2474 2364 tuum
2507 2311 2583 2375 “;
2636 2311 2736 2363 mel
2766 2311 2984 2380 ﬁgurate
3017 2313 3146 2366 dicit
3185 2315 3416 2367 divinam

1896 2394 2208 2460 doctrinam,
2251 2411 2370 2464 qua:
2447 2397 2778 2465 spiritualem
2832 2401 3098 2468 componit
3149 2403 3413 2456 notitiam.

1898 2481 2268 2538 Verumtamen
2296 2485 2454 2540 allicit
2485 2504 2696 2557 quoque
2721 2494 2947 2545 animam
2987 2492 3243 2559 sapientia
3277 2511 3292 2546 :
3324 2493 3418 2547 Di-

1892 2572 1992 2638 lige
2027 2573 2169 2624 enim
2200 2573 2364 2638 illam,
2396 2586 2450 2626 ut
2487 2587 2534 2628 te
2555 2591 2786 2631 assumat
2813 2580 2878 2634 ".
2905 2580 3092 2634 Anima
3115 2590 3290 2634 autem
3323 2596 3416 2650 per

1891 2660 2307 2727 complexionem
2331 2664 2604 2730 sapientiai
2623 2669 2787 2731 unita,
2812 2651 3226 2723 sanctiﬁcatione
3247 2669 3416 2734 reple-

1894 2759 1981 2803 tur
2008 2759 2059 2803 et
2087 2753 2336 2819 puritate.
2365 2753 2551 2806 Adhuc
2585 2765 2760 2812 tamen
2806 2771 3190 2829 unguentorum
3217 2758 3413 2813 Christi

1890 2841 2139 2896 olfactum
2169 2844 2358 2898 anima:
2380 2861 2566 2900 sensus
2583 2849 2827 2916 percipit.

2519 2934 2667 2990 (ΞΑΡ.
2725 2937 2788 2990 ν.

1891 3020 1958 3077 ν.
2011 3022 2064 3076 5.
2109 3023 2190 3076 Ne
2219 3023 2453 3076 attendas
2475 3025 2622 3076 mala:
2643 3027 2849 3078 mulieri
2871 3041 2889 3078 :
2913 3029 3013 3079 mel
3039 3043 3171 3080 emm
3191 3028 3353 3080 stillat
3381 3045 3413 3082 a

2441 3094 2595 3145 labiis
2624 3093 2870 3148 mulieris.

303 3179 383 3249 Μὴ
405 3180 649 3250 πρόσεχε
675 3177 927 3248 ἀπατηλῇ
955 3177 1283 3248 διδασκαλίᾳ,
1319 3177 1404 3230 διὰ
1434 3176 1531 3246 τῆς
1557 3195 1783 3248 χρηστο-

1959 3177 2034 3232 Ne
2073 3181 2317 3234 attendas
2344 3182 2627 3236 seductrici
2656 3183 2932 3249 doctrinae,
2963 3197 3057 3252 per
3088 3183 3221 3238 bella
3253 3186 3412 3240 verba

219 3264 407 3333 λογίας
445 3267 805 3337 δελεαζούσῃ.
909 3323 915 3328 _

219 3352 370 3426 Στίχ.
400 3359 464 3410 δ’.
489 3359 513 3376 ⁹
529 3359 796 3426 Υστερον
813 3354 1019 3426 μέντοι
1049 3354 1389 3426 πὲκρότερον
1409 3353 1786 3426 κρλῆς,εὐρήσ

297 3421 440 3490 σὲις,
475 3425 582 3478 καὶ
613 3421 996 3492 ἠκονημένον
1021 3421 1256 3490 μᾶλλον
1274 3421 1564 3491 μαχαίρας
1591 3421 1785 3477 διοίτό-

293 3509 424 3558 μου.

297 3583 590 3654 Μάχαιραν
612 3581 765 3649 λέγει
797 3580 896 3651 τὴν
924 3578 1210 3650 τιμωρίαν,
1249 3579 1385 3631 κατὰ
1405 3579 1493 3632 τόν
1530 3585 1785 3650 Τραυμα-

221 3669 336 3722 τιαι
363 3673 676 3742 μαχαίρας
702 3688 821 3740 μου
851 3669 992 3722 ἐστέ
1016 3685 1030 3698 ·
1069 3668 1102 3737 ἢ
1130 3667 1224 3738 τὴν
1256 3668 1449 3738 κρίσιν,
1481 3669 1600 3739 ἥτις
1643 3671 1783 3723 ἐστὶν

219 3756 300 3819 ὡς
332 3763 582 3832 μάχαιρα
614 3759 768 3823 ὀξεῖα
813 3756 1152 3830 ἐξερευνῶσα
1177 3755 1246 3809 τὰ
1280 3758 1496 3826 κρυπτά
1531 3760 1627 3830 τῆς
1652 3777 1785 3831 καρ-

225 3839 358 3907 δίας.

225 3928 364 4004 Στίχ.
399 3934 474 4001 ς’.
511 3931 1259 4070 Σφιιλεραίεὲξνιέξσῖρρχαι
1289 3931 1506 4000 αὐτῆς,
1535 3934 1631 3987 καὶ
1674 3937 1781 3989 οὐκ

290 4091 459 4162 Σφαλε
469 4097 564 4168 ραὶ
585 4095 643 4148 αἱ
664 4092 857 4164 τροχαὶ
883 4091 1074 4159 αὐτῆς,
1099 4091 1188 4143 καὶ
1207 4091 1304 4143 ούκ
1328 4089 1632 4158 εῦγνωστοι,
1651 4093 1781 4170 διρτι

217 4174 524 4244 ἀπδκακῶν
546 4188 632 4247 είς
655 4181 803 4236 κακά
825 4179 1216 4249 ἀνακυλιομένη
1246 4181 1308 4231 ὲκ
1326 4180 1422 4250 τῆς
1446 4182 1656 4252 μακρᾶς
1677 4183 1782 4236 τῶν

178 4257 551 4338 έὟιπώντων
581 4272 756 4342 αὐτὴν
785 4269 1071 4338 συνηθείας
1089 4285 1104 4299 ’
1131 4267 1370 4339 σφαλερὰ
1394 4264 1543 4332 οὖσα,
1569 4270 1661 4322 καὶ
1687 4272 1780 4341 τῆς

281 4366 490 4428 σιλείας
512 4364 629 4416 τῶν
656 4359 903 4431 οὐρανῶν
926 4357 1319 4427 ἀποστεροῦσα,
1350 4359 1443 4411 καὶ
1465 4360 1543 4422 είς
1562 4359 1780 4428 γέενναν

105 4427 428 4528 ἴχαραπέ
435 4473 584 4527 μπου
591 4471 686 4512 σα.

505 4508 726 4601 Ἠκικα
751 4541 830 4596 ἂν
853 4536 1237 4622 καταζριϐῶονι
1273 4536 1490 4605 σάρκες
1509 4537 1776 4607 σώματός

933 4622 1069 4662 σου.

277 4710 376 4765 Διά
398 4709 494 4762 τοῦ
533 4700 938 4772 κατατριὸῆναι
976 4695 1072 4759 τὰς
1104 4695 1330 4766 σάρκας,
1367 4695 1464 4767 τὴν
1486 4697 1772 4750 ἀκολασίαν

107 4772 376 4868 ξδ-λλοῖ,
411 4796 626 4866 φθοράν
655 4807 780 4845 τινα
812 4784 997 4841 οὖσαν.
1025 4784 1120 4838 Διά
1146 4785 1201 4838 δὲ
1223 4784 1332 4836 τῶν
1357 4785 1558 4838 κακιῶν
1585 4788 1634 4838 oi
1657 4788 1777 4839 πολ-

112 4864 291 4940 λὲὶ
311 4864 705 4956 κατάτρίϐουσι
725 4879 824 4940 τὰς
847 4875 940 4928 τοῦ
956 4874 1187 4946 Χριστοῦ
1214 4875 1437 4944 σάρκας,
1458 4877 1549 4928 καὶ
1563 4893 1622 4930 το
1640 4873 1776 4946 αἷμα

122 4975 692 5034 χ-Ὧταναλίσκοιισι,
728 4967 906 5023 κοινὸν
926 4965 1053 5019 αὐτὸ
1078 4964 1430 5034 ἡγησάμενοι.

245 5067 401 5136 nux.
435 5066 515 5118 ιδ’.
554 5062 704 5128 ηαρ’
727 5058 937 5124 ὀλίγον
957 5054 1245 5136 ἐγενόμηγ
1271 5052 1340 5104 ἐν
1364 5053 1537 5136 παντὶ
1567 5055 1740 5120 κακῷ.

287 5132 422 5222 πάλον
446 5153 668 5220 ὀλίγον
692 5145 1008 5215 ἐγενόμην.
1031 5136 1138 5193 Ἦν
1159 5132 1244 5192 ὅτέ
1265 5141 1364 5192 οὐκ
1390 5135 1457 5208 ἦν
1484 5143 1664 5205 κακία,
1685 5145 1776 5196 καὶ

147 5229 361 5295 ἱξπται
386 5244 473 5295 ὅτε
503 5241 606 5294 οὐκ
635 5237 812 5289 ἔσται.
846 5231 960 5283 Οὐκ
988 5225 1053 5298 ἦν
1090 5228 1167 5293 δὲ,
1219 5229 1308 5280 ὅτε
1357 5228 1456 5279 οὑκ
1484 5223 1550 5297 ἦν
1591 5231 1772 5300 ἀρετὴ,

153 5327 332 5383 δειδὲ
359 5332 508 5382 ἔσται
539 5329 634 5381 ὅτε
666 5325 770 5376 οὐκ
798 5321 973 5373 ἔσται.
1000 5315 1377 5382 Ἀνεξάλειπτα
1395 5314 1501 5384 γὰρ
1526 5317 1594 5370 τά
1614 5319 1778 5388 σπέρ-

162 5423 361 5474 ματα
389 5422 487 5490 τῆς
508 5415 742 5488 ἀρετῆς.
768 5409 955 5464 Πείθει
975 5406 1034 5458 δέ
1060 5421 1126 5474 με
1155 5404 1249 5456 καὶ
1277 5395 1429 5466 οὗτος
1450 5422 1463 5434 ο
1492 5409 1630 5474 Παρ’
1657 5409 1777 5461 ὀλί-

159 5511 341 5572 ‘l‘cr,
375 5510 471 5562 καὶ
496 5511 613 5562 οὐκ
632 5505 705 5557 ἐν
729 5497 914 5554 παντὶ
934 5495 1094 5559 κακῷ
1123 5493 1370 5564 γεγονώς
1391 5511 1404 5524 ο
1445 5498 1536 5549 καὶ
1561 5500 1588 5550 ὁ
1620 5499 1776 5552 πλού-

1885 3268 2160 3323 inescanti.

1886 3356 1950 3412 V.
1999 3357 2053 3412 ι.
2106 3356 2297 3412 Postea
2329 3368 2496 3429 tamen
2534 3361 2762 3414 amarius
2790 3361 2914 3428 quid
2935 3361 3053 3428 felle
3074 3364 3330 3429 invenies,
3363 3375 3412 3419 et

2109 3438 2317 3479 acutum
2354 3427 2518 3496 magis
2555 3445 2709 3496 quam
2738 3427 2942 3497 gladius
2981 3447 3184 3498 anceps.

1957 3577 2202 3632 Gladium
2248 3581 2379 3634 dicit
2439 3594 2683 3648 poenam;
2727 3581 2875 3649 juxta
2937 3582 3101 3638 illud:
3143 3582 3408 3638 Vulnerati

1883 3663 2048 3733 gladii
2081 3666 2178 3718 mei
2217 3667 2338 3720 estis
2370 3665 2435 3722 “.
2497 3666 2587 3720 Vel
2625 3666 2900 3734 judicium,
2949 3672 3092 3737 quod
3138 3681 3220 3725 est
3271 3671 3410 3726 sicut

1883 3755 2093 3824 gladius
2116 3763 2302 3809 acutus
2329 3756 2643 3824 perquirens
2669 3757 2876 3812 occulta
2911 3759 3106 3815 cordis.

1883 3927 1946 3982 V.
1976 3929 2028 3984 6.
2061 3929 2300 3982 Fallaces
2329 3940 2496 3984 autem
2521 3932 2702 3985 orbita:
2727 3933 2888 3999 illius,
2913 3944 2960 3988 et
2987 3951 3104 4005 qua:
3133 3951 3234 3988 non
3256 3935 3412 4002 facile
3517 3959 3525 3966 -

2506 4012 2799 4054 noscantur.

1958 4083 2200 4138 Fallaces
2221 4085 2405 4138 orbitae
2437 4085 2600 4150 illius,
2643 4097 2696 4140 et
2736 4104 2853 4156 qua:
2883 4104 2986 4143 non
3011 4089 3162 4144 facile
3185 4105 3411 4146 noscan-

1881 4186 1986 4237 tur,
2021 4184 2298 4250 propterea
2339 4177 2477 4245 quod
2507 4192 2536 4230 a
2568 4178 2720 4232 malis
2745 4179 2798 4231 in
2829 4178 2963 4232 mala
2997 4180 3303 4234 devolvatur
3341 4197 3408 4235 ex

1883 4268 2035 4337 longa
2070 4259 2364 4322 amantium
2419 4282 2535 4322 eam
2584 4269 2988 4324 consuetudine.
3037 4267 3219 4322 Fallax
3246 4279 3407 4324 estet

1879 4371 2043 4426 regno
2087 4357 2344 4413 calorum
2384 4359 2592 4427 privat,
2642 4367 2694 4414 et
2726 4359 2778 4411 in
2805 4359 3105 4427 gehennam
3147 4360 3404 4416 detrudit.

1883 4533 1943 4588 V.
1993 4533 2078 4587 ll.
2133 4533 2349 4598 Quando
2402 4540 2738 4586 conterantur
2780 4547 2960 4586 carnes
3021 4531 3249 4601 corporis
3305 4533 3406 4585 tui.

1950 4687 2050 4740 Per
2085 4687 2324 4741 carnium
2351 4686 2721 4739 contritionem
2753 4686 3212 4756 intemperantiam
3240 4688 3405 4742 deno-

1885 4787 1980 4842 tat,
2010 4793 2126 4843 qua:
2155 4786 2236 4830 est
2258 4777 2497 4844 quaedam
2526 4778 2818 4844 corruptio.
2849 4777 2950 4831 Per
2979 4779 3200 4832 crimina
3230 4789 3406 4834 autem

1880 4867 2091 4934 quidam
2139 4872 2426 4920 conterunt
2482 4863 2681 4918 Christi
2733 4880 2952 4933 carnes,
2997 4875 3050 4920 et
3097 4868 3406 4936 sanguinem

1879 4957 2186 5020 absumunt,
2225 4955 2504 5022 profanum
2535 4955 2702 5022 ipsum
2726 4956 3064 5010 arbitrantes.

2068 5045 2130 5098 γ.
2173 5044 2257 5097 14.
2294 5044 2672 5112 Propemodum
2708 5045 2782 5114 fui
2818 5047 2870 5098 in
2905 5045 3041 5098 omni
3069 5045 3224 5097 malo.

1955 5132 2336 5199 Propemodum
2386 5133 2485 5201 fui.
2525 5135 2822 5202 Aliquando
2868 5135 3053 5186 vitium
3115 5149 3216 5187 non
3267 5142 3404 5199 erat,

1881 5223 2225 5290 futurumque
2263 5231 2430 5276 estut
2463 5238 2571 5277 non
2622 5225 2704 5277 sit.
2763 5221 3037 5292 Nunquam
3069 5237 3193 5276 vero
3236 5220 3405 5276 virtus

1882 5329 1984 5368 non
2007 5313 2126 5377 luit,
2157 5328 2254 5369 nec
2284 5315 2518 5368 futurum
2546 5324 2628 5368 est
2659 5323 2717 5368 ut
2753 5315 2971 5367 non-sit.
3009 5311 3222 5365 Semina
3252 5321 3401 5361 nam-

1881 5419 1984 5473 que
2013 5404 2221 5458 virtutis
2251 5405 2413 5460 deleri
2452 5421 2552 5460 non
2585 5415 2823 5474 possunt.
2847 5401 3133 5457 Persuadet
3160 5409 3284 5449 vero
3317 5409 3402 5448 me

1878 5496 2051 5551 ctiste
2079 5513 2092 5548 :
2132 5491 2541 5565 Propemodum,
2571 5505 2620 5550 et
2661 5511 2763 5550 non
2795 5495 2849 5547 in
2887 5490 3024 5546 omni
3051 5485 3188 5538 malo
3209 5483 3303 5551 lui.
3334 5481 3404 5540 Et

288 5606 329 5633 ιι
353 5600 506 5656 Prov.
546 5611 702 5658 xxiv,
737 5594 825 5648 15.
903 5589 952 5620 ⁸⁸
993 5588 1144 5641 Prov.
1176 5601 1249 5650 iv,
1274 5585 1326 5639 6.
1398 5588 1443 5618 "
1471 5587 1704 5658 Sophon.
1740 5607 1803 5658 ιι,
1827 5593 1910 5647 12».

291 5694 357 5757 (l)
378 5693 540 5747 Forte
580 5689 903 5757 ἀτίνακτος.

290 5749 356 5834 (9)
387 5762 536 5819 Deest
581 5760 773 5813 ἄκουε.
825 5750 949 5804 Mox
1008 5749 1207 5803 videtur
1256 5749 1528 5816 legendum
1561 5751 1748 5822 ἀπώσῃ
1784 5773 1790 5801 ‹

1891 5770 1902 5808 ι
1927 5751 2046 5808 cod.
2072 5751 2222 5807 Alex.

3441 5653 3475 5706 ὃ.
