3922 6376
594 397 731 466 ηδ’
1460 405 2003 464 SUPPLEMENTUM
2035 407 2126 462 AD

2222 405 2470 462 “GENIS
2503 405 2676 462 EXEG
2686 403 2903 462 ETICA.
3684 413 3771 468 16!

603 524 774 579 sibilia
806 522 1012 589 respicit
1039 536 1055 584 ;
1085 519 1278 584 oratio,
1307 522 1468 576 verba
1501 532 1552 578 et
1575 525 1922 594 cogitationes
1946 543 1960 590 ;
1987 539 2134 580 mcns

2231 523 2336 576 τῶν
2366 524 2616 594 ῥημάτων
2663 523 2882 577 καὶτῶν
2913 523 3220 594 νοημάτων·
3251 524 3281 575 6
3319 523 3375 576 δὲ
3427 522 3568 587 νοῦς,
3595 525 3775 598 θεωρία

601 617 849 684 denique,
879 615 929 668 in
974 612 1415 670 intellecuialibus
1450 617 1610 671 rebus
1635 626 1896 674 versatur.

1042 612 1415 670 .ellectualibus
1450 617 1610 671 rebus
1635 626 1896 674 versatur.
2236 613 2341 664 τῶν
2371 613 2591 682 νοητῶν.

670 703 692 736 ³
716 703 863 757 Sicut
903 715 1052 756 mens
1084 716 1177 770 per
1204 717 1391 758 sensus
1415 704 1479 757 ad
1517 705 1792 759 sensibilia
1818 706 2127 769 intenditur,

2299 704 2502 774 Ὥσπερ
2539 701 2624 754 διὰ
2667 702 2772 755 τῶν
2810 703 3111 772 αἰσθήσεων
3144 705 3174 756 6
3207 703 3335 766 νοῦς
3362 704 3639 759 ἐπιϐάλλει
3677 712 3772 771 τοῖς

603 794 669 849 ita
694 793 850 846 etiam
879 805 975 858 per
997 790 1223 846 virtutes
1249 791 1624 846 intellectualia
1648 795 1916 849 observat.
1934 797 2126 861 Quam-

2228 793 2514 862 αἰσθητοῖς,
2574 791 2710 844 οὕτω
2758 793 2849 844 καὶ
2878 791 2964 844 διὰ
2995 792 3105 844 τῶν
3148 793 3364 862 ἀρετῶν
3413 794 3692 847 ἐποπτεύει
3717 797 3771 848 τὰ

599 883 778 936 obrem
823 895 1007 935 sensus
1055 895 1264 950 quoque
1296 882 1572 937 continere
1601 883 1882 948 rationem,
1917 886 2128 953 sapiens

2227 883 2404 952 νοητά·
2437 881 2622 950 διόπερ
2653 882 2746 933 καὶ
2780 881 3080 950 αἰσθήσεως
3115 881 3280 933 αὑτὸν
3314 881 3471 950 λόγον
3502 883 3707 952 ἐπέχειν
3750 889 3773 937 6

599 971 844 1026 Salomon
868 986 964 1026 nos
987 974 1159 1027 docet.

2229 971 2386 1038 σοφὸς
2409 968 2654 1038 Σολομὼν
2676 971 2818 1038 ἡμᾶς
2847 969 3105 1024 διδάσκει.

661 1056 684 1086 ⁸
710 1056 808 1120 Qui
843 1059 1132 1126 nequitiam
1170 1060 1388 1123 habent,
1415 1068 1675 1127 quatenus
1707 1061 1932 1130 improbi
1980 1072 2124 1124 sunt,
2173 1134 2175 1136 η

2295 1059 2355 1110 Οί
2393 1057 2654 1125 κτώμενοι
2705 1057 2921 1120 κακίαν,
2965 1058 3043 1126 τῷ
3084 1057 3248 1110 κακοὶ⁴
3291 1052 3432 1111 εἶναι
3463 1059 3771 1123 ὲξουδενοῦσι

595 1144 910 1212 sapientiam
938 1158 1288 1214 aspernantur
1319 1168 1330 1202 :
1359 1159 1410 1202 et
1440 1151 1562 1218 quia
1597 1152 1784 1203 timore
1813 1162 2014 1214 carent,
2037 1154 2125 1219 qui

2229 1149 2434 1214 σοφίαν·
2459 1149 2550 1200 καὶ
2586 1147 2657 1217 μὴ
2691 1147 2900 1216 ἔχοντες
2931 1148 3092 1215 φόϐον
3114 1148 3208 1201 τὸν
3241 1148 3500 1200 ποιοῦντα
3519 1150 3680 1220 ἀρχὴν
3703 1155 3773 1204 αἰ-

597 1247 785 1288 sensus
809 1236 1017 1289 initium
1065 1239 1210 1300 facit,
1245 1239 1442 1294 idcirco
1468 1241 1595 1293 fatui
1627 1251 1750 1294 sunt
1775 1252 1828 1295 et
1855 1242 2127 1309 sapientiae

2227 1238 2482 1307 σθήσεως,
2514 1238 2885 1306 ἀναισθητοῦσι
2922 1240 3013 1290 καί
3041 1239 3379 1301 ὲξουδενοῦσι
3408 1240 3612 1306 σοφίαν·
3644 1242 3769 1305 πῶςς

595 1334 1004 1393 contemptores.
1042 1328 1178 1391 Quid
1241 1328 1309 1380 ita
1335 1329 1358 1380 ί
1381 1330 1500 1396 quia
1539 1345 1709 1397 neque
1742 1339 1924 1399 agunt,
1957 1345 2126 1398 neque

2224 1323 2299 1393 τῷ
2333 1325 2406 1394 μὴ
2439 1327 2689 1394 πράττειν
2726 1327 2855 1396 μηδὲ
2885 1327 3142 1394 μετιέναι·
3197 1330 3309 1388 πᾶς
3328 1326 3448 1395 ιγάρ
3471 1328 3585 1380 ὁτά
3617 1330 3770 1396 φαῦλα

597 1412 922 1482 intelligunt.
953 1415 1207 1483 Quisquis
1236 1417 1375 1469 enim
1423 1419 1559 1471 male
1614 1420 1755 1487 agit,
1792 1420 1960 1472 lucem
1993 1421 2122 1473 odit.

2226 1415 2492 1484 πράττων,
2540 1419 2683 1484 μισεῖ
2711 1417 2770 1468 τὸ
2823 1416 2958 1483 φῶς·
2993 1415 3107 1468 ἀλλ’
3143 1417 3204 1468 οὐ
3256 1418 3407 1486 παρά
3464 1419 3560 1488 τὴν
3591 1420 3769 1472 οἰκείαν

596 1503 780 1572 Neque
807 1521 898 1559 eos
920 1509 1130 1575 propria
1163 1517 1347 1561 natura
1407 1509 1743 1571 dehonestat,
1770 1509 1859 1561 sed
1893 1509 2123 1577 ipsorum

2227 1503 2381 1570 φύσιν
2411 1505 2749 1572 ἀτιμάζεται,
2791 1505 2922 1558 ἀλλά
2962 1505 3113 1574 παρὰ
3155 1507 3256 1574 τὴν
3301 1507 3527 1558 ἐκείνων
3552 1508 3764 1574 ἄγνοιαν·

598 1594 829 1652 inscitia.
860 1594 1233 1651 Verumtamen
1273 1598 1343 1666 pii
1378 1598 1619 1651 homines
1649 1599 1978 1667 disciplinam
2015 1614 2126 1651 am-

2226 1593 2338 1645 ἀλλ’
2363 1597 2409 1646 οί
2444 1596 2676 1657 εὐσεϐεῖς
2709 1595 2981 1664 αἱροῦνται
3012 1595 3110 1664 τὴν
3144 1595 3418 1661 παιδείαν,
3454 1597 3540 1648 ἵνα
3571 1597 3660 1667 τὴν
3685 1599 3766 1665 ψυ-

597 1683 917 1760 ρίεείυηιυν,
953 1694 1006 1738 ιιι
1035 1688 1284 1740 mundato
1309 1689 1484 1740 animo
1513 1689 1776 1756 excipiant
1814 1689 1984 1752 illam,
2010 1704 2126 1759 quae

2226 1682 2322 1751 χὴν
2346 1683 2720 1753 καθαρθέντες,
2756 1684 3092 1746 εἰσδέξωνται
3116 1684 3216 1752 τὴν
3240 1686 3321 1746 εἰς
3347 1686 3666 1753 κακότεχνον
3684 1687 3765 1754 ψυ-

597 1773 650 1827 in
683 1775 980 1827 malivolam
1033 1776 1261 1828 animam
1302 1791 1404 1829 non
1440 1777 1754 1846 ingreditur,
1787 1779 2120 1846 sapientiam.

2227 1773 2325 1843 χὴν
2353 1772 2422 1843 μὴ
2456 1773 2717 1825 εἰσιοῦσαν
2743 1775 2945 1840 σοφίαν·
2965 1776 3012 1824 οἱ
3030 1773 3086 1825 δὲ
3113 1773 3188 1843 μὴ
3224 1773 3439 1842 ἔχοντες
3463 1775 3761 1843 φόϐονΘεοῦ,

595 1861 780 1926 Secus,
817 1866 906 1932 qui
938 1865 1026 1918 Dei
1067 1867 1254 1922 timore
1303 1878 1508 1928 carent,
1540 1876 1627 1934 qui
1681 1881 1871 1922 sensus
1914 1870 2119 1924 initium

2224 1841 2311 1916 τὸν
2331 1841 2579 1915 ποιοῦντα
2603 1863 2770 1933 ἀρχὴν
2809 1841 3133 1932 αἰσθήσεως,
3168 1841 3554 1933 ἀναισθητοῦσι
3599 1867 3763 1932 σοφίας

595 1956 742 2020 nteit,
768 1971 938 2020 neque
963 1959 1277 2026 sapientiam
1320 1975 1490 2028 neque
1526 1959 1856 2026 disciplinam
1885 1961 2120 2027 sapiunt,

2219 1955 2311 2006 καὶ
2342 1953 2600 2016 παιδείας,
2631 1956 2723 2005 καὶ
2758 1953 3127 2015 ὲξουθενοῦσιν
3173 1954 3460 2025 ἀμφότερα
3635 1955 3701 2017 ὡς
3722 1957 3759 2007 οί

589 2045 681 2099 sed
710 2055 989 2116 utramque
1019 2060 1373 2116 aspernantur
1403 2062 1416 2106 :
1443 2049 1583 2102 velut
1604 2049 1676 2103 illi
1703 2050 1790 2117 qui
1829 2049 1987 2104 Vetus
2021 2051 2120 2104 Te-

2217 2041 2312 2110 τὴν
2327 2041 2561 2094 Παλαιὰν
2581 2042 2652 2110 μὴ
2667 2041 2955 2110 δεχόμενοι,
2972 2043 3065 2093 καὶ
3081 2043 3172 2094 τὸν
3193 2044 3268 2113 Δη
3278 2044 3534 2114 μιουργδν
3549 2045 3618 2108 ὼς
3633 2045 3760 2113 ὠμὸν

587 2137 905 2186 stamentum
941 2147 1043 2186 non
1061 2132 1370 2196 admittunt,
1396 2143 1449 2186 et
1471 2132 1772 2186 Creatorem
1796 2135 2122 2189 crudelitatis

1061 2132 1370 2196 admittunt,
1396 2143 1449 2186 et
1471 2132 1772 2186 Creatorem
1796 2135 2122 2189 crudelitatis
2216 2133 2597 2195 διαϐάλλοντες.

586 2217 920 2274 insimulant.

572 2352 581 2380 ,
657 2310 677 2341 ¹
708 2309 858 2365 Sicut
901 2320 1082 2365 vertex
1123 2321 1178 2364 et
1219 2311 1410 2364 collum
1458 2312 1545 2365 hic
1590 2313 1802 2367 denotat
1850 2323 2116 2378 mentem,

2290 2307 2546 2376 ’Ὡσπερή
2571 2307 2776 2378 κορυφὴ
2805 2309 2898 2360 καὶ
2925 2307 3242 2378 ὁτράχηλος
3266 2307 3417 2377 δηλοῖ
3445 2306 3663 2360 ἐνταῦθα
3679 2306 3757 2358 τὸν

583 2400 655 2454 ita
687 2401 846 2454 etiam
897 2415 1093 2455 corona
1141 2410 1196 2454 et
1240 2412 1457 2470 torques
1505 2402 1804 2470 signiﬁcant
1851 2404 1950 2458 hoc
1980 2404 2118 2459 ‘loco

2215 2396 2356 2460 νοῦν,
2387 2396 2523 2449 οὕτω
2548 2399 2639 2449 καὶ
2664 2400 2692 2449 6
2725 2398 2985 2466 στέφανος
3019 2401 3115 2452 καὶ
3146 2403 3174 2452 6
3203 2399 3381 2461 κλοιὸς
3421 2397 3644 2450 ἐνταῦθα
3672 2411 3748 2463 ση-

581 2491 882 2545 scientiam.
909 2490 1056 2544 Solet
1083 2491 1224 2544 enim
1268 2491 1495 2558 Spiritus
1541 2500 1757 2545 sanctus
1797 2493 1978 2546 multis
2023 2509 2120 2546 no-

2219 2486 2394 2555 μαίνει
2438 2486 2536 2554 τὴν
2565 2487 2779 2554 γνῶσιν·
2813 2487 2950 2558 αῦτη
2985 2489 3097 2560 γὰρ
3130 2492 3163 2559 ἠ
3201 2489 3458 2558 συνήθεια
3486 2486 3576 2538 τοῦ
3606 2486 3752 2537 Πνεύ-

580 2581 811 2634 minibus
849 2578 1131 2648 indigita‘re
1178 2579 1338 2632 Deum
1377 2590 1429 2632 et
1475 2579 1693 2648 angelos
1722 2579 1855 2648 ejus,
1885 2589 2112 2635 mentem

2219 2593 2380 2644 ματος
2411 2575 2502 2627 τοῦ
2532 2575 2704 2643 ἁγίου,
2745 2577 2956 2639 πολλοῖς
2986 2578 3246 2648 ὀνόμασιν
3271 2577 3517 2645 ὠνόμασε
3546 2574 3753 2628 τὸνθεόν

580 2684 641 2722 ac
689 2670 955 2729 virtutem,
989 2669 1263 2723 scientiam
1293 2678 1347 2723 et
1384 2670 1771 2737 insipientiam,
1827 2671 2113 2734 malitiam,

2212 2681 2271 2715 τε
2304 2665 2398 2717 καὶ
2440 2666 2562 2726 τοὺς
2607 2664 2868 2732 ἀγγέλους
2908 2667 3099 2730 αὑτοῦ,
3144 2668 3358 2720 καὶτὸν
3390 2665 3530 2728 νοῦν,
3563 2665 3650 2717 καὶ
3665 2664 3751 2731 τὴν

580 2756 860 2824 ipsumque
890 2757 1156 2812 diabolum
1179 2771 1300 2810 cum
1327 2757 1524 2824 angelis
1545 2756 1678 2824 ejus.
1702 2757 1853 2810 Hand
1885 2772 2009 2810 vero
2040 2767 2116 2811 te-

2213 2753 2427 2823 ἀρετὴν,
2459 2754 2550 2807 καὶ
2577 2754 2672 2824 τὴν
2699 2755 2917 2822 γνῶσιν,
2950 2757 3046 2808 καὶ
3086 2757 3187 2825 τὴν
3215 2756 3507 2824 ἀγνωσίαν,
3541 2753 3630 2806 καὶ
3669 2752 3753 2819 τὴν

577 2860 723 2900 mere
744 2847 954 2899 nomina
979 2847 1222 2914 imponit,
1255 2853 1311 2898 ut
1343 2847 1555 2914 quidam
1581 2848 1888 2900 existimant
1905 2848 2024 2904 :sed
2049 2863 2111 2901 ea

2212 2843 2424 2907 κακίαν,
2477 2845 2568 2896 καὶ
2599 2845 2759 2896 αὑτὸν
2796 2844 2883 2897 τὸν
2925 2845 3174 2899 διάϐολον
3227 2845 3322 2898 καὶ
3354 2846 3478 2906 τοὺς
3516 2842 3749 2910 ἀγγέλους

578 2935 903 2990 diversarum
937 2937 1299 3005 operationum
1328 2945 1452 2990 sunt
1483 2937 1675 2990 indicia
1707 2955 1722 2990 :
1761 2940 1867 2991 Deo
1898 2939 2110 3007 quidem

2211 2931 2390 2984 αὐτοῦ·
2439 2932 2533 3000 ούχ
2574 2931 2754 2993 ἁπλῶς
2793 2933 2850 2985 δὲ
2898 2934 3084 3004 τίθησι
3119 2933 3187 2986 τά
3226 2933 3483 3002 ὀνόματα,
3524 2931 3594 2992 ὦς
3627 2943 3747 2986 τινες

575 3038 668 3094 per
695 3026 912 3091 angelos
959 3027 1008 3078 in
1055 3026 1206 3079 nobis
1243 3035 1536 3094 operante;
1575 3034 1628 3079 et
1670 3026 1821 3080 nobis
1854 3027 1905 3079 in
1937 3042 2000 3081 eo
2035 3027 2111 3079 vi-

2209 3021 2424 3074 οίονται·
2470 3023 2734 3091 διαφόρων
2767 3025 3062 3093 ἐνεργειῶν
3090 3025 3198 3077 εἰσί.
3224 3023 3589 3093 γνωρίσματα·
3635 3015 3745 3071 Θεοῦ

575 3114 770 3178 cissim,
795 3115 1096 3182 pariterque
1117 3115 1327 3169 diabolo
1355 3129 1481 3183 erga
1513 3129 1608 3169 nos
1633 3124 1841 3184 agente.

2211 3110 2264 3162 δὲ
2290 3111 2376 3163 διὰ
2407 3111 2512 3163 τῶν
2541 3111 2783 3178 ἀγγέλων
2824 3113 2962 3182 ἡμῖν
2992 3112 3365 3184 ἐνεργοῦντος,
3392 3113 3484 3165 καὶ
3511 3109 3654 3179 ἡμῶν
3700 3108 3746 3158 ὲν

2206 3200 2370 3268 αὐτῷ,
2399 3200 2664 3268 δαιμόνων
2684 3217 2744 3253 τε
2772 3202 2906 3270 πρὸς
2954 3205 3123 3273 ἡμᾶς.

642 3287 663 3319 ⁸
687 3287 750 3342 Hi
778 3299 901 3342 sunt
931 3290 1357 3345 adversariorum
1391 3291 1723 3355 cohaeredes,
1754 3291 1840 3358 qui
1866 3292 2104 3363 eamdem

2275 3285 2433 3342 Οὗτοι
2457 3291 2874 3361 συγκληρονόμοι
2895 3295 3016 3346 τῶν
3031 3294 3416 3363 ἀντικειμένων
3433 3291 3582 3351 εἰσὶν,
3603 3289 3646 3340 oi
3663 3283 3745 3351 τῆς

573 3388 690 3428 cum
712 3376 838 3444 ipsis
860 3378 1180 3446 participant
1203 3378 1613 3447 improbitatem.
1637 3378 1924 3432 Commune
1945 3359 2105 3446 porro

2204 3382 2366 3451 αὐτῆς
2381 3381 2559 3442 αὐτοῖς
2579 3381 2770 3443 κακίας
2791 3359 2998 3451 μεταλα
3006 3359 3317 3454 μϐάνοντες·
3344 3382 3515 3434 κοινὸν
3528 3380 3582 3431 δέ
3595 3381 3737 3433 ἐστιν,

571 3473 674 3529 est,
710 3466 846 3532 quod
880 3481 981 3519 non
1030 3475 1112 3520 est
1145 3469 1299 3522 unius
1350 3468 1463 3522 Dei.
1499 3469 1874 3523 Animadverte
1929 3479 2104 3523 autem

2203 3472 2231 3523 6
2260 3472 2331 3542 μὴ
2359 3472 2450 3524 τοῦ
2484 3471 2599 3534 ἑνός
2641 3474 2755 3524 ἐστι
2791 3473 2885 3526 τοῦ
2929 3475 3084 3528 Θεοῦ·
3145 3479 3246 3548 ὅρα
3289 3477 3346 3528 δὲ
3394 3473 3632 3542 ὁμόνοιαν
3660 3482 3738 3517 πο-

572 3556 907 3610 concordiam
938 3557 1230 3625 improbam
1257 3568 1310 3613 et
1333 3559 1635 3614 exitiosam.

1202 3574 1230 3610 n
1257 3568 1310 3613 et
1333 3559 1635 3614 exitiosam.
2203 3559 2372 3630 νηρὰν
2393 3559 2485 3612 καὶ
2515 3558 2751 3629 ὀλεθρον.

639 3647 658 3676 ⁷
693 3647 825 3700 Rete
868 3656 946 3700 est
989 3659 1188 3701 aeterna
1221 3663 1400 3717 poena,
1435 3657 1488 3703 et
1519 3648 1664 3703 varia
1705 3650 1910 3717 punitio
1934 3663 2050 3718 qua:
2074 3665 2101 3701 a

2271 3649 2488 3702 Δίκτυόν
2521 3652 2634 3703 ἐστι
2673 3651 2891 3716 κόλασις
2935 3654 3170 3719 αἰώνιος,
3212 3653 3307 3706 καὶ
3342 3647 3650 3718 πολυσχιδὴς
3675 3659 3737 3694 τι·

567 3734 706 3804 justo
735 3735 911 3801 judice
945 3738 1164 3804 impuris
1199 3740 1480 3793 animabus
1525 3739 1836 3808 imponitur,
1862 3748 1921 3792 ut
1969 3739 2104 3792 male

2206 3740 2380 3810 μωρία
2433 3739 2582 3808 παρὰ
2635 3741 2727 3794 τοῦ
2773 3741 2985 3796 δικαίου
3047 3742 3234 3813 κριτοῦ
3280 3743 3401 3802 ταῖς
3445 3734 3737 3802 ἀκαθάρτοις

570 3835 710 3880 nata:
744 3826 837 3879 alte
857 3827 1162 3894 perdantnr.
1198 3827 1314 3880 Jam
1355 3843 1481 3882 vero
1506 3829 1714 3896 pennati
1746 3843 1842 3882 nos
1865 3827 2102 3882 homines

2203 3830 2576 3900 προσαγομένη
2606 3830 2799 3900 ψυχαῖς
2826 3833 2917 3884 ἐπ’
2944 3834 3188 3902 ἀπωλείᾳ
3213 3831 3322 3884 τῶν
3355 3827 3534 3887 κακῶς
3563 3819 3736 3886 ἐκφύν-

571 3911 812 3975 dicimur,
860 3913 981 3981 quia
1017 3914 1226 3968 volandi
1280 3915 1500 3980 viribus,
1550 3914 1806 3985 siquidem
1860 3914 2099 3979 velimus,

2201 3936 2306 3970 των
2335 3919 2563 3988 πτερῶν·
2597 3919 2846 3989 πτερωτά
2887 3922 2962 3984 δὲ,
2999 3924 3160 3991 ἡμεῖς
3189 3923 3237 3972 οἰ
3268 3919 3537 3988 ἄνθρωποι
3567 3911 3614 3962 οἱ
3659 3905 3734 3959 δύ-

569 4003 770 4072 ρηιιιίὶιί
803 4017 1005 4056 sumus.
2201 4023 2360 4075 ναμιν
2387 4006 2478 4059 ἐὰν
2507 4006 2743 4077 θέλωμεν
2782 4008 3000 4077 ἔχοντες
3024 4011 3118 4061 τοῦ
3143 4007 3466 4075 ἀναπτῆναι.

639 4091 660 4122 ⁸
689 4091 900 4144 Exitum
929 4107 1069 4145 nunc
1115 4093 1345 4160 appellat
1372 4093 1733 4164 egredientem
1763 4107 1798 4152 ι
1825 4093 2020 4144 malitia
2051 4102 2104 4144 et

2271 4095 2482 4160 Ἕξοδον
2525 4096 2618 4150 νῦν
2664 4097 2922 4166 ὀνομάζει
2961 4100 3060 4169 τὴν
3114 4096 3429 4164 ἐξελθοῦσαν
3455 4090 3620 4160 ψυχὴν
3649 4081 3737 4138 ἀπὸ

491 4197 494 4202 ·
571 4179 867 4248 insipientia
899 4180 1147 4232 animam.
1185 4181 1276 4233 Ille
1307 4190 1483 4232 autem
1525 4189 1606 4233 est
1643 4179 1869 4236 ﬁliorum
1894 4180 2034 4233 lsrae

2200 4183 2392 4246 κακίας
2407 4185 2499 4236 καὶ
2522 4185 2806 4251 ἀγνωσίας·
2830 4188 3058 4257 τοιαύτη
3090 4187 3146 4238 δὲ
3173 4185 3348 4248 ἔξοδος
3374 4181 3479 4233 τῶν
3501 4175 3620 4228 υίῶν
3657 4171 3737 4220 Ἰσ-

567 4272 762 4336 exitus,
785 4272 880 4338 qui
907 4273 964 4325 lit
994 4282 1114 4340 post
1141 4275 1373 4342 genesim
1409 4288 1474 4326 ex
1509 4273 1713 4340 judicio
1755 4272 1844 4326 Dei
1885 4287 1948 4326 ac
1986 4287 2100 4324 ma-

2204 4271 2354 4341 ραὴλ,
2396 4273 2430 4340 ἠ
2469 4273 2602 4340 μετὰ
2633 4273 2730 4343 τὴν
2758 4276 2822 4326 ὲκ
2870 4277 2972 4344 τῆς
3004 4275 3237 4346 κρίσεως
3265 4271 3357 4324 τοῦ
3398 4266 3528 4320 Θεοῦ
3557 4262 3644 4316 καὶ
3669 4258 3734 4346 6t-

569 4361 806 4429 gisterio.
831 4359 952 4413 Jam
974 4361 1139 4427 ipsam
1163 4363 1391 4415 animam
1420 4363 1548 4414 dicit
1580 4362 1809 4429 plateam
1837 4377 1850 4412 :
1888 4378 1907 4411 ι
1931 4361 2097 4413 Dilata

2199 4360 2488 4422 δασκαλίας
2517 4362 2728 4428 γένεσιν
2753 4343 3152 4433 γεγονυῖαίτὴν
3187 4361 3353 4429 αὐτὴν
3381 4358 3437 4410 δὲ
3467 4351 3634 4422 ψυχὴν
3655 4343 3732 4398 καὶ

568 4450 730 4509 enim,
765 4447 935 4516 inquit
963 4450 1259 4518 Scriptura,
1285 4465 1346 4505 os
1374 4462 1541 4517 tuttm,
1573 4459 1621 4504 et
1653 4451 1877 4518 implebo
1902 4449 2044 4502 illud.
2075 4467 2093 4498 ι

2203 4451 2454 4504 πλατεῖαν
2482 4451 2626 4519 λέγει
2647 4470 2660 4482 ·
2686 4471 2703 4502 ι
2726 4454 3004 4508 Πλάτυνον
3027 4454 3157 4522 γὰρ,
3184 4450 3337 4519 φησί,
3359 4447 3420 4499 τὸ
3451 4443 3614 4510 στόμα
3633 4451 3729 4494 σῡυι

574 4557 594 4588 ι
614 4539 784 4592 Etvos
806 4551 1013 4605 quoque
1027 4539 1340 4604 dilatamini,
1363 4559 1382 4590 ι
1402 4541 1474 4593 ait
1491 4541 1540 4593 in
1565 4539 1792 4594 secunda
1814 4539 1878 4591 ad
1905 4538 2092 4593 Corins-

2197 4539 2286 4590 καί⁵
2296 4538 2398 4608 πλη
2407 4537 2562 4608 ρώσω
2576 4539 2718 4592 αὑτό·
2734 4543 2856 4594 »καὶ
2873 4559 2893 4593 ι
2907 4539 3261 4608 πλατύνθητε,
3276 4535 3426 4604 φησὶ,
3445 4527 3725 4595 καὶύμεῖςν³

571 4629 708 4682 thios
739 4627 948 4680 Paulus.
983 4628 1045 4679 Et
1070 4630 1135 4682 ab
1160 4633 1336 4685 anima
1390 4630 1623 4698 quidem,
1662 4644 1782 4697 quae
1803 4629 1875 4682 ita
1905 4627 2094 4690 evasit,

2197 4629 2254 4678 ὲν
2284 4629 2347 4697 τῇ
2394 4627 2527 4698 πρὸς
2557 4630 2874 4699 Κορινθίους
2901 4634 2930 4684 6
2973 4629 3200 4690 Παῦλος·
3257 4625 3353 4678 καὶ
3396 4619 3498 4674 ὑπὸ

569 4718 864 4772 celebratur
893 4718 1170 4785 sapientia,
1198 4729 1254 4773 et
1283 4722 1336 4773 in
1365 4695 1502 4775 terra
1543 4695 1828 4774 virtutibus
1860 4719 2094 4786 spatiosa

2197 4695 2363 4778 οῧτὼξ
2410 4695 2763 4788 ἐξερχομένης
2796 4720 2995 4790 ψυχῆς,
3045 4719 3290 4786 ὑμνεῖται
3319 4713 3358 4780 ,ἡ
3395 4706 3566 4774 σοφία·
3603 4701 3655 4790 ἦν
3683 4695 3729 4748 δὲ

569 4807 896 4860 conﬁdenter
919 4805 1075 4874 degit.
1105 4808 1352 4865 Summos
1377 4819 1553 4865 autem
1582 4824 1762 4864 muros
1783 4810 1910 4863 dicit
1932 4809 2097 4877 ipsius

2199 4809 2268 4876 γῇ
2308 4787 2675 4878 πλατυνομένῃ
2724 4787 2821 4861 διάί
2983 4805 3214 4880 ἀρετῶν,
3265 4795 3566 4868 παρρησίαν
3603 4787 3726 4880 ᾷγειο

571 4910 830 4949 summam
864 4910 894 4948 a
936 4896 1306 4963 cupiditatibus
1356 4899 1830 4968 tranquillitatem:
1859 4897 2096 4966 quando-

2203 4899 2415 4967 Ἀκρων
2433 4897 2487 4950 δὲ
2513 4899 2730 4968 τειχέων
2751 4900 2941 4970 αὐτῆς,
2972 4878 3266 4967 τὴννᾶκραν
3305 4887 3560 4944 ἀπάθειαν
3580 4878 3725 4970 λέγειν

570 4984 782 5053 quidem
829 4985 918 5051 qni
970 4985 1138 5053 legem
1183 4987 1444 5060 diligunt,
1494 4966 1701 5042 murum
1733 4988 1834 5043 sibi
1869 4989 2097 5040 circum-

2198 4966 2349 5057 εἴπερ
2377 4988 2426 5040 οἱ
2457 4966 2774 5054 ἀγαπῶντες
2811 4966 2903 5042 τὸν
2936 4966 3118 5056 νόμον.
3159 4966 3727 5060 παραδάλλθυσινξῗ

570 5048 1036 5138 dant.Cujusmodi
1067 5077 1200 5128 muri
1225 5048 1394 5146 gratia
1425 5088 1668 5146 precatur
1691 5077 1853 5130 David
1875 5078 2090 5130 dicens:

2196 5077 2306 5137 τοῖς
2322 5048 2525 5145 ’τεῖχος⁸
2550 5078 2685 5148 ὑπὲρ
2711 5048 2773 5132 οῦ
2799 5048 3011 5148 τείχους
3041 5048 3256 5143 εὔχεταί
3287 5069 3382 5122 και
3416 5066 3446 5115 6
3489 5048 3725 5148 Mutant-

576 5165 966 5219 uEdilicantur
983 5169 1119 5223 muri
1133 5138 1461 5224 Hierusalem
1500 5187 1514 5221 :
1554 5188 1572 5220 ι
1602 5170 1651 5222 id
1678 5178 1761 5222 est
1782 5168 1934 5234 hujus
1967 5181 2094 5220 meae

2196 5180 2322 5230 γων·
2353 5183 2371 5213 ε
2395 5138 2800 5236 όίκοδομηθήτω
2814 5138 3052 5233 τάτεείχη
3079 5138 3448 5232 ’ίερουσαλὴμη
3470 5138 3722 5238 »τοιξτέσντέ

571 5252 758 5306 anima:
783 5257 1030 5321 prostrati
1070 5258 1204 5312 muri
1237 5268 1450 5327 propter
1469 5258 1612 5313 Uria:
1636 5259 1920 5328 negotium.

2201 5251 2300 5320 τῆς
2329 5255 2535 5306 τοιᾶσδε
2781 5256 2850 5308 τὰ
2891 5230 3372 5307 καταπεπτωκότα,
3417 5230 3644 5307 δηλονότι
3669 5230 3723 5273 ἐκ

2201 5337 2297 5406 τῆς
2319 5339 2412 5392 τοῦ
2438 5341 2630 5411 Οὐρίου
2656 5344 3004 5414 προφάσεως.
3403 5359 3406 5362 ’

632 5427 654 5457 ⁹
685 5427 954 5492 Quomodo
982 5444 1106 5500 ergo
1133 5429 1264 5484 dixit
1288 5438 1440 5483 antea
1465 5428 1713 5483 Salomon
1750 5443 1762 5476 :
1799 5445 1814 5475 ι
1845 5425 1942 5490 Qui
1977 5440 2097 5494 per-

2256 5393 2389 5492 ’ίιῶς
2405 5393 2997 5503 οὖνέμπροςξθ-ένφησιυν
3010 5430 3038 5481 6
3059 5422 3322 5492 Σολομῶν·
3346 5437 3364 5471 ι
3387 5416 3442 5468 '0
3457 5410 3513 5464 δὲ
3536 5393 3721 5470 ἐπιχαί-

635 5561 655 5592 ⁸
685 5563 810 5616 v.7.
887 5565 906 5594 ⁸
931 5565 1053 5617 ibid.
1129 5565 1153 5596 ⁸
1186 5580 1238 5616 v.
1265 5567 1315 5618 9.
1391 5565 1411 5595 ⁸
1441 5566 1592 5617 ν.14.
1669 5563 1687 5594 ⁷
1721 5579 1768 5614 v.
1805 5565 1888 5618 l7.
1955 5564 1975 5594 ⁸
2008 5581 2057 5617 v.
2087 5564 2174 5616 20.

931 5565 1053 5617 ibid.
1129 5565 1153 5596 ⁵
1186 5580 1238 5616 v.
1265 5567 1315 5618 9.
1391 5565 1411 5595 ⁸
1441 5566 1592 5617 ν.14.
1669 5563 1687 5594 '
1721 5579 1768 5614 v.
1805 5565 1888 5618 Π.
1955 5564 1975 5594 ⁸
2008 5581 2057 5617 v.
2087 5564 2174 5616 20.
2249 5575 2268 5604 ο
2300 5580 2352 5616 v.
2391 5567 2477 5618 26.

635 5699 731 5764 (ι’)
773 5700 889 5751 llxc
925 5703 1113 5767 partim
1146 5713 1454 5770 repetuntur
1483 5719 1545 5757 ex
1577 5703 1968 5770 superioribus;
2006 5707 2096 5757 scd
2139 5713 2314 5758 tamen
2349 5706 2416 5758 ita
2443 5719 2498 5758 se
2531 5706 2687 5760 habet
2721 5707 2908 5763 codex.
