3922 6412
93 486 163 544 165

77 615 295 722 ῃηέθ
394 622 600 690 σοφίαν
624 628 721 722 ᾡς
753 636 968 712 ἐχάρη
1016 615 1122 700 ἐπὶ
1153 653 1219 720 τῇ
1253 615 1799 722 ἀπωλείᾳ*

100 678 294 760 uti-
357 678 375 725 .'
476 678 490 690 -
585 678 600 690 1
643 678 720 694 η.
753 678 968 712 -Α-γιι
1016 678 1122 700 sub
1153 678 1219 720 ἰη
1253 678 1492 722 unumne}
1524 678 1799 706 ιηατυαιυυ

75 709 151 812 ξπ
232 707 513 812 άξλίξνουο
543 719 656 812 ita).
685 724 798 780 ἐπὶ
826 733 943 786 τοῦ
983 737 1200 811 λῃστοῦ
1236 742 1474 812 ἀπωλείᾳ
1495 743 1804 796 πιστεύσαν-

82 797 161 902 Et:
365 797 627 902 Xpttrct'p;
654 812 768 865 τοῦ
802 820 918 886 μὲν
949 797 1098 898 γάἱρ,
1116 830 1208 884 τὸν
1234 797 1480 902 λῃστὴνῆ
1515 832 1692 901 σοφία⁶
1711 831 1800 885 τοῦ

88 880 189 992 ’⁵ζί
275 889 366 992 «ev
391 895 642 970 τελώνην
669 880 978 965 amb-leae

175 983 535 1080 ’πολιορκία
577 990 711 1046 ὶστὶ
738 983 1098 1058 διδασκαλία
1122 1009 1305 1078 ἠθικὴ,
1332 1010 1428 1080 τὴν
1452 1008 1633 1072 κακῶς
1659 1010 1801 1062 οἰκο-

165 1075 506 1170 εεχλίλθεῖσαν
553 1080 747 1158 Ψυχὴν
785 1075 1283 1167 καταστρέφουσα-
1311 1075 1402 1152 ἐπί
1439 1103 1503 1169 τῇ
1536 1099 1628 1151 τοῦ
1669 1099 1800 1151 Θεοῦ

203 1170 502 1242 πολιορκίᾳ.

276 1270 486 1334 Ὠσπερ
507 1263 578 1316 τὰ
601 1266 782 1337 νήπια
814 1272 1036 1338 μεταξὺ
1066 1274 1285 1327 δικαίων
1314 1275 1405 1327 καὶ
1430 1276 1626 1329 ἀδίκων
1645 1277 1798 1339 είσὶν,

226 1355 362 1408 οὕτω
385 1353 480 1405 καὶ
501 1354 704 1420 πάντες
733 1359 787 1410 οἱ
822 1361 1114 1431 ἄνθρωποι
1149 1365 1344 1434 μεταξὺ
1379 1367 1617 1432 ἀγγέλων
1633 1384 1690 1417 τε
1713 1369 1802 1420 καὶ

224 1443 488 1514 δαιμόνων
548 1447 677 1510 εἰσὶ,
739 1451 884 1519 μήτε
947 1452 1202 1522 δαίμονες
1236 1455 1381 1516 ὄντες
1415 1457 1545 1524 μήτε
1589 1457 1802 1523 ἄγγελοι

226 1533 676 1604 χρηματίζοντες,
703 1539 876 1610 μέχρι
903 1541 1006 1610 τῆς
1024 1543 1326 1606 συντελείας
1344 1545 1434 1596 τοῦ
1469 1546 1672 1608 αίῶνος·
1699 1546 1804 1614 ἠδίο

220 1642 374 1679 κουν
405 1627 458 1680 δὲ
503 1629 747 1698 νηπίους,
785 1627 938 1694 εἶπε,
995 1635 1124 1704 περὶ
1170 1627 1242 1686 ὧν
1287 1635 1515 1704 Χριστὸς
1558 1635 1678 1706 ἔφη’
1712 1636 1800 1707 Μὴ

220 1718 630 1789 σκανδαλίστγτε
653 1719 753 1773 ἕνα
785 1721 899 1773 τῶν
931 1723 1142 1792 μικρῶν
1175 1722 1395 1777 τούτων.

1400 449 1757 508 EXPOSlTlO
1781 451 1848 508 IN
1876 451 2052 510 1⁵11οΝ
2057 451 2279 508 ΣΒΒΙΔ.
2319 493 2322 498 -

185 525 792 640 θϐῗλξξδξιξνῳξῦξε
825 548 1300 640 ᾲθωωθήσετακ
1337 581 1356 614 ι
1386 565 1454 616 Ἢ
1483 564 1618 634 τάχα
1641 564 1801 627 οὕτως

1907 575 2064 620 eunte
2117 566 2328 635 gaudet.
2374 579 2477 620 non
2525 567 2626 620 erit
2659 567 2957 626 innocens?
2989 585 3008 620 ι
3035 567 3127 622 Vel
3171 569 3327 640 igitur
3358 573 3433 627 ita

3332 459 3433 516 166

1901 655 2091 722 gaudet
2116 654 2390 723 sapientia,
2419 665 2574 724 prout
2604 657 2670 712 de
2691 667 2944 725 pereunte
2977 659 3256 725 publicano
3294 659 3424 714 Mat-

1903 747 2040 800 thaao
2065 745 2242 814 gavisa
2287 753 2386 810 est,
2419 760 2520 800 nec
2556 761 2657 800 non
2707 747 2773 802 de
2798 755 3055 815 pereunte
3098 747 3304 802 latrone
3337 750 3428 818 qui

1901 833 2111 888 Christo
2141 831 2410 886 credidit?
2438 832 2594 887 Certe
2625 833 2708 886 hic
2730 834 2991 888 latronem
3021 834 3300 903 sapientia,
3325 836 3429 891 illic

1905 937 2028 977 vero
2055 922 2388 990 publicanum
2422 922 2796 1002 pessumdedit.

1971 1014 2013 1044 ¹⁰
2043 1012 2293 1066 Obsessio
2322 1021 2402 1066 est
2440 1013 2654 1065 moralis
2692 1013 2952 1077 doctrina,
2983 1029 3099 1081 qua:
3137 1016 3275 1070 male
3301 1015 3425 1070 tedi-

1900 1104 2106 1158 ficatant
2136 1103 2364 1156 animam
2401 1101 2644 1171 subjugat
2665 1101 2926 1156 obsidenti
2955 1102 3079 1156 Deo.

1970 1281 2009 1310 “
2043 1278 2190 1332 Sicut
2221 1277 2449 1331 infantes
2492 1277 2650 1330 medii
2676 1286 2797 1331 sunt
2840 1277 2978 1330 inter
3014 1279 3180 1344 iustos
3210 1288 3263 1330 ct
3291 1279 3428 1344 iniu-

1899 1376 2028 1431 stos,
2053 1367 2128 1421 sic
2155 1365 2310 1419 etiam
2343 1367 2516 1418 cuncti
2553 1365 2796 1418 homines
2831 1365 2989 1418 medii
3023 1365 3160 1418 inter
3215 1368 3427 1433 angelos

1900 1455 2266 1521 daemonesque
2313 1462 2462 1513 sunt,
2507 1451 2626 1520 quia
2669 1467 2840 1520 neque
2879 1452 3048 1521 angeli
3095 1459 3214 1505 sunt
3258 1469 3426 1521 neque

1899 1545 2163 1597 daemones
2212 1552 2338 1594 ante
2382 1542 2556 1594 smculi
2591 1542 3124 1594 consummationem.
3173 1540 3425 1607 lnjuriam

1899 1642 2071 1686 autem
2101 1633 2415 1691 inferebant,
2449 1631 2637 1698 inquit,
2665 1631 2918 1699 parvulis,
2956 1630 3022 1682 de
3058 1630 3250 1697 quibus
3277 1631 3431 1684 Chri-

1900 1726 2011 1771 stus
2042 1717 2173 1768 dixit
2207 1733 2220 1766 :
2247 1714 2440 1768 Cavete
2469 1730 2531 1768 ne
2554 1731 2705 1783 quem
2746 1731 2809 1768 ex
2840 1715 2921 1768 his
2945 1717 3176 1784 parvulis
3209 1719 3431 1772 scanda-

1902 1805 2091 1859 lizetis.
2163 1806 2174 1862 i

315 1894 383 1946 '0
435 1894 642 1964 ἀπαθὴς
685 1895 954 1964 ἡσυχάζει
975 1895 1189 1964 ἀφόϐως
1236 1897 1341 1949 ἀπὸ
1388 1895 1582 1960 παντὸς
1634 1898 1798 1950 κακοῦ

1971 1897 2013 1925 ¹¹
2045 1891 2429 1961 Cupiditatibus
2460 1892 2617 1945 homo
2641 1890 2773 1944 liber
2807 1891 3000 1944 nullam
3037 1907 3251 1960 pravam
3283 1894 3430 1962 (ξοεὶ-

205 1982 522 2053 λογισμοῦ,
547 1985 641 2036 καὶ
669 1986 786 2052 μετ’
815 1984 997 2053 ὀλίγον
1040 1985 1445 2054 κατασκηνώσει
1476 1988 1530 2038 ὲν
1557 1989 1622 2056 τῇ
1651 1987 1798 2055 βασι-

201 2071 354 2142 λείᾳ
406 2073 500 2126 τοῦ
544 2074 700 2126 Θεοῦ⁸
745 2075 822 2137 ὡς
870 2074 1109 2137 ἀκούσας
1153 2076 1244 2127 καὶ
1274 2075 1505 2138 φυλάξας
1543 2075 1609 2129 τὰ
1632 2093 1795 2146 προσ-

197 2161 492 2233 τάγματα
512 2163 705 2227 αὐτού,
739 2165 822 2217 ὅτι
843 2164 1069 2234 ἢλπισεν
1102 2165 1187 2217 ἐπ’
1209 2164 1387 2217 αὐτόν.

1903 1983 2150 2037 tationem
2181 1980 2471 2047 esperitur,
2499 1988 2551 2033 et
2589 1979 2746 2046 paulo
2781 1991 2895 2048 post
2946 1981 2995 2032 in
3031 1996 3191 2049 regno
3219 1981 3308 2035 Dei
3340 1983 3430 2036 ha-

1899 2072 2089 2126 bitabit
2121 2088 2134 2122 :
2167 2069 2358 2138 quippe
2387 2069 2473 2136 qui
2501 2067 2744 2121 mandata
2771 2066 2886 2138 ejus
2915 2070 3278 2134 custodiverit,
3308 2071 3430 2140 quia

1902 2163 2130 2232 speravit
2154 2163 2204 2215 in
2231 2176 2372 2235 cum.
3271 2173 3275 2179 α

1731 2271 1879 2326 CAP.
1912 2271 1975 2326 ll.

288 2365 494 2428 Οὕτως
543 2365 784 2436 κρύπτει
817 2367 1037 2436 ἐντολὴν
1087 2366 1179 2418 τοῦ
1208 2365 1338 2419 Θεοῦ
1366 2368 1394 2418 ὁ
1421 2365 1584 2419 ποιῶν
1613 2363 1798 2435 αὐτὴν,

189 2451 230 2520 ἢ
269 2455 310 2505 ὀ
348 2454 428 2524 μὴ
459 2455 557 2507 ἐπὶ
608 2455 888 2525 κενοδοξία
919 2455 1106 2508 ποιῶνο
1145 2455 1264 2507 ὅθεν
1287 2455 1446 2508 καὶοὶ
1475 2455 1717 2524 δαίμονες
1740 2458 1803 2508 ὲκ

190 2541 314 2593 τοῦ
374 2541 455 2612 μὴ
487 2546 797 2614 συγχωρεῖν
846 2543 1014 2614 αὐτὴν
1039 2547 1206 2596 ποιεῖν
1239 2546 1401 2614 ἡμᾶς,
1434 2544 1690 2616 ἁρπάζειν
1720 2544 1803 2596 λέ-

192 2648 446 2700 γον-ται.

284 2723 438 2782 Τότε
469 2723 731 2793 συνήσεις
753 2722 912 2785 πῶςὸ
939 2721 1098 2790 φόϐος
1121 2722 1212 2775 τοῦ
1225 2721 1425 2792 Κυρίου
1453 2723 1590 2793 ἀρχὴ
1619 2724 1802 2792 σοφίας

187 2810 401 2874 ἐστὶν,
441 2813 536 2864 καὶ
568 2814 691 2875 πῶς
712 2814 813 2882 τῆς
839 2812 932 2864 τοῦ
958 2811 1091 2863 Θεοῦ
1112 2810 1360 2879 γνώσεως
1381 2812 1582 2878 γίνεται
1617 2812 1802 2882 πρόξε-

191 2917 341 2962 νος,
387 2903 520 2954 ὃταν
554 2904 615 2953 ὲν
661 2902 846 2953 πίστει
893 2903 984 2954 καὶ
1013 2902 1159 2971 πόθῳ
1199 2901 1344 2970 αὐτῷ
1372 2902 1615 2972 ὑπάρχῃς
1637 2919 1802 2972 προσ-

192 2988 380 3058 δεήςο
406 2990 771 3060 προῦπάρξαι
797 2991 854 3042 δὲ
883 2991 963 3042 δεῖ
993 2991 1177 3058 σοφίαν
1216 2991 1307 3043 καὶ
1339 2990 1565 3052 σύνεσιν,
1593 2993 1724 3061 πρὸς
1744 2992 1804 3043 τὸ

192 3052 527 3148 δυνηθῆναι
588 3052 832 3130 συνεῖναι
879 3078 1040 3146 φόϐον
1067 3052 1312 3148 -Κυρίουο
1366 3052 1711 3149 προσάξωμεν
1747 3082 1802 3134 δὲ
1830 3052 1870 3108 c

196 3166 408 3219 ταῦτα
435 3171 549 3232 τοῖς
577 3169 678 3238 τὴν
721 3167 912 3235 σοφίαν
966 3168 1059 3220 καὶ
1079 3166 1288 3219 σύνεσιν
1326 3166 1670 3231 ὲξουθενοῦσι·
1704 3187 1804 3224 κα-

199 3257 529 3326 ταφεύγειν
562 3258 622 3309 δὲ
652 3256 996 3326 βουλομένοις
1033 3257 1124 3309 ἐπὶ
1150 3257 1210 3308 τὸ
1239 3257 1511 3324 φοϐεῖσθαι
1540 3258 1628 3311 τὸν
1654 3259 1802 3323 Θεὸν,

201 3343 305 3406 ὡς
352 3347 443 3399 ἐπὶ
474 3347 707 3416 εὐχερὲς
731 3347 982 3415 πρᾶγμα.

299 3435 546 3506 Χριστοῦ
602 3437 718 3506 γὰρ
758 3437 831 3505 μὴ
867 3434 1153 3506 ῥυομένου,
1189 3433 1263 3497 ὡς
1287 3435 1489 3504 ἀγαθὴν
1521 3435 1801 3506 ὁδεύσομεν

205 3524 338 3592 τὴν
364 3528 566 3596 κακήν·
605 3527 756 3592 ἅγιοι
790 3525 886 3594 μὲν
912 3525 1018 3594 γὰρ
1069 3525 1243 3576 πάντα
1287 3524 1494 3591 λέγουσι
1525 3528 1705 3579 πιστά·
1737 3527 1805 3579 τὰ

202 3609 282 3662 δὲ
344 3614 425 3666 οὗ·
456 3618 485 3668 ὁ
509 3616 567 3667 δὲ
585 3613 836 3674 διάϐολος
871 3611 1022 3665 οὐδὲν
1048 3613 1251 3674 πιστὸν,
1287 3613 1402 3664 ἀντὶ
1430 3613 1542 3675 τοῦ,
1577 3615 1806 3678 πίστεως

206 3698 404 3763 ἄξιον·
431 3705 607 3773 ἄνδρα
631 3703 746 3772 γὰρ
775 3701 868 3755 νῦν
894 3701 985 3753 τὸν
1004 3700 1246 3753 διάϐολον
1270 3699 1433 3766 λέγει,
1464 3701 1537 3763 ὡς
1560 3704 1617 3754 ὲν
1629 3702 1804 3769 Εὐαγ-

208 3789 457 3855 γελίοις·
480 3793 537 3844 εῐ
570 3808 638 3859 γε
666 3791 952 3860 ἄνθρωπος
983 3789 1215 3858 πονηρὸς
1249 3789 1460 3860 ἔσπειρε
1491 3792 1557 3844 τά
1578 3791 1802 3855 ζιζάνια·

215 3881 465 3954 μεγίστη
499 3883 558 3936 δὲ
589 3882 669 3944 ὡς
698 3882 874 3934 ἔοικεν
911 3879 1189 3949 ἐπιϐουλὴ,
1221 3881 1280 3933 τὸ
1314 3886 1615 3950 περιτυχεῖν
1647 3883 1802 3953 βουλῇ

215 3971 402 4038 κακῇ,
454 3973 554 4024 καὶ
600 3969 832 4040 ἀνδράσι
872 3968 1063 4030 δολίοις
1101 3969 1196 4021 καὶ
1237 3968 1480 4031 ὑπούλοις
1510 3971 1600 4022 καὶ
1646 3987 1806 4039 πονη-

219 4058 372 4123 ροῖς.

281 4154 288 4158 ”
305 4149 370 4201 Ei
389 4155 424 4223 ἡ
451 4151 586 4205 ποιὰ
611 4148 778 4220 βουλὴ
800 4147 1227 4217 συντετριμμένη
1255 4148 1414 4216 ἤγουν
1437 4149 1801 4219 ὲσκοτισμὲνη,

218 4236 329 4288 νοῦ
365 4243 581 4312 κίνησίς
615 4243 786 4301 ἐστιν,
840 4238 955 4300 πῶς
1005 4236 1140 4307 αὕτη
1177 4238 1431 4289 ἀπέλιπεν
1469 4237 1802 4291 διδασκαλίαν

223 4326 513 4414 νεότητος
548 4330 674 4392 πῶς
695 4329 755 4381 δὲ
788 4330 884 4382 καὶ
911 4327 1059 4390 Θείας
1089 4327 1374 4381 ἐπελάθετο
1398 4327 1679 4397 διαθήκης;
1717 4329 1802 4389 Ὠς
1834 4361 1875 4414 D

223 4413 346 4483 γὰρ
370 4423 496 4492 περὶ
519 4421 664 4485 ζώου
695 4417 940 4487 λογικοῦ,
967 4419 1064 4486 τῆς
1087 4419 1258 4486 κακῆς
1281 4417 1468 4485 βουλῆς
1483 4420 1608 4486 ἡμῖν
1631 4417 1803 4470 διαλέ-

185 4509 406 4579 ζεξαι.
435 4515 504 4564 Ἦ
527 4513 624 4564 νῦν
659 4509 857 4579 βουλὴν
886 4508 1062 4576 κακὴν
1097 4507 1185 4559 τὸν
1206 4505 1442 4558 διάϐολον
1463 4507 1625 4573 λέγει⁹
1652 4507 1802 4570 οὗτος

132 4572 225 4671 ξξά
301 4619 338 4671 ρ
355 4599 548 4661 κακῶς
570 4572 956 4654 ἐϐουλεύσατο,
980 4572 1162 4644 είπώνυ
1199 4611 1215 4642 ι
1238 4592 1445 4644 Ἐπάνω
1466 4572 1570 4645 τῶν
1593 4593 1801 4663 ἄστρων

118 4650 501 4758 Et»
519 4650 715 4758 ὁρὸνον
751 4702 875 4754 μου,
903 4650 995 4734 καὶ
1016 4682 1205 4751 ἔσομαι
1224 4683 1404 4750 ὅμοιος
1425 4679 1500 4749 τῷ
1514 4650 1762 4751 ’Υψίστίρο
1778 4701 1796 4733 ι

112 4747 528 4851 ξπξλάθετο
638 4747 763 4844 τῆς⁷
780 4772 931 4834 θείας
955 4747 1223 4839 γνώσεως,
1257 4747 1559 4823 καταλιπὼν
1585 4747 1679 4840 τὴν
1716 4747 1803 4822 -δι-

117 4853 527 4918 δαῆκαλίαν
568 4865 675 4932 τῆς
712 4862 985 4928 νεότητος
1021 4860 1140 4926 ἥτις
1169 4857 1351 4927 νεότης
1393 4857 1489 4926 τὴν
1542 4858 1803 4928 προτέραν

134 4934 404 5007 αδκεοῦ
428 4957 768 5008 κατάστασιν
797 4947 973 5019 δηλοῖ,
1028 4947 1148 4999 καθ’
1176 4947 1240 5015 ἦν
1268 4948 1359 4999 καὶ
1385 4944 1616 5013 ζηλωτὸς
1636 4943 1724 5016 ἦν’
1754 4950 1800 5000 εί

150 5025 458 5106 δὲκὲους
488 5043 714 5096 δύναται
745 5037 1049 5098 συνετίξειν
1069 5034 1193 5086 ἔνθα
1223 5035 1352 5086 πολὺ
1369 5035 1430 5086 τὸ
1448 5035 1708 5103 δυσήνιον,
1729 5037 1799 5107 μὴ

161 5133 282 5174 τε
315 5133 535 5203 ρούσης·
561 5129 748 5197 πολλῷ
772 5127 981 5197 μᾶλλον
1004 5123 1272 5192 πρεσϐύτῃ
1295 5122 1578 5191 ὠφέλιμος.

217 5297 452 5357 ""000;
508 5298 1036 5368 καταλαμϐάνονται
1076 5294 1176 5344 ὑπὸ
1219 5295 1468 5348 ἐνιαυτῶν
1509 5295 1668 5364 ζωῆς,
1714 5296 1798 5350 διὰ

165 5373 345 5445 Vix,
370 5394 537 5465 ἔργων
568 5391 672 5458 τῆς
701 5381 1022 5456 μελλούσης
1042 5379 1260 5442 ἀειζώου
1286 5383 1443 5450 ζωῆς,
1471 5376 1611 5434 οὗτοι
1642 5400 1800 5438 κατα-

1977 2366 2018 2397 ¹³
2047 2364 2134 2419 Sic
2160 2363 2248 2418 Dei
2271 2371 2590 2431 prmceptum
2638 2364 2939 2424 abscondit.
2975 2365 3061 2432 qui
3090 2365 3215 2420 illud
3248 2368 3433 2422 obser-

1903 2463 2011 2515 vat,
2038 2451 2118 2506 vel
2148 2453 2238 2519 qui
2269 2452 2407 2505 haud
2432 2453 2500 2506 ob
2517 2468 2702 2506 vanam
2731 2452 2952 2517 gloriam
2975 2455 3240 2511 observat.
3259 2457 3432 2522 Quare

1903 2553 1960 2597 et
1984 2543 2269 2602 datntones,
2313 2543 2438 2594 dum
2471 2557 2567 2596 nos
2600 2557 2704 2596 non
2739 2543 2919 2596 sinunt
2957 2543 3081 2597 illud
3111 2545 3430 2611 observare,

1905 2646 2091 2700 rapere
2129 2632 2395 2685 dicuntur.

1976 2723 2018 2754 “
2057 2722 2206 2776 Tunc
2235 2721 2497 2788 intelliges
2523 2723 2784 2790 quomodo
2807 2723 2964 2776 timor
2987 2724 3194 2779 Domini
3224 2726 3430 2782 initium

1903 2813 2171 2880 sapientiae
2205 2812 2294 2875 sit,
2329 2821 2384 2865 et
2429 2813 2691 2878 quomodo
2717 2812 3003 2880 agnitionis
3035 2813 3125 2868 Dei
3159 2817 3314 2870 dator
3341 2818 3432 2882 sit,

1902 2902 2323 2970 quotiescunque
2368 2915 2485 2953 cum
2518 2901 2618 2954 fide
2647 2910 2698 2952 et
2726 2901 2987 2978 (lesiderio
3040 2903 3138 2957 fies
3162 2904 3275 2958 Deo
3304 2921 3432 2968 sup—

1903 2991 2041 3058 plex.
2073 2989 2176 3044 Sed
2218 2989 2423 3042 anteire
2465 2989 2621 3042 debet
2663 2989 2918 3061 sapientia
2963 3000 3015 3043 et
3065 2992 3432 3060 intelligentia,

1903 3079 2048 3146 prius
2074 3092 2228 3145 quam
2268 3075 2474 3129 Domini
2517 3077 2757 3131 timorem
2787 3079 3234 3144 comprehendere
3261 3091 3436 3135 mente

1901 3183 2084 3236 queas.
2119 3166 2240 3222 llzec
2277 3167 2340 3222 iis
2370 3167 2699 3221 inculcamus
2729 3167 2817 3235 qui
2850 3167 3162 3232 sapientiam
3195 3180 3250 3222 et
3275 3170 3432 3224 intel—

1899 3259 2167 3327 ligentiam
2215 3265 2596 3325 aspernantur;
2629 3264 2683 3310 et
2735 3265 2911 3310 tamen
2955 3260 3020 3310 ad
3072 3257 3158 3309 Dei
3188 3257 3430 3312 timorem

1902 3347 2154 3401 accedere
2180 3346 2381 3409 volunt,
2411 3355 2662 3413 tanquam
2693 3345 2758 3399 ad
2788 3345 2944 3399 facile
2967 3345 3259 3414 negotium.

1971 3437 2012 3467 ⁸⁸
2043 3434 2150 3488 Nisi
2182 3434 2423 3487 Christus
2453 3449 2550 3486 nos
2575 3433 2782 3494 liberet.
2821 3437 2957 3489 mala
2982 3438 3064 3488 via
3093 3435 3249 3502 quasi
3291 3435 3426 3488 bona

1902 3537 2200 3591 pergemus.
2231 3523 2408 3576 Sancti
2453 3532 2597 3575 certe
2647 3523 2872 3578 fideliter
2926 3523 3101 3577 omnia
3137 3525 3342 3585 dicunt,
3379 3533 3434 3576 et

1900 3627 2018 3680 qua:
2043 3621 2167 3666 sunt
2205 3626 2380 3666 secus.
2414 3611 2662 3665 Diabolus
2685 3627 2808 3666 vero
2841 3613 2971 3667 nihil
2999 3613 3243 3676 fideliter,
3273 3615 3324 3667 id
3353 3625 3434 3668 est

1902 3702 2002 3755 fide
2031 3703 2265 3771 dignum.
2291 3700 2529 3770 Namque
2558 3702 2645 3756 hic
2677 3703 2940 3758 diabolum
2975 3703 3071 3756 viri
3103 3705 3316 3759 nomine
3341 3706 3436 3759 de-

1903 3802 2072 3856 notat,
2102 3802 2158 3845 ut
2186 3793 2238 3846 in
2260 3793 2574 3862 Evangeliis,
2621 3794 2878 3862 siquidem
2914 3794 3018 3848 illic
3062 3794 3230 3850 malus
3271 3797 3435 3850 homo

1903 3881 2106 3934 zizania
2153 3882 2304 3936 sevit.
2338 3882 2684 3936 Maximarum
2735 3892 2878 3936 certe
2922 3884 3234 3937 insidiarum
3271 3886 3435 3938 instar

1901 3977 2001 4032 est,
2035 3984 2153 4022 cum
2182 3970 2372 4038 aliquis
2402 3970 2454 4023 in
2483 3985 2702 4038 pravum
2731 3971 3006 4025 consilium
3050 3971 3254 4038 incidit,
3277 3983 3436 4043 atque

1901 4059 1953 4112 in
1988 4059 2228 4112 homines
2257 4058 2486 4120 dolosos,
2519 4057 2754 4122 fallaces,
2788 4068 2840 4113 et
2869 4061 3157 4127 improbos.

1975 4147 2017 4177 ¹⁶
2048 4145 2102 4199 Si
2146 4145 2458 4198 cuicuimodi
2487 4146 2768 4200 consilium
2797 4147 3106 4211 contritum,
3139 4149 3191 4202 id
3214 4159 3296 4203 est
3334 4151 3433 4203 ob-

1903 4243 2192 4291 scuratum.
2237 4233 2425 4284 mentis
2465 4234 2748 4287 commotio
2791 4243 2904 4298 est,
2935 4251 3029 4288 cur
3059 4236 3432 4292 adolescentia:

1903 4321 2234 4389 disciplinam
2259 4322 2525 4385 deseruit;
2557 4337 2652 4376 cur
2678 4323 2839 4376 divini
2879 4323 3095 4378 fmderis
3125 4323 3286 4378 oblita
3309 4328 3434 4380 est?

1903 4410 2031 4462 Nam
2067 4409 2226 4463 veluti
2260 4425 2379 4462 cum
2409 4407 2652 4462 rationali
2683 4411 2897 4464 animali
2931 4413 2997 4466 de
3020 4427 3179 4480 pravo
3213 4415 3432 4468 consilio

1901 4499 2173 4552 nobiscum
2199 4498 2447 4566 loquitur.
2475 4497 2569 4551 Vel
2601 4513 2739 4551 nunc
2768 4497 2958 4552 malum
2991 4500 3270 4554 consilium
3302 4501 3432 4556 dicit

1901 4587 2180 4640 diabolum.
2215 4586 2310 4639 llic
2341 4587 2480 4640 enim
2521 4587 2754 4654 improbe
2783 4602 2960 4642 secum
2993 4590 3428 4654 deliberavit,di-

1901 4689 2023 4730 cens
2057 4689 2072 4726 :
2110 4693 2128 4725 ι
2155 4675 2324 4742 Super
2353 4686 2494 4727 astra
2518 4689 2709 4742 ponam
2750 4677 2991 4730 thronum
3017 4693 3211 4743 meum,
3232 4694 3430 4747 eroque

1901 4765 2086 4818 similis
2101 4764 2390 4817 Altissimo.
2421 4782 2440 4814 ι
2462 4763 2565 4818 Sed
2589 4765 2784 4820 oblitus
2809 4776 2888 4820 est
2913 4769 3102 4820 divina:
3117 4768 3425 4836 agnitionis,

1901 4853 2101 4920 abjecta
2134 4852 2502 4906 adolescentiae
2539 4852 2836 4922 disciplina.
2865 4856 3227 4910 Adolescentia
3247 4867 3426 4911 autem

1901 4941 2215 5006 intelligitur
2251 4938 2393 5006 prior
2425 4937 2540 5005 ejus
2580 4950 2772 5003 status,
2811 4957 2916 5007 quo
2947 4941 3070 4994 felix
3104 4951 3240 4995 erat.
3275 4942 3425 5006 Quod

1902 5031 1945 5084 si
2000 5029 2362 5083 adolescentes
2405 5029 2684 5098 disciplina
2731 5032 2943 5085 erudire
2985 5031 3265 5099 valct,qu;e
3299 5040 3430 5085 tetas

1901 5121 2102 5186 absque
2125 5115 2402 5186 disciplina
2429 5119 2580 5174 valde
2610 5129 2896 5174 contumax
2917 5128 3028 5183 est;
3055 5120 3238 5188 utique
3267 5119 3429 5172 multo

1903 5207 2006 5260 erit
2039 5206 2220 5260 utilior
2243 5207 2442 5260 homini
2469 5208 2605 5261 seni.

1973 5298 2013 5328 ¹⁷
2052 5296 2361 5364 Quicunth
2393 5298 2860 5367 apprehenduntur
2888 5297 2956 5350 ab
2989 5294 3141 5347 annis
3168 5294 3313 5356 vitae,
3339 5304 3432 5359 per

1902 5402 2058 5455 opera
2090 5388 2276 5442 futura:
2302 5397 2514 5442 mterna:
2551 5389 2689 5451 vitm,
2735 5388 2785 5441 hi
2835 5395 3007 5440 rectas
3035 5381 3259 5434 semitas
3291 5379 3436 5430 inve-

237 5565 339 5614 δ’
362 5583 519 5636 v.27.
605 5577 646 5606 “
691 5587 749 5626 ν.
786 5569 887 5622 5:3.
977 5564 1099 5614 ην.
1132 5563 1217 5614 55.
1295 5563 1402 5615 ην,
1448 5565 1467 5615 ί
1573 5565 1615 5593 ιι
1653 5580 1701 5620 ν.
1741 5569 1793 5620 5.

1901 5572 1911 5601 '
1949 5587 1995 5624 ν.
2034 5572 2116 5624 12.
2195 5575 2238 5604 ⁸⁸
2267 5589 2315 5627 v.
2348 5574 2431 5629 17.
2505 5574 2547 5603 ³⁷
2571 5589 2620 5625 v.
2655 5575 2731 5626 I9.

131 5691 350 5771 είλἿὲ)
383 5702 631 5771 Locutus
664 5691 738 5743 de
775 5681 961 5737 variis
1008 5678 1195 5744 σοφίας
1221 5681 1490 5749 generibus
1541 5680 1801 5753 Origenes

1902 5691 1947 5746 ic
1984 5693 2194 5762 quidem
2241 5707 2460 5762 pravam
2489 5693 2773 5760 serpentis,
2834 5699 2932 5740 seu
2983 5671 3207 5732 diaboli,
3241 5670 3464 5736 sapien-

308 5766 340 5827 ιι
357 5766 666 5834 ίιιιιίεῐωιυ
