3922 6430
647 458 748 514 167
1489 436 2051 497 SUPPLEMENTUM'
2073 439 2166 492 AD
2191 435 2511 494 ORIGENIS
2542 426 2948 492 EXEGETICA.
3680 442 3760 498 ωε

642 569 789 623 nicnt
821 558 1204 630 imperturbata
1230 554 1526 624 quicunque
1556 555 1674 609 vitm
1716 555 1838 622 (Qui
1861 557 2036 621 secus)
2069 552 2148 606 mi.

2271 551 2598 624 λαμϐάνουσι
2630 543 2842 619 τρίϐους
2879 544 3088 607 εὐθείας
3120 546 3215 615 τῆς
3239 546 3496 617 ἀταράχου
3527 550 3612 602 καὶ
3644 552 3764 606 ἀδια-

643 652 924 713 sericordia
949 649 1037 702 Dei
1064 662 1164 700 non
1189 644 1581 714 compelluntur
1598 645 1652 698 in
1684 644 1798 698 vias
1822 654 1999 700 rectas
2015 651 2146 696 αξιοι·

2281 641 2470 695 στάτου
2506 638 2666 710 ζωῆς·
2707 639 2765 689 οὐ
2797 634 3291 705 καταλαμϐάνονται
3317 634 3419 687 ὐπδ
3446 636 3546 688 τῶν
3570 640 3763 712 οἰκτειρ-

643 761 721 799 na:
749 734 1148 795 vite—"Nam
1183 731 1878 801 sectatoresjustitiazdiligit
1906 730 2148 783 Dominus

2283 728 2395 797 μῶν
2422 727 2584 780 αὐτοῦ
2617 728 2695 787 είς
2725 724 2822 787 τὰς
2855 722 3069 793 τρίϐους
3097 722 3193 790 τῆς
3219 723 3422 782 εὐθείας
3451 724 3765 788 ἁειζωῒας,-

644 843 810 896 neque
833 840 924 878 eos
961 823 1132 892 capiet
1161 821 1438 876 consilium
1475 820 1691 874 malum.
1716 818 1818 884 Qui
1861 830 2040 872 autem
2066 833 2148 872 n0t

2278 814 2573 876 Διώκοντας
2594 813 2696 882 γὰρ
2717 809 3054 878 δικαιοσύνην
3077 810 3262 877 ἀγαπᾷ
3285 809 3497 880 Κύριος,
3525 813 3611 865 καὶ
3638 815 3687 865 οὐ
3710 815 3765 885 μὴ

640 914 1033 985 apprehendunt
1055 921 1229 965 rectas
1253 911 1377 964 vita:
1403 910 1538 974 vias,
1573 924 1676 961 non
1710 916 2085 961 convertentur
2105 922 2148 961 at

2274 901 2736 971 συγκαταλάϐηται
2763 899 2953 960 αὐτοὺς
2979 899 3012 967 ή
3039 898 3131 951 τοῦ
3161 899 3393 969 πονηροῦ
3425 898 3595 970 βουλή·
3624 903 3675 953 οὐ
3695 919 3766 956 κα-

640 1019 854 1073 reguum
879 1002 1004 1069 Dei,
1037 1002 1162 1071 quia
1193 1000 1397 1056 scilicet
1430 998 1639 1054 diabolo
1665 996 1963 1073 confidunt.

2270 993 2666 1062 ταλαμϐάνουσι
2715 991 2770 1044 δὲ
2799 988 3015 1060 τρίϐους
3040 988 3248 1052 εὐθείας
3278 988 3435 1058 ζωῆς·
3467 991 3579 1043 οὐδὲ
3607 992 3670 1062 μὴ
3693 995 3767 1046 ἀν-

1855 1072 1868 1080 ’
2278 1081 2650 1152 τιστρέψουσιν
2680 1081 2759 1142 είς
2783 1079 2881 1150 τὴν
2925 1077 3193 1147 βασιλείαν
3221 1077 3310 1132 τοῦ
3341 1077 3489 1144 Θεοῦ,
3519 1081 3563 1132 οἱ
3587 1081 3655 1151 τῷ
3679 1083 3765 1136 δια-

2285 1172 2423 1240 ϐόλῳ
2443 1169 2774 1232 πεποιθότες.

2097 1281 2246 1336 CAP.
2277 1281 2365 1336 III.

712 1374 755 1407 "
784 1374 876 1429 Ille
902 1374 1233 1431 obliviscitur
1270 1373 1424 1444 legis,
1464 1374 1553 1443 qui
1595 1372 1836 1444 legitime
1859 1385 1960 1427 non
1992 1373 2124 1427 vivit

2342 1365 2506 1436 Οὗτος
2529 1372 2930 1428 ἐπιλανθάνεται
2945 1371 3037 1425 τοῦ
3053 1372 3237 1442 νόμου,
3259 1372 3288 1424 ό
3307 1371 3379 1442 μὴ
3393 1370 3619 1441 νομίμως
3633 1370 3763 1441 βιούς·

636 1464 875 1518 meminit
902 1479 1029 1521 vero
1075 1464 1224 1534 legis,
1263 1465 1350 1534 qui
1382 1479 1448 1520 ex
1475 1464 1590 1534 ejus
1611 1479 1795 1517 norma
1839 1463 2002 1517 vitam
2028 1478 2143 1518 cem

2273 1457 2422 1526 οὗτος
2451 1463 2508 1515 δὲ
2537 1462 2799 1533 μέμνηται
2838 1461 2932 1516 τοῦ
2976 1462 3161 1531 νόμου,
3193 1463 3222 1513 ὁ
3253 1460 3356 1525 ζῶν
3382 1461 3497 1513 κατ’
3517 1459 3766 1514 adadv-xui

635 1554 802 1622 ponit.
826 1551 919 1606 ille
947 1552 1070 1607 item
1103 1553 1262 1607 verba
1308 1553 1397 1608 Dei
1429 1553 1679 1616 cusmdit,
1702 1553 1791 1622 qui
1822 1567 1923 1606 non
1958 1566 2020 1606 ea
2050 1561 2148 1608 tan‘

2271 1548 2422 1618 οὗτος
2451 1556 2606 1625 τηρεῖ
2633 1553 2701 1606 τά
2746 1555 2964 1624 ῥήματα
2991 1551 3084 1606 τοῦ
3118 1551 3272 1616 Θεοῦ,
3297 1553 3326 1603 ὁ
3363 1551 3435 1622 μὴ
3469 1550 3611 1621 μόνον
3636 1551 3767 1602 ποιῶν

635 1643 908 1702 tummodo
937 1643 1266 1711 exsequitur,
1305 1643 1396 1697 sed
1437 1652 1490 1698 et
1524 1643 1643 1698 aliis
1675 1644 1810 1696 idem
1842 1643 2018 1698 facere
2047 1658 2148 1698 sua-

2271 1645 2430 1708 αὐτὰ,
2466 1644 2616 1699 ἀλλὰ
2659 1644 2753 1696 καὶ
2801 1644 2976 1706 ἄλλοις
3013 1642 3514 1712 συμϐουλευόμενος.
3547 1635 3690 1708 Οὗτος
3722 1639 3766 1692 δέ

634 1735 741 1789 det.
771 1734 817 1788 ls
843 1743 1016 1788 autem
1050 1734 1208 1788 verba
1232 1735 1324 1788 Dei
1352 1736 1678 1804 pessumdat,
1707 1736 1798 1803 qui
1837 1748 1934 1789 nec
1961 1736 2073 1805 ipse
2103 1749 2148 1790 et

2269 1731 2552 1786 ἀπόλλυσιν
2582 1730 2740 1795 αὐτὰ,
2771 1732 2799 1783 ό
2825 1730 2897 1800 μὴ
2918 1729 3233 1800 βουλόμενος
3267 1728 3514 1799 πράττειν
3539 1727 3678 1792 αὐτὰ,
3697 1725 3768 1779 καὶ

633 1823 852 1892 exsequi
891 1822 1021 1886 vult,
1051 1830 1104 1878 et
1151 1822 1286 1878 alios
1332 1823 1547 1894 insuper
1594 1820 1830 1893 impedit.
1871 1821 1984 1878 Non
2026 1823 2148 1878 enin

2266 1824 2482 1894 ἐτέρους
2508 1821 2744 1874 κωλύων·
2788 1821 2849 1873 οὐ
2889 1821 2997 1891 γάρ
3039 1821 3088 1878 oi
3133 1820 3390 1891 ἀκροαταὶ
3422 1819 3512 1880 τοῦ
3537 1819 3678 1889 νόμον
3714 1817 3767 1869 δι-

633 1913 903 1968 auditores
937 1911 1067 1982 legis
1104 1911 1553 1981 iustiﬁcabuntur.

2265 1913 2678 1984 καιωθήσονται.
3715 1961 3718 1964 ,

701 2003 748 2035 ’θ
777 2002 1007 2067 Sanitas,
1050 2016 1210 2070 quam
1246 2002 1414 2056 virtus
1447 2003 1663 2072 prabet,
1715 2002 1913 2060 medela
1935 2011 2020 2059 est
2049 2003 2148 2057 vita

2334 2010 2503 2070 Ἴασις
2527 2006 2668 2057 ἐστὶν
2690 2006 2724 2074 ὴ
2757 2003 2816 2067 ἐξ
2834 2001 3035 2074 ἀρετῆς
3068 2002 3246 2070 ὐγίεια
3276 2003 3341 2072 τῇ
3377 1998 3606 2070 πολιτείᾳ
3623 2016 3716 2052 σου·
3740 2001 3764 2068 ἡ

635 2101 740 2148 tute
782 2095 898 2149 :sic
946 2093 1104 2148 etiam
1158 2093 1252 2146 Dei
1289 2094 1455 2161 gratia
1489 2102 1541 2147 et
1585 2106 1714 2146 cura
1757 2092 2148 2162 cogitationibus

2263 2097 2317 2150 δὲ
2347 2095 2440 2148 τοῦ
2471 2094 2600 2148 Θεοῦ
2644 2093 2804 2166 χάρις
2833 2093 2928 2146 καὶ
2967 2091 3252 2162 ἐπιμέλεια
3288 2092 3398 2152 τοῖς
3417 2089 3671 2158 λογισμοῖς
3696 2103 3766 2138 σου

633 2183 738 2236 tuis
753 2190 806 2236 et
820 2183 1074 2236 consiliis.
1094 2183 1225 2236 Cum
1248 2184 1438 2236 animae
1465 2183 1627 2245 vires,
1649 2183 1700 2236 id
1723 2191 1806 2237 est
1830 2183 2071 2247 virtutes,
2088 2183 2148 2244 di.

2262 2187 2356 2241 καὶ
2378 2185 2743 2254 διανοήμασιν·
2774 2183 2902 2235 ὅταν
2933 2183 2992 2235 αἱ
3021 2180 3274 2250 δυνάμεις
3301 2179 3395 2250 τῆς
3417 2178 3600 2247 ψυχῆς,
3638 2177 3767 2246 ἢγονν

629 2273 805 2324 vinam
827 2285 1004 2326 curam
1029 2272 1227 2324 sortitae
1246 2270 1461 2334 fuerint,
1477 2280 1599 2323 tunc
1617 2270 1791 2323 omnia
1813 2285 1932 2324 ossa
1951 2284 2064 2324 mea
2082 2269 2148 2322 dir

2263 2278 2318 2326 ai
2349 2275 2560 2346 ἀρεταὶ,
2603 2270 2912 2347 ἐπιμελείας
2951 2270 3172 2340 τύχωσι,
3203 2270 3263 2322 τὸ
3302 2264 3767 2339 τηνικαῦτα-ἐροῦσι

630 2366 755 2413 cent
783 2375 798 2412 :
835 2378 853 2410 ι
881 2359 1116 2423 Domine,
1139 2359 1377 2422 Domine,
1403 2358 1520 2426 quis
1536 2358 1720 2411 similis
1743 2358 1970 2411 esttibi?
1992 2375 2013 2409 ι
2035 2356 2148 2411 Nan

2266 2367 2434 2419 πάντα
2466 2364 2532 2416 τά
2550 2364 2679 2416 ὀστᾶ
2705 2378 2824 2433 μου·
2844 2381 2862 2414 ι
2891 2361 3083 2432 Κύριε,
3109 2359 3295 2430 Κύριε,
3337 2359 3420 2421 τίς
3443 2356 3613 2428 ὅμοιός
3631 2370 3764 2416 com

631 2445 811 2499 divino
836 2445 1080 2513 praesidio
1108 2445 1408 2513 impetrato,
1436 2444 1757 2498 memorialis
1793 2443 2019 2498 facultas
2051 2445 2148 2496 ani-

2279 2455 2614 2525 Ἐπιμελεῑας
2636 2454 2743 2525 γάρ
2752 2452 2990 2522 τυχοῦσα
3015 2454 3050 2522 ὴ
3069 2468 3171 2522 μνη
3180 2449 3461 2520 μονευτικὴ
3481 2448 3681 2516 δύναμις
3695 2444 3767 2514 τῆς

630 2547 729 2587 tua:
749 2548 964 2602 prorsus
979 2534 1149 2587 dicet:
1168 2533 1394 2587 «Memor
1406 2533 1478 2587 fui
1499 2533 1608 2599 Dei,
1627 2541 1679 2588 et
1695 2533 1865 2587 laetata
1893 2549 2026 2588 sum.
2043 2551 2061 2584 ι
2083 2534 2148 2587 Si

2259 2541 2451 2613 ψυχῆς»
2481 2543 2698 2604 πάντως
2727 2543 2842 2610 ἐρεῖ
2869 2541 2949 2595 τό·
2980 2559 3002 2593 ι
3023 2539 3323 2610 Ἐμνήσθην
3339 2537 3429 2590 τοῦ
3457 2535 3586 2589 Θεοῦ
3611 2535 3767 2588 misit-

629 2623 829 2683 militer
845 2623 1247 2691 contemplativa
1270 2617 1491 2678 facultas
1507 2625 1647 2679 dicet
1671 2641 1684 2676 :
1713 2641 1731 2675 ι
1760 2623 2148 2692 IntellexiOper:

2263 2631 2518 2701 φράνθην.
2541 2650 2559 2682 ι
2577 2630 2804 2701 Ὁμοίως
2822 2631 2878 2684 δὲ
2899 2633 2992 2684 καὶ
3009 2629 3254 2702 η’ὀπτικὴ
3281 2627 3417 2691 λέξει
3431 2626 3509 2681 τό·
3526 2624 3769 2694 ιΚατινόη-

629 2720 737 2774 tua,
755 2719 807 2764 et
822 2710 1086 2779 obstupui.
1113 2729 1130 2761 ι
1147 2711 1506 2766 Desiderativa
1519 2727 1670 2782 teque
1686 2715 1852 2769 dicet:
1873 2733 1892 2765 ι
1922 2715 2148 2769 Domine

2263 2717 2394 2771 σατά
2409 2717 2542 2786 ἔργα
2553 2734 2665 2782 σου,
2693 2719 2788 2771 καὶ
2815 2718 3057 2788 ἐξέστην.
3071 2736 3090 2769 ›
3109 2714 3375 2778 Ὡσαύτως
3387 2717 3442 2768 δὲ
3458 2716 3548 2769 καὶ
3564 2717 3596 2786 ὴ
3620 2712 3769 2776 ἐπιθυ·

624 2813 804 2856 coram
839 2807 892 2853 te
919 2813 1077 2852 omne
1109 2799 1427 2855 desiderium
1466 2818 1664 2856 meum.
1688 2821 1707 2854 ι
1735 2805 1969 2872 Denique
2002 2805 2148 2858 ratio

2263 2809 2482 2878 μητική·
2502 2827 2522 2858 ι
2546 2806 2734 2878 Κύριε,
2766 2808 3004 2860 ἐναντίον
3037 2824 3129 2860 σου
3147 2808 3294 2862 πᾶσα
3319 2792 3363 2876 ἠ’
3379 2805 3764 2875 ἐπιθυμίαςμουπ

627 2890 761 2946 nalis
789 2890 1012 2948 facultas
1035 2895 1203 2949 dicet:
1233 2910 1252 2942 ι
1280 2892 1519 2962 Cogitavi
1548 2893 1660 2947 dies
1684 2895 1948 2963 antiquos.
1971 2912 1992 2946 ι
2019 2894 2148 2950 Reli-

2260 2899 2370 2968 ἐρεῖ
2400 2896 2455 2948 δὲ
2471 2897 2561 2949 καὶ
2577 2898 2610 2966 ἡ
2627 2895 2836 2966 λογική·
2862 2896 3281 2968 ιΔιελογισάμην
3305 2898 3337 2966 ἡ
3347 2897 3509 2967 μέρας
3526 2893 3763 2965 ἀρχαίας.»

625 2994 744 3050 qua
774 2983 974 3050 pariter
1009 2983 1285 3037 facultates
1316 2981 1388 3035 ita
1412 2997 1467 3036 se
1499 2991 1705 3052 gerent.

2259 2986 2414 3041 Κατὰ
2443 2984 2614 3040 ταῦτα
2659 2986 2995 3058 συμϐήσεται
3027 2988 3121 3041 καὶ
3143 2987 3237 3040 ἐπὶ
3280 2986 3386 3039 τῶν
3433 2984 3598 3040 ἄλλων
3641 2980 3765 3034 δυνά-

2259 3089 2435 3143 μεων.
3602 3139 3604 3142 ν

2189 3105 2230 3160 C
2268 3105 2304 3143 μ
2329 3163 2704 3226 Τουτέστιτοῖς
2732 3162 3074 3233 βουλομένοις
3107 3165 3258 3217 οὐδὲν
3284 3163 3530 3217 δύσκολον
3555 3139 3674 3230 ἔχοι,
3695 3174 3767 3211 κα-

2259 3253 2437 3324 θάπερ
2460 3256 2493 3324 ἡ
2519 3253 2624 3306 τῶν
2646 3253 2942 3323 χρημάτων
2969 3254 3249 3324 ἐπιθυμίαθ
3265 3255 3389 3318 νοῦς
3415 3252 3634 3323 καθαρὸς
3656 3247 3768 3316 ἐγγί-

2259 3344 2338 3407 ζει
2360 3344 2537 3416 σοφίᾳ·
2563 3343 2748 3414 ἐπειδὴ
2776 3343 2835 3394 τὸ
2871 3339 2935 3397 εὖ
2961 3343 3234 3411 γινώσκει·
3262 3346 3291 3397 ὁ
3310 3344 3366 3396 δὲ
3387 3342 3669 3412 ἀκάθαρτος
3695 3353 3766 3408 μα·

2258 3432 2456 3505 κρυνθή
2467 3450 2612 3485 σεται
2643 3435 2734 3486 ἀπ’
2749 3433 2940 3504 αὐτῆς.

692 3155 739 3189 ’ί
774 3155 1061 3228 Sapientiae
1085 3155 1336 3211 studiosis
1369 3155 1502 3210 nihil
1547 3154 1823 3211 molestum
1855 3156 1982 3221 erit,
2025 3156 2163 3210 sicut

623 3249 786 3300 etiam
833 3245 887 3299 i'n
920 3246 1156 3315 pecunia:
1210 3245 1501 3316 cupiditate
1535 3246 1805 3300 usuvenit.
1845 3245 1993 3298 Mens
2029 3261 2160 3313 pura

624 3336 941 3404 propinquat
968 3335 1261 3402 sapientiae,
1293 3337 1416 3403 quia
1447 3336 1586 3405 quod
1630 3339 1826 3389 bonum
1856 3347 1940 3389 est
1975 3335 2151 3404 digno-

625 3421 744 3475 scit.
797 3411 1169 3477 Verumtamen
1212 3413 1442 3492 impura.
1472 3439 1622 3480 mens
1678 3424 1934 3494 sapientia
1980 3423 2161 3493 procul

626 3509 817 3564 aberit.
1099 3509 1102 3512 ’

2325 3601 2524 3656 Τούτου
2570 3602 2661 3654 τοῦ
2696 3601 2850 3668 ξύλου
2895 3605 3038 3673 μετὰ
3079 3605 3177 3676 τὴν
3221 3603 3525 3675 παράϐασιν
3555 3603 3582 3654 ὁ
3634 3595 3767 3664 Ἀδὰμ

2260 3692 2682 3763 μεταλαμϐάνειν
2732 3692 3034 3748 κωλύεται·
3091 3697 3248 3766 εῐπερ
3302 3695 3408 3748 άπὸ
3458 3689 3668 3762 καρπῶν
3711 3687 3768 3738 δι’

2256 3781 2541 3852 καιοσύνης
2587 3782 2865 3850 φυτεύεται
2919 3785 3132 3855 δένδρον
3183 3786 3352 3856 ζωῆς·
3399 3785 3458 3837 τὸ
3504 3783 3557 3836 δὲ
3597 3778 3770 3847 δένδρον

2254 3872 2414 3942 ζωῆς,
2448 3873 2480 3940 ἡ
2525 3871 2618 3923 τοῦ
2657 3872 2790 3924 Θεοῦ
2812 3875 2990 3942 ’σοφία
3045 3875 3161 3927 ἐστί
3182 3892 3196 3907 ο
3232 3874 3458 3936 δικαίως
3485 3872 3539 3926 δὲ
3565 3866 3765 3939 ,ἅψασθαι

2254 3959 2551 4012 κεκώλυται
2573 3961 2758 4012 τούτου
2787 3961 2881 4014 τοῦ
2908 3963 3065 4027 ξύλου
3097 3965 3206 4026 πᾶς
3239 3964 3566 4034 παράνομος.
3705 4001 3723 4034 έ,

2330 4050 2390 4102 ’0
2431 4050 2559 4114 Θεὸς
2605 4053 2669 4120 τῇ
2719 4052 2816 4121 μὲν
2865 4055 3029 4126 σοφίᾳ
3055 4055 3149 4107 καὶ¹
3176 4054 3273 4124 τὴν
3314 4055 3414 4124 γῆν
3455 4049 3763 4121 ἐθεμελίωςτν

692 3602 742 3632 ⁸⁸
802 3599 912 3655 Hoc
964 3602 1158 3671 lignum
1233 3611 1351 3670 post
1415 3605 1889 3674 transgressionem
1945 3613 2158 3668 gustare

624 3689 857 3743 Adamus
889 3692 1238 3758 prohibetur;
1270 3694 1464 3762 quippe
1503 3696 1627 3762 quia
1661 3708 1690 3746 a
1716 3692 1936 3760 justitiai
1970 3693 2158 3747 fructi-

625 3785 722 3836 bus
745 3782 984 3836 nascitur
1016 3782 1174 3836 arbor
1203 3785 1350 3838 vitae.
1389 3785 1560 3839 Arbor
1587 3800 1716 3838 vero
1742 3785 1881 3847 vim,
1901 3784 2155 3852 sapientia

621 3868 716 3926 Dei
749 3880 849 3927 est.
886 3869 1080 3925 Merito
1103 3885 1284 3927 autem
1316 3881 1534 3943 tangere
1559 3875 1760 3942 lignum
1807 3875 1907 3928 hoc
1933 3873 2153 3928 interdi-

622 3963 764 4016 citur
790 3961 971 4030 iniquo
997 3962 1185 4019 cuivis.

688 4050 738 4082 ”
757 4051 895 4105 Deus
928 4051 1186 4118 sapientia
1214 4061 1304 4105 sua
1340 4059 1536 4106 terram
1566 4067 1777 4122 quoque
1803 4053 2070 4120 fundavit,
2103 4062 2156 4109 et

621 4155 783 4196 sensu
827 4138 942 4207 eius
970 4137 1261 4209 eruperunt
1297 4142 1495 4211 abyssi,
1534 4151 1586 4197 et
1627 4145 1795 4196 nubes
1824 4157 1944 4197 rore
1966 4158 2152 4196 mana-

620 4239 763 4287 runt.
804 4229 970 4296 Quam
995 4245 1119 4298 ergo
1161 4231 1247 4285 hic
1283 4231 1534 4284 SalomOn
1581 4242 1783 4285 terram
1827 4233 1980 4297 dixit,
2019 4233 2153 4286 Pau-

619 4321 703 4375 lus
743 4320 1077 4373 latitudinem
1110 4321 1432 4398 appellavit;
1477 4332 1530 4375 et
1563 4323 1651 4390 qui
1687 4323 1772 4375 hic
1810 4323 1928 4376 cmli
1971 4323 2153 4376 dicun-

2243 4140 2341 4193 διὰ
2372 4140 2428 4192 δὲ
2457 4141 2554 4210 τῆς
2583 4141 2880 4209 αἰσθήσεως
2919 4144 3082 4198 αὐτοῦ
3115 4143 3426 4215 ὲῤῥάγησαν
3467 4135 3688 4209 ἄϐυσσοι,
3713 4131 3766 4204 si

2249 4230 2305 4282 δὲ
2327 4230 2459 4299 νέφη
2486 4229 2754 4300 ὲρῤύησαν
2779 4231 3032 4301 δρόσους·
3064 4235 3132 4304 ἣν
3159 4230 3253 4287 οὖν
3275 4233 3505 4288 ἐνταῦθα
3530 4232 3631 4298 γῆν⁴
3652 4221 3763 4294 εἶπεν

2250 4319 2456 4382 Παῦλος
2489 4322 2518 4371 ὁ
2547 4319 2699 4386 ἅγιος
2725 4319 2925 4386 πλάτος
2965 4323 3214 4394 ὠνόμασε
3232 4342 3247 4357 ·
3295 4325 3391 4382 καὶ
3421 4323 3556 4386 τούς,
3575 4313 3769 4384 ὲνβαῦθα

623 4398 731 4474 tur,
761 4408 1092 4461 altitudinem
1117 4397 1203 4464 ille
1219 4399 1387 4464 “vocat
1417 4410 1710 4478 inEpistola
1732 4412 1818 4465 'ad
1855 4411 2107 4480 Ephesios
2133 4429 2147 4475 ;

2251 4407 2506 4476 οὐρανοὺς
2533 4406 2883 4475 λεγομένους,
2907 4409 3041 4480 ὕψος
3080 4413 3284 4475 ἐκεῖνος
3303 4415 3360 4466 ὲν
3387 4409 3606 4481 τῇ-πρρς
3638 4401 3766 4470 Ἔφε·

620 4507 674 4552 ct
699 4512 817 4567 quae
845 4498 1046 4565 tr0pice
1079 4493 1327 4554 dicuntur
1372 4501 1567 4571 abyssi,
1609 4515 1699 4555 eas
1734 4501 2146 4570 profunditatem

620 4589 748 4660 dicit
779 4609 792 4644 :
823 4589 1077 4646 roriferas
1103 4584 1334 4660 denique
1369 4592 1555 4655 nubes,
1594 4591 1991 4660 longitudinem.
2025 4590 2146 4644 ﬂare

618 4665 780 4748 porro
813 4679 988 4732 omnia
1024 4681 1364 4734 rationalium
1396 4682 1705 4752 naturarum
1733 4680 1969 4750 symbola
2001 4690 2141 4744 sunt,

618 4780 736 4834 quae
773 4777 961 4820 ornatu
989 4777 1040 4821 et
1069 4780 1294 4839 corpOre
1322 4768 1570 4824 differunt
1599 4770 1889 4824 secundum
1917 4769 2143 4838 propria:

619 4856 1012 4912 constitutionis
1041 4861 1359 4929 analogiam.
1384 4859 1639 4929 Congruit
1660 4859 1931 4928 sapientiae
1951 4873 2140 4912 nomen

617 4944 778 4998 etiam
800 4945 888 4998 Dei
906 4941 1057 5003 Filio.
1086 4949 1190 5003 Sed
1213 4961 1266 5002 et
1292 4951 1472 5002 anima
1499 4947 1687 5011 fidelis,
1717 4957 1854 5002 terra
1872 4956 1950 5001 est
1964 4955 2145 5001 centu-

615 5035 805 5104 plicem
836 5035 1061 5091 fructum
1092 5039 1358 5104 reddens:
1393 5055 1511 5109 qua:
1550 5038 1762 5108 quidem
1805 5051 1872 5091 ex
1921 5038 2142 5106 pingue-

519 5185 529 5194 .
615 5125 757 5191 dine,
787 5126 836 5179 id
858 5137 938 5181 est
963 5129 1246 5197 sapientia,
1289 5129 1505 5196 sapiens
1546 5131 1633 5191 iit,
1673 5128 1778 5182 Deo
1828 5127 2142 5196 sapientiam

613 5229 771 5285 super
799 5231 858 5270 ea
889 5215 1160 5272 fundante.
1198 5216 1347 5270 Facit
1371 5219 1511 5270 enim
1536 5217 1676 5272 hanc
1698 5218 1926 5270 animam
1944 5215 2142 5269 doctri-

612 5317 692 5356 na:
721 5305 1008 5370 cumulum,
1046 5306 1320 5374 sapientiae
1349 5307 1601 5368 cinnum;
1645 5313 1802 5374 atque
1829 5319 1890 5356 ex
1916 5318 1976 5356 ea
2006 5317 2144 5356 sem.

611 5403 702 5454 per
731 5392 1060 5458 proﬁciente,
1088 5391 1284 5446 caelum
1313 5389 1474 5443 eﬂicit
1496 5428 1511 5453 ,
1555 5390 1894 5458 purissimam
1925 5393 2140 5440 creatu-

613 5487 742 5542 ram,
774 5479 1081 5547 angelorum
1123 5489 1285 5546 atque
1329 5478 1769 5547 intellectualium
1821 5475 2143 5529 substantia-

612 5579 724 5618 rutn
753 5566 1110 5621 habitaculum
1134 5607 1151 5634 ,
1182 5569 1490 5623 exsistentis
1523 5569 1617 5624 Dei
1655 5581 1813 5623 sensu
1843 5564 2136 5633 praedium.

2244 4494 2392 4554 σίους
2422 4492 2602 4544 καλεῖ·
2628 4493 2718 4544 καὶ
2741 4494 2841 4556 τὰς
2869 4495 3169 4567 λεγομένας
3204 4497 3476 4570 τροπικῶς
3511 4494 3766 4566 ἀϐύσσους,

2244 4581 2492 4651 ὀνομάζει
2535 4581 2719 4651 βάθος·
2771 4584 2842 4637 τά
2891 4586 3276 4660 δεδροσωμένα
3310 4589 3464 4660 νέφη,
3509 4586 3666 4660 μῆκος
3687 4596 3766 4650 ικα-

2243 4673 2324 4725 λεῖ
2343 4690 2356 4702 ·
2389 4671 2559 4726 ταῦτα
2586 4672 2640 4725 δὲ
2671 4672 2846 4727 πάντα
2878 4677 3114 4745 λογικῶν
3150 4681 3270 4740 ἐστι
3300 4679 3510 4750 φύσεων
3527 4671 3763 4750 σύμϐολα.

2245 4761 2628 4831 διαιρουμένων
2670 4763 2892 4832 κόσμοις
2926 4767 3020 4821 κοιλ⁸
3069 4769 3282 4838 σώματι
3331 4769 3484 4836 κατὰ,
3518 4761 3767 4843 ἀναλογίαν

2245 4853 2342 4923 τῆς
2384 4854 2786 4916 καταστάσεως·
2827 4856 3057 4926 ἁρμόζει
3100 4858 3259 4913 τοῦτο
3299 4859 3392 4912 καὶ
3433 4845 3765 4932 νῦν-τῷαξίῷ

2245 4942 2337 4995 τοῦ
2377 4943 2539 4996 Θεοῦ·
2599 4943 2732 4996 ἀλλὰ
2791 4946 2885 4998 καὶ
2935 4948 2970 5014 ἡ
3026 4947 3173 5017 ψυχὴ
3221 4950 3256 5019 ἡ
3307 4947 3505 5016 πιστὴ,
3541 4944 3766 5016 ﬁdis?!"

2251 5031 2729 5086 ὲκατονταπλασίον
2786 5037 3240 5106 καρποφοροῦσα·
3304 5037 3452 5107 αῦτη,
3481 5035 3537 5111 δὲ
3587 5036 3645 5086 ὲκ
3671 5027 3764 5108 ,τῆς

2249 5121 2516 5191 πιότητος,
2543 5122 2662 5191 ἥτις
2706 5122 2822 5176 ἐστὶ
2858 5125 3040 5194 σοφία,
3077 5129 3252 5198 σοφή·
3299 5111 3656 5200 θεμελιοῦντος
3679 5117 3766 5186 οὗ·

2247 5211 2344 5281 τὴν
2400 5212 2482 5262 ἐπ’
2531 5211 2664 5280 αὐτῇ
2711 5210 2806 5264 τοῦ
2849 5212 3019 5266 Θεοῦ·
3071 5215 3286 5286 έδρςάζει
3327 5199 3764 5296 γὰρςαύτςὴξζᾹῆν

2247 5299 2557 5370 συναγωγὴν
2607 5301 2706 5372 τῆς
2755 5301 3125 5370 διδασκαλίας,
3181 5308 3274 5359 καὶ⁸
3329 5305 3486 5376 πῆξιν
3541 5303 3640 5356 ἀπὸ
3699 5312 3763 5347 σο·

2247 5381 2370 5455 φίας
2414 5389 2758 5459 ποιούμενος·
2813 5393 2908 5444 καὶ
2960 5393 3048 5446 ἀεὶ
3107 5397 3539 5467 προκοπτούσης,
3572 5384 3763 5462 οὐρανὸν

2244 5481 2628 5550 ἀπεργάζεται,
2662 5481 3046 5552 καθαρώτατον
3083 5487 3308 5557 κτίσμα,
3347 5486 3587 5555 ἀγγέλων
3611 5498 3669 5535 τε
3693 5474 3764 5529 καὶ

2243 5565 2349 5618 ’τῶν
2380 5566 2582 5650 νοερῶν
2607 5569 2800 5623 οὐσιῶν
2832 5561 3189 5643 ὀίκητήριον,
3226 5574 3496 5628 λαθοῦσάν
3526 5588 3581 5625 τε
3606 5565 3763 5633 αἴσθη·

679 5735 986 5795 "v.i9.~"
1054 5743 1186 5794 ιι.
1262 5743 1306 5774 ιο
1338 5759 1389 5798 v.
1420 5745 1472 5800 s.
1530 5747 1592 5819 fi
1629 5761 1680 5799 v.
1725 5744 1810 5799 ts.
1885 5741 1929 5775 η
1972 5754 2021 5798 v.
2071 5741 2274 5818 18,?"
2311 5745 2480 5800 ν.19.
