3922 6390
674 437 764 492 171

1493 427 2058 495 SUPPLEMENTUM-
2078 433 2166 490 AD
2198 432 2514 490 ORIGENIS
2547 436 2724 492 EXEG
2736 435 2952 492 ETICA.

3737 443 3817 520 ne

669 571 768 620 est,
802 556 888 623 qui
929 553 1025 605 illis
1055 557 1137 605 est
1173 549 1531 615 informatus;
1570 551 1766 618 quique
1803 553 1941 606 haud
1971 553 2154 608 alteriu

2253 581 2264 617 ι
2296 554 2467 622 μένος,
2492 557 2547 618 ὃς
2579 557 2675 608 οὐκ
2704 555 2853 608 ἀλλου
2880 555 3054 622 χάριν,
3087 552 3198 604 ἀλλ’
3230 553 3389 605 ἕνεκα
3425 553 3517 621 τῆς
3544 553 3725 626 ἀρετῆς
3751 562 3804 612 τὰ

667 649 741 701 rei
785 644 969 712 gratia,
1015 641 1106 693 sed
1145 650 1362 709 propter
1391 641 1558 709 ipsam
1597 642 1871 706 virtutem,
1918 642 1974 696 in
2019 657 2084 697 ea
2135 659 2154 699 ε

2297 646 2414 697 κατ’
2446 646 2607 715 αὐτὴν
2638 648 2864 713 ἐνεργεῖ.

664 742 892 788 θκρτρεῑ.

727 822 772 852 ³⁸
822 819 1024 870 Donum
1060 818 1255 871 bonum
1287 818 1354 870 do
1389 817 1793 879 vobis,emleste
1834 837 2089 892 regnum,
2147 826 2189 878 si

659 910 824 978 legem
868 925 1038 962 meam
1072 923 1178 962 non
1207 909 1569 962 deserueritis.
1606 909 1703 964 Hic
1749 926 1910 984 porro
1952 916 2190 968 animad-

655 1001 968 1053 vertendum
1001 1009 1103 1062 est,
1135 1002 1327 1054 donum
1378 1001 1576 1053 bonum
1612 1001 1714 1055 dici
1749 1005 1900 1057 abeo
1933 1015 2186 1069 mentem,

654 1099 874 1158 propter
911 1089 1058 1141 illum
1101 1091 1188 1156 qui
1217 1093 1350 1144 dona
1414 1091 1464 1143 in
1509 1091 1684 1144 sinum
1736 1093 1931 1159 accipit
1970 1093 2185 1161 injuste,

653 1189 704 1233 et
733 1193 831 1232 nec
872 1192 1124 1246 prospero
1163 1193 1411 1234 successu
1443 1180 1630 1233 utitur.
1683 1179 1814 1233 Nam
1863 1182 2044 1249 iniqua
2098 1183 2184 1234 illa

651 1267 789 1321 dona
842 1267 969 1319 dicit
1003 1253 1096 1334 pro
1137 1267 1362 1335 improbi
1397 1267 1630 1321 hominis
1676 1269 1923 1337 negotiis,
1969 1285 2088 1338 qua:
2137 1270 2182 1324 si

653 1371 802 1409 tuens
832 1358 1084 1425 excipiat,
1109 1358 1160 1410 in
1189 1357 1290 1411 viis
1315 1357 1423 1410 suis
1455 1373 1554 1410 non
1585 1358 1923 1414 fortunatur.

719 1448 763 1477 ³⁸
797 1449 1000 1502 Corona
1029 1449 1340 1516 gratiarum,
1373 1450 1617 1500 mandata
1646 1450 1849 1502 Domini
1885 1459 2029 1513 sunt,
2067 1465 2181 1518 qua:

654 1541 799 1606 regni
861 1555 1112 1592 coronam
1165 1540 1394 1591 vicissim
1431 1538 1732 1592 retribuunt
1773 1542 2181 1597 observantibus

652 1630 783 1694 ipsa.
815 1630 1024 1682 Corona
1047 1643 1170 1681 vero
1195 1628 1504 1682 deliciarum
1537 1630 1766 1696 cognitio
1795 1631 1910 1692 Dei,
1938 1645 2051 1698 quae
2085 1648 2180 1686 nos

653 1728 952 1787 protegens,
980 1733 1186 1770 onmem
1219 1718 1470 1771 lascivam
1501 1718 1900 1786 cogitationem,
1935 1736 2176 1774 omnem-

647 1825 748 1877 que
773 1809 952 1861 falsam
980 1809 1250 1862 scientiam
1281 1808 1502 1876 repellit.

2360 816 2538 886 Δῶρον
2561 817 2755 884 ἀγαθὸν
2789 815 3059 886 δωροῦμαι
3089 815 3237 884 ὑμῖν,
3270 816 3369 886 τὴν
3403 816 3705 888 ἐπουράνιον
3731 821 3805 890 βα-

2291 907 2506 973 σιλείαν,
2542 908 2634 960 ἐὰν
2665 907 2754 960 τὸν
2792 907 2950 976 νόμον
2999 921 3100 974 μου
3153 905 3226 974 μὴ
3273 905 3687 977 ἐγκαταλίπητε·
3726 928 3803 980 cq-

2291 999 2541 1066 μειωτέον
2583 998 2638 1049 δὲ
2681 995 2942 1058 ἐνταῦθα,
2991 996 3069 1047 ὃτι
3115 995 3283 1064 δῶρον
3333 995 3531 1062 ἀγαθὸν
3583 999 3802 1069 ὀνομάζει

2284 1085 2375 1139 τὸν
2394 1085 2534 1148 νοῦν,
2563 1085 2648 1137 διὰ
2679 1085 2768 1137 τὸν
2794 1083 3135 1152 λαμϐάνοντα
3160 1083 3306 1150 δῶρα
3329 1081 3384 1135 ὲν
3411 1083 3587 1156 κόλπῳ
3615 1087 3802 1154 ἀδίκως,

2286 1177 2376 1228 καὶ
2401 1176 2474 1245 μὴ
2503 1176 2975 1244 κατευοδούμενον·
3019 1177 3201 1227 ἐκεῖνα
3237 1175 3345 1244 γὰρ
3375 1175 3521 1246 δῶρα
3562 1163 3722 1239 ἄδικα,
3749 1181 3803 1234 τὰ

2285 1266 2575 1334 πράγματα
2603 1265 2747 1331 λέγει
2787 1264 2877 1316 τοῦ
2918 1263 3175 1334 πονηροῦ,
3215 1264 3355 1334 ἅπερ
3388 1267 3416 1317 ὁ
3447 1267 3565 1329 νοῦς
3609 1267 3801 1340 δεχόμε-

2283 1370 2387 1414 νος,
2413 1353 2472 1403 ob
2498 1352 2870 1404 κατευοδοῦται
2907 1354 2962 1406 ἐν
2993 1356 3112 1414 ταῖς
3141 1353 3279 1417 ὁδοῖς
3319 1355 3501 1408 αὑτοῦ.

2349 1445 2611 1512 Στέφανος
2631 1446 2863 1516 χαρίτων
2884 1449 2937 1498 αἱ
2960 1447 3166 1500 ἐντολαὶ
3191 1447 3284 1500 τοῦ
3309 1448 3442 1501 Θεοῦ
3463 1451 3612 1514 εἰσιν,
3631 1451 3800 1512 αἱτινες

2278 1533 2367 1584 τὸν
2426 1533 2679 1601 στέφανον
2741 1535 2840 1602 τῆς
2899 1535 3174 1604 βασιλείας
3245 1540 3652 1610 ἀντιπαρέχουσι
3709 1546 3799 1607 τοῖς

2280 1617 2518 1669 ποιοῦσιν
2542 1619 2708 1680 αὑτάς
2727 1636 2739 1648 ·
2778 1621 3037 1688 στέφανος
3062 1623 3118 1674 δὲ
3143 1626 3349 1694 τρυφῆς
3376 1628 3408 1696 ἡ
3442 1628 3632 1694 γνῶσις
3663 1632 3690 1699 ἡ
3719 1631 3794 1684 τοῦ

2277 1705 2428 1768 Θεοῦ,
2471 1706 2588 1774 ἥτις
2624 1709 3060 1778 ὑπερασπίζουσα
3106 1713 3298 1782 ἡμῶν,
3360 1716 3532 1769 πάντα
3577 1717 3794 1788 λογισμὸν

2275 1796 2512 1866 ἐμπαθῆ,
2541 1799 2631 1850 καὶ
2666 1802 2841 1852 πᾶσαν
2873 1802 3070 1868 γνῶσιν
3099 1803 3272 1874 ψευδῆ
3302 1806 3612 1861 ἀπωθεῖται.

712 1897 755 1926 ³⁸
782 1896 870 1949 Ιίιε
890 1896 1184 1962 complures
1212 1896 1308 1948 via:
1334 1897 1397 1949 ad
1431 1913 1588 1950 unam
1615 1909 1836 1968 vergunt
1869 1902 2030 1962 viam,
2055 1916 2154 1969 qua

2341 1882 2506 1939 Αὗται
2537 1889 2590 1939 αἱ
2624 1888 2810 1941 πολλαὶ
2853 1891 2958 1943 ὁδοὶ
3001 1893 3081 1954 είς
3128 1893 3256 1961 μίαν
3305 1895 3523 1961 ἄγουσιν
3561 1898 3687 1963 ὁδὸν,
3714 1899 3790 1970 τὴν

645 1985 772 2040 dicit
799 2001 812 2037 :
848 1986 955 2053 Ego
976 2001 1089 2038 sum
1123 1985 1226 2039 via.
1281 1984 1468 2038 Multas
1509 1997 1683 2042 autem
1714 1990 1825 2041 vias
1850 1990 1977 2042 dixit
2008 1993 2174 2044 virtu-

643 2085 738 2136 tes,
765 2091 879 2143 qua:
910 2076 973 2128 ad
997 2075 1086 2129 Dei
1117 2078 1477 2144 cognitionem
1519 2079 1803 2131 deducunt.
1851 2077 2167 2147 Multiplica-

639 2166 831 2218 bu-utur
847 2175 1019 2218 autem
1049 2167 1171 2218 anni
1195 2167 1315 2218 vita:
1343 2167 1562 2230 homini,
1593 2168 1678 2233 qui
1714 2167 1762 2219 in
1790 2168 2166 2236 prophetarum

638 2269 767 2308 voce
800 2255 945 2308 audit
975 2254 1244 2309 cwlestem
1275 2255 1481 2309 Patrem
1503 2295 1517 2317 ,
1547 2256 1838 2324 recipitque
1862 2271 1956 2324 per
1985 2257 2168 2324 unige-

637 2343 803 2394 nitum
831 2341 1018 2395 Filiqu
1052 2343 1208 2399 verba
1246 2343 1405 2406 illius,
1432 2345 1554 2396 utin
1585 2345 1704 2397 vita:
1730 2343 1885 2410 justa:
1914 2344 2011 2398 viis
2035 2346 2164 2398 diri-

636 2441 810 2494 gatur,
851 2446 954 2497 quo
987 2431 1160 2486 salvus
1189 2431 1278 2484 liat
1309 2432 1362 2485 in
1389 2443 1587 2487 aeterna
1621 2433 1746 2486 vita.

701 2607 741 2639 "’
773 2608 968 2662 llorum
995 2620 1298 2665 castrorum
1335 2612 1492 2666 statin
1521 2623 1601 2666 cst
1635 2615 1892 2681 nequitia,
1943 2624 1995 2667 et
2023 2615 2155 2669 falsa

631 2696 875 2761 scicntia,
916 2708 968 2752 ct
995 2699 1246 2768 quidquid
1271 2701 1375 2754 Dco
1402 2703 1632 2755 invisum
1657 2713 1760 2757 est.
1794 2704 1986 2759 Hostes
2013 2707 2153 2759 enim

628 2797 752 2839 sunt
771 2788 940 2857 impiae
964 2791 1327 2860 cogitationes,
1357 2809 1472 2862 qua:
1494 2793 1701 2850 animas
1725 2797 2012 2864 perimunt.

692 2971 734 3001 ³⁸
767 2969 982 3026 Dilectis
1011 2971 1120 3026 suis
1147 2972 1368 3043 largitur
1404 2974 1542 3028 Deus
1578 2990 1854 3038 somnum;
1901 2985 1954 3029 at
2005 2977 2149 3046 impii

625 3058 906 3113 dilectione
931 3059 1046 3126 ejus
1069 3075 1172 3114 non
1207 3061 1472 3124 fruuntur,
1507 3063 1700 3130 quibus
1726 3073 1873 3118 certe
1908 3079 2148 3119 somnum

624 3145 878 3200 Dominus
923 3162 1024 3201 non
1059 3150 1321 3203 concedit.
1380 3149 1516 3204 Hinc
1569 3151 1894 3206 credibiliter
1940 3157 2147 3210 ostendi

2273 1977 2528 2029 εἰποῦσαν
2547 1994 2559 2006 ·
2592 1978 2729 2045 Ἐγώ
2755 1981 2868 2050 είμι
2893 1982 2924 2050 ἡ
2953 1982 3070 2044 ὁδός
3089 2000 3103 2012 ·
3132 1983 3327 2047 πολλὰς
3347 1985 3401 2038 δὲ
3427 1987 3634 2056 εἴρηκεν
3647 1989 3788 2052 ὁδοὺς.

2271 2067 2364 2127 τάς
2398 2067 2593 2137 ἀρετὰς
2623 2069 2719 2131 τὰς
2747 2070 3012 2140 φερούσας
3047 2075 3140 2126 ἐπὶ
3171 2074 3269 2144 τὴν
3309 2075 3507 2142 γνῶσιν
3537 2078 3623 2129 τοῦ
3656 2078 3782 2130 Θεοῦ.

2269 2157 2697 2228 Πληθυνθήσεται
2735 2161 2790 2212 δὲ
2823 2161 2914 2230 ἕτη
2951 2162 3097 2232 ζωῆς
3140 2164 3232 2216 τοῦ
3285 2165 3565 2230 ἀκούοντος
3596 2166 3675 2219 διὰ
3702 2167 3787 2219 τῶν

2267 2247 2555 2316 προφητῶν
2582 2248 2672 2300 τοῦ
2699 2252 3017 2319 ἐπουρανίου
3041 2254 3272 2322 Πατρὸς,
3303 2257 3393 2306 καὶ
3422 2242 3690 2325 δεχομένου
3716 2257 3785 2308 διὰ

2264 2336 2355 2388 τοῦ
2389 2338 2700 2406 μονογενοῦς
2731 2339 2854 2391 Υἰοῦ
2895 2343 3021 2403 τοὺς
3062 2343 3252 2410 λόγους
3285 2344 3466 2406 αὐτοῦ,
3500 2348 3576 2408 είς
3602 2347 3657 2397 τὸ
3682 2363 3784 2399 κατ-

2263 2425 2581 2495 ευθυνθῆναι
2624 2429 2679 2480 ὲν
2729 2432 2846 2491 ταῖς
2873 2431 3012 2491 ὁδοῖς
3054 2433 3153 2502 τῆς
3187 2434 3526 2504 δικαιοσύνης
3555 2435 3640 2510 τοῦ
3669 2435 3778 2506 βίον,

2259 2517 2400 2578 ὅπως
2427 2517 2676 2587 ἀποσωθῇ
2707 2519 2785 2580 εἰς
2807 2519 2904 2588 τὴν
2931 2522 3160 2586 ἀείζωον
3180 2522 3345 2592 ζωήν.

2328 2607 2524 2659 Τούτου
2557 2607 2649 2660 τοῦ
2686 2609 2912 2676 στρατοῦ
2941 2611 2970 2662 ὁ
3014 2611 3180 2675 τόπος
3218 2615 3367 2666 ἐστὶν
3401 2614 3433 2682 ή
3464 2613 3622 2666 κακία
3653 2612 3778 2679 καὶὴ

2256 2695 2592 2765 ψευδώνυμος
2619 2699 2836 2764 γνῶσις,
2871 2701 2966 2752 καὶ
2993 2703 3098 2753 πᾶν
3127 2702 3300 2753 ὁτιοῦν
3326 2701 3543 2755 ἄδεκτον
3571 2701 3641 2769 τῷ
3662 2699 3774 2768 Θεῷ·

2255 2785 2495 2854 πολέμιοι
2522 2787 2626 2856 γάρ
2660 2791 2792 2842 εἰσιν
2817 2791 2864 2842 οἱ
2899 2789 3117 2853 ἀσεϐεῖς
3161 2791 3430 2862 λογισμοὶ,
3479 2792 3645 2862 ψυχὰς
3668 2793 3777 2845 ἀπο-

2255 2874 2568 2938 κτείνοντες.
3243 2917 3247 2924 .

2335 2965 2414 3015 Ἐκ
2440 2967 2552 3025 τοῖς
2585 2965 2884 3036 ἀγαπητοῖς
2914 2969 3083 3023 αὑτοῦ
3108 2970 3321 3024 δίδωσιν
3343 2972 3372 3022 ὁ
3394 2969 3585 3041 Κύριος
3615 2967 3768 3021 ὕπνον·

2249 3054 2298 3104 oi
2335 3053 2389 3105 δὲ
2431 3055 2644 3117 ἀσεϐεῖς
2690 3057 2790 3109 οὐκ
2835 3060 2976 3112 εἰσὶν
3005 3059 3170 3112 αὐτοῦ
3199 3061 3495 3130 ἀγαπητοί·
3537 3061 3639 3120 τοῖς
3669 3058 3769 3109 ἀσε-

2250 3140 2395 3194 ϐέσιν
2422 3142 2524 3213 ἄρα
2563 3142 2622 3193 οὺ
2652 3143 2860 3198 δίδωσιν
2905 3147 3070 3200 ὕπνον
3113 3151 3141 3201 ὁ
3186 3149 3418 3220 Κύριος·
3463 3146 3688 3200 ἐντεῦθεν
3723 3142 3767 3196 δὲ

621 3245 812 3303 potest,
845 3235 982 3290 haud
1015 3251 1131 3292 esse
1161 3238 1403 3292 idoneam
1443 3239 1701 3308 capiendo
1735 3255 1924 3296 somno
1952 3244 2150 3300 daemo-

2255 3230 2366 3284 ἐστι
2399 3235 2491 3286 καὶ
2512 3233 2774 3298 πειθανῶς
2805 3237 2996 3303 δεῖξαι,
3033 3241 3115 3292 ὅτι
3143 3241 3202 3292 οὐ
3231 3239 3505 3292 καθεύδειν
3525 3237 3764 3306 πεφύκασι

619 3343 744 3380 num
771 3336 1031 3379 naturam.

689 3411 736 3443 ”
767 3414 1031 3466 Anteeunt
1055 3412 1205 3468 nobis
1249 3417 1495 3480 virtutes,
1527 3432 1728 3486 nosque
1755 3417 2060 3476 illuminant
2095 3422 2148 3477 in

617 3511 876 3567 praesente
931 3503 1073 3567 vita;
1124 3517 1245 3571 qua:
1294 3505 1335 3557 si
1377 3520 1496 3558 cum
1545 3507 1723 3560 futura
1783 3522 2144 3578 comparetur,

616 3604 734 3658 quae
757 3590 869 3644 dies
893 3601 994 3654 est,
1022 3606 1124 3645 nox
1156 3590 1396 3658 dicetur;
1425 3595 1593 3649 donec
1625 3608 1876 3667 exsurgat
1899 3601 2012 3654 dies
2034 3641 2048 3666 ,
2093 3603 2143 3657 in

614 3695 718 3747 qua
743 3678 963 3744 iustitiae
995 3677 1320 3735 sol‘orictur.
1373 3681 1469 3737 Vel
1521 3684 1669 3752 dicit,
1703 3688 1875 3755 quoad
1928 3698 2038 3744 tuto
2090 3693 2142 3745 in

615 3770 730 3823 loco
769 3784 863 3823 nos
893 3771 1241 3834 constituant,
1282 3785 1384 3826 non
1419 3776 1695 3832 recedunt.
1731 3779 1824 3832 Est
1862 3781 2004 3833 enim
2037 3782 2140 3835 dici

612 3859 904 3926 proprium,
925 3868 976 3912 ut
1012 3859 1254 3915 tenebras
1283 3863 1546 3932 dispellat.
1573 3865 1724 3931 Quod
1745 3882 1873 3923 sane
1893 3870 2139 3928 Christus

609 3947 774 3999 etiam
817 3946 996 4002 aiebat
1029 3969 1042 4002 :
1071 3949 1171 4016 Qui
1219 3952 1461 4007 ambulat
1509 3955 1562 4008 in
1599 3956 1704 4020 die,
1749 3973 1854 4012 non
1899 3958 2136 4018 oﬂ‘endit.

605 4036 804 4094 Contra
830 4038 886 4092 ﬁt
922 4040 972 4092 in
1009 4043 1108 4094 viis
1145 4041 1464 4111 impiorum;
1497 4047 1584 4114 qui
1628 4061 1747 4101 cum
1771 4064 1942 4117 neque
1967 4054 2138 4106 sciant

606 4142 778 4195 neque
816 4129 1129 4198 intelligant,
1161 4133 1213 4187 in
1261 4137 1498 4190 tenebris
1544 4137 1817 4192 ambulant
1866 4152 1920 4195 et
1961 4143 2132 4196 oll‘en-

602 4218 761 4282 dunt;
794 4233 966 4287 neque
1008 4221 1166 4276 ullam
1204 4225 1409 4278 veniam
1449 4226 1755 4292 inveniunt,
1797 4233 1946 4300 quasi
1982 4233 2132 4302 igno-

603 4309 776 4359 rantia
835 4309 1070 4378 prolapsi
1117 4311 1312 4367 fuerint
1353 4333 1367 4367 :
1417 4315 1514 4382 ipsi
1557 4317 1695 4370 enim
1723 4318 1825 4372 sibi
1884 4323 2130 4377 tenebras

2226 4244 2623 4314 διαπορεύονται
2645 4262 2659 4276 ·

2247 3323 2510 3393 δαίμονες.

2315 3435 2740 3505 Προπορεύονται
2795 3439 2957 3506 ἡμῶν
2999 3440 3058 3492 αί
3091 3441 3301 3510 ἀρεταὶ.
3351 3440 3444 3492 καὶ
3481 3437 3763 3507 φωτίζουσιν

2242 3527 2386 3595 ἡμᾶς
2406 3527 2462 3579 ὲν
2499 3525 2574 3593 τῷ
2595 3527 2814 3595 παρόντι
2845 3528 2966 3599 βίῳ,
2994 3529 3054 3593 ὃς
3086 3530 3222 3600 πρὸς
3244 3529 3333 3582 τὸν
3363 3522 3763 3598 μέλλοντανήμέ-

2246 3632 2340 3684 ραν
2371 3615 2516 3680 ὄντα,
2551 3615 2644 3681 νὺξ
2669 3617 2917 3684 λέγεται·
2959 3621 3064 3683 ἕως
3097 3619 3430 3689 κατορθώσει
3461 3619 3493 3688 ἡ
3520 3616 3688 3685 ἡμέρα
3716 3613 3762 3661 ὲν

2239 3702 2330 3779 ᾖὸ
2358 3707 2453 3776 τῆς
2491 3707 2828 3778 δικαιοσύνης
2877 3710 3029 3780 ἥλιος
3070 3709 3367 3763 ἀνατέλλει.
3417 3707 3486 3759 Ἢ
3529 3704 3640 3756 ἀντὶ
3668 3697 3759 3757 τοῦ,

2237 3796 2338 3858 ἕως
2367 3797 2512 3865 ἡμᾶς
2540 3797 2596 3848 ὲν
2621 3797 2888 3868 ἀσφαλείᾳ
2920 3802 3374 3870 καταστήσουσιν,
3402 3797 3498 3848 οὐκ
3529 3793 3759 3860 ἀφίσταν-

2234 3901 2348 3937 ται·
2378 3885 2531 3938 τοῦτο
2569 3885 2676 3957 γάρ
2714 3887 2929 3958 ἡμέρας
2976 3889 3126 3952 ἴδιον,
3176 3888 3236 3942 τὸ
3289 3887 3478 3946 σκότος
3521 3878 3755 3934 διαλύειν

2233 3977 2365 4044 ὅπερ
2405 3971 2495 4028 οὖν
2531 3976 2623 4028 καὶ
2645 3978 2876 4047 Χριστὸς
2929 3979 3151 4045 ἔλεγεν·
3195 3977 3254 4029 '0
3289 3972 3597 4044 περιπατῶν
3630 3971 3679 4020 ὲν
3703 3965 3753 4030 τῇ

2218 4062 2410 4136 ἡμέρᾳ
2453 4065 2510 4118 οὐ
2559 4067 2918 4134 προσκόπτει·
2970 4067 3276 4121 τούναντίον
3326 4066 3381 4118 δὲ
3426 4065 3480 4117 αί
3515 4061 3616 4114 τῶν
3649 4059 3753 4110 ἀσε-

2231 4154 2338 4207 ϐῶν
2360 4172 2371 4184 ·
2409 4156 2527 4207 ἐπεὶ
2553 4151 2644 4208 οῦν
2672 4156 2769 4208 οὐκ
2798 4156 3042 4223 ἔγνωσαν
3071 4156 3191 4209 οὐδὲ
3222 4155 3480 4223 συνῆκαν,
3510 4151 3565 4201 ἐν
3604 4145 3752 4198 σκότει

2730 4249 3202 4315 προσκόπτουσιν,
3272 4243 3386 4298 ἀλλ’
3444 4241 3540 4294 οὐκ
3599 4236 3750 4303 έχουσι

2229 4331 2546 4402 συγγνώμην
2589 4331 2662 4394 ὡς
2707 4333 2902 4404 ἀγνοίᾳ
2953 4333 3413 4404 προσπταίοντες·
3465 4324 3609 4378 αὐτοὶ
3661 4315 3750 4384 γὰρ

598 4397 949 4457 obduxeruut.
980 4403 1043 4457 Et
1073 4406 1285 4471 videsis,
1313 4408 1453 4476 quod
1477 4409 1644 4463 virtus
1674 4410 1938 4466 in'mediis
1967 4417 2124 4469 etiam

2254 4397 2528 4483 abido“
2573 4397 2765 4484 σκότος’
2807 4397 3170 4495 εἰργάσαντο·
3226 4422 3327 4491 ὅρα
3369 4419 3430 4472 δὲ
3477 4417 3549 4477 ὡς
3595 4411 3624 4480 ή
3670 4407 3748 4495 μὲν

600 4487 834 4540 tenebris
871 4488 1040 4544 lucem
1080 4493 1358 4560 diﬂ’undit;
1407 4499 1641 4565 nequitia
1671 4510 1864 4566 autem,
1916 4502 1967 4554 in
2003 4504 2118 4559 lnce

2253 4509 2386 4580 ιρετὴ
2422 4511 2512 4563 καὶ
2546 4511 2602 4562 ἐν
2636 4511 2811 4566 σκότει
3018 4487 3290 4581 ἐποίησά.
3323 4512 3358 4578 ἡ
3388 4508 3446 4560 δὲ
3484 4502 3640 4558 κακία
3671 4493 3746 4587 ,φὶ

595 4589 801 4642 quoque
829 4578 1158 4635 tenebrcscit.

661 4663 708 4696 “
746 4665 850 4719 Sed
891 4681 1060 4736 neque
1102 4672 1370 4739 quomodo
1424 4684 1644 4742 peccant
1697 4677 1844 4746 impii
1910 4683 2114 4747 sciunt,

2223 4603 2280 4651 έν
2317 4601 2452 4668 φωτὶ
2481 4602 2683 4664 σκότος·
2713 4629 2784 4642 ·-
2833 4605 2968 4657 υὺδὲ
3005 4604 3098 4656 τὸν
3127 4601 3327 4672 τρόπον
3380 4596 3494 4658 πῶς
3530 4585 3746 4660 ἁμαρτά·-

2221 4707 2415 4754 νουσιν,
2453 4693 2500 4743 οί
2534 4692 2748 4756 ἀσεϐεῖς
2793 4695 3146 4750 ἐπίστανται·
3187 4689 3305 4742 οὐδὲ
3342 4687 3438 4755 τὴν
3474 4681 3640 4736 αἰτίαν
3676 4689 3743 4738 γι-

593 4769 763 4823 neque
781 4771 992 4811 causam
1019 4759 1366 4815 oﬁ’enslonum
1391 4773 1604 4818 suarum
1634 4781 1826 4821 norunt
1851 4785 1864 4821 :
1890 4771 2118 4839 denique

2253 4779 2517 4841 ώσκουσι,·
2555 4782 2714 4836 πόθεν
2777 4783 3242 4855 προσκόπτουσιν·
3301 4774 3414 4830 ἀλλ’
3465 4767 3580 4824 οὐδὲ
3633 4757 3740 4855 avra

589 4860 657 4898 ne
685 4846 852 4912 ipsum
884 4848 1093 4915 quidem
1138 4859 1418 4918 peccatum
1448 4867 1602 4908 suum
1647 4859 2110 4924 animadvertunt;

587 4934 726 5001 quod
755 4943 1007 4991 extrema:
1031 4939 1278 5007 nequitia:
1309 4941 1559 4996 indicium
1595 4954 1696 4998 est.

655 5021 700 5052 δι
729 5021 928 5080 Fontes
952 5026 1084 5082 dicit
1113 5028 1364 5094 virtutes,
1396 5033 1532 5087 unde
1556 5043 1728 5088 scatet
1761 5051 1894 5104 aqua
1926 5038 2108 5093 vivens

2216 4869 2366 4923 τοῦτο
2409 4872 2601 4935 ἴσασιν,
2653 4874 2734 4925 ὃτι
2781 4869 3224 4943 παρανομοῦσιν·
3274 4867 3411 4933 ὅπερ
3446 4858 3586 4914 ἐστὶν
3631 4863 3739 4916 TW“

2219 4977 2380 5032 ρισμα
2407 4963 2502 5032 τῆς
2529 4964 2758 5034 ἐσχάτης
2788 4963 3005 5024 κακίας.
3381 4999 3384 5002 ~

2281 5025 2471 5120 ῐίηγὰξ
2783 5051 3004 5124 ἀρετὰς,
3033 5049 3126 5117 ἀφ’
3148 5042 3222 5100 ὧν
3250 5031 3583 5124 γεννᾶται-τὸ
3611 5025 3732 5124 ὕδωρ

582 5112 878 5168 divinorum
910 5118 1217 5185 verborum,
1249 5118 1301 5173 id
1331 5128 1411 5173 est
1439 5120 1634 5176 Christi
1663 5127 1908 5194 cognitio.
1945 5129 2107 5184 David

2253 5111 2406 5198 5:539
2448 5111 2569 5190 τῶν,
2599 5111 2755 5193 θείων
2809 5111 3096 5211 βημάτων,
3138 5135 3274 5200 ὅπερ
3323 5121 3529 5188 ἐστὶνή
3560 5111 3729 5211 Mai

580 5218 789 5272 quoque
823 5221 838 5258 ε
869 5206 1268 5275 Apparuerunt,
1305 5210 1495 5279 inquit,
1539 5211 1711 5267 fontes
1734 5192 2020 5284 aquarum,
2053 5228 2107 5274 et

2253 5192 2582 5296 DD-Xptmﬁ.
2612 5230 2719 5282 Καὶ
2793 5192 2957 5283 gurdo
2978 5245 2992 5258 ·
3031 5192 3312 5291 "boetia-av
3336 5214 3462 5284 γὰρ,
3482 5192 3726 5296 φησὶντέαί

537 5291 810 5345 "revelata
871 5303 994 5346 sunt
1050 5294 1391 5350 fundamenta
1442 5299 1589 5354 orbis
1651 5309 1951 5368 terrarum,
2005 5307 2104 5360 sub

2253 5285 2392 5385 ηγαὶ’
2407 5317 2514 5371 τῶν
2556 5318 2778 5383 ὑδάτων,
2819 5318 2916 5373 καὶ
2952 5285 3397 5377 ἀνεκέλύωησαν
3435 5298 3500 5368 τὰ
3531 5285 3726 5385 θεμέλιῗ

581 5382 814 5437 adventu
838 5383 1084 5438 videlicet
1107 5383 1408 5442 Servatoris
1433 5389 1601 5443 nostri
1623 5389 1748 5445 Jesu
1774 5393 1998 5450 Christi.

549 5633 554 5640 ι
649 5561 694 5592 ⁸²
717 5560 864 5614 Oculi
891 5563 986 5628 tui,
1022 5563 1394 5636 inqttit,.recta
1422 5565 1654 5636 videant,
1693 5569 1744 5626 id
1771 5580 1853 5626 est
1881 5587 1944 5628 ea
1980 5583 2099 5628 tan-

2204 5365 3008 5477 τῆξ’“ᾼέκεῦέιέᾷξιξξ”τὲὲιρῖὲιξὲέ
3041 5365 3332 5466 ἐπιδημίαν
3383 5380 3610 5456 δηλονότι
3645 5383 3722 5424 του

2198 5487 2440 5562 Σωτῆρος
2471 5495 2622 5567 ἡμῶν
2659 5496 2828 5567 Ἰησοῦ
2849 5490 3103 5564 Χριστοῦ.

2269 5556 2618 5653 θίδφθαλμοι
2653 5556 2765 5652 σου,
2809 5556 2980 5644 εἶπεν,
3017 5575 3152 5648 ὁρθά
3200 5565 3552 5642 βλεπέτωσαν,
3581 5556 3718 5605 τουτ-

677 5745 1141 5826 ιινληιιω.
1216 5733 1448 5808 "nio.
1522 5749 1761 5811 '7v.l5.
1834 5754 1955 5808 εον.
2006 5754 2087 5807 ιδ.

2253 5759 2409 5814 v.18.
2486 5762 2608 5818 “v.
2656 5765 2740 5820 l9.
2818 5765 2930 5815 υτ
3000 5758 3090 5813 21.
3167 5747 3388 5803 "v.25.
