  <div class='ocr_page' id='page_1' title='image "/cluster/home/n/w/nwhite01/storage/ocr_20150623/17 (Origenes, pt. 7)/nyp.33433081862348/099.png"; bbox 0 0 3922 6406; ppageno 0'>
   <div class='ocr_carea' id='block_1_1' title="bbox 589 459 688 514">
    <p class='ocr_par' dir='ltr' id='par_1_1' title="bbox 589 459 688 514">
     <span class='ocr_line' id='line_1_1' title="bbox 589 459 688 514; baseline 0.03 -4"><span class='ocrx_word' id='word_1_1' title='bbox 589 459 688 514; x_wconf 75' lang='grc'><strong>175</strong></span> 
     </span>
    </p>
   </div>
   <div class='ocr_carea' id='block_1_2' title="bbox 1403 447 2829 508">
    <p class='ocr_par' dir='ltr' id='par_1_2' title="bbox 1403 447 2829 508">
     <span class='ocr_line' id='line_1_2' title="bbox 1403 447 2829 508; baseline 0.005 -8"><span class='ocrx_word' id='word_1_2' title='bbox 1403 447 1942 505; x_wconf 80' lang='lat' dir='ltr'><strong>SUPPLEMENTUM</strong></span> <span class='ocrx_word' id='word_1_3' title='bbox 1973 450 2058 503; x_wconf 83' lang='lat' dir='ltr'><strong>AD</strong></span> <span class='ocrx_word' id='word_1_4' title='bbox 2088 449 2400 505; x_wconf 81' lang='lat' dir='ltr'><strong>ORIGENIS</strong></span> <span class='ocrx_word' id='word_1_5' title='bbox 2435 450 2829 508; x_wconf 82' lang='lat' dir='ltr'><strong>EXEGETICA.</strong></span> 
     </span>
    </p>
   </div>
   <div class='ocr_carea' id='block_1_3' title="bbox 3608 513 3621 532">
    <p class='ocr_par' dir='ltr' id='par_1_3' title="bbox 3608 513 3621 532">
     <span class='ocr_line' id='line_1_3' title="bbox 3608 513 3621 532; baseline 0 0"><span class='ocrx_word' id='word_1_6' title='bbox 3608 513 3621 532; x_wconf 80' lang='lat'><strong><em>\</em></strong></span> 
     </span>
    </p>
   </div>
   <div class='ocr_carea' id='block_1_4' title="bbox 652 554 2089 630">
    <p class='ocr_par' dir='ltr' id='par_1_4' title="bbox 652 558 2089 625">
     <span class='ocr_line' id='line_1_4' title="bbox 652 558 2089 625; baseline -0.008 -1"><span class='ocrx_word' id='word_1_7' title='bbox 652 574 696 604; x_wconf 83' lang='grc'><strong>⁸⁰</strong></span> <span class='ocrx_word' id='word_1_8' title='bbox 714 571 805 624; x_wconf 85' lang='lat' dir='ltr'><strong>llic</strong></span> <span class='ocrx_word' id='word_1_9' title='bbox 847 561 1076 618; x_wconf 81' lang='lat' dir='ltr'><strong>mulieris</strong></span> <span class='ocrx_word' id='word_1_10' title='bbox 1111 558 1367 614; x_wconf 90' lang='lat' dir='ltr'><strong>vocabulo</strong></span> <span class='ocrx_word' id='word_1_11' title='bbox 1411 560 1684 625; x_wconf 76' lang='lat' dir='ltr'><strong>scientiam</strong></span> <span class='ocrx_word' id='word_1_12' title='bbox 1720 560 1812 616; x_wconf 89' lang='lat' dir='ltr'><strong>Dei</strong></span> <span class='ocrx_word' id='word_1_13' title='bbox 1841 562 2089 623; x_wconf 87' lang='lat' dir='ltr'><strong>denotat;</strong></span> 
     </span>
    </p>
   </div>
   <div class='ocr_carea' id='block_1_5' title="bbox 2193 554 3774 630">
    <p class='ocr_par' dir='ltr' id='par_1_5' title="bbox 2262 554 3774 630">
     <span class='ocr_line' id='line_1_5' title="bbox 2262 554 3774 630; baseline 0 -17"><span class='ocrx_word' id='word_1_14' title='bbox 2262 563 2492 614; x_wconf 82' lang='grc' dir='ltr'>Γυναῖκα</span> <span class='ocrx_word' id='word_1_15' title='bbox 2525 563 2745 614; x_wconf 75' lang='grc' dir='ltr'>ἐνταῦθα</span> <span class='ocrx_word' id='word_1_16' title='bbox 2773 561 2866 630; x_wconf 83' lang='grc' dir='ltr'><strong>τὴν</strong></span> <span class='ocrx_word' id='word_1_17' title='bbox 2900 559 2993 611; x_wconf 77' lang='grc' dir='ltr'>τοῠ</span> <span class='ocrx_word' id='word_1_18' title='bbox 3019 557 3164 610; x_wconf 78' lang='grc' dir='ltr'>Θεοῦ</span> <span class='ocrx_word' id='word_1_19' title='bbox 3218 554 3439 624; x_wconf 86' lang='grc' dir='ltr'>γνῶσιν</span> <span class='ocrx_word' id='word_1_20' title='bbox 3488 557 3774 626; x_wconf 83' lang='grc' dir='ltr'>σημαίνει·</span> 
     </span>
    </p>
   </div>
   <div class='ocr_carea' id='block_1_6' title="bbox 581 648 2096 732">
    <p class='ocr_par' dir='ltr' id='par_1_6' title="bbox 581 648 2096 732">
     <span class='ocr_line' id='line_1_6' title="bbox 581 648 2096 732; baseline -0.011 -16"><span class='ocrx_word' id='word_1_21' title='bbox 581 676 697 732; x_wconf 68' lang='lat' dir='ltr'><strong>quae</strong></span> <span class='ocrx_word' id='word_1_22' title='bbox 724 657 870 712; x_wconf 91' lang='lat' dir='ltr'><strong>nobis</strong></span> <span class='ocrx_word' id='word_1_23' title='bbox 897 652 1003 720; x_wconf 88' lang='lat' dir='ltr'><strong>jam</strong></span> <span class='ocrx_word' id='word_1_24' title='bbox 1039 650 1161 703; x_wconf 89' lang='lat' dir='ltr'><strong>inde</strong></span> <span class='ocrx_word' id='word_1_25' title='bbox 1188 649 1254 702; x_wconf 89' lang='lat' dir='ltr'><strong>ab</strong></span> <span class='ocrx_word' id='word_1_26' title='bbox 1309 648 1662 702; x_wconf 75' lang='lat' dir='ltr'><strong>adolescentia</strong></span> <span class='ocrx_word' id='word_1_27' title='bbox 1715 650 1908 703; x_wconf 84' lang='lat' dir='ltr'><strong>tradita</strong></span> <span class='ocrx_word' id='word_1_28' title='bbox 1966 650 2096 714; x_wconf 80' lang='lat' dir='ltr'><strong>fuit;</strong></span> 
     </span>
    </p>
   </div>
   <div class='ocr_carea' id='block_1_7' title="bbox 579 739 2097 815">
    <p class='ocr_par' dir='ltr' id='par_1_7' title="bbox 579 739 2097 815">
     <span class='ocr_line' id='line_1_7' title="bbox 579 739 2097 815; baseline -0.007 -13"><span class='ocrx_word' id='word_1_29' title='bbox 579 763 633 806; x_wconf 90' lang='lat' dir='ltr'><strong>et</strong></span> <span class='ocrx_word' id='word_1_30' title='bbox 655 763 808 815; x_wconf 85' lang='lat' dir='ltr'><strong>quam</strong></span> <span class='ocrx_word' id='word_1_31' title='bbox 835 741 1074 810; x_wconf 89' lang='lat' dir='ltr'><strong>superius</strong></span> <span class='ocrx_word' id='word_1_32' title='bbox 1115 739 1364 794; x_wconf 90' lang='lat' dir='ltr'><strong>Salomon</strong></span> <span class='ocrx_word' id='word_1_33' title='bbox 1397 739 1692 806; x_wconf 76' lang='lat' dir='ltr'><strong>iuventutis</strong></span> <span class='ocrx_word' id='word_1_34' title='bbox 1739 740 2097 803; x_wconf 70' lang='lat' dir='ltr'><strong>magisterium</strong></span> 
     </span>
    </p>
   </div>
   <div class='ocr_carea' id='block_1_8' title="bbox 578 829 2098 896">
    <p class='ocr_par' dir='ltr' id='par_1_8' title="bbox 578 829 2098 896">
     <span class='ocr_line' id='line_1_8' title="bbox 578 829 2098 896; baseline -0.009 -4"><span class='ocrx_word' id='word_1_35' title='bbox 578 839 732 892; x_wconf 71' lang='lat' dir='ltr'><strong>dixit.</strong></span> <span class='ocrx_word' id='word_1_36' title='bbox 774 833 894 896; x_wconf 86' lang='lat' dir='ltr'><strong>Fili,</strong></span> <span class='ocrx_word' id='word_1_37' title='bbox 927 831 1065 885; x_wconf 91' lang='lat' dir='ltr'><strong>enim</strong></span> <span class='ocrx_word' id='word_1_38' title='bbox 1107 830 1296 896; x_wconf 83' lang='lat' dir='ltr'><strong>inquit,</strong></span> <span class='ocrx_word' id='word_1_39' title='bbox 1329 844 1391 882; x_wconf 92' lang='lat' dir='ltr'><strong>ne</strong></span> <span class='ocrx_word' id='word_1_40' title='bbox 1414 839 1462 881; x_wconf 92' lang='lat' dir='ltr'><strong>te</strong></span> <span class='ocrx_word' id='word_1_41' title='bbox 1490 829 1962 895; x_wconf 88' lang='lat' dir='ltr'><strong>capiatconsilium</strong></span> <span class='ocrx_word' id='word_1_42' title='bbox 1987 844 2098 880; x_wconf 87' lang='lat' dir='ltr'><strong>ma-</strong></span> 
     </span>
    </p>
   </div>
   <div class='ocr_carea' id='block_1_9' title="bbox 579 917 2096 995">
    <p class='ocr_par' dir='ltr' id='par_1_9' title="bbox 579 917 2096 995">
     <span class='ocr_line' id='line_1_9' title="bbox 579 917 2096 995; baseline -0.006 -15"><span class='ocrx_word' id='word_1_43' title='bbox 579 931 682 981; x_wconf 89' lang='lat' dir='ltr'><strong>lum</strong></span> <span class='ocrx_word' id='word_1_44' title='bbox 707 927 780 995; x_wconf 88' lang='lat' dir='ltr'><strong>(id</strong></span> <span class='ocrx_word' id='word_1_45' title='bbox 811 922 1148 976; x_wconf 86' lang='lat' dir='ltr'><strong>estdiabolus</strong></span> <span class='ocrx_word' id='word_1_46' title='bbox 1179 921 1436 972; x_wconf 90' lang='lat' dir='ltr'><strong>malorum</strong></span> <span class='ocrx_word' id='word_1_47' title='bbox 1465 920 1810 975; x_wconf 91' lang='lat' dir='ltr'><strong>consiliorum</strong></span> <span class='ocrx_word' id='word_1_48' title='bbox 1844 917 2096 984; x_wconf 81' lang='lat' dir='ltr'><strong>molitor),</strong></span> 
     </span>
    </p>
   </div>
   <div class='ocr_carea' id='block_1_10' title="bbox 580 1009 2099 1085">
    <p class='ocr_par' dir='ltr' id='par_1_10' title="bbox 580 1009 2099 1085">
     <span class='ocr_line' id='line_1_10' title="bbox 580 1009 2099 1085; baseline -0.003 -19"><span class='ocrx_word' id='word_1_49' title='bbox 580 1033 682 1085; x_wconf 88' lang='lat' dir='ltr'><strong>quo</strong></span> <span class='ocrx_word' id='word_1_50' title='bbox 705 1014 944 1069; x_wconf 75' lang='lat' dir='ltr'><strong>doctrina</strong></span> <span class='ocrx_word' id='word_1_51' title='bbox 979 1011 1273 1080; x_wconf 86' lang='lat' dir='ltr'><strong>juventutis</strong></span> <span class='ocrx_word' id='word_1_52' title='bbox 1299 1009 1583 1072; x_wconf 88' lang='lat' dir='ltr'><strong>deseritur,</strong></span> <span class='ocrx_word' id='word_1_53' title='bbox 1618 1018 1672 1062; x_wconf 91' lang='lat' dir='ltr'><strong>et</strong></span> <span class='ocrx_word' id='word_1_54' title='bbox 1711 1009 1946 1062; x_wconf 90' lang='lat' dir='ltr'><strong>divinum</strong></span> <span class='ocrx_word' id='word_1_55' title='bbox 1999 1009 2099 1062; x_wconf 77' lang='lat' dir='ltr'><strong>fte-</strong></span> 
     </span>
    </p>
   </div>
   <div class='ocr_carea' id='block_1_11' title="bbox 577 1098 2094 1162">
    <p class='ocr_par' dir='ltr' id='par_1_11' title="bbox 577 1098 2094 1162">
     <span class='ocr_line' id='line_1_11' title="bbox 577 1098 2094 1162; baseline -0.007 0"><span class='ocrx_word' id='word_1_56' title='bbox 577 1110 675 1162; x_wconf 83' lang='lat' dir='ltr'><strong>dus</strong></span> <span class='ocrx_word' id='word_1_57' title='bbox 702 1103 951 1160; x_wconf 80' lang='lat' dir='ltr'><strong>oblivioni</strong></span> <span class='ocrx_word' id='word_1_58' title='bbox 995 1101 1238 1154; x_wconf 84' lang='lat' dir='ltr'><strong>traditur.</strong></span> <span class='ocrx_word' id='word_1_59' title='bbox 1267 1099 1474 1152; x_wconf 79' lang='lat' dir='ltr'><strong>Oblivio</strong></span> <span class='ocrx_word' id='word_1_60' title='bbox 1501 1108 1676 1152; x_wconf 89' lang='lat' dir='ltr'><strong>autem</strong></span> <span class='ocrx_word' id='word_1_61' title='bbox 1717 1109 1770 1152; x_wconf 94' lang='lat' dir='ltr'><strong>et</strong></span> <span class='ocrx_word' id='word_1_62' title='bbox 1797 1098 2094 1162; x_wconf 86' lang='lat' dir='ltr'><strong>derelictio,</strong></span> 
     </span>
    </p>
   </div>
   <div class='ocr_carea' id='block_1_12' title="bbox 574 1188 2098 1266">
    <p class='ocr_par' dir='ltr' id='par_1_12' title="bbox 574 1188 2098 1266">
     <span class='ocr_line' id='line_1_12' title="bbox 574 1188 2098 1266; baseline -0.004 -18"><span class='ocrx_word' id='word_1_63' title='bbox 574 1210 819 1266; x_wconf 86' lang='lat' dir='ltr'><strong>possessu</strong></span> <span class='ocrx_word' id='word_1_64' title='bbox 853 1194 1088 1248; x_wconf 68' lang='lat' dir='ltr'><strong>scientiae</strong></span> <span class='ocrx_word' id='word_1_65' title='bbox 1125 1190 1413 1243; x_wconf 83' lang='lat' dir='ltr'><strong>deteriores</strong></span> <span class='ocrx_word' id='word_1_66' title='bbox 1445 1198 1606 1252; x_wconf 92' lang='lat' dir='ltr'><strong>sunt,</strong></span> <span class='ocrx_word' id='word_1_67' title='bbox 1650 1188 1813 1241; x_wconf 86' lang='lat' dir='ltr'><strong>veluti</strong></span> <span class='ocrx_word' id='word_1_68' title='bbox 1870 1189 2098 1242; x_wconf 84' lang='lat' dir='ltr'><strong>sanitate</strong></span> 
     </span>
    </p>
   </div>
   <div class='ocr_carea' id='block_1_13' title="bbox 575 1275 2094 1352">
    <p class='ocr_par' dir='ltr' id='par_1_13' title="bbox 575 1275 2094 1352">
     <span class='ocr_line' id='line_1_13' title="bbox 575 1275 2094 1352; baseline -0.008 -16"><span class='ocrx_word' id='word_1_69' title='bbox 575 1284 728 1352; x_wconf 79' lang='lat' dir='ltr'><strong>longe</strong></span> <span class='ocrx_word' id='word_1_70' title='bbox 755 1282 902 1350; x_wconf 82' lang='lat' dir='ltr'><strong>pejor</strong></span> <span class='ocrx_word' id='word_1_71' title='bbox 927 1279 1163 1339; x_wconf 84' lang='lat' dir='ltr'><strong>morbus,</strong></span> <span class='ocrx_word' id='word_1_72' title='bbox 1191 1285 1243 1330; x_wconf 83' lang='lat' dir='ltr'><strong>et</strong></span> <span class='ocrx_word' id='word_1_73' title='bbox 1268 1275 1402 1330; x_wconf 77' lang='lat' dir='ltr'><strong>inira</strong></span> <span class='ocrx_word' id='word_1_74' title='bbox 1431 1275 1592 1327; x_wconf 90' lang='lat' dir='ltr'><strong>vitam</strong></span> <span class='ocrx_word' id='word_1_75' title='bbox 1619 1289 1779 1328; x_wconf 90' lang='lat' dir='ltr'><strong>mors.</strong></span> <span class='ocrx_word' id='word_1_76' title='bbox 1815 1275 1982 1326; x_wconf 88' lang='lat' dir='ltr'><strong>Simul</strong></span> <span class='ocrx_word' id='word_1_77' title='bbox 2013 1284 2094 1325; x_wconf 88' lang='lat' dir='ltr'><strong>ta-</strong></span> 
     </span>
    </p>
   </div>
   <div class='ocr_carea' id='block_1_14' title="bbox 573 1365 2096 1441">
    <p class='ocr_par' dir='ltr' id='par_1_14' title="bbox 573 1365 2096 1441">
     <span class='ocr_line' id='line_1_14' title="bbox 573 1365 2096 1441; baseline -0.008 -13"><span class='ocrx_word' id='word_1_78' title='bbox 573 1390 690 1428; x_wconf 91' lang='lat' dir='ltr'><strong>men</strong></span> <span class='ocrx_word' id='word_1_79' title='bbox 720 1374 832 1441; x_wconf 85' lang='lat' dir='ltr'><strong>ipsa</strong></span> <span class='ocrx_word' id='word_1_80' title='bbox 875 1371 1092 1425; x_wconf 88' lang='lat' dir='ltr'><strong>scientia</strong></span> <span class='ocrx_word' id='word_1_81' title='bbox 1123 1378 1175 1420; x_wconf 93' lang='lat' dir='ltr'><strong>et</strong></span> <span class='ocrx_word' id='word_1_82' title='bbox 1211 1376 1378 1420; x_wconf 86' lang='lat' dir='ltr'><strong>mater</strong></span> <span class='ocrx_word' id='word_1_83' title='bbox 1407 1365 1602 1418; x_wconf 87' lang='lat' dir='ltr'><strong>dicitur</strong></span> <span class='ocrx_word' id='word_1_84' title='bbox 1656 1374 1709 1418; x_wconf 91' lang='lat' dir='ltr'><strong>et</strong></span> <span class='ocrx_word' id='word_1_85' title='bbox 1761 1380 1893 1418; x_wconf 69' lang='lat' dir='ltr'><strong>uxor</strong></span> <span class='ocrx_word' id='word_1_86' title='bbox 1937 1374 2096 1431; x_wconf 89' lang='lat' dir='ltr'><strong>atque</strong></span> 
     </span>
    </p>
   </div>
   <div class='ocr_carea' id='block_1_15' title="bbox 571 1455 2094 1527">
    <p class='ocr_par' dir='ltr' id='par_1_15' title="bbox 571 1455 2094 1527">
     <span class='ocr_line' id='line_1_15' title="bbox 571 1455 2094 1527; baseline -0.009 -7"><span class='ocrx_word' id='word_1_87' title='bbox 571 1481 723 1521; x_wconf 91' lang='lat' dir='ltr'><strong>soror</strong></span> <span class='ocrx_word' id='word_1_88' title='bbox 754 1482 768 1517; x_wconf 87' lang='lat'><strong>:</strong></span> <span class='ocrx_word' id='word_1_89' title='bbox 801 1473 988 1523; x_wconf 89' lang='lat' dir='ltr'><strong>mater,</strong></span> <span class='ocrx_word' id='word_1_90' title='bbox 1017 1462 1138 1527; x_wconf 88' lang='lat' dir='ltr'><strong>quia</strong></span> <span class='ocrx_word' id='word_1_91' title='bbox 1167 1459 1253 1527; x_wconf 83' lang='lat' dir='ltr'><strong>qui</strong></span> <span class='ocrx_word' id='word_1_92' title='bbox 1295 1458 1473 1509; x_wconf 86' lang='lat' dir='ltr'><strong>docuit</strong></span> <span class='ocrx_word' id='word_1_93' title='bbox 1510 1471 1593 1509; x_wconf 91' lang='lat' dir='ltr'><strong>me</strong></span> <span class='ocrx_word' id='word_1_94' title='bbox 1616 1495 1630 1519; x_wconf 91' lang='lat'><strong>,</strong></span> <span class='ocrx_word' id='word_1_95' title='bbox 1686 1470 1778 1522; x_wconf 89' lang='lat' dir='ltr'><strong>per</strong></span> <span class='ocrx_word' id='word_1_96' title='bbox 1823 1455 2094 1507; x_wconf 77' lang='lat' dir='ltr'><strong>scientiam</strong></span> 
     </span>
    </p>
   </div>
   <div class='ocr_carea' id='block_1_16' title="bbox 571 1543 2092 1622">
    <p class='ocr_par' dir='ltr' id='par_1_16' title="bbox 571 1543 2092 1622">
     <span class='ocr_line' id='line_1_16' title="bbox 571 1543 2092 1622; baseline -0.009 -14"><span class='ocrx_word' id='word_1_97' title='bbox 571 1555 868 1622; x_wconf 76' lang='lat' dir='ltr'><strong>megenuit,</strong></span> <span class='ocrx_word' id='word_1_98' title='bbox 893 1562 946 1604; x_wconf 91' lang='lat' dir='ltr'><strong>ut</strong></span> <span class='ocrx_word' id='word_1_99' title='bbox 976 1551 1165 1602; x_wconf 80' lang='lat' dir='ltr'><strong>Paulus</strong></span> <span class='ocrx_word' id='word_1_100' title='bbox 1189 1563 1280 1616; x_wconf 91' lang='lat' dir='ltr'><strong>per</strong></span> <span class='ocrx_word' id='word_1_101' title='bbox 1309 1547 1641 1611; x_wconf 80' lang='lat' dir='ltr'><strong>Evangelium</strong></span> <span class='ocrx_word' id='word_1_102' title='bbox 1670 1543 1916 1598; x_wconf 88' lang='lat' dir='ltr'><strong>Galatas:</strong></span> <span class='ocrx_word' id='word_1_103' title='bbox 1941 1559 2092 1604; x_wconf 80' lang='lat' dir='ltr'><strong>uxor,</strong></span> 
     </span>
    </p>
   </div>
   <div class='ocr_carea' id='block_1_17' title="bbox 569 1635 2091 1713">
    <p class='ocr_par' dir='ltr' id='par_1_17' title="bbox 569 1635 2091 1713">
     <span class='ocr_line' id='line_1_17' title="bbox 569 1635 2091 1713; baseline -0.008 -15"><span class='ocrx_word' id='word_1_104' title='bbox 569 1648 692 1713; x_wconf 85' lang='lat' dir='ltr'><strong>quia</strong></span> <span class='ocrx_word' id='word_1_105' title='bbox 725 1645 850 1696; x_wconf 92' lang='lat' dir='ltr'><strong>mihi</strong></span> <span class='ocrx_word' id='word_1_106' title='bbox 873 1642 1115 1709; x_wconf 84' lang='lat' dir='ltr'><strong>copulata</strong></span> <span class='ocrx_word' id='word_1_107' title='bbox 1139 1640 1278 1706; x_wconf 90' lang='lat' dir='ltr'><strong>parit</strong></span> <span class='ocrx_word' id='word_1_108' title='bbox 1309 1639 1527 1689; x_wconf 76' lang='lat' dir='ltr'><strong>virtutes</strong></span> <span class='ocrx_word' id='word_1_109' title='bbox 1553 1644 1606 1689; x_wconf 92' lang='lat' dir='ltr'><strong>et</strong></span> <span class='ocrx_word' id='word_1_110' title='bbox 1641 1644 1781 1688; x_wconf 87' lang='lat' dir='ltr'><strong>recta</strong></span> <span class='ocrx_word' id='word_1_111' title='bbox 1812 1635 2091 1702; x_wconf 78' lang='lat' dir='ltr'><strong>dogmata;</strong></span> 
     </span>
    </p>
   </div>
   <div class='ocr_carea' id='block_1_18' title="bbox 572 1723 2089 1798">
    <p class='ocr_par' dir='ltr' id='par_1_18' title="bbox 572 1723 2089 1798">
     <span class='ocr_line' id='line_1_18' title="bbox 572 1723 2089 1798; baseline -0.007 -14"><span class='ocrx_word' id='word_1_112' title='bbox 572 1733 831 1798; x_wconf 84' lang='lat' dir='ltr'><strong>siquidem</strong></span> <span class='ocrx_word' id='word_1_113' title='bbox 869 1743 1050 1796; x_wconf 82' lang='lat' dir='ltr'><strong>reapse</strong></span> <span class='ocrx_word' id='word_1_114' title='bbox 1103 1726 1319 1779; x_wconf 84' lang='lat' dir='ltr'><strong>scicntia</strong></span> <span class='ocrx_word' id='word_1_115' title='bbox 1357 1725 1493 1790; x_wconf 80' lang='lat' dir='ltr'><strong>parit</strong></span> <span class='ocrx_word' id='word_1_116' title='bbox 1551 1724 1667 1775; x_wconf 92' lang='lat' dir='ltr'><strong>viro</strong></span> <span class='ocrx_word' id='word_1_117' title='bbox 1715 1723 2041 1789; x_wconf 81' lang='lat' dir='ltr'><strong>prudentiam</strong></span> <span class='ocrx_word' id='word_1_118' title='bbox 2077 1739 2089 1774; x_wconf 92' lang='lat'><strong>:</strong></span> 
     </span>
    </p>
   </div>
   <div class='ocr_carea' id='block_1_19' title="bbox 573 1811 2088 1885">
    <p class='ocr_par' dir='ltr' id='par_1_19' title="bbox 573 1811 2088 1885">
     <span class='ocr_line' id='line_1_19' title="bbox 573 1811 2088 1885; baseline -0.006 -15"><span class='ocrx_word' id='word_1_119' title='bbox 573 1835 746 1882; x_wconf 87' lang='lat' dir='ltr'><strong>soror,</strong></span> <span class='ocrx_word' id='word_1_120' title='bbox 780 1819 900 1885; x_wconf 86' lang='lat' dir='ltr'><strong>quia</strong></span> <span class='ocrx_word' id='word_1_121' title='bbox 930 1832 1025 1884; x_wconf 81' lang='lat' dir='ltr'><strong>ego</strong></span> <span class='ocrx_word' id='word_1_122' title='bbox 1054 1815 1249 1882; x_wconf 87' lang='lat' dir='ltr'><strong>pariter</strong></span> <span class='ocrx_word' id='word_1_123' title='bbox 1301 1825 1454 1880; x_wconf 82' lang='lat' dir='ltr'><strong>atque</strong></span> <span class='ocrx_word' id='word_1_124' title='bbox 1511 1812 1601 1864; x_wconf 83' lang='lat' dir='ltr'><strong>illa</strong></span> <span class='ocrx_word' id='word_1_125' title='bbox 1650 1827 1714 1865; x_wconf 80' lang='lat' dir='ltr'><strong>ex</strong></span> <span class='ocrx_word' id='word_1_126' title='bbox 1769 1826 1874 1863; x_wconf 89' lang='lat' dir='ltr'><strong>uno</strong></span> <span class='ocrx_word' id='word_1_127' title='bbox 1927 1811 2088 1878; x_wconf 79' lang='lat' dir='ltr'><strong>geniti</strong></span> 
     </span>
    </p>
   </div>
   <div class='ocr_carea' id='block_1_20' title="bbox 2199 647 3782 722">
    <p class='ocr_par' dir='ltr' id='par_1_20' title="bbox 2199 647 3782 722">
     <span class='ocr_line' id='line_1_20' title="bbox 2199 647 3782 722; baseline -0.003 -17"><span class='ocrx_word' id='word_1_128' title='bbox 2199 651 2331 722; x_wconf 76' lang='grc' dir='ltr'>αὕτη</span> <span class='ocrx_word' id='word_1_129' title='bbox 2360 653 2412 704; x_wconf 80' lang='grc' dir='ltr'>δὲ</span> <span class='ocrx_word' id='word_1_130' title='bbox 2441 655 2502 705; x_wconf 83' lang='grc' dir='ltr'>ἐκ</span> <span class='ocrx_word' id='word_1_131' title='bbox 2535 653 2771 721; x_wconf 90' lang='grc' dir='ltr'>νεότητος</span> <span class='ocrx_word' id='word_1_132' title='bbox 2815 652 2944 721; x_wconf 79' lang='grc' dir='ltr'>ἡμῖν</span> <span class='ocrx_word' id='word_1_133' title='bbox 2999 649 3166 716; x_wconf 79' lang='grc' dir='ltr'>ἐδόθη</span> <span class='ocrx_word' id='word_1_134' title='bbox 3191 663 3205 676; x_wconf 89' lang='grc'><strong>·</strong></span> <span class='ocrx_word' id='word_1_135' title='bbox 3278 647 3485 714; x_wconf 76' lang='grc' dir='ltr'>ἥντινα</span> <span class='ocrx_word' id='word_1_136' title='bbox 3537 647 3782 719; x_wconf 81' lang='grc' dir='ltr'><strong>ἀνωτέρω</strong></span> 
     </span>
    </p>
   </div>
   <div class='ocr_carea' id='block_1_21' title="bbox 2196 742 3782 814">
    <p class='ocr_par' dir='ltr' id='par_1_21' title="bbox 2196 742 3782 814">
     <span class='ocr_line' id='line_1_21' title="bbox 2196 742 3782 814; baseline 0.002 -20"><span class='ocrx_word' id='word_1_137' title='bbox 2196 742 2532 796; x_wconf 83' lang='grc' dir='ltr'><strong>διδασκαλίαν</strong></span> <span class='ocrx_word' id='word_1_138' title='bbox 2548 748 2576 798; x_wconf 92' lang='lat'><strong>6</strong></span> <span class='ocrx_word' id='word_1_139' title='bbox 2595 745 2835 814; x_wconf 83' lang='grc' dir='ltr'>Σολομῶν</span> <span class='ocrx_word' id='word_1_140' title='bbox 2856 744 3110 812; x_wconf 88' lang='grc' dir='ltr'>νεότητος</span> <span class='ocrx_word' id='word_1_141' title='bbox 3134 743 3298 810; x_wconf 77' lang='grc' dir='ltr'>λέγει</span> <span class='ocrx_word' id='word_1_142' title='bbox 3323 759 3338 771; x_wconf 90' lang='grc'><strong>·</strong></span> <span class='ocrx_word' id='word_1_143' title='bbox 3361 742 3488 804; x_wconf 82' lang='grc' dir='ltr'>Υἱὲ,</span> <span class='ocrx_word' id='word_1_144' title='bbox 3505 743 3618 813; x_wconf 87' lang='grc' dir='ltr'><strong>γάρ</strong></span> <span class='ocrx_word' id='word_1_145' title='bbox 3636 762 3782 814; x_wconf 78' lang='grc' dir='ltr'>φησι,</span> 
     </span>
    </p>
   </div>
   <div class='ocr_carea' id='block_1_22' title="bbox 2199 832 3782 902">
    <p class='ocr_par' dir='ltr' id='par_1_22' title="bbox 2199 832 3782 902">
     <span class='ocr_line' id='line_1_22' title="bbox 2199 832 3782 902; baseline 0.003 -20"><span class='ocrx_word' id='word_1_146' title='bbox 2199 832 2270 899; x_wconf 84' lang='grc' dir='ltr'>μή</span> <span class='ocrx_word' id='word_1_147' title='bbox 2305 848 2361 882; x_wconf 88' lang='grc' dir='ltr'><strong>σε</strong></span> <span class='ocrx_word' id='word_1_148' title='bbox 2397 833 2668 902; x_wconf 79' lang='grc' dir='ltr'>καταλάϐῃ</span> <span class='ocrx_word' id='word_1_149' title='bbox 2697 833 2852 902; x_wconf 85' lang='grc' dir='ltr'>βουλὴ</span> <span class='ocrx_word' id='word_1_150' title='bbox 2883 834 3028 902; x_wconf 83' lang='grc' dir='ltr'>κακὴ</span> <span class='ocrx_word' id='word_1_151' title='bbox 3074 832 3215 900; x_wconf 84' lang='grc' dir='ltr'>(τὸν</span> <span class='ocrx_word' id='word_1_152' title='bbox 3276 832 3540 884; x_wconf 76' lang='grc' dir='ltr'>διάϐολον</span> <span class='ocrx_word' id='word_1_153' title='bbox 3595 832 3782 899; x_wconf 78' lang='grc' dir='ltr'>λέγων,</span> 
     </span>
    </p>
   </div>
   <div class='ocr_carea' id='block_1_23' title="bbox 2194 920 3782 992">
    <p class='ocr_par' dir='ltr' id='par_1_23' title="bbox 2194 920 3782 992">
     <span class='ocr_line' id='line_1_23' title="bbox 2194 920 3782 992; baseline 0.003 -21"><span class='ocrx_word' id='word_1_154' title='bbox 2194 920 2268 980; x_wconf 85' lang='grc' dir='ltr'>ὼς</span> <span class='ocrx_word' id='word_1_155' title='bbox 2299 921 2478 981; x_wconf 84' lang='grc' dir='ltr'>κακῶς</span> <span class='ocrx_word' id='word_1_156' title='bbox 2507 922 2960 991; x_wconf 84' lang='grc' dir='ltr'>βουλευσάμενον)·</span> <span class='ocrx_word' id='word_1_157' title='bbox 3027 923 3060 992; x_wconf 81' lang='grc' dir='ltr'><strong>ἡ</strong></span> <span class='ocrx_word' id='word_1_158' title='bbox 3111 921 3486 975; x_wconf 80' lang='grc' dir='ltr'>ἀπολιποῦσα</span> <span class='ocrx_word' id='word_1_159' title='bbox 3545 921 3782 976; x_wconf 78' lang='grc' dir='ltr'>διδασκαρ</span> 
     </span>
    </p>
   </div>
   <div class='ocr_carea' id='block_1_24' title="bbox 2195 1009 3780 1083">
    <p class='ocr_par' dir='ltr' id='par_1_24' title="bbox 2195 1009 3780 1083">
     <span class='ocr_line' id='line_1_24' title="bbox 2195 1009 3780 1083; baseline 0.003 -23"><span class='ocrx_word' id='word_1_160' title='bbox 2195 1009 2310 1062; x_wconf 92' lang='grc' dir='ltr'>λίαν</span> <span class='ocrx_word' id='word_1_161' title='bbox 2355 1012 2614 1080; x_wconf 87' lang='grc' dir='ltr'>νεότητος,</span> <span class='ocrx_word' id='word_1_162' title='bbox 2671 1015 2761 1064; x_wconf 71' lang='grc' dir='ltr'><strong>καὶ</strong></span> <span class='ocrx_word' id='word_1_163' title='bbox 2813 1011 3072 1083; x_wconf 82' lang='grc' dir='ltr'>διαθήκην</span> <span class='ocrx_word' id='word_1_164' title='bbox 3115 1011 3283 1066; x_wconf 85' lang='grc' dir='ltr'>θείαν</span> <span class='ocrx_word' id='word_1_165' title='bbox 3339 1012 3780 1082; x_wconf 79' lang='grc' dir='ltr'>ὲπιλελησμένη·</span> 
     </span>
    </p>
   </div>
   <div class='ocr_carea' id='block_1_25' title="bbox 2194 1096 3781 1172">
    <p class='ocr_par' dir='ltr' id='par_1_25' title="bbox 2194 1096 3781 1172">
     <span class='ocr_line' id='line_1_25' title="bbox 2194 1096 3781 1172; baseline 0.005 -24"><span class='ocrx_word' id='word_1_166' title='bbox 2194 1096 2325 1167; x_wconf 79' lang='grc' dir='ltr'>λήθη</span> <span class='ocrx_word' id='word_1_167' title='bbox 2354 1099 2407 1150; x_wconf 85' lang='grc' dir='ltr'>δὲ</span> <span class='ocrx_word' id='word_1_168' title='bbox 2434 1101 2523 1151; x_wconf 79' lang='grc' dir='ltr'>καὶ</span> <span class='ocrx_word' id='word_1_169' title='bbox 2554 1100 2849 1167; x_wconf 72' lang='grc' dir='ltr'>ἀπόλειψις,</span> <span class='ocrx_word' id='word_1_170' title='bbox 2885 1101 3142 1168; x_wconf 84' lang='grc' dir='ltr'>γνώσεως</span> <span class='ocrx_word' id='word_1_171' title='bbox 3181 1103 3454 1171; x_wconf 81' lang='grc' dir='ltr'>κτήσεως</span> <span class='ocrx_word' id='word_1_172' title='bbox 3504 1101 3781 1172; x_wconf 83' lang='grc' dir='ltr'>δεύτεραι·</span> 
     </span>
    </p>
   </div>
   <div class='ocr_carea' id='block_1_26' title="bbox 2195 1182 3782 1258">
    <p class='ocr_par' dir='ltr' id='par_1_26' title="bbox 2195 1182 3782 1258">
     <span class='ocr_line' id='line_1_26' title="bbox 2195 1182 3782 1258; baseline 0.007 -26"><span class='ocrx_word' id='word_1_173' title='bbox 2195 1182 2376 1252; x_wconf 79' lang='grc' dir='ltr'>ὥσπερ</span> <span class='ocrx_word' id='word_1_174' title='bbox 2410 1185 2500 1236; x_wconf 80' lang='grc' dir='ltr'>καὶ</span> <span class='ocrx_word' id='word_1_175' title='bbox 2521 1185 2701 1251; x_wconf 78' lang='grc' dir='ltr'><strong>ὑγείας</strong></span> <span class='ocrx_word' id='word_1_176' title='bbox 2725 1187 2873 1249; x_wconf 82' lang='grc' dir='ltr'><strong>νόσος</strong></span> <span class='ocrx_word' id='word_1_177' title='bbox 2897 1188 3122 1258; x_wconf 79' lang='grc' dir='ltr'><strong>ἐσχάτη,</strong></span> <span class='ocrx_word' id='word_1_178' title='bbox 3185 1189 3291 1240; x_wconf 76' lang='grc' dir='ltr'>καὶ</span> <span class='ocrx_word' id='word_1_179' title='bbox 3351 1188 3510 1256; x_wconf 76' lang='grc' dir='ltr'>ζωῆς</span> <span class='ocrx_word' id='word_1_180' title='bbox 3563 1188 3782 1253; x_wconf 76' lang='grc' dir='ltr'>θάνατος</span> 
     </span>
    </p>
   </div>
   <div class='ocr_carea' id='block_1_27' title="bbox 2193 1271 3779 1350">
    <p class='ocr_par' dir='ltr' id='par_1_27' title="bbox 2193 1271 3779 1350">
     <span class='ocr_line' id='line_1_27' title="bbox 2193 1271 3779 1350; baseline 0.008 -28"><span class='ocrx_word' id='word_1_181' title='bbox 2193 1271 2465 1341; x_wconf 84' lang='grc' dir='ltr'>δεύτερος·</span> <span class='ocrx_word' id='word_1_182' title='bbox 2502 1274 2612 1342; x_wconf 75' lang='grc' dir='ltr'>ἅμα</span> <span class='ocrx_word' id='word_1_183' title='bbox 2637 1276 2692 1327; x_wconf 83' lang='grc' dir='ltr'>δὲ</span> <span class='ocrx_word' id='word_1_184' title='bbox 2718 1277 2809 1327; x_wconf 77' lang='grc' dir='ltr'>καὶ</span> <span class='ocrx_word' id='word_1_185' title='bbox 2855 1276 3062 1338; x_wconf 79' lang='grc' dir='ltr'><strong>τούτοις</strong></span> <span class='ocrx_word' id='word_1_186' title='bbox 3089 1295 3178 1340; x_wconf 87' lang='grc' dir='ltr'><strong>τε,</strong></span> <span class='ocrx_word' id='word_1_187' title='bbox 3213 1278 3303 1329; x_wconf 84' lang='grc' dir='ltr'>ὃτι</span> <span class='ocrx_word' id='word_1_188' title='bbox 3362 1279 3513 1348; x_wconf 79' lang='grc' dir='ltr'>ὅπερ</span> <span class='ocrx_word' id='word_1_189' title='bbox 3565 1279 3598 1348; x_wconf 81' lang='grc' dir='ltr'>ἡ</span> <span class='ocrx_word' id='word_1_190' title='bbox 3649 1280 3779 1350; x_wconf 68' lang='grc' dir='ltr'>αὑτὴ</span> 
     </span>
    </p>
   </div>
   <div class='ocr_carea' id='block_1_28' title="bbox 2193 1362 3776 1438">
    <p class='ocr_par' dir='ltr' id='par_1_28' title="bbox 2193 1362 3776 1438">
     <span class='ocr_line' id='line_1_28' title="bbox 2193 1362 3776 1438; baseline 0.008 -28"><span class='ocrx_word' id='word_1_191' title='bbox 2193 1362 2404 1428; x_wconf 81' lang='grc' dir='ltr'>γνῶσις,</span> <span class='ocrx_word' id='word_1_192' title='bbox 2440 1364 2530 1414; x_wconf 58' lang='grc' dir='ltr'><strong>καὶ⁵</strong></span> <span class='ocrx_word' id='word_1_193' title='bbox 2579 1366 2754 1435; x_wconf 87' lang='grc' dir='ltr'><strong>μήτηρ</strong></span> <span class='ocrx_word' id='word_1_194' title='bbox 2781 1366 2995 1432; x_wconf 86' lang='grc' dir='ltr'>λέγεται</span> <span class='ocrx_word' id='word_1_195' title='bbox 3028 1368 3123 1419; x_wconf 77' lang='grc' dir='ltr'><strong>καὶ</strong></span> <span class='ocrx_word' id='word_1_196' title='bbox 3159 1369 3312 1437; x_wconf 86' lang='grc' dir='ltr'>γυνὴ</span> <span class='ocrx_word' id='word_1_197' title='bbox 3367 1369 3471 1420; x_wconf 75' lang='grc' dir='ltr'>καὶ</span> <span class='ocrx_word' id='word_1_198' title='bbox 3541 1368 3739 1438; x_wconf 74' lang='grc' dir='ltr'>ἀδελφή</span> <span class='ocrx_word' id='word_1_199' title='bbox 3765 1388 3776 1400; x_wconf 91' lang='grc'><strong>·</strong></span> 
     </span>
    </p>
   </div>
   <div class='ocr_carea' id='block_1_29' title="bbox 2195 1453 3779 1528">
    <p class='ocr_par' dir='ltr' id='par_1_29' title="bbox 2195 1453 3779 1528">
     <span class='ocr_line' id='line_1_29' title="bbox 2195 1453 3779 1528; baseline 0.006 -27"><span class='ocrx_word' id='word_1_200' title='bbox 2195 1453 2370 1521; x_wconf 80' lang='grc' dir='ltr'>μήτηρ</span> <span class='ocrx_word' id='word_1_201' title='bbox 2397 1453 2509 1520; x_wconf 86' lang='grc' dir='ltr'>μὲν,</span> <span class='ocrx_word' id='word_1_202' title='bbox 2536 1455 2717 1524; x_wconf 82' lang='grc' dir='ltr'>ἐπειδὴ</span> <span class='ocrx_word' id='word_1_203' title='bbox 2748 1457 2775 1508; x_wconf 97' lang='lat'><strong>6</strong></span> <span class='ocrx_word' id='word_1_204' title='bbox 2810 1456 3021 1520; x_wconf 81' lang='grc' dir='ltr'>διδάξας</span> <span class='ocrx_word' id='word_1_205' title='bbox 3062 1473 3158 1526; x_wconf 90' lang='grc' dir='ltr'><strong>με,</strong></span> <span class='ocrx_word' id='word_1_206' title='bbox 3204 1457 3279 1508; x_wconf 77' lang='grc' dir='ltr'>δι’</span> <span class='ocrx_word' id='word_1_207' title='bbox 3303 1457 3491 1526; x_wconf 81' lang='grc' dir='ltr'>αὐτῆς</span> <span class='ocrx_word' id='word_1_208' title='bbox 3520 1474 3588 1528; x_wconf 87' lang='grc' dir='ltr'><strong>με</strong></span> <span class='ocrx_word' id='word_1_209' title='bbox 3613 1458 3779 1525; x_wconf 82' lang='grc' dir='ltr'>γεγέν-</span> 
     </span>
    </p>
   </div>
   <div class='ocr_carea' id='block_1_30' title="bbox 2191 1543 3775 1615">
    <p class='ocr_par' dir='ltr' id='par_1_30' title="bbox 2191 1543 3775 1615">
     <span class='ocr_line' id='line_1_30' title="bbox 2191 1543 3775 1615; baseline 0.007 -25"><span class='ocrx_word' id='word_1_210' title='bbox 2191 1558 2366 1608; x_wconf 82' lang='grc' dir='ltr'>νηκεν,</span> <span class='ocrx_word' id='word_1_211' title='bbox 2389 1543 2460 1603; x_wconf 80' lang='grc' dir='ltr'>ὡς</span> <span class='ocrx_word' id='word_1_212' title='bbox 2477 1543 2677 1606; x_wconf 82' lang='grc' dir='ltr'>Παῦλος</span> <span class='ocrx_word' id='word_1_213' title='bbox 2705 1544 2789 1596; x_wconf 80' lang='grc' dir='ltr'><strong>διὰ</strong></span> <span class='ocrx_word' id='word_1_214' title='bbox 2819 1544 2909 1596; x_wconf 68' lang='grc' dir='ltr'><strong>τοῦ</strong></span> <span class='ocrx_word' id='word_1_215' title='bbox 2938 1545 3288 1612; x_wconf 82' lang='grc' dir='ltr'>Εύαγγελίου</span> <span class='ocrx_word' id='word_1_216' title='bbox 3325 1545 3585 1610; x_wconf 83' lang='grc' dir='ltr'>Γαλάτας</span> <span class='ocrx_word' id='word_1_217' title='bbox 3609 1564 3622 1577; x_wconf 86' lang='grc'><strong>·</strong></span> <span class='ocrx_word' id='word_1_218' title='bbox 3655 1549 3775 1615; x_wconf 68' lang='grc' dir='ltr'>γυνὴ</span> 
     </span>
    </p>
   </div>
   <div class='ocr_carea' id='block_1_31' title="bbox 2190 1630 3776 1706">
    <p class='ocr_par' dir='ltr' id='par_1_31' title="bbox 2190 1630 3776 1706">
     <span class='ocr_line' id='line_1_31' title="bbox 2190 1630 3776 1706; baseline 0.006 -25"><span class='ocrx_word' id='word_1_219' title='bbox 2190 1630 2264 1691; x_wconf 82' lang='grc' dir='ltr'>δὲ,</span> <span class='ocrx_word' id='word_1_220' title='bbox 2305 1632 2383 1682; x_wconf 81' lang='grc' dir='ltr'><strong>δτι</strong></span> <span class='ocrx_word' id='word_1_221' title='bbox 2433 1633 2658 1685; x_wconf 73' lang='grc' dir='ltr'>συνοῦσα</span> <span class='ocrx_word' id='word_1_222' title='bbox 2686 1651 2773 1702; x_wconf 91' lang='grc' dir='ltr'><strong>μοι</strong></span> <span class='ocrx_word' id='word_1_223' title='bbox 2813 1635 2981 1688; x_wconf 81' lang='grc' dir='ltr'><strong>τίκτει</strong></span> <span class='ocrx_word' id='word_1_224' title='bbox 3007 1638 3106 1698; x_wconf 80' lang='grc' dir='ltr'>τὰς</span> <span class='ocrx_word' id='word_1_225' title='bbox 3150 1637 3372 1706; x_wconf 77' lang='grc' dir='ltr'>ἀρετὰς</span> <span class='ocrx_word' id='word_1_226' title='bbox 3409 1637 3509 1688; x_wconf 72' lang='grc' dir='ltr'>καὶ</span> <span class='ocrx_word' id='word_1_227' title='bbox 3542 1636 3776 1706; x_wconf 80' lang='grc' dir='ltr'>δόγματα</span> 
     </span>
    </p>
   </div>
   <div class='ocr_carea' id='block_1_32' title="bbox 2189 1719 3770 1795">
    <p class='ocr_par' dir='ltr' id='par_1_32' title="bbox 2189 1719 3770 1795">
     <span class='ocr_line' id='line_1_32' title="bbox 2189 1719 3770 1795; baseline 0.005 -25"><span class='ocrx_word' id='word_1_228' title='bbox 2189 1719 2351 1788; x_wconf 80' lang='grc' dir='ltr'>ὀρθά·</span> <span class='ocrx_word' id='word_1_229' title='bbox 2385 1720 2521 1786; x_wconf 82' lang='grc' dir='ltr'>εἴγε</span> <span class='ocrx_word' id='word_1_230' title='bbox 2548 1722 2578 1789; x_wconf 81' lang='grc' dir='ltr'>ἡ</span> <span class='ocrx_word' id='word_1_231' title='bbox 2613 1724 2768 1788; x_wconf 73' lang='grc' dir='ltr'>σοφία</span> <span class='ocrx_word' id='word_1_232' title='bbox 2799 1723 2947 1795; x_wconf 74' lang='grc' dir='ltr'>ἀνδρὶ</span> <span class='ocrx_word' id='word_1_233' title='bbox 2978 1725 3158 1776; x_wconf 84' lang='grc' dir='ltr'><strong>τίκτει</strong></span> <span class='ocrx_word' id='word_1_234' title='bbox 3189 1725 3477 1794; x_wconf 82' lang='grc' dir='ltr'>φρόνησιν</span> <span class='ocrx_word' id='word_1_235' title='bbox 3507 1742 3520 1754; x_wconf 94' lang='grc'><strong>·</strong></span> <span class='ocrx_word' id='word_1_236' title='bbox 3559 1726 3770 1794; x_wconf 76' lang='grc' dir='ltr'>ἀδελφὴ,</span> 
     </span>
    </p>
   </div>
   <div class='ocr_carea' id='block_1_33' title="bbox 2191 1807 3772 1881">
    <p class='ocr_par' dir='ltr' id='par_1_33' title="bbox 2191 1807 3772 1881">
     <span class='ocr_line' id='line_1_33' title="bbox 2191 1807 3772 1881; baseline 0.005 -23"><span class='ocrx_word' id='word_1_237' title='bbox 2191 1807 2266 1859; x_wconf 81' lang='grc' dir='ltr'>ὅτι</span> <span class='ocrx_word' id='word_1_238' title='bbox 2298 1807 2406 1874; x_wconf 75' lang='grc' dir='ltr'><strong>ἐγώ</strong></span> <span class='ocrx_word' id='word_1_239' title='bbox 2427 1826 2481 1860; x_wconf 82' lang='grc' dir='ltr'><strong>τε</strong></span> <span class='ocrx_word' id='word_1_240' title='bbox 2514 1810 2604 1861; x_wconf 76' lang='grc' dir='ltr'>καὶ</span> <span class='ocrx_word' id='word_1_241' title='bbox 2623 1810 2756 1877; x_wconf 74' lang='grc' dir='ltr'>αὕτη</span> <span class='ocrx_word' id='word_1_242' title='bbox 2784 1811 2847 1861; x_wconf 85' lang='grc' dir='ltr'>ὲκ</span> <span class='ocrx_word' id='word_1_243' title='bbox 2879 1812 2970 1864; x_wconf 74' lang='grc' dir='ltr'>τοῦ</span> <span class='ocrx_word' id='word_1_244' title='bbox 3001 1813 3120 1874; x_wconf 77' lang='grc' dir='ltr'>ἑνὸς</span> <span class='ocrx_word' id='word_1_245' title='bbox 3151 1813 3486 1881; x_wconf 81' lang='grc' dir='ltr'>γεγόναμεν</span> <span class='ocrx_word' id='word_1_246' title='bbox 3521 1813 3658 1866; x_wconf 79' lang='grc' dir='ltr'>Θεοῦ</span> <span class='ocrx_word' id='word_1_247' title='bbox 3690 1814 3772 1866; x_wconf 69' lang='grc' dir='ltr'>καὶ</span> 
     </span>
    </p>
   </div>
   <div class='ocr_carea' id='block_1_34' title="bbox 572 1878 2089 1974">
    <p class='ocr_par' dir='ltr' id='par_1_34' title="bbox 572 1878 2089 1968">
     <span class='ocr_line' id='line_1_34' title="bbox 572 1878 2089 1968; baseline -0.005 -12"><span class='ocrx_word' id='word_1_248' title='bbox 572 1908 765 1958; x_wconf 84' lang='lat' dir='ltr'><strong>luimus</strong></span> <span class='ocrx_word' id='word_1_249' title='bbox 791 1878 896 1958; x_wconf 78' lang='lat' dir='ltr'><strong>Deo</strong></span> <span class='ocrx_word' id='word_1_250' title='bbox 925 1878 1097 1957; x_wconf 68' lang='lat' dir='ltr'><strong>Patre.</strong></span> <span class='ocrx_word' id='word_1_251' title='bbox 1123 1901 1220 1953; x_wconf 87' lang='lat' dir='ltr'><strong>Dic</strong></span> <span class='ocrx_word' id='word_1_252' title='bbox 1254 1878 1417 1963; x_wconf 81' lang='lat' dir='ltr'><strong>enim,</strong></span> <span class='ocrx_word' id='word_1_253' title='bbox 1451 1900 1644 1968; x_wconf 86' lang='lat' dir='ltr'><strong>inquit,</strong></span> <span class='ocrx_word' id='word_1_254' title='bbox 1699 1899 1986 1966; x_wconf 60' lang='lat' dir='ltr'><strong>sapientiai,</strong></span> <span class='ocrx_word' id='word_1_255' title='bbox 2035 1907 2089 1949; x_wconf 84' lang='lat' dir='ltr'><strong>ut</strong></span> 
     </span>
    </p>
   </div>
   <div class='ocr_carea' id='block_1_35' title="bbox 2193 1878 3770 1974">
    <p class='ocr_par' dir='ltr' id='par_1_35' title="bbox 2193 1878 3770 1974">
     <span class='ocr_line' id='line_1_35' title="bbox 2193 1878 3770 1974; baseline 0.005 -27"><span class='ocrx_word' id='word_1_256' title='bbox 2193 1895 2422 1965; x_wconf 86' lang='grc' dir='ltr'><strong>Πατρός·</strong></span> <span class='ocrx_word' id='word_1_257' title='bbox 2451 1891 2634 1950; x_wconf 78' lang='grc' dir='ltr'><strong>Εἶπον</strong></span> <span class='ocrx_word' id='word_1_258' title='bbox 2655 1900 2783 1971; x_wconf 83' lang='grc' dir='ltr'>γὰρ,</span> <span class='ocrx_word' id='word_1_259' title='bbox 2815 1899 2967 1969; x_wconf 78' lang='grc' dir='ltr'>φησὶ,</span> <span class='ocrx_word' id='word_1_260' title='bbox 3001 1899 3118 1966; x_wconf 78' lang='grc' dir='ltr'><strong>τὴν</strong></span> <span class='ocrx_word' id='word_1_261' title='bbox 3147 1878 3417 1968; x_wconf 48' lang='grc' dir='ltr'>ὰοέείατα,</span> <span class='ocrx_word' id='word_1_262' title='bbox 3447 1899 3581 1969; x_wconf 72' lang='grc' dir='ltr'><strong>σὴν</strong></span> <span class='ocrx_word' id='word_1_263' title='bbox 3611 1901 3770 1974; x_wconf 65' lang='grc' dir='ltr'>ἀδελ-</span> 
     </span>
    </p>
   </div>
   <div class='ocr_carea' id='block_1_36' title="bbox 568 1995 1012 2054">
    <p class='ocr_par' dir='ltr' id='par_1_36' title="bbox 568 1995 1012 2054">
     <span class='ocr_line' id='line_1_36' title="bbox 568 1995 1012 2054; baseline -0.018 0"><span class='ocrx_word' id='word_1_264' title='bbox 568 2016 714 2054; x_wconf 76' lang='lat' dir='ltr'><strong>soror</strong></span> <span class='ocrx_word' id='word_1_265' title='bbox 741 2010 830 2050; x_wconf 83' lang='lat' dir='ltr'><strong>tua</strong></span> <span class='ocrx_word' id='word_1_266' title='bbox 853 1999 918 2049; x_wconf 82' lang='lat' dir='ltr'><strong>sit</strong></span> <span class='ocrx_word' id='word_1_267' title='bbox 948 1995 1012 2046; x_wconf 72' lang='grc' dir='ltr'><strong>δ’.</strong></span> 
     </span>
    </p>
   </div>
   <div class='ocr_carea' id='block_1_37' title="bbox 635 2081 2084 2143">
    <p class='ocr_par' dir='ltr' id='par_1_37' title="bbox 635 2081 2084 2143">
     <span class='ocr_line' id='line_1_37' title="bbox 635 2081 2084 2143; baseline -0.008 1"><span class='ocrx_word' id='word_1_268' title='bbox 635 2091 678 2121; x_wconf 75' lang='grc'>⁸⁸</span> <span class='ocrx_word' id='word_1_269' title='bbox 710 2089 892 2143; x_wconf 87' lang='lat' dir='ltr'><strong>Gratia</strong></span> <span class='ocrx_word' id='word_1_270' title='bbox 919 2096 974 2141; x_wconf 89' lang='lat' dir='ltr'><strong>et</strong></span> <span class='ocrx_word' id='word_1_271' title='bbox 1027 2086 1259 2139; x_wconf 86' lang='lat' dir='ltr'><strong>amicitia</strong></span> <span class='ocrx_word' id='word_1_272' title='bbox 1312 2084 1562 2138; x_wconf 87' lang='lat' dir='ltr'><strong>liberant.</strong></span> <span class='ocrx_word' id='word_1_273' title='bbox 1589 2081 1770 2136; x_wconf 75' lang='lat' dir='ltr'><strong>Virtus</strong></span> <span class='ocrx_word' id='word_1_274' title='bbox 1810 2089 1986 2134; x_wconf 88' lang='lat' dir='ltr'><strong>autem</strong></span> <span class='ocrx_word' id='word_1_275' title='bbox 2037 2090 2084 2134; x_wconf 83' lang='lat' dir='ltr'><strong>et</strong></span> 
     </span>
    </p>
   </div>
   <div class='ocr_carea' id='block_1_38' title="bbox 569 2171 2086 2241">
    <p class='ocr_par' dir='ltr' id='par_1_38' title="bbox 569 2171 2086 2241">
     <span class='ocr_line' id='line_1_38' title="bbox 569 2171 2086 2241; baseline -0.008 -7"><span class='ocrx_word' id='word_1_276' title='bbox 569 2180 787 2234; x_wconf 88' lang='lat' dir='ltr'><strong>scientia</strong></span> <span class='ocrx_word' id='word_1_277' title='bbox 851 2176 1160 2231; x_wconf 86' lang='lat' dir='ltr'><strong>rationalem</strong></span> <span class='ocrx_word' id='word_1_278' title='bbox 1195 2175 1422 2227; x_wconf 89' lang='lat' dir='ltr'><strong>animam</strong></span> <span class='ocrx_word' id='word_1_279' title='bbox 1459 2173 1709 2226; x_wconf 91' lang='lat' dir='ltr'><strong>liberant.</strong></span> <span class='ocrx_word' id='word_1_280' title='bbox 1742 2171 1870 2224; x_wconf 84' lang='lat' dir='ltr'><strong>Nam</strong></span> <span class='ocrx_word' id='word_1_281' title='bbox 1920 2172 2086 2241; x_wconf 80' lang='lat' dir='ltr'><strong>gratia</strong></span> 
     </span>
    </p>
   </div>
   <div class='ocr_carea' id='block_1_39' title="bbox 564 2261 2088 2332">
    <p class='ocr_par' dir='ltr' id='par_1_39' title="bbox 564 2261 2088 2332">
     <span class='ocr_line' id='line_1_39' title="bbox 564 2261 2088 2332; baseline -0.006 -8"><span class='ocrx_word' id='word_1_282' title='bbox 564 2282 617 2324; x_wconf 90' lang='lat' dir='ltr'><strong>ct</strong></span> <span class='ocrx_word' id='word_1_283' title='bbox 653 2269 908 2332; x_wconf 88' lang='lat' dir='ltr'><strong>amicitia,</strong></span> <span class='ocrx_word' id='word_1_284' title='bbox 937 2268 1105 2320; x_wconf 86' lang='lat' dir='ltr'><strong>virtus</strong></span> <span class='ocrx_word' id='word_1_285' title='bbox 1127 2276 1180 2318; x_wconf 93' lang='lat' dir='ltr'><strong>et</strong></span> <span class='ocrx_word' id='word_1_286' title='bbox 1211 2265 1432 2318; x_wconf 91' lang='lat' dir='ltr'><strong>scientia</strong></span> <span class='ocrx_word' id='word_1_287' title='bbox 1474 2272 1614 2317; x_wconf 91' lang='lat' dir='ltr'><strong>sunt.</strong></span> <span class='ocrx_word' id='word_1_288' title='bbox 1655 2261 1769 2315; x_wconf 81' lang='lat' dir='ltr'><strong>Jam</strong></span> <span class='ocrx_word' id='word_1_289' title='bbox 1796 2262 1840 2314; x_wconf 90' lang='lat' dir='ltr'><strong>si</strong></span> <span class='ocrx_word' id='word_1_290' title='bbox 1898 2275 2088 2315; x_wconf 90' lang='lat' dir='ltr'><strong>cervus</strong></span> 
     </span>
    </p>
   </div>
   <div class='ocr_carea' id='block_1_40' title="bbox 561 2351 2087 2424">
    <p class='ocr_par' dir='ltr' id='par_1_40' title="bbox 561 2351 2087 2424">
     <span class='ocr_line' id='line_1_40' title="bbox 561 2351 2087 2424; baseline -0.008 -11"><span class='ocrx_word' id='word_1_291' title='bbox 561 2375 625 2413; x_wconf 75' lang='lat' dir='ltr'><strong>ex</strong></span> <span class='ocrx_word' id='word_1_292' title='bbox 666 2357 918 2420; x_wconf 86' lang='lat' dir='ltr'><strong>amicitia,</strong></span> <span class='ocrx_word' id='word_1_293' title='bbox 950 2366 1004 2410; x_wconf 91' lang='lat' dir='ltr'><strong>et</strong></span> <span class='ocrx_word' id='word_1_294' title='bbox 1035 2355 1208 2424; x_wconf 82' lang='lat' dir='ltr'><strong>pullus</strong></span> <span class='ocrx_word' id='word_1_295' title='bbox 1246 2369 1308 2406; x_wconf 84' lang='lat' dir='ltr'><strong>cx</strong></span> <span class='ocrx_word' id='word_1_296' title='bbox 1355 2353 1539 2422; x_wconf 80' lang='lat' dir='ltr'><strong>gratiis</strong></span> <span class='ocrx_word' id='word_1_297' title='bbox 1595 2351 1861 2420; x_wconf 72' lang='lat' dir='ltr'><strong>gignitur;</strong></span> <span class='ocrx_word' id='word_1_298' title='bbox 1903 2363 2087 2402; x_wconf 87' lang='lat' dir='ltr'><strong>cervus</strong></span> 
     </span>
    </p>
   </div>
   <div class='ocr_carea' id='block_1_41' title="bbox 563 2439 2086 2514">
    <p class='ocr_par' dir='ltr' id='par_1_41' title="bbox 563 2439 2086 2514">
     <span class='ocr_line' id='line_1_41' title="bbox 563 2439 2086 2514; baseline -0.007 -14"><span class='ocrx_word' id='word_1_299' title='bbox 563 2447 774 2514; x_wconf 82' lang='lat' dir='ltr'><strong>quidem</strong></span> <span class='ocrx_word' id='word_1_300' title='bbox 806 2456 890 2498; x_wconf 89' lang='lat' dir='ltr'><strong>est</strong></span> <span class='ocrx_word' id='word_1_301' title='bbox 937 2442 1400 2511; x_wconf 87' lang='lat' dir='ltr'><strong>contemplationis</strong></span> <span class='ocrx_word' id='word_1_302' title='bbox 1436 2440 1751 2511; x_wconf 81' lang='lat' dir='ltr'><strong>symbolum,</strong></span> <span class='ocrx_word' id='word_1_303' title='bbox 1787 2439 1958 2506; x_wconf 88' lang='lat' dir='ltr'><strong>pullus</strong></span> <span class='ocrx_word' id='word_1_304' title='bbox 1989 2453 2086 2490; x_wconf 88' lang='lat' dir='ltr'><strong>au-</strong></span> 
     </span>
    </p>
   </div>
   <div class='ocr_carea' id='block_1_42' title="bbox 566 2527 2086 2600">
    <p class='ocr_par' dir='ltr' id='par_1_42' title="bbox 566 2527 2086 2600">
     <span class='ocr_line' id='line_1_42' title="bbox 566 2527 2086 2600; baseline -0.004 -16"><span class='ocrx_word' id='word_1_305' title='bbox 566 2545 668 2586; x_wconf 83' lang='lat' dir='ltr'><strong>tem</strong></span> <span class='ocrx_word' id='word_1_306' title='bbox 691 2532 889 2600; x_wconf 75' lang='lat' dir='ltr'><strong>quietis</strong></span> <span class='ocrx_word' id='word_1_307' title='bbox 928 2546 956 2583; x_wconf 92' lang='lat' dir='ltr'><strong>a</strong></span> <span class='ocrx_word' id='word_1_308' title='bbox 991 2529 1405 2597; x_wconf 76' lang='lat' dir='ltr'><strong>cupiditatibus;</strong></span> <span class='ocrx_word' id='word_1_309' title='bbox 1456 2541 1680 2595; x_wconf 89' lang='lat' dir='ltr'><strong>quorum</strong></span> <span class='ocrx_word' id='word_1_310' title='bbox 1734 2527 1959 2580; x_wconf 88' lang='lat' dir='ltr'><strong>alterum</strong></span> <span class='ocrx_word' id='word_1_311' title='bbox 2021 2541 2086 2578; x_wconf 81' lang='lat' dir='ltr'><strong>ex</strong></span> 
     </span>
    </p>
   </div>
   <div class='ocr_carea' id='block_1_43' title="bbox 561 2619 2085 2687">
    <p class='ocr_par' dir='ltr' id='par_1_43' title="bbox 561 2619 2085 2687">
     <span class='ocr_line' id='line_1_43' title="bbox 561 2619 2085 2687; baseline -0.006 -9"><span class='ocrx_word' id='word_1_312' title='bbox 561 2625 866 2687; x_wconf 84' lang='lat' dir='ltr'><strong>virtutibus,</strong></span> <span class='ocrx_word' id='word_1_313' title='bbox 897 2623 1119 2676; x_wconf 89' lang='lat' dir='ltr'><strong>alterum</strong></span> <span class='ocrx_word' id='word_1_314' title='bbox 1167 2636 1230 2677; x_wconf 76' lang='lat' dir='ltr'><strong>ex</strong></span> <span class='ocrx_word' id='word_1_315' title='bbox 1278 2620 1494 2674; x_wconf 89' lang='lat' dir='ltr'><strong>scientia</strong></span> <span class='ocrx_word' id='word_1_316' title='bbox 1529 2619 1751 2672; x_wconf 74' lang='lat' dir='ltr'><strong>confieri</strong></span> <span class='ocrx_word' id='word_1_317' title='bbox 1813 2632 2085 2685; x_wconf 76' lang='lat' dir='ltr'><strong>compara-</strong></span> 
     </span>
    </p>
   </div>
   <div class='ocr_carea' id='block_1_44' title="bbox 565 2708 2086 2778">
    <p class='ocr_par' dir='ltr' id='par_1_44' title="bbox 565 2708 2086 2778">
     <span class='ocr_line' id='line_1_44' title="bbox 565 2708 2086 2778; baseline -0.006 -9"><span class='ocrx_word' id='word_1_318' title='bbox 565 2726 674 2769; x_wconf 91' lang='lat' dir='ltr'><strong>tum</strong></span> <span class='ocrx_word' id='word_1_319' title='bbox 699 2724 800 2768; x_wconf 90' lang='lat' dir='ltr'><strong>est.</strong></span> <span class='ocrx_word' id='word_1_320' title='bbox 830 2742 898 2754; x_wconf 91' lang='lat'><strong>——</strong></span> <span class='ocrx_word' id='word_1_321' title='bbox 927 2713 1126 2767; x_wconf 89' lang='lat' dir='ltr'><strong>Cervus</strong></span> <span class='ocrx_word' id='word_1_322' title='bbox 1155 2721 1235 2764; x_wconf 91' lang='lat' dir='ltr'><strong>cst</strong></span> <span class='ocrx_word' id='word_1_323' title='bbox 1269 2709 1734 2778; x_wconf 85' lang='lat' dir='ltr'><strong>contemplationis</strong></span> <span class='ocrx_word' id='word_1_324' title='bbox 1782 2708 2086 2776; x_wconf 89' lang='lat' dir='ltr'><strong>symbolum</strong></span> 
     </span>
    </p>
   </div>
   <div class='ocr_carea' id='block_1_45' title="bbox 559 2798 2088 2872">
    <p class='ocr_par' dir='ltr' id='par_1_45' title="bbox 559 2798 2088 2872">
     <span class='ocr_line' id='line_1_45' title="bbox 559 2798 2088 2872; baseline -0.007 -12"><span class='ocrx_word' id='word_1_325' title='bbox 559 2807 702 2860; x_wconf 91' lang='lat' dir='ltr'><strong>circa</strong></span> <span class='ocrx_word' id='word_1_326' title='bbox 732 2819 984 2872; x_wconf 89' lang='lat' dir='ltr'><strong>corporea</strong></span> <span class='ocrx_word' id='word_1_327' title='bbox 1003 2814 1056 2855; x_wconf 91' lang='lat' dir='ltr'><strong>ct</strong></span> <span class='ocrx_word' id='word_1_328' title='bbox 1087 2804 1393 2868; x_wconf 89' lang='lat' dir='ltr'><strong>incorporea</strong></span> <span class='ocrx_word' id='word_1_329' title='bbox 1423 2810 1475 2852; x_wconf 90' lang='lat' dir='ltr'><strong>et</strong></span> <span class='ocrx_word' id='word_1_330' title='bbox 1499 2799 1776 2853; x_wconf 88' lang='lat' dir='ltr'><strong>scientiam</strong></span> <span class='ocrx_word' id='word_1_331' title='bbox 1807 2798 1893 2850; x_wconf 85' lang='lat' dir='ltr'><strong>Dei</strong></span> <span class='ocrx_word' id='word_1_332' title='bbox 1921 2798 2088 2851; x_wconf 80' lang='lat' dir='ltr'><strong>zami-</strong></span> 
     </span>
    </p>
   </div>
   <div class='ocr_carea' id='block_1_46' title="bbox 564 2887 2080 2958">
    <p class='ocr_par' dir='ltr' id='par_1_46' title="bbox 564 2887 2080 2958">
     <span class='ocr_line' id='line_1_46' title="bbox 564 2887 2080 2958; baseline -0.007 -9"><span class='ocrx_word' id='word_1_333' title='bbox 564 2896 692 2949; x_wconf 87' lang='lat' dir='ltr'><strong>citia</strong></span> <span class='ocrx_word' id='word_1_334' title='bbox 739 2902 934 2950; x_wconf 89' lang='lat' dir='ltr'><strong>autem.</strong></span> <span class='ocrx_word' id='word_1_335' title='bbox 963 2891 1262 2944; x_wconf 91' lang='lat' dir='ltr'><strong>dilectionis</strong></span> <span class='ocrx_word' id='word_1_336' title='bbox 1286 2905 1408 2958; x_wconf 82' lang='lat' dir='ltr'><strong>erga</strong></span> <span class='ocrx_word' id='word_1_337' title='bbox 1470 2889 1632 2943; x_wconf 90' lang='lat' dir='ltr'><strong>Deum</strong></span> <span class='ocrx_word' id='word_1_338' title='bbox 1685 2899 1738 2941; x_wconf 93' lang='lat' dir='ltr'><strong>et</strong></span> <span class='ocrx_word' id='word_1_339' title='bbox 1798 2887 2080 2942; x_wconf 86' lang='lat' dir='ltr'><strong>homines:</strong></span> 
     </span>
    </p>
   </div>
   <div class='ocr_carea' id='block_1_47' title="bbox 563 2978 2088 3054">
    <p class='ocr_par' dir='ltr' id='par_1_47' title="bbox 563 2978 2088 3054">
     <span class='ocr_line' id='line_1_47' title="bbox 563 2978 2088 3054; baseline -0.005 -16"><span class='ocrx_word' id='word_1_340' title='bbox 563 2985 740 3054; x_wconf 87' lang='lat' dir='ltr'><strong>pullus</strong></span> <span class='ocrx_word' id='word_1_341' title='bbox 769 2983 1020 3052; x_wconf 86' lang='lat' dir='ltr'><strong>denique,</strong></span> <span class='ocrx_word' id='word_1_342' title='bbox 1052 2981 1416 3050; x_wconf 88' lang='lat' dir='ltr'><strong>imperturbati</strong></span> <span class='ocrx_word' id='word_1_343' title='bbox 1441 2980 1708 3033; x_wconf 83' lang='lat' dir='ltr'><strong>animi.Et</strong></span> <span class='ocrx_word' id='word_1_344' title='bbox 1741 2979 1942 3032; x_wconf 88' lang='lat' dir='ltr'><strong>thcoria</strong></span> <span class='ocrx_word' id='word_1_345' title='bbox 1976 2978 2088 3046; x_wconf 82' lang='lat' dir='ltr'><strong>qui—</strong></span> 
     </span>
    </p>
   </div>
   <div class='ocr_carea' id='block_1_48' title="bbox 559 3066 2081 3134">
    <p class='ocr_par' dir='ltr' id='par_1_48' title="bbox 559 3066 2081 3134">
     <span class='ocr_line' id='line_1_48' title="bbox 559 3066 2081 3134; baseline -0.007 -7"><span class='ocrx_word' id='word_1_346' title='bbox 559 3075 678 3127; x_wconf 86' lang='lat' dir='ltr'><strong>dem</strong></span> <span class='ocrx_word' id='word_1_347' title='bbox 717 3073 950 3128; x_wconf 72' lang='lat' dir='ltr'><strong>scieutize</strong></span> <span class='ocrx_word' id='word_1_348' title='bbox 987 3071 1100 3134; x_wconf 90' lang='lat' dir='ltr'><strong>Dei,</strong></span> <span class='ocrx_word' id='word_1_349' title='bbox 1139 3085 1202 3122; x_wconf 78' lang='lat' dir='ltr'><strong>ex</strong></span> <span class='ocrx_word' id='word_1_350' title='bbox 1243 3070 1430 3122; x_wconf 67' lang='lat' dir='ltr'><strong>animae</strong></span> <span class='ocrx_word' id='word_1_351' title='bbox 1483 3069 1761 3120; x_wconf 87' lang='lat' dir='ltr'><strong>virtutibus</strong></span> <span class='ocrx_word' id='word_1_352' title='bbox 1818 3066 2081 3134; x_wconf 89' lang='lat' dir='ltr'><strong>procreari</strong></span> 
     </span>
    </p>
   </div>
   <div class='ocr_carea' id='block_1_49' title="bbox 560 3155 2152 3252">
    <p class='ocr_par' dir='ltr' id='par_1_49' title="bbox 560 3155 2152 3252">
     <span class='ocr_line' id='line_1_49' title="bbox 560 3155 2152 3252; baseline -0.006 -35"><span class='ocrx_word' id='word_1_353' title='bbox 560 3163 694 3218; x_wconf 89' lang='lat' dir='ltr'><strong>solet</strong></span> <span class='ocrx_word' id='word_1_354' title='bbox 722 3183 735 3216; x_wconf 88' lang='lat'>:</span> <span class='ocrx_word' id='word_1_355' title='bbox 765 3161 997 3220; x_wconf 89' lang='lat' dir='ltr'><strong>dilectio,</strong></span> <span class='ocrx_word' id='word_1_356' title='bbox 1030 3175 1091 3213; x_wconf 85' lang='lat' dir='ltr'><strong>ex</strong></span> <span class='ocrx_word' id='word_1_357' title='bbox 1121 3158 1376 3226; x_wconf 85' lang='lat' dir='ltr'><strong>sapientia</strong></span> <span class='ocrx_word' id='word_1_358' title='bbox 1416 3173 1432 3211; x_wconf 89' lang='lat'><strong>:</strong></span> <span class='ocrx_word' id='word_1_359' title='bbox 1465 3155 1820 3224; x_wconf 90' lang='lat' dir='ltr'><strong>tranquillitas</strong></span> <span class='ocrx_word' id='word_1_360' title='bbox 1841 3194 1855 3218; x_wconf 95' lang='lat'><strong>,</strong></span> <span class='ocrx_word' id='word_1_361' title='bbox 1885 3169 1946 3207; x_wconf 82' lang='lat' dir='ltr'><strong>ex</strong></span> <span class='ocrx_word' id='word_1_362' title='bbox 1979 3155 2086 3207; x_wconf 84' lang='lat' dir='ltr'><strong>vir—</strong></span> <span class='ocrx_word' id='word_1_363' title='bbox 2111 3195 2152 3252; x_wconf 59' lang='grc' dir='ltr'><em>ε</em></span> 
     </span>
    </p>
   </div>
   <div class='ocr_carea' id='block_1_50' title="bbox 560 3245 2086 3320">
    <p class='ocr_par' dir='ltr' id='par_1_50' title="bbox 560 3245 2086 3320">
     <span class='ocr_line' id='line_1_50' title="bbox 560 3245 2086 3320; baseline -0.005 -15"><span class='ocrx_word' id='word_1_364' title='bbox 560 3252 760 3306; x_wconf 88' lang='lat' dir='ltr'><strong>tutibus</strong></span> <span class='ocrx_word' id='word_1_365' title='bbox 779 3251 1034 3320; x_wconf 86' lang='lat' dir='ltr'><strong>corporis.</strong></span> <span class='ocrx_word' id='word_1_366' title='bbox 1061 3246 1315 3302; x_wconf 88' lang='lat' dir='ltr'><strong>Hortatur</strong></span> <span class='ocrx_word' id='word_1_367' title='bbox 1351 3263 1478 3300; x_wconf 76' lang='lat' dir='ltr'><strong>Vero</strong></span> <span class='ocrx_word' id='word_1_368' title='bbox 1514 3261 1608 3300; x_wconf 91' lang='lat' dir='ltr'><strong>nos</strong></span> <span class='ocrx_word' id='word_1_369' title='bbox 1646 3257 1701 3298; x_wconf 90' lang='lat' dir='ltr'><strong>ut</strong></span> <span class='ocrx_word' id='word_1_370' title='bbox 1738 3262 1856 3299; x_wconf 89' lang='lat' dir='ltr'><strong>cum</strong></span> <span class='ocrx_word' id='word_1_371' title='bbox 1907 3245 2086 3310; x_wconf 87' lang='lat' dir='ltr'><strong>hujus-</strong></span> 
     </span>
    </p>
   </div>
   <div class='ocr_carea' id='block_1_51' title="bbox 563 3339 2086 3409">
    <p class='ocr_par' dir='ltr' id='par_1_51' title="bbox 563 3339 2086 3409">
     <span class='ocr_line' id='line_1_51' title="bbox 563 3339 2086 3409; baseline -0.001 -15"><span class='ocrx_word' id='word_1_372' title='bbox 563 3342 705 3394; x_wconf 91' lang='lat' dir='ltr'><strong>modi</strong></span> <span class='ocrx_word' id='word_1_373' title='bbox 740 3341 928 3409; x_wconf 80' lang='lat' dir='ltr'><strong>gratiis</strong></span> <span class='ocrx_word' id='word_1_374' title='bbox 963 3354 1171 3407; x_wconf 84' lang='lat' dir='ltr'><strong>semper</strong></span> <span class='ocrx_word' id='word_1_375' title='bbox 1195 3355 1468 3394; x_wconf 89' lang='lat' dir='ltr'><strong>versemur</strong></span> <span class='ocrx_word' id='word_1_376' title='bbox 1501 3359 1515 3393; x_wconf 88' lang='lat'><strong>:</strong></span> <span class='ocrx_word' id='word_1_377' title='bbox 1576 3355 1694 3393; x_wconf 87' lang='lat' dir='ltr'><strong>nam</strong></span> <span class='ocrx_word' id='word_1_378' title='bbox 1729 3339 1816 3407; x_wconf 92' lang='lat' dir='ltr'><strong>qui</strong></span> <span class='ocrx_word' id='word_1_379' title='bbox 1849 3354 1966 3391; x_wconf 91' lang='lat' dir='ltr'><strong>cum</strong></span> <span class='ocrx_word' id='word_1_380' title='bbox 2021 3341 2086 3392; x_wconf 87' lang='lat' dir='ltr'><strong>iis</strong></span> 
     </span>
    </p>
   </div>
   <div class='ocr_carea' id='block_1_52' title="bbox 563 3429 2083 3494">
    <p class='ocr_par' dir='ltr' id='par_1_52' title="bbox 563 3429 2083 3494">
     <span class='ocr_line' id='line_1_52' title="bbox 563 3429 2083 3494; baseline -0.003 -10"><span class='ocrx_word' id='word_1_381' title='bbox 563 3439 892 3488; x_wconf 87' lang='lat' dir='ltr'><strong>consuescet,</strong></span> <span class='ocrx_word' id='word_1_382' title='bbox 923 3444 1026 3483; x_wconf 89' lang='lat' dir='ltr'><strong>non</strong></span> <span class='ocrx_word' id='word_1_383' title='bbox 1060 3429 1124 3482; x_wconf 88' lang='lat' dir='ltr'><strong>ad</strong></span> <span class='ocrx_word' id='word_1_384' title='bbox 1152 3429 1311 3482; x_wconf 92' lang='lat' dir='ltr'><strong>Deum</strong></span> <span class='ocrx_word' id='word_1_385' title='bbox 1342 3431 1510 3483; x_wconf 91' lang='lat' dir='ltr'><strong>solum</strong></span> <span class='ocrx_word' id='word_1_386' title='bbox 1547 3431 1795 3494; x_wconf 87' lang='lat' dir='ltr'><strong>accedet,</strong></span> <span class='ocrx_word' id='word_1_387' title='bbox 1840 3431 1932 3482; x_wconf 86' lang='lat' dir='ltr'><strong>sed</strong></span> <span class='ocrx_word' id='word_1_388' title='bbox 1962 3445 2083 3481; x_wconf 86' lang='lat' dir='ltr'><strong>cum</strong></span> 
     </span>
    </p>
   </div>
   <div class='ocr_carea' id='block_1_53' title="bbox 561 3519 2084 3586">
    <p class='ocr_par' dir='ltr' id='par_1_53' title="bbox 561 3519 2084 3586">
     <span class='ocr_line' id='line_1_53' title="bbox 561 3519 2084 3586; baseline -0.002 -12"><span class='ocrx_word' id='word_1_389' title='bbox 561 3521 649 3574; x_wconf 89' lang='lat' dir='ltr'><strong>illo</strong></span> <span class='ocrx_word' id='word_1_390' title='bbox 677 3521 838 3574; x_wconf 87' lang='lat' dir='ltr'><strong>etiam</strong></span> <span class='ocrx_word' id='word_1_391' title='bbox 891 3519 1168 3573; x_wconf 79' lang='lat' dir='ltr'><strong>habitabit.</strong></span> <span class='ocrx_word' id='word_1_392' title='bbox 1201 3549 1268 3560; x_wconf 92' lang='lat'><strong>—</strong></span> <span class='ocrx_word' id='word_1_393' title='bbox 1297 3519 1515 3586; x_wconf 87' lang='lat' dir='ltr'><strong>Propria</strong></span> <span class='ocrx_word' id='word_1_394' title='bbox 1570 3520 1840 3572; x_wconf 87' lang='lat' dir='ltr'><strong>rationalis</strong></span> <span class='ocrx_word' id='word_1_395' title='bbox 1885 3529 2084 3571; x_wconf 67' lang='lat' dir='ltr'><strong>natura!</strong></span> 
     </span>
    </p>
   </div>
   <div class='ocr_carea' id='block_1_54' title="bbox 558 3609 2084 3679">
    <p class='ocr_par' dir='ltr' id='par_1_54' title="bbox 558 3609 2084 3679">
     <span class='ocr_line' id='line_1_54' title="bbox 558 3609 2084 3679; baseline -0.001 -15"><span class='ocrx_word' id='word_1_396' title='bbox 558 3622 639 3665; x_wconf 89' lang='lat' dir='ltr'><strong>est</strong></span> <span class='ocrx_word' id='word_1_397' title='bbox 664 3615 852 3674; x_wconf 89' lang='lat' dir='ltr'><strong>virtus,</strong></span> <span class='ocrx_word' id='word_1_398' title='bbox 881 3625 998 3678; x_wconf 82' lang='lat' dir='ltr'><strong>quae</strong></span> <span class='ocrx_word' id='word_1_399' title='bbox 1031 3610 1262 3662; x_wconf 88' lang='lat' dir='ltr'><strong>amicitia</strong></span> <span class='ocrx_word' id='word_1_400' title='bbox 1307 3611 1617 3679; x_wconf 86' lang='lat' dir='ltr'><strong>appellatur,</strong></span> <span class='ocrx_word' id='word_1_401' title='bbox 1645 3619 1698 3664; x_wconf 90' lang='lat' dir='ltr'><strong>et</strong></span> <span class='ocrx_word' id='word_1_402' title='bbox 1757 3609 1862 3663; x_wconf 88' lang='lat' dir='ltr'><strong>Deo</strong></span> <span class='ocrx_word' id='word_1_403' title='bbox 1907 3610 2084 3663; x_wconf 90' lang='lat' dir='ltr'><strong>conci-</strong></span> 
     </span>
    </p>
   </div>
   <div class='ocr_carea' id='block_1_55' title="bbox 560 3698 2084 3768">
    <p class='ocr_par' dir='ltr' id='par_1_55' title="bbox 560 3698 2084 3768">
     <span class='ocr_line' id='line_1_55' title="bbox 560 3698 2084 3768; baseline -0.003 -14"><span class='ocrx_word' id='word_1_404' title='bbox 560 3703 654 3754; x_wconf 89' lang='lat' dir='ltr'><strong>liat</strong></span> <span class='ocrx_word' id='word_1_405' title='bbox 699 3699 1015 3768; x_wconf 86' lang='lat' dir='ltr'><strong>copulatque</strong></span> <span class='ocrx_word' id='word_1_406' title='bbox 1041 3713 1132 3752; x_wconf 89' lang='lat' dir='ltr'><strong>eos</strong></span> <span class='ocrx_word' id='word_1_407' title='bbox 1165 3698 1256 3767; x_wconf 92' lang='lat' dir='ltr'><strong>qui</strong></span> <span class='ocrx_word' id='word_1_408' title='bbox 1293 3713 1353 3752; x_wconf 89' lang='lat' dir='ltr'><strong>se</strong></span> <span class='ocrx_word' id='word_1_409' title='bbox 1385 3710 1786 3768; x_wconf 80' lang='lat' dir='ltr'><strong>sequunturper</strong></span> <span class='ocrx_word' id='word_1_410' title='bbox 1807 3699 2084 3752; x_wconf 88' lang='lat' dir='ltr'><strong>scientiam</strong></span> 
     </span>
    </p>
   </div>
   <div class='ocr_carea' id='block_1_56' title="bbox 560 3788 2086 3856">
    <p class='ocr_par' dir='ltr' id='par_1_56' title="bbox 560 3788 2086 3856">
     <span class='ocr_line' id='line_1_56' title="bbox 560 3788 2086 3856; baseline -0.002 -11"><span class='ocrx_word' id='word_1_411' title='bbox 560 3793 674 3846; x_wconf 89' lang='lat' dir='ltr'><strong>Dei.</strong></span> <span class='ocrx_word' id='word_1_412' title='bbox 714 3820 780 3830; x_wconf 85' lang='lat'><strong>——</strong></span> <span class='ocrx_word' id='word_1_413' title='bbox 805 3789 934 3843; x_wconf 83' lang='lat' dir='ltr'><strong>Nam</strong></span> <span class='ocrx_word' id='word_1_414' title='bbox 971 3789 1062 3856; x_wconf 92' lang='lat' dir='ltr'><strong>qui</strong></span> <span class='ocrx_word' id='word_1_415' title='bbox 1088 3790 1302 3843; x_wconf 88' lang='lat' dir='ltr'><strong>virtutis</strong></span> <span class='ocrx_word' id='word_1_416' title='bbox 1344 3789 1683 3856; x_wconf 73' lang='lat' dir='ltr'><strong>scientizeque</strong></span> <span class='ocrx_word' id='word_1_417' title='bbox 1730 3802 1912 3842; x_wconf 88' lang='lat' dir='ltr'><strong>amore</strong></span> <span class='ocrx_word' id='word_1_418' title='bbox 1939 3788 2086 3842; x_wconf 89' lang='lat' dir='ltr'><strong>duci-</strong></span> 
     </span>
    </p>
   </div>
   <div class='ocr_carea' id='block_1_57' title="bbox 561 3880 1544 3950">
    <p class='ocr_par' dir='ltr' id='par_1_57' title="bbox 561 3880 1544 3950">
     <span class='ocr_line' id='line_1_57' title="bbox 561 3880 1544 3950; baseline -0.002 -14"><span class='ocrx_word' id='word_1_419' title='bbox 561 3891 667 3947; x_wconf 81' lang='lat' dir='ltr'><strong>tur,</strong></span> <span class='ocrx_word' id='word_1_420' title='bbox 704 3891 1107 3950; x_wconf 88' lang='lat' dir='ltr'><strong>quotuscuuque</strong></span> <span class='ocrx_word' id='word_1_421' title='bbox 1139 3880 1412 3934; x_wconf 90' lang='lat' dir='ltr'><strong>meliorum</strong></span> <span class='ocrx_word' id='word_1_422' title='bbox 1441 3891 1544 3934; x_wconf 90' lang='lat' dir='ltr'><strong>est.</strong></span> 
     </span>
    </p>
   </div>
   <div class='ocr_carea' id='block_1_58' title="bbox 626 4057 2081 4125">
    <p class='ocr_par' dir='ltr' id='par_1_58' title="bbox 626 4057 2081 4125">
     <span class='ocr_line' id='line_1_58' title="bbox 626 4057 2081 4125; baseline -0.001 -13"><span class='ocrx_word' id='word_1_423' title='bbox 626 4059 675 4092; x_wconf 80' lang='grc'><strong>⁸³</strong></span> <span class='ocrx_word' id='word_1_424' title='bbox 694 4057 939 4113; x_wconf 80' lang='lat' dir='ltr'><strong>Nonnulli</strong></span> <span class='ocrx_word' id='word_1_425' title='bbox 971 4059 1070 4112; x_wconf 92' lang='lat' dir='ltr'><strong>hoc</strong></span> <span class='ocrx_word' id='word_1_426' title='bbox 1098 4057 1160 4110; x_wconf 89' lang='lat' dir='ltr'><strong>de</strong></span> <span class='ocrx_word' id='word_1_427' title='bbox 1184 4058 1402 4124; x_wconf 79' lang='lat' dir='ltr'><strong>profana</strong></span> <span class='ocrx_word' id='word_1_428' title='bbox 1437 4057 1694 4125; x_wconf 82' lang='lat' dir='ltr'><strong>sapientia</strong></span> <span class='ocrx_word' id='word_1_429' title='bbox 1741 4058 1842 4111; x_wconf 85' lang='lat' dir='ltr'><strong>dici</strong></span> <span class='ocrx_word' id='word_1_430' title='bbox 1877 4066 2081 4125; x_wconf 89' lang='lat' dir='ltr'><strong>putant,</strong></span> 
     </span>
    </p>
   </div>
   <div class='ocr_carea' id='block_1_59' title="bbox 560 4146 2084 4215">
    <p class='ocr_par' dir='ltr' id='par_1_59' title="bbox 560 4146 2084 4215">
     <span class='ocr_line' id='line_1_59' title="bbox 560 4146 2084 4215; baseline -0.002 -14"><span class='ocrx_word' id='word_1_431' title='bbox 560 4148 614 4202; x_wconf 81' lang='lat' dir='ltr'><strong>in</strong></span> <span class='ocrx_word' id='word_1_432' title='bbox 638 4163 738 4215; x_wconf 90' lang='lat' dir='ltr'><strong>qua</strong></span> <span class='ocrx_word' id='word_1_433' title='bbox 761 4147 850 4200; x_wconf 89' lang='lat' dir='ltr'><strong>diu</strong></span> <span class='ocrx_word' id='word_1_434' title='bbox 885 4147 1082 4200; x_wconf 87' lang='lat' dir='ltr'><strong>versari</strong></span> <span class='ocrx_word' id='word_1_435' title='bbox 1117 4162 1219 4198; x_wconf 92' lang='lat' dir='ltr'><strong>non</strong></span> <span class='ocrx_word' id='word_1_436' title='bbox 1249 4146 1478 4213; x_wconf 79' lang='lat' dir='ltr'><strong>expedit,</strong></span> <span class='ocrx_word' id='word_1_437' title='bbox 1501 4156 1714 4214; x_wconf 85' lang='lat' dir='ltr'><strong>propter</strong></span> <span class='ocrx_word' id='word_1_438' title='bbox 1740 4147 2004 4200; x_wconf 71' lang='lat' dir='ltr'><strong>hmrentcs</strong></span> <span class='ocrx_word' id='word_1_439' title='bbox 2031 4147 2084 4198; x_wconf 93' lang='lat' dir='ltr'><strong>in</strong></span> 
     </span>
    </p>
   </div>
   <div class='ocr_carea' id='block_1_60' title="bbox 559 4232 2085 4302">
    <p class='ocr_par' dir='ltr' id='par_1_60' title="bbox 559 4232 2085 4302">
     <span class='ocr_line' id='line_1_60' title="bbox 559 4232 2085 4302; baseline -0.001 -13"><span class='ocrx_word' id='word_1_440' title='bbox 559 4250 624 4289; x_wconf 81' lang='lat' dir='ltr'><strong>ca</strong></span> <span class='ocrx_word' id='word_1_441' title='bbox 652 4248 882 4290; x_wconf 85' lang='lat' dir='ltr'><strong>errores.</strong></span> <span class='ocrx_word' id='word_1_442' title='bbox 901 4234 999 4287; x_wconf 82' lang='lat' dir='ltr'><strong>Alii</strong></span> <span class='ocrx_word' id='word_1_443' title='bbox 1035 4235 1099 4287; x_wconf 87' lang='lat' dir='ltr'><strong>de</strong></span> <span class='ocrx_word' id='word_1_444' title='bbox 1120 4236 1477 4302; x_wconf 88' lang='lat' dir='ltr'><strong>improbitate,</strong></span> <span class='ocrx_word' id='word_1_445' title='bbox 1511 4232 1796 4301; x_wconf 90' lang='lat' dir='ltr'><strong>quominus</strong></span> <span class='ocrx_word' id='word_1_446' title='bbox 1837 4233 2085 4288; x_wconf 86' lang='lat' dir='ltr'><strong>videlicet</strong></span> 
     </span>
    </p>
   </div>
   <div class='ocr_carea' id='block_1_61' title="bbox 564 4322 2085 4391">
    <p class='ocr_par' dir='ltr' id='par_1_61' title="bbox 564 4322 2085 4391">
     <span class='ocr_line' id='line_1_61' title="bbox 564 4322 2085 4391; baseline -0.001 -16"><span class='ocrx_word' id='word_1_447' title='bbox 564 4322 856 4375; x_wconf 78' lang='lat' dir='ltr'><strong>familiares</strong></span> <span class='ocrx_word' id='word_1_448' title='bbox 901 4323 952 4375; x_wconf 91' lang='lat' dir='ltr'><strong>ei</strong></span> <span class='ocrx_word' id='word_1_449' title='bbox 1005 4324 1189 4389; x_wconf 85' lang='lat' dir='ltr'><strong>simus,</strong></span> <span class='ocrx_word' id='word_1_450' title='bbox 1239 4327 1654 4391; x_wconf 89' lang='lat' dir='ltr'><strong>interpretantur</strong></span> <span class='ocrx_word' id='word_1_451' title='bbox 1703 4323 1780 4376; x_wconf 87' lang='lat' dir='ltr'><strong>sic</strong></span> <span class='ocrx_word' id='word_1_452' title='bbox 1828 4341 1840 4374; x_wconf 95' lang='lat'>:</span> <span class='ocrx_word' id='word_1_453' title='bbox 1897 4335 2085 4388; x_wconf 82' lang='lat' dir='ltr'><strong>nempe</strong></span> 
     </span>
    </p>
   </div>
   <div class='ocr_carea' id='block_1_62' title="bbox 565 4407 2083 4480">
    <p class='ocr_par' dir='ltr' id='par_1_62' title="bbox 565 4407 2083 4480">
     <span class='ocr_line' id='line_1_62' title="bbox 565 4407 2083 4480; baseline 0.002 -19"><span class='ocrx_word' id='word_1_454' title='bbox 565 4411 711 4478; x_wconf 85' lang='lat' dir='ltr'><strong>quia,</strong></span> <span class='ocrx_word' id='word_1_455' title='bbox 734 4410 834 4463; x_wconf 90' lang='lat' dir='ltr'><strong>etsi</strong></span> <span class='ocrx_word' id='word_1_456' title='bbox 867 4410 1186 4479; x_wconf 89' lang='lat' dir='ltr'><strong>impossibile</strong></span> <span class='ocrx_word' id='word_1_457' title='bbox 1216 4423 1296 4468; x_wconf 89' lang='lat' dir='ltr'><strong>est</strong></span> <span class='ocrx_word' id='word_1_458' title='bbox 1327 4407 1608 4466; x_wconf 71' lang='lat' dir='ltr'><strong>hominem&#39;</strong></span> <span class='ocrx_word' id='word_1_459' title='bbox 1635 4411 1786 4466; x_wconf 86' lang='lat' dir='ltr'><strong>malis</strong></span> <span class='ocrx_word' id='word_1_460' title='bbox 1807 4411 2083 4480; x_wconf 79' lang='lat' dir='ltr'><strong>cogitatio-</strong></span> 
     </span>
    </p>
   </div>
   <div class='ocr_carea' id='block_1_63' title="bbox 2189 1983 2499 2052">
    <p class='ocr_par' dir='ltr' id='par_1_63' title="bbox 2189 1983 2499 2052">
     <span class='ocr_line' id='line_1_63' title="bbox 2189 1983 2499 2052; baseline 0.013 -16"><span class='ocrx_word' id='word_1_461' title='bbox 2189 1984 2311 2052; x_wconf 76' lang='grc' dir='ltr'>ςρὴν</span> <span class='ocrx_word' id='word_1_462' title='bbox 2330 1983 2499 2040; x_wconf 77' lang='grc' dir='ltr'>εἶναι.</span> 
     </span>
    </p>
   </div>
   <div class='ocr_carea' id='block_1_64' title="bbox 2270 2075 3771 2151">
    <p class='ocr_par' dir='ltr' id='par_1_64' title="bbox 2270 2075 3771 2151">
     <span class='ocr_line' id='line_1_64' title="bbox 2270 2075 3771 2151; baseline 0.003 -24"><span class='ocrx_word' id='word_1_463' title='bbox 2270 2075 2329 2127; x_wconf 83' lang='lat' dir='ltr'><strong>&#39;ll</strong></span> <span class='ocrx_word' id='word_1_464' title='bbox 2355 2077 2508 2145; x_wconf 85' lang='grc' dir='ltr'>χάρις</span> <span class='ocrx_word' id='word_1_465' title='bbox 2533 2079 2624 2130; x_wconf 76' lang='grc' dir='ltr'>καὶ</span> <span class='ocrx_word' id='word_1_466' title='bbox 2659 2081 2690 2148; x_wconf 82' lang='grc' dir='ltr'>ἡ</span> <span class='ocrx_word' id='word_1_467' title='bbox 2732 2077 2880 2147; x_wconf 80' lang='grc' dir='ltr'>φιλία</span> <span class='ocrx_word' id='word_1_468' title='bbox 2912 2079 3232 2150; x_wconf 77' lang='grc' dir='ltr'>ἐλευθεροῖ·</span> <span class='ocrx_word' id='word_1_469' title='bbox 3264 2082 3301 2151; x_wconf 84' lang='grc' dir='ltr'><strong>ἡ</strong></span> <span class='ocrx_word' id='word_1_470' title='bbox 3359 2081 3420 2134; x_wconf 82' lang='grc' dir='ltr'>δὲ</span> <span class='ocrx_word' id='word_1_471' title='bbox 3469 2082 3643 2151; x_wconf 85' lang='grc' dir='ltr'>ἀρετὴ</span> <span class='ocrx_word' id='word_1_472' title='bbox 3685 2081 3771 2134; x_wconf 72' lang='grc' dir='ltr'>καὶ</span> 
     </span>
    </p>
   </div>
   <div class='ocr_carea' id='block_1_65' title="bbox 2187 2165 3771 2242">
    <p class='ocr_par' dir='ltr' id='par_1_65' title="bbox 2187 2165 3771 2242">
     <span class='ocr_line' id='line_1_65' title="bbox 2187 2165 3771 2242; baseline 0.004 -26"><span class='ocrx_word' id='word_1_473' title='bbox 2187 2165 2378 2231; x_wconf 82' lang='grc' dir='ltr'>γνῶσις</span> <span class='ocrx_word' id='word_1_474' title='bbox 2412 2166 2741 2237; x_wconf 80' lang='grc' dir='ltr'>ἐλευθεροῦσι</span> <span class='ocrx_word' id='word_1_475' title='bbox 2801 2168 2976 2239; x_wconf 75' lang='grc' dir='ltr'>ψυχὴν</span> <span class='ocrx_word' id='word_1_476' title='bbox 3025 2170 3306 2239; x_wconf 79' lang='grc' dir='ltr'>λογικήν·</span> <span class='ocrx_word' id='word_1_477' title='bbox 3371 2173 3408 2241; x_wconf 77' lang='grc' dir='ltr'><strong>ἡ</strong></span> <span class='ocrx_word' id='word_1_478' title='bbox 3468 2173 3630 2242; x_wconf 88' lang='grc' dir='ltr'>χάρις</span> <span class='ocrx_word' id='word_1_479' title='bbox 3674 2173 3771 2242; x_wconf 74' lang='grc' dir='ltr'>γὰρ</span> 
     </span>
    </p>
   </div>
   <div class='ocr_carea' id='block_1_66' title="bbox 2187 2255 3769 2332">
    <p class='ocr_par' dir='ltr' id='par_1_66' title="bbox 2187 2255 3769 2332">
     <span class='ocr_line' id='line_1_66' title="bbox 2187 2255 3769 2332; baseline 0.006 -26"><span class='ocrx_word' id='word_1_480' title='bbox 2187 2255 2277 2307; x_wconf 75' lang='grc' dir='ltr'>καὶ</span> <span class='ocrx_word' id='word_1_481' title='bbox 2306 2257 2337 2324; x_wconf 81' lang='grc' dir='ltr'>ἡ</span> <span class='ocrx_word' id='word_1_482' title='bbox 2366 2255 2530 2322; x_wconf 78' lang='grc' dir='ltr'>φιλία,</span> <span class='ocrx_word' id='word_1_483' title='bbox 2559 2257 2722 2326; x_wconf 82' lang='grc' dir='ltr'>ἀρετὴ</span> <span class='ocrx_word' id='word_1_484' title='bbox 2756 2260 2848 2311; x_wconf 75' lang='grc' dir='ltr'>καὶ</span> <span class='ocrx_word' id='word_1_485' title='bbox 2882 2259 3080 2324; x_wconf 79' lang='grc' dir='ltr'>γνῶσίς</span> <span class='ocrx_word' id='word_1_486' title='bbox 3124 2262 3286 2313; x_wconf 78' lang='grc' dir='ltr'>ἐστιν</span> <span class='ocrx_word' id='word_1_487' title='bbox 3309 2278 3323 2290; x_wconf 94' lang='grc'><strong>·</strong></span> <span class='ocrx_word' id='word_1_488' title='bbox 3368 2263 3420 2314; x_wconf 83' lang='grc' dir='ltr'><strong>εί</strong></span> <span class='ocrx_word' id='word_1_489' title='bbox 3473 2262 3531 2314; x_wconf 86' lang='grc' dir='ltr'>δὲ</span> <span class='ocrx_word' id='word_1_490' title='bbox 3584 2263 3769 2332; x_wconf 73' lang='grc' dir='ltr'>ἔλαφος</span> 
     </span>
    </p>
   </div>
   <div class='ocr_carea' id='block_1_67' title="bbox 2187 2347 3768 2422">
    <p class='ocr_par' dir='ltr' id='par_1_67' title="bbox 2187 2347 3768 2422">
     <span class='ocr_line' id='line_1_67' title="bbox 2187 2347 3768 2422; baseline 0.004 -24"><span class='ocrx_word' id='word_1_491' title='bbox 2187 2349 2249 2398; x_wconf 83' lang='grc' dir='ltr'>ὲκ</span> <span class='ocrx_word' id='word_1_492' title='bbox 2277 2347 2372 2415; x_wconf 81' lang='grc' dir='ltr'>τῆς</span> <span class='ocrx_word' id='word_1_493' title='bbox 2394 2347 2589 2414; x_wconf 83' lang='grc' dir='ltr'>φιλίας,</span> <span class='ocrx_word' id='word_1_494' title='bbox 2615 2350 2643 2400; x_wconf 94' lang='lat'><strong>6</strong></span> <span class='ocrx_word' id='word_1_495' title='bbox 2666 2349 2836 2410; x_wconf 83' lang='grc' dir='ltr'>πῶλος</span> <span class='ocrx_word' id='word_1_496' title='bbox 2873 2351 2934 2400; x_wconf 80' lang='grc' dir='ltr'>ἐκ</span> <span class='ocrx_word' id='word_1_497' title='bbox 2964 2349 3070 2402; x_wconf 82' lang='grc' dir='ltr'><strong>τῶν</strong></span> <span class='ocrx_word' id='word_1_498' title='bbox 3099 2352 3363 2420; x_wconf 88' lang='grc' dir='ltr'>χαρίτων</span> <span class='ocrx_word' id='word_1_499' title='bbox 3392 2355 3655 2418; x_wconf 83' lang='grc' dir='ltr'>γεννᾶται</span> <span class='ocrx_word' id='word_1_500' title='bbox 3683 2369 3696 2381; x_wconf 84' lang='grc'><strong>·</strong></span> <span class='ocrx_word' id='word_1_501' title='bbox 3739 2354 3768 2422; x_wconf 74' lang='grc' dir='ltr'><strong>ἡ</strong></span> 
     </span>
    </p>
   </div>
   <div class='ocr_carea' id='block_1_68' title="bbox 2185 2427 3764 2510">
    <p class='ocr_par' dir='ltr' id='par_1_68' title="bbox 2185 2427 3764 2510">
     <span class='ocr_line' id='line_1_68' title="bbox 2185 2427 3764 2510; baseline 0.005 -22"><span class='ocrx_word' id='word_1_502' title='bbox 2185 2433 2274 2488; x_wconf 79' lang='grc' dir='ltr'><strong>οὖν</strong></span> <span class='ocrx_word' id='word_1_503' title='bbox 2306 2437 2496 2505; x_wconf 76' lang='grc' dir='ltr'>ἔλαφός</span> <span class='ocrx_word' id='word_1_504' title='bbox 2519 2441 2630 2490; x_wconf 84' lang='grc' dir='ltr'>ὲστι</span> <span class='ocrx_word' id='word_1_505' title='bbox 2657 2438 2756 2506; x_wconf 85' lang='grc' dir='ltr'>τῆς</span> <span class='ocrx_word' id='word_1_506' title='bbox 2789 2439 3014 2506; x_wconf 86' lang='grc' dir='ltr'>θεωρίας</span> <span class='ocrx_word' id='word_1_507' title='bbox 3041 2439 3328 2510; x_wconf 75' lang='grc' dir='ltr'>σύμϐολον</span> <span class='ocrx_word' id='word_1_508' title='bbox 3350 2459 3364 2471; x_wconf 93' lang='grc'><strong>·</strong></span> <span class='ocrx_word' id='word_1_509' title='bbox 3417 2443 3447 2494; x_wconf 87' lang='grc' dir='ltr'>ὁ</span> <span class='ocrx_word' id='word_1_510' title='bbox 3480 2443 3538 2496; x_wconf 85' lang='grc' dir='ltr'>δὲ</span> <span class='ocrx_word' id='word_1_511' title='bbox 3580 2427 3764 2506; x_wconf 78' lang='grc' dir='ltr'>πῶλος,</span> 
     </span>
    </p>
   </div>
   <div class='ocr_carea' id='block_1_69' title="bbox 2184 2527 3764 2601">
    <p class='ocr_par' dir='ltr' id='par_1_69' title="bbox 2184 2527 3764 2601">
     <span class='ocr_line' id='line_1_69' title="bbox 2184 2527 3764 2601; baseline 0.006 -25"><span class='ocrx_word' id='word_1_512' title='bbox 2184 2527 2282 2595; x_wconf 84' lang='grc' dir='ltr'>τῆς</span> <span class='ocrx_word' id='word_1_513' title='bbox 2301 2527 2561 2588; x_wconf 81' lang='grc' dir='ltr'>ἀπαθείας</span> <span class='ocrx_word' id='word_1_514' title='bbox 2582 2544 2594 2556; x_wconf 91' lang='grc'><strong>·</strong></span> <span class='ocrx_word' id='word_1_515' title='bbox 2637 2529 2669 2596; x_wconf 85' lang='grc' dir='ltr'>ὴ</span> <span class='ocrx_word' id='word_1_516' title='bbox 2709 2527 2806 2596; x_wconf 83' lang='grc' dir='ltr'>μὲν</span> <span class='ocrx_word' id='word_1_517' title='bbox 2835 2528 2962 2598; x_wconf 84' lang='grc' dir='ltr'>γὰρ,</span> <span class='ocrx_word' id='word_1_518' title='bbox 2990 2528 3048 2594; x_wconf 75' lang='grc' dir='ltr'><strong>ἐξ</strong></span> <span class='ocrx_word' id='word_1_519' title='bbox 3082 2531 3312 2600; x_wconf 82' lang='grc' dir='ltr'>ἀρετῶν</span> <span class='ocrx_word' id='word_1_520' title='bbox 3337 2549 3349 2558; x_wconf 91' lang='grc'><strong>·</strong></span> <span class='ocrx_word' id='word_1_521' title='bbox 3384 2535 3420 2600; x_wconf 85' lang='grc' dir='ltr'>ὴ</span> <span class='ocrx_word' id='word_1_522' title='bbox 3447 2533 3528 2595; x_wconf 76' lang='grc' dir='ltr'>δὲ,</span> <span class='ocrx_word' id='word_1_523' title='bbox 3578 2536 3644 2585; x_wconf 83' lang='grc' dir='ltr'>ὲκ</span> <span class='ocrx_word' id='word_1_524' title='bbox 3675 2534 3764 2601; x_wconf 81' lang='grc' dir='ltr'><strong>τῆς</strong></span> 
     </span>
    </p>
   </div>
   <div class='ocr_carea' id='block_1_70' title="bbox 2184 2613 3765 2690">
    <p class='ocr_par' dir='ltr' id='par_1_70' title="bbox 2184 2613 3765 2690">
     <span class='ocr_line' id='line_1_70' title="bbox 2184 2613 3765 2690; baseline 0.006 -25"><span class='ocrx_word' id='word_1_525' title='bbox 2184 2613 2426 2680; x_wconf 80' lang='grc' dir='ltr'>γνώσεως</span> <span class='ocrx_word' id='word_1_526' title='bbox 2453 2614 2691 2681; x_wconf 85' lang='grc' dir='ltr'>γίνεσθαι</span> <span class='ocrx_word' id='word_1_527' title='bbox 2727 2615 2984 2682; x_wconf 66' lang='grc' dir='ltr'>πέφυκεν.</span> <span class='ocrx_word' id='word_1_528' title='bbox 3025 2647 3094 2656; x_wconf 90' lang='grc'><strong>--</strong></span> <span class='ocrx_word' id='word_1_529' title='bbox 3126 2618 3198 2670; x_wconf 83' lang='grc' dir='ltr'><strong><em>Ἡ</em></strong></span> <span class='ocrx_word' id='word_1_530' title='bbox 3251 2620 3358 2689; x_wconf 81' lang='grc' dir='ltr'>μὲν</span> <span class='ocrx_word' id='word_1_531' title='bbox 3404 2621 3608 2690; x_wconf 81' lang='grc' dir='ltr'>ἕλαφός</span> <span class='ocrx_word' id='word_1_532' title='bbox 3632 2624 3765 2674; x_wconf 74' lang='grc' dir='ltr'>ἐστιν</span> 
     </span>
    </p>
   </div>
   <div class='ocr_carea' id='block_1_71' title="bbox 2185 2700 3765 2781">
    <p class='ocr_par' dir='ltr' id='par_1_71' title="bbox 2185 2700 3765 2781">
     <span class='ocr_line' id='line_1_71' title="bbox 2185 2700 3765 2781; baseline 0.004 -26"><span class='ocrx_word' id='word_1_533' title='bbox 2185 2703 2410 2774; x_wconf 87' lang='grc' dir='ltr'>θεωρίας</span> <span class='ocrx_word' id='word_1_534' title='bbox 2463 2706 2753 2774; x_wconf 81' lang='grc' dir='ltr'>σύμῦολον,</span> <span class='ocrx_word' id='word_1_535' title='bbox 2807 2707 3071 2776; x_wconf 87' lang='grc' dir='ltr'>σωμάτων</span> <span class='ocrx_word' id='word_1_536' title='bbox 3155 2710 3259 2762; x_wconf 72' lang='grc' dir='ltr'>καὶ</span> <span class='ocrx_word' id='word_1_537' title='bbox 3305 2700 3625 2781; x_wconf 79' lang='grc' dir='ltr'>ἀσωμάτιοιν</span> <span class='ocrx_word' id='word_1_538' title='bbox 3679 2713 3765 2765; x_wconf 72' lang='grc' dir='ltr'>καὶ</span> 
     </span>
    </p>
   </div>
   <div class='ocr_carea' id='block_1_72' title="bbox 2184 2794 3762 2872">
    <p class='ocr_par' dir='ltr' id='par_1_72' title="bbox 2184 2794 3762 2872">
     <span class='ocr_line' id='line_1_72' title="bbox 2184 2794 3762 2872; baseline 0.007 -27"><span class='ocrx_word' id='word_1_539' title='bbox 2184 2794 2433 2861; x_wconf 80' lang='grc' dir='ltr'>γνώσεως</span> <span class='ocrx_word' id='word_1_540' title='bbox 2465 2795 2596 2847; x_wconf 74' lang='grc' dir='ltr'>Θεοῦ</span> <span class='ocrx_word' id='word_1_541' title='bbox 2621 2813 2634 2825; x_wconf 89' lang='grc'><strong>·</strong></span> <span class='ocrx_word' id='word_1_542' title='bbox 2667 2798 2698 2865; x_wconf 85' lang='grc' dir='ltr'><strong>ὴ</strong></span> <span class='ocrx_word' id='word_1_543' title='bbox 2727 2797 2783 2848; x_wconf 85' lang='grc' dir='ltr'>δὲ</span> <span class='ocrx_word' id='word_1_544' title='bbox 2816 2798 2985 2864; x_wconf 80' lang='grc' dir='ltr'>φιλία,</span> <span class='ocrx_word' id='word_1_545' title='bbox 3017 2799 3122 2868; x_wconf 81' lang='grc' dir='ltr'>τῆς</span> <span class='ocrx_word' id='word_1_546' title='bbox 3171 2802 3318 2872; x_wconf 82' lang='grc' dir='ltr'>πρὸς</span> <span class='ocrx_word' id='word_1_547' title='bbox 3351 2803 3491 2856; x_wconf 80' lang='grc' dir='ltr'>Θεὸν</span> <span class='ocrx_word' id='word_1_548' title='bbox 3541 2805 3633 2858; x_wconf 76' lang='grc' dir='ltr'>καὶ</span> <span class='ocrx_word' id='word_1_549' title='bbox 3683 2805 3762 2856; x_wconf 79' lang='grc' dir='ltr'>τὸν</span> 
     </span>
    </p>
   </div>
   <div class='ocr_carea' id='block_1_73' title="bbox 2185 2885 3757 2963">
    <p class='ocr_par' dir='ltr' id='par_1_73' title="bbox 2185 2885 3757 2963">
     <span class='ocr_line' id='line_1_73' title="bbox 2185 2885 3757 2963; baseline 0.004 -25"><span class='ocrx_word' id='word_1_550' title='bbox 2185 2885 2403 2954; x_wconf 82' lang='grc' dir='ltr'>πλησίον</span> <span class='ocrx_word' id='word_1_551' title='bbox 2439 2886 2650 2954; x_wconf 85' lang='grc' dir='ltr'>ἀγάπης</span> <span class='ocrx_word' id='word_1_552' title='bbox 2671 2900 2684 2915; x_wconf 72' lang='grc' dir='ltr'><strong><em>ο</em></strong></span> <span class='ocrx_word' id='word_1_553' title='bbox 2719 2887 2747 2936; x_wconf 90' lang='lat'><strong>6</strong></span> <span class='ocrx_word' id='word_1_554' title='bbox 2779 2887 2836 2938; x_wconf 82' lang='grc' dir='ltr'>δὲ</span> <span class='ocrx_word' id='word_1_555' title='bbox 2879 2887 3078 2951; x_wconf 82' lang='grc' dir='ltr'>πῶλος,</span> <span class='ocrx_word' id='word_1_556' title='bbox 3105 2891 3217 2960; x_wconf 77' lang='grc' dir='ltr'>τῆς</span> <span class='ocrx_word' id='word_1_557' title='bbox 3251 2894 3530 2956; x_wconf 86' lang='grc' dir='ltr'>ἀπαθείας</span> <span class='ocrx_word' id='word_1_558' title='bbox 3552 2912 3565 2924; x_wconf 88' lang='grc'><strong>·</strong></span> <span class='ocrx_word' id='word_1_559' title='bbox 3599 2895 3690 2946; x_wconf 75' lang='grc' dir='ltr'>καὶ</span> <span class='ocrx_word' id='word_1_560' title='bbox 3728 2897 3757 2963; x_wconf 81' lang='grc' dir='ltr'>ὴ</span> 
     </span>
    </p>
   </div>
   <div class='ocr_carea' id='block_1_74' title="bbox 2187 2976 3756 3054">
    <p class='ocr_par' dir='ltr' id='par_1_74' title="bbox 2187 2976 3756 3054">
     <span class='ocr_line' id='line_1_74' title="bbox 2187 2976 3756 3054; baseline 0.006 -27"><span class='ocrx_word' id='word_1_561' title='bbox 2187 2976 2283 3046; x_wconf 84' lang='grc' dir='ltr'>μὲν</span> <span class='ocrx_word' id='word_1_562' title='bbox 2313 2977 2506 3051; x_wconf 78' lang='grc' dir='ltr'>θεωρία</span> <span class='ocrx_word' id='word_1_563' title='bbox 2541 2976 2638 3044; x_wconf 80' lang='grc' dir='ltr'><strong>τῆς</strong></span> <span class='ocrx_word' id='word_1_564' title='bbox 2659 2976 2789 3046; x_wconf 72' lang='grc' dir='ltr'>πρὸς</span> <span class='ocrx_word' id='word_1_565' title='bbox 2813 2977 2942 3030; x_wconf 83' lang='grc' dir='ltr'>Θεὸν</span> <span class='ocrx_word' id='word_1_566' title='bbox 2965 2978 3256 3046; x_wconf 83' lang='grc' dir='ltr'>γνώσεως,</span> <span class='ocrx_word' id='word_1_567' title='bbox 3288 2983 3349 3049; x_wconf 78' lang='grc' dir='ltr'><strong>ἐξ</strong></span> <span class='ocrx_word' id='word_1_568' title='bbox 3373 2985 3588 3054; x_wconf 82' lang='grc' dir='ltr'>ἀρετῶν</span> <span class='ocrx_word' id='word_1_569' title='bbox 3614 2984 3756 3037; x_wconf 82' lang='grc' dir='ltr'>εῐωθε</span> 
     </span>
    </p>
   </div>
   <div class='ocr_carea' id='block_1_75' title="bbox 2184 3065 3757 3143">
    <p class='ocr_par' dir='ltr' id='par_1_75' title="bbox 2184 3065 3757 3143">
     <span class='ocr_line' id='line_1_75' title="bbox 2184 3065 3757 3143; baseline -0.003 -24"><span class='ocrx_word' id='word_1_570' title='bbox 2184 3067 2422 3133; x_wconf 85' lang='grc' dir='ltr'>γίνεσθαι</span> <span class='ocrx_word' id='word_1_571' title='bbox 2442 3065 2711 3134; x_wconf 75' lang='grc' dir='ltr'>ψυχικῶν·</span> <span class='ocrx_word' id='word_1_572' title='bbox 2747 3069 2778 3135; x_wconf 83' lang='grc' dir='ltr'>ἡ</span> <span class='ocrx_word' id='word_1_573' title='bbox 2834 3067 2890 3118; x_wconf 88' lang='grc' dir='ltr'>δὲ</span> <span class='ocrx_word' id='word_1_574' title='bbox 2923 3069 3138 3140; x_wconf 88' lang='grc' dir='ltr'>ἀγάπη,</span> <span class='ocrx_word' id='word_1_575' title='bbox 3178 3074 3246 3124; x_wconf 83' lang='grc' dir='ltr'>ὲκ</span> <span class='ocrx_word' id='word_1_576' title='bbox 3302 3074 3406 3142; x_wconf 75' lang='grc' dir='ltr'>τῆς</span> <span class='ocrx_word' id='word_1_577' title='bbox 3461 3074 3650 3143; x_wconf 77' lang='grc' dir='ltr'>σοφίας</span> <span class='ocrx_word' id='word_1_578' title='bbox 3689 3073 3757 3141; x_wconf 75' lang='grc' dir='ltr'><strong>γε.</strong></span> 
     </span>
    </p>
   </div>
   <div class='ocr_carea' id='block_1_76' title="bbox 2185 3154 3754 3233">
    <p class='ocr_par' dir='ltr' id='par_1_76' title="bbox 2185 3154 3754 3233">
     <span class='ocr_line' id='line_1_76' title="bbox 2185 3154 3754 3233; baseline 0.004 -26"><span class='ocrx_word' id='word_1_579' title='bbox 2185 3155 2364 3208; x_wconf 86' lang='grc' dir='ltr'>νεσθαι</span> <span class='ocrx_word' id='word_1_580' title='bbox 2392 3154 2656 3223; x_wconf 78' lang='grc' dir='ltr'>πέφυκεν·</span> <span class='ocrx_word' id='word_1_581' title='bbox 2685 3155 2717 3224; x_wconf 84' lang='grc' dir='ltr'>ἡ</span> <span class='ocrx_word' id='word_1_582' title='bbox 2748 3154 2802 3206; x_wconf 82' lang='grc' dir='ltr'>δὲ</span> <span class='ocrx_word' id='word_1_583' title='bbox 2825 3155 3086 3220; x_wconf 80' lang='grc' dir='ltr'>ἀπάθεια,</span> <span class='ocrx_word' id='word_1_584' title='bbox 3122 3161 3197 3212; x_wconf 77' lang='grc' dir='ltr'>ἐκ</span> <span class='ocrx_word' id='word_1_585' title='bbox 3229 3161 3345 3214; x_wconf 81' lang='grc' dir='ltr'><strong>τῶν</strong></span> <span class='ocrx_word' id='word_1_586' title='bbox 3377 3163 3473 3216; x_wconf 84' lang='grc' dir='ltr'>τοῦ</span> <span class='ocrx_word' id='word_1_587' title='bbox 3521 3163 3754 3233; x_wconf 84' lang='grc' dir='ltr'>σώματος</span> 
     </span>
    </p>
   </div>
   <div class='ocr_carea' id='block_1_77' title="bbox 2183 3243 3753 3324">
    <p class='ocr_par' dir='ltr' id='par_1_77' title="bbox 2183 3243 3753 3324">
     <span class='ocr_line' id='line_1_77' title="bbox 2183 3243 3753 3324; baseline 0.005 -29"><span class='ocrx_word' id='word_1_588' title='bbox 2183 3243 2418 3314; x_wconf 84' lang='grc' dir='ltr'>ἀρετῶν·</span> <span class='ocrx_word' id='word_1_589' title='bbox 2464 3247 2710 3312; x_wconf 87' lang='grc' dir='ltr'>παραινεῖ</span> <span class='ocrx_word' id='word_1_590' title='bbox 2737 3243 2791 3296; x_wconf 77' lang='grc' dir='ltr'>δὲ</span> <span class='ocrx_word' id='word_1_591' title='bbox 2841 3246 2988 3314; x_wconf 81' lang='grc' dir='ltr'>ἡμᾶς</span> <span class='ocrx_word' id='word_1_592' title='bbox 3031 3251 3159 3313; x_wconf 86' lang='grc' dir='ltr'>ταῖς</span> <span class='ocrx_word' id='word_1_593' title='bbox 3225 3252 3515 3316; x_wconf 80' lang='grc' dir='ltr'>τοιαύταις</span> <span class='ocrx_word' id='word_1_594' title='bbox 3555 3256 3753 3324; x_wconf 86' lang='grc' dir='ltr'>χάρισιν</span> 
     </span>
    </p>
   </div>
   <div class='ocr_carea' id='block_1_78' title="bbox 2183 3332 3752 3411">
    <p class='ocr_par' dir='ltr' id='par_1_78' title="bbox 2183 3332 3752 3411">
     <span class='ocr_line' id='line_1_78' title="bbox 2183 3332 3752 3411; baseline 0.003 -24"><span class='ocrx_word' id='word_1_595' title='bbox 2183 3334 2269 3387; x_wconf 76' lang='grc' dir='ltr'>ἀεὶ</span> <span class='ocrx_word' id='word_1_596' title='bbox 2297 3333 2632 3404; x_wconf 86' lang='grc' dir='ltr'>προσομιλεῖν</span> <span class='ocrx_word' id='word_1_597' title='bbox 2648 3349 2660 3362; x_wconf 96' lang='grc'><strong>·</strong></span> <span class='ocrx_word' id='word_1_598' title='bbox 2695 3335 2722 3385; x_wconf 87' lang='grc' dir='ltr'>ὁ</span> <span class='ocrx_word' id='word_1_599' title='bbox 2745 3332 2800 3384; x_wconf 81' lang='grc' dir='ltr'>δὲ</span> <span class='ocrx_word' id='word_1_600' title='bbox 2820 3333 3026 3397; x_wconf 84' lang='grc' dir='ltr'>τούτοις</span> <span class='ocrx_word' id='word_1_601' title='bbox 3049 3337 3490 3411; x_wconf 78' lang='grc' dir='ltr'>ἐμφιλοχωρῶν,</span> <span class='ocrx_word' id='word_1_602' title='bbox 3523 3343 3586 3394; x_wconf 78' lang='grc' dir='ltr'>οὐ</span> <span class='ocrx_word' id='word_1_603' title='bbox 3609 3342 3752 3411; x_wconf 83' lang='grc' dir='ltr'>μόνον</span> 
     </span>
    </p>
   </div>
   <div class='ocr_carea' id='block_1_79' title="bbox 2181 3424 3750 3502">
    <p class='ocr_par' dir='ltr' id='par_1_79' title="bbox 2181 3424 3750 3502">
     <span class='ocr_line' id='line_1_79' title="bbox 2181 3424 3750 3502; baseline 0.003 -25"><span class='ocrx_word' id='word_1_604' title='bbox 2181 3425 2256 3495; x_wconf 80' lang='grc' dir='ltr'>τῷ</span> <span class='ocrx_word' id='word_1_605' title='bbox 2278 3424 2393 3494; x_wconf 84' lang='grc' dir='ltr'>Θεῷ</span> <span class='ocrx_word' id='word_1_606' title='bbox 2417 3424 2817 3495; x_wconf 84' lang='grc' dir='ltr'>προσομιλήσει,</span> <span class='ocrx_word' id='word_1_607' title='bbox 2838 3425 2971 3478; x_wconf 87' lang='grc' dir='ltr'><strong>ἀλλά</strong></span> <span class='ocrx_word' id='word_1_608' title='bbox 3017 3429 3112 3481; x_wconf 75' lang='grc' dir='ltr'>καὶ</span> <span class='ocrx_word' id='word_1_609' title='bbox 3170 3431 3432 3495; x_wconf 81' lang='grc' dir='ltr'>σύνοικος</span> <span class='ocrx_word' id='word_1_610' title='bbox 3479 3433 3750 3502; x_wconf 81' lang='grc' dir='ltr'>γενήσεται</span> 
     </span>
    </p>
   </div>
   <div class='ocr_carea' id='block_1_80' title="bbox 2182 3512 3748 3590">
    <p class='ocr_par' dir='ltr' id='par_1_80' title="bbox 2182 3512 3748 3590">
     <span class='ocr_line' id='line_1_80' title="bbox 2182 3512 3748 3590; baseline 0.003 -24"><span class='ocrx_word' id='word_1_611' title='bbox 2182 3513 2345 3582; x_wconf 79' lang='grc' dir='ltr'><strong>αὐτῷ.</strong></span> <span class='ocrx_word' id='word_1_612' title='bbox 2376 3545 2441 3553; x_wconf 89' lang='grc'><strong>-</strong></span> <span class='ocrx_word' id='word_1_613' title='bbox 2465 3512 2587 3564; x_wconf 87' lang='grc' dir='ltr'>Ἰδία</span> <span class='ocrx_word' id='word_1_614' title='bbox 2616 3514 2712 3582; x_wconf 78' lang='grc' dir='ltr'>τῆς</span> <span class='ocrx_word' id='word_1_615' title='bbox 2738 3514 2959 3583; x_wconf 82' lang='grc' dir='ltr'>λογικῆς</span> <span class='ocrx_word' id='word_1_616' title='bbox 3021 3517 3256 3584; x_wconf 76' lang='grc' dir='ltr'>φύσεώς</span> <span class='ocrx_word' id='word_1_617' title='bbox 3321 3524 3475 3574; x_wconf 74' lang='grc' dir='ltr'>ἐστιν</span> <span class='ocrx_word' id='word_1_618' title='bbox 3497 3523 3532 3590; x_wconf 86' lang='grc' dir='ltr'><strong>ή</strong></span> <span class='ocrx_word' id='word_1_619' title='bbox 3574 3519 3748 3589; x_wconf 83' lang='grc' dir='ltr'>ἀρετὴ,</span> 
     </span>
    </p>
   </div>
   <div class='ocr_carea' id='block_1_81' title="bbox 2183 3603 3748 3681">
    <p class='ocr_par' dir='ltr' id='par_1_81' title="bbox 2183 3603 3748 3681">
     <span class='ocr_line' id='line_1_81' title="bbox 2183 3603 3748 3681; baseline 0.003 -26"><span class='ocrx_word' id='word_1_620' title='bbox 2183 3604 2302 3672; x_wconf 77' lang='grc' dir='ltr'>ἥτις</span> <span class='ocrx_word' id='word_1_621' title='bbox 2331 3603 2566 3656; x_wconf 81' lang='grc' dir='ltr'>καλεῖται</span> <span class='ocrx_word' id='word_1_622' title='bbox 2597 3603 2744 3670; x_wconf 76' lang='grc' dir='ltr'>φιλία</span> <span class='ocrx_word' id='word_1_623' title='bbox 2763 3643 2777 3666; x_wconf 92' lang='grc'><strong>,</strong></span> <span class='ocrx_word' id='word_1_624' title='bbox 2833 3605 2926 3658; x_wconf 77' lang='grc' dir='ltr'>καὶ</span> <span class='ocrx_word' id='word_1_625' title='bbox 2959 3609 3327 3676; x_wconf 74' lang='grc' dir='ltr'>συμφιλιάζει</span> <span class='ocrx_word' id='word_1_626' title='bbox 3356 3611 3437 3681; x_wconf 82' lang='grc' dir='ltr'>τῷ</span> <span class='ocrx_word' id='word_1_627' title='bbox 3485 3611 3603 3679; x_wconf 78' lang='grc' dir='ltr'>Θεῷ</span> <span class='ocrx_word' id='word_1_628' title='bbox 3637 3609 3748 3669; x_wconf 74' lang='grc' dir='ltr'>τοὺς</span> 
     </span>
    </p>
   </div>
   <div class='ocr_carea' id='block_1_82' title="bbox 2185 3691 3749 3772">
    <p class='ocr_par' dir='ltr' id='par_1_82' title="bbox 2185 3691 3749 3772">
     <span class='ocr_line' id='line_1_82' title="bbox 2185 3691 3749 3772; baseline 0.003 -28"><span class='ocrx_word' id='word_1_629' title='bbox 2185 3692 2473 3762; x_wconf 76' lang='grc' dir='ltr'>ἑπομένους</span> <span class='ocrx_word' id='word_1_630' title='bbox 2501 3692 2632 3761; x_wconf 78' lang='grc' dir='ltr'>αὐτῇ</span> <span class='ocrx_word' id='word_1_631' title='bbox 2681 3691 2766 3744; x_wconf 82' lang='grc' dir='ltr'><strong>διά</strong></span> <span class='ocrx_word' id='word_1_632' title='bbox 2818 3693 2918 3761; x_wconf 81' lang='grc' dir='ltr'>τῆς</span> <span class='ocrx_word' id='word_1_633' title='bbox 2971 3693 3244 3760; x_wconf 80' lang='grc' dir='ltr'>γνώσεως</span> <span class='ocrx_word' id='word_1_634' title='bbox 3276 3698 3374 3772; x_wconf 62' lang='grc' dir='ltr'><strong>τού</strong></span> <span class='ocrx_word' id='word_1_635' title='bbox 3405 3699 3564 3753; x_wconf 82' lang='grc' dir='ltr'>Θεοῦ.</span> <span class='ocrx_word' id='word_1_636' title='bbox 3585 3727 3651 3738; x_wconf 89' lang='grc'><strong>--</strong></span> <span class='ocrx_word' id='word_1_637' title='bbox 3672 3697 3749 3748; x_wconf 85' lang='grc' dir='ltr'>Ἐν</span> 
     </span>
    </p>
   </div>
   <div class='ocr_carea' id='block_1_83' title="bbox 2183 3781 3749 3859">
    <p class='ocr_par' dir='ltr' id='par_1_83' title="bbox 2183 3781 3749 3859">
     <span class='ocr_line' id='line_1_83' title="bbox 2183 3781 3749 3859; baseline 0.002 -26"><span class='ocrx_word' id='word_1_638' title='bbox 2183 3781 2288 3849; x_wconf 79' lang='grc' dir='ltr'>γὰρ</span> <span class='ocrx_word' id='word_1_639' title='bbox 2316 3783 2378 3850; x_wconf 82' lang='grc' dir='ltr'>τῇ</span> <span class='ocrx_word' id='word_1_640' title='bbox 2431 3781 2528 3849; x_wconf 81' lang='grc' dir='ltr'>τῆς</span> <span class='ocrx_word' id='word_1_641' title='bbox 2577 3781 2770 3851; x_wconf 81' lang='grc' dir='ltr'>ἀρετῆς</span> <span class='ocrx_word' id='word_1_642' title='bbox 2820 3782 2968 3852; x_wconf 75' lang='grc' dir='ltr'>φιλίᾳ</span> <span class='ocrx_word' id='word_1_643' title='bbox 3014 3786 3106 3836; x_wconf 74' lang='grc' dir='ltr'>καὶ</span> <span class='ocrx_word' id='word_1_644' title='bbox 3159 3791 3236 3858; x_wconf 80' lang='grc' dir='ltr'>τῇ</span> <span class='ocrx_word' id='word_1_645' title='bbox 3279 3789 3386 3859; x_wconf 83' lang='grc' dir='ltr'>τῆς</span> <span class='ocrx_word' id='word_1_646' title='bbox 3443 3786 3749 3857; x_wconf 82' lang='grc' dir='ltr'>γνώσεως,ό</span> 
     </span>
    </p>
   </div>
   <div class='ocr_carea' id='block_1_84' title="bbox 2183 3869 3744 3946">
    <p class='ocr_par' dir='ltr' id='par_1_84' title="bbox 2183 3869 3744 3946">
     <span class='ocr_line' id='line_1_84' title="bbox 2183 3869 3744 3946; baseline 0.005 -26"><span class='ocrx_word' id='word_1_647' title='bbox 2183 3869 2700 3940; x_wconf 82' lang='grc' dir='ltr'>συμπεριφερόμενος</span> <span class='ocrx_word' id='word_1_648' title='bbox 2758 3870 3040 3934; x_wconf 82' lang='grc' dir='ltr'>πολλοστὸς</span> <span class='ocrx_word' id='word_1_649' title='bbox 3100 3876 3226 3929; x_wconf 75' lang='grc' dir='ltr'>ἐστι</span> <span class='ocrx_word' id='word_1_650' title='bbox 3273 3878 3386 3932; x_wconf 82' lang='grc' dir='ltr'>τῶν</span> <span class='ocrx_word' id='word_1_651' title='bbox 3449 3875 3744 3946; x_wconf 78' lang='grc' dir='ltr'>ὠφελουμέ-</span> 
     </span>
    </p>
   </div>
   <div class='ocr_carea' id='block_1_85' title="bbox 2183 3977 2304 4014">
    <p class='ocr_par' dir='ltr' id='par_1_85' title="bbox 2183 3977 2304 4014">
     <span class='ocr_line' id='line_1_85' title="bbox 2183 3977 2304 4014; baseline -0.025 0"><span class='ocrx_word' id='word_1_652' title='bbox 2183 3977 2304 4014; x_wconf 89' lang='grc' dir='ltr'>νων.</span> 
     </span>
    </p>
   </div>
   <div class='ocr_carea' id='block_1_86' title="bbox 2253 4048 3743 4126">
    <p class='ocr_par' dir='ltr' id='par_1_86' title="bbox 2253 4048 3743 4126">
     <span class='ocr_line' id='line_1_86' title="bbox 2253 4048 3743 4126; baseline 0.003 -26"><span class='ocrx_word' id='word_1_653' title='bbox 2253 4049 2405 4110; x_wconf 81' lang='grc' dir='ltr'>Τινὲς</span> <span class='ocrx_word' id='word_1_654' title='bbox 2433 4049 2529 4117; x_wconf 79' lang='grc' dir='ltr'>μὲν</span> <span class='ocrx_word' id='word_1_655' title='bbox 2560 4048 2712 4100; x_wconf 83' lang='grc' dir='ltr'>τοῦτο</span> <span class='ocrx_word' id='word_1_656' title='bbox 2733 4050 2858 4118; x_wconf 71' lang='grc' dir='ltr'>περὶ</span> <span class='ocrx_word' id='word_1_657' title='bbox 2900 4049 2998 4119; x_wconf 83' lang='grc' dir='ltr'>τῆς</span> <span class='ocrx_word' id='word_1_658' title='bbox 3028 4051 3240 4115; x_wconf 75' lang='grc' dir='ltr'>ἔξωθεν</span> <span class='ocrx_word' id='word_1_659' title='bbox 3274 4059 3469 4125; x_wconf 83' lang='grc' dir='ltr'>σοφίας</span> <span class='ocrx_word' id='word_1_660' title='bbox 3511 4054 3743 4126; x_wconf 77' lang='grc' dir='ltr'>νομίζου-</span> 
     </span>
    </p>
   </div>
   <div class='ocr_carea' id='block_1_87' title="bbox 2187 4135 3744 4206">
    <p class='ocr_par' dir='ltr' id='par_1_87' title="bbox 2187 4135 3744 4206">
     <span class='ocr_line' id='line_1_87' title="bbox 2187 4135 3744 4206; baseline 0.004 -18"><span class='ocrx_word' id='word_1_661' title='bbox 2187 4154 2237 4189; x_wconf 91' lang='grc' dir='ltr'><strong>σι</strong></span> <span class='ocrx_word' id='word_1_662' title='bbox 2263 4135 2525 4204; x_wconf 81' lang='grc' dir='ltr'>λέγεσθαι,</span> <span class='ocrx_word' id='word_1_663' title='bbox 2560 4135 2692 4204; x_wconf 73' lang='grc' dir='ltr'>πρὸς</span> <span class='ocrx_word' id='word_1_664' title='bbox 2717 4136 2780 4204; x_wconf 84' lang='grc' dir='ltr'>ἢν</span> <span class='ocrx_word' id='word_1_665' title='bbox 2814 4135 3078 4206; x_wconf 80' lang='grc' dir='ltr'>χρονίζειν</span> <span class='ocrx_word' id='word_1_666' title='bbox 3107 4142 3169 4193; x_wconf 83' lang='grc' dir='ltr'><strong>ού</strong></span> <span class='ocrx_word' id='word_1_667' title='bbox 3221 4145 3398 4199; x_wconf 79' lang='grc' dir='ltr'>καλὸν</span> <span class='ocrx_word' id='word_1_668' title='bbox 3431 4145 3518 4198; x_wconf 84' lang='grc' dir='ltr'><strong>διὰ</strong></span> <span class='ocrx_word' id='word_1_669' title='bbox 3571 4143 3662 4206; x_wconf 83' lang='grc' dir='ltr'><strong>τὰς</strong></span> <span class='ocrx_word' id='word_1_670' title='bbox 3694 4141 3744 4191; x_wconf 81' lang='grc' dir='ltr'>ἐν</span> 
     </span>
    </p>
   </div>
   <div class='ocr_carea' id='block_1_88' title="bbox 2185 4225 3745 4301">
    <p class='ocr_par' dir='ltr' id='par_1_88' title="bbox 2185 4225 3745 4301">
     <span class='ocr_line' id='line_1_88' title="bbox 2185 4225 3745 4301; baseline 0.005 -22"><span class='ocrx_word' id='word_1_671' title='bbox 2185 4227 2320 4296; x_wconf 77' lang='grc' dir='ltr'>αὐτῇ</span> <span class='ocrx_word' id='word_1_672' title='bbox 2347 4227 2555 4286; x_wconf 84' lang='grc' dir='ltr'>ἀπάτας</span> <span class='ocrx_word' id='word_1_673' title='bbox 2575 4243 2588 4256; x_wconf 91' lang='grc'><strong>·</strong></span> <span class='ocrx_word' id='word_1_674' title='bbox 2612 4225 2750 4287; x_wconf 83' lang='grc' dir='ltr'>τινὲς</span> <span class='ocrx_word' id='word_1_675' title='bbox 2775 4226 2830 4277; x_wconf 81' lang='grc' dir='ltr'>δὲ</span> <span class='ocrx_word' id='word_1_676' title='bbox 2876 4228 3004 4297; x_wconf 79' lang='grc' dir='ltr'>περὶ</span> <span class='ocrx_word' id='word_1_677' title='bbox 3030 4230 3130 4298; x_wconf 80' lang='grc' dir='ltr'><strong>τῆς</strong></span> <span class='ocrx_word' id='word_1_678' title='bbox 3167 4236 3382 4300; x_wconf 83' lang='grc' dir='ltr'>κακίας</span> <span class='ocrx_word' id='word_1_679' title='bbox 3427 4237 3522 4290; x_wconf 84' lang='grc' dir='ltr'>καὶ</span> <span class='ocrx_word' id='word_1_680' title='bbox 3583 4235 3642 4287; x_wconf 85' lang='grc' dir='ltr'>τὸ</span> <span class='ocrx_word' id='word_1_681' title='bbox 3679 4231 3745 4301; x_wconf 82' lang='grc' dir='ltr'>μὴ</span> 
     </span>
    </p>
   </div>
   <div class='ocr_carea' id='block_1_89' title="bbox 2184 4314 3742 4390">
    <p class='ocr_par' dir='ltr' id='par_1_89' title="bbox 2184 4314 3742 4390">
     <span class='ocr_line' id='line_1_89' title="bbox 2184 4314 3742 4390; baseline 0.006 -22"><span class='ocrx_word' id='word_1_682' title='bbox 2184 4317 2346 4370; x_wconf 74' lang='grc' dir='ltr'>πολὺν</span> <span class='ocrx_word' id='word_1_683' title='bbox 2373 4314 2508 4368; x_wconf 84' lang='grc' dir='ltr'>εἶναι</span> <span class='ocrx_word' id='word_1_684' title='bbox 2560 4315 2694 4385; x_wconf 87' lang='grc' dir='ltr'>πρὸς</span> <span class='ocrx_word' id='word_1_685' title='bbox 2728 4315 2924 4386; x_wconf 79' lang='grc' dir='ltr'>αὐτὴν,</span> <span class='ocrx_word' id='word_1_686' title='bbox 2971 4318 3390 4390; x_wconf 79' lang='grc' dir='ltr'>ἑρμηνεύουσιν</span> <span class='ocrx_word' id='word_1_687' title='bbox 3435 4327 3635 4388; x_wconf 76' lang='grc' dir='ltr'>οὕτως·</span> <span class='ocrx_word' id='word_1_688' title='bbox 3671 4321 3742 4374; x_wconf 81' lang='grc' dir='ltr'>ὅτι</span> 
     </span>
    </p>
   </div>
   <div class='ocr_carea' id='block_1_90' title="bbox 2184 4402 3743 4484">
    <p class='ocr_par' dir='ltr' id='par_1_90' title="bbox 2184 4402 3743 4484">
     <span class='ocr_line' id='line_1_90' title="bbox 2184 4402 3743 4484; baseline 0.003 -27"><span class='ocrx_word' id='word_1_689' title='bbox 2184 4405 2432 4458; x_wconf 89' lang='grc' dir='ltr'>ἀδύνατον</span> <span class='ocrx_word' id='word_1_690' title='bbox 2457 4403 2551 4472; x_wconf 82' lang='grc' dir='ltr'>μὲν</span> <span class='ocrx_word' id='word_1_691' title='bbox 2579 4402 2912 4456; x_wconf 84' lang='grc' dir='ltr'>παντάπασιν</span> <span class='ocrx_word' id='word_1_692' title='bbox 2934 4405 3247 4476; x_wconf 83' lang='grc' dir='ltr'>ἀπέχεσθαι</span> <span class='ocrx_word' id='word_1_693' title='bbox 3281 4413 3568 4484; x_wconf 82' lang='grc' dir='ltr'>ἄνθρωπον</span> <span class='ocrx_word' id='word_1_694' title='bbox 3597 4429 3743 4480; x_wconf 81' lang='grc' dir='ltr'>πονη-</span> 
     </span>
    </p>
   </div>
   <div class='ocr_carea' id='block_1_91' title="bbox 562 4496 2089 4571">
    <p class='ocr_par' dir='ltr' id='par_1_91' title="bbox 562 4498 2078 4566">
     <span class='ocr_line' id='line_1_91' title="bbox 562 4498 2078 4566; baseline 0.001 -14"><span class='ocrx_word' id='word_1_695' title='bbox 562 4498 717 4552; x_wconf 87' lang='lat' dir='ltr'><strong>nibus</strong></span> <span class='ocrx_word' id='word_1_696' title='bbox 739 4498 952 4552; x_wconf 91' lang='lat' dir='ltr'><strong>omnino</strong></span> <span class='ocrx_word' id='word_1_697' title='bbox 979 4515 1160 4556; x_wconf 88' lang='lat' dir='ltr'><strong>carere</strong></span> <span class='ocrx_word' id='word_1_698' title='bbox 1181 4541 1195 4566; x_wconf 93' lang='lat'><strong>,</strong></span> <span class='ocrx_word' id='word_1_699' title='bbox 1220 4514 1452 4558; x_wconf 89' lang='lat' dir='ltr'><strong>attamen</strong></span> <span class='ocrx_word' id='word_1_700' title='bbox 1482 4503 1532 4556; x_wconf 94' lang='lat' dir='ltr'><strong>in</strong></span> <span class='ocrx_word' id='word_1_701' title='bbox 1557 4503 1620 4555; x_wconf 91' lang='lat' dir='ltr'><strong>iis</strong></span> <span class='ocrx_word' id='word_1_702' title='bbox 1650 4516 1753 4557; x_wconf 92' lang='lat' dir='ltr'><strong>non</strong></span> <span class='ocrx_word' id='word_1_703' title='bbox 1788 4502 2078 4564; x_wconf 87' lang='lat' dir='ltr'><strong>immorari,</strong></span> 
     </span>
    </p>
   </div>
   <div class='ocr_carea' id='block_1_92' title="bbox 2193 4496 3741 4571">
    <p class='ocr_par' dir='ltr' id='par_1_92' title="bbox 2193 4496 3741 4571">
     <span class='ocr_line' id='line_1_92' title="bbox 2193 4496 3741 4571; baseline 0.003 -22"><span class='ocrx_word' id='word_1_704' title='bbox 2193 4498 2289 4569; x_wconf 79' lang='grc' dir='ltr'><strong>ρῶν</strong></span> <span class='ocrx_word' id='word_1_705' title='bbox 2309 4496 2594 4566; x_wconf 84' lang='grc' dir='ltr'>λογισμῶν·</span> <span class='ocrx_word' id='word_1_706' title='bbox 2625 4497 2696 4566; x_wconf 80' lang='grc' dir='ltr'>μὴ</span> <span class='ocrx_word' id='word_1_707' title='bbox 2725 4497 3050 4566; x_wconf 75' lang='grc' dir='ltr'>ἐγχρονίζειν</span> <span class='ocrx_word' id='word_1_708' title='bbox 3072 4500 3269 4571; x_wconf 81' lang='grc' dir='ltr'>μέντοι</span> <span class='ocrx_word' id='word_1_709' title='bbox 3296 4507 3355 4559; x_wconf 82' lang='grc' dir='ltr'>ἐν</span> <span class='ocrx_word' id='word_1_710' title='bbox 3375 4506 3578 4569; x_wconf 81' lang='grc' dir='ltr'>αὐτοῖς,</span> <span class='ocrx_word' id='word_1_711' title='bbox 3601 4503 3741 4556; x_wconf 84' lang='grc' dir='ltr'>δυνα-</span> 
     </span>
    </p>
   </div>
   <div class='ocr_carea' id='block_1_93' title="bbox 559 4585 1670 4658">
    <p class='ocr_par' dir='ltr' id='par_1_93' title="bbox 559 4585 1670 4658">
     <span class='ocr_line' id='line_1_93' title="bbox 559 4585 1670 4658; baseline 0.005 -19"><span class='ocrx_word' id='word_1_712' title='bbox 559 4585 845 4654; x_wconf 83' lang='lat' dir='ltr'><strong>possibile;</strong></span> <span class='ocrx_word' id='word_1_713' title='bbox 871 4601 1002 4655; x_wconf 87' lang='lat' dir='ltr'><strong>quas</strong></span> <span class='ocrx_word' id='word_1_714' title='bbox 1031 4599 1218 4646; x_wconf 89' lang='lat' dir='ltr'><strong>auctor</strong></span> <span class='ocrx_word' id='word_1_715' title='bbox 1246 4590 1399 4644; x_wconf 90' lang='lat' dir='ltr'><strong>ulnas</strong></span> <span class='ocrx_word' id='word_1_716' title='bbox 1417 4589 1670 4658; x_wconf 87' lang='lat' dir='ltr'><strong>appellat.</strong></span> 
     </span>
    </p>
   </div>
   <div class='ocr_carea' id='block_1_94' title="bbox 2186 4585 3022 4653">
    <p class='ocr_par' dir='ltr' id='par_1_94' title="bbox 2186 4585 3022 4653">
     <span class='ocr_line' id='line_1_94' title="bbox 2186 4585 3022 4653; baseline 0 -14"><span class='ocrx_word' id='word_1_717' title='bbox 2186 4587 2275 4640; x_wconf 87' lang='grc' dir='ltr'><strong>τόν</strong></span> <span class='ocrx_word' id='word_1_718' title='bbox 2293 4602 2307 4616; x_wconf 85' lang='grc'>⁶</span> <span class='ocrx_word' id='word_1_719' title='bbox 2342 4585 2433 4648; x_wconf 87' lang='grc' dir='ltr'><strong>οὒς</strong></span> <span class='ocrx_word' id='word_1_720' title='bbox 2457 4585 2550 4638; x_wconf 75' lang='grc' dir='ltr'>καὶ</span> <span class='ocrx_word' id='word_1_721' title='bbox 2579 4586 2820 4653; x_wconf 86' lang='grc' dir='ltr'>ἀγκάλας</span> <span class='ocrx_word' id='word_1_722' title='bbox 2851 4587 3022 4639; x_wconf 80' lang='grc' dir='ltr'>καλεῖ.</span> 
     </span>
    </p>
   </div>
   <div class='ocr_carea' id='block_1_95' title="bbox 2026 4697 2300 4755">
    <p class='ocr_par' dir='ltr' id='par_1_95' title="bbox 2026 4697 2300 4755">
     <span class='ocr_line' id='line_1_95' title="bbox 2026 4697 2300 4755; baseline -0.011 0"><span class='ocrx_word' id='word_1_723' title='bbox 2026 4697 2173 4755; x_wconf 83' lang='lat' dir='ltr'><strong>CAP.</strong></span> <span class='ocrx_word' id='word_1_724' title='bbox 2212 4697 2300 4754; x_wconf 76' lang='lat' dir='ltr'><strong>Vl.</strong></span> 
     </span>
    </p>
   </div>
   <div class='ocr_carea' id='block_1_96' title="bbox 631 4789 2077 4864">
    <p class='ocr_par' dir='ltr' id='par_1_96' title="bbox 631 4789 2077 4864">
     <span class='ocr_line' id='line_1_96' title="bbox 631 4789 2077 4864; baseline 0.012 -24"><span class='ocrx_word' id='word_1_725' title='bbox 631 4790 680 4823; x_wconf 73' lang='lat'><strong>“</strong></span> <span class='ocrx_word' id='word_1_726' title='bbox 703 4789 1012 4859; x_wconf 85' lang='lat' dir='ltr'><strong>Quicunque</strong></span> <span class='ocrx_word' id='word_1_727' title='bbox 1044 4793 1142 4846; x_wconf 89' lang='lat' dir='ltr'><strong>sibi</strong></span> <span class='ocrx_word' id='word_1_728' title='bbox 1176 4793 1401 4847; x_wconf 76' lang='lat' dir='ltr'><strong>anticum</strong></span> <span class='ocrx_word' id='word_1_729' title='bbox 1446 4791 1714 4847; x_wconf 85' lang='lat' dir='ltr'><strong>Christum</strong></span> <span class='ocrx_word' id='word_1_730' title='bbox 1766 4797 2077 4864; x_wconf 78' lang='lat' dir='ltr'><strong>despondet.</strong></span> 
     </span>
    </p>
   </div>
   <div class='ocr_carea' id='block_1_97' title="bbox 563 4879 2080 4947">
    <p class='ocr_par' dir='ltr' id='par_1_97' title="bbox 563 4879 2080 4947">
     <span class='ocr_line' id='line_1_97' title="bbox 563 4879 2080 4947; baseline 0.002 -12"><span class='ocrx_word' id='word_1_731' title='bbox 563 4888 816 4947; x_wconf 86' lang='lat' dir='ltr'><strong>tanquam</strong></span> <span class='ocrx_word' id='word_1_732' title='bbox 858 4879 1112 4946; x_wconf 82' lang='lat' dir='ltr'><strong>justitiam</strong></span> <span class='ocrx_word' id='word_1_733' title='bbox 1143 4897 1208 4935; x_wconf 90' lang='lat' dir='ltr'><strong>ac</strong></span> <span class='ocrx_word' id='word_1_734' title='bbox 1246 4884 1544 4946; x_wconf 89' lang='lat' dir='ltr'><strong>veritatem,</strong></span> <span class='ocrx_word' id='word_1_735' title='bbox 1578 4883 1621 4937; x_wconf 90' lang='lat' dir='ltr'><strong>is</strong></span> <span class='ocrx_word' id='word_1_736' title='bbox 1663 4884 1896 4938; x_wconf 89' lang='lat' dir='ltr'><strong>animam</strong></span> <span class='ocrx_word' id='word_1_737' title='bbox 1929 4900 2080 4938; x_wconf 90' lang='lat' dir='ltr'><strong>suam</strong></span> 
     </span>
    </p>
   </div>
   <div class='ocr_carea' id='block_1_98' title="bbox 562 4969 2082 5044">
    <p class='ocr_par' dir='ltr' id='par_1_98' title="bbox 562 4969 2082 5044">
     <span class='ocr_line' id='line_1_98' title="bbox 562 4969 2082 5044; baseline 0.001 -20"><span class='ocrx_word' id='word_1_738' title='bbox 562 4969 792 5024; x_wconf 90' lang='lat' dir='ltr'><strong>inimicis</strong></span> <span class='ocrx_word' id='word_1_739' title='bbox 817 4971 1106 5036; x_wconf 90' lang='lat' dir='ltr'><strong>contradit,</strong></span> <span class='ocrx_word' id='word_1_740' title='bbox 1141 4973 1229 5039; x_wconf 91' lang='lat' dir='ltr'><strong>qui</strong></span> <span class='ocrx_word' id='word_1_741' title='bbox 1280 4973 1518 5027; x_wconf 83' lang='lat' dir='ltr'><strong>homines</strong></span> <span class='ocrx_word' id='word_1_742' title='bbox 1563 4989 1869 5044; x_wconf 81' lang='lat' dir='ltr'><strong>oppugnare</strong></span> <span class='ocrx_word' id='word_1_743' title='bbox 1911 4974 2082 5026; x_wconf 85' lang='lat' dir='ltr'><strong>solent</strong></span> 
     </span>
    </p>
   </div>
   <div class='ocr_carea' id='block_1_99' title="bbox 559 5058 2082 5129">
    <p class='ocr_par' dir='ltr' id='par_1_99' title="bbox 559 5058 2082 5129">
     <span class='ocr_line' id='line_1_99' title="bbox 559 5058 2082 5129; baseline -0.001 -19"><span class='ocrx_word' id='word_1_744' title='bbox 559 5069 776 5126; x_wconf 84' lang='lat' dir='ltr'><strong>propter</strong></span> <span class='ocrx_word' id='word_1_745' title='bbox 803 5058 1032 5126; x_wconf 87' lang='lat' dir='ltr'><strong>ipsorum</strong></span> <span class='ocrx_word' id='word_1_746' title='bbox 1065 5075 1190 5129; x_wconf 77' lang='lat' dir='ltr'><strong>erga</strong></span> <span class='ocrx_word' id='word_1_747' title='bbox 1213 5059 1543 5114; x_wconf 81' lang='lat' dir='ltr'><strong>Salvatorcm</strong></span> <span class='ocrx_word' id='word_1_748' title='bbox 1589 5063 1919 5115; x_wconf 85' lang='lat' dir='ltr'><strong>charitatem.</strong></span> <span class='ocrx_word' id='word_1_749' title='bbox 1952 5059 2082 5112; x_wconf 89' lang='lat' dir='ltr'><strong>Nam</strong></span> 
     </span>
    </p>
   </div>
   <div class='ocr_carea' id='block_1_100' title="bbox 561 5147 2082 5216">
    <p class='ocr_par' dir='ltr' id='par_1_100' title="bbox 561 5147 2082 5216">
     <span class='ocr_line' id='line_1_100' title="bbox 561 5147 2082 5216; baseline -0.002 -14"><span class='ocrx_word' id='word_1_750' title='bbox 561 5147 794 5202; x_wconf 87' lang='lat' dir='ltr'><strong>cbaritas</strong></span> <span class='ocrx_word' id='word_1_751' title='bbox 810 5148 1081 5216; x_wconf 88' lang='lat' dir='ltr'><strong>spiritalis,</strong></span> <span class='ocrx_word' id='word_1_752' title='bbox 1097 5158 1176 5203; x_wconf 87' lang='lat' dir='ltr'><strong>est</strong></span> <span class='ocrx_word' id='word_1_753' title='bbox 1193 5149 1414 5203; x_wconf 88' lang='lat' dir='ltr'><strong>scientia</strong></span> <span class='ocrx_word' id='word_1_754' title='bbox 1440 5149 1550 5209; x_wconf 88' lang='lat' dir='ltr'><strong>Dei,</strong></span> <span class='ocrx_word' id='word_1_755' title='bbox 1574 5150 1722 5216; x_wconf 83' lang='lat' dir='ltr'><strong>cujus</strong></span> <span class='ocrx_word' id='word_1_756' title='bbox 1745 5166 1903 5203; x_wconf 88' lang='lat' dir='ltr'><strong>causa</strong></span> <span class='ocrx_word' id='word_1_757' title='bbox 1919 5148 2082 5202; x_wconf 90' lang='lat' dir='ltr'><strong>sancti</strong></span> 
     </span>
    </p>
   </div>
   <div class='ocr_carea' id='block_1_101' title="bbox 561 5237 2086 5306">
    <p class='ocr_par' dir='ltr' id='par_1_101' title="bbox 561 5237 2086 5306">
     <span class='ocr_line' id='line_1_101' title="bbox 561 5237 2086 5306; baseline -0.001 -14"><span class='ocrx_word' id='word_1_758' title='bbox 561 5241 660 5292; x_wconf 85' lang='lat' dir='ltr'><strong>viri</strong></span> <span class='ocrx_word' id='word_1_759' title='bbox 702 5239 794 5292; x_wconf 90' lang='lat' dir='ltr'><strong>Dei</strong></span> <span class='ocrx_word' id='word_1_760' title='bbox 834 5251 952 5293; x_wconf 90' lang='lat' dir='ltr'><strong>sunt</strong></span> <span class='ocrx_word' id='word_1_761' title='bbox 1003 5242 1180 5300; x_wconf 86' lang='lat' dir='ltr'><strong>amici,</strong></span> <span class='ocrx_word' id='word_1_762' title='bbox 1217 5251 1274 5291; x_wconf 92' lang='lat' dir='ltr'><strong>ut</strong></span> <span class='ocrx_word' id='word_1_763' title='bbox 1318 5237 1547 5292; x_wconf 81' lang='lat' dir='ltr'><strong>Joannes</strong></span> <span class='ocrx_word' id='word_1_764' title='bbox 1601 5239 1834 5306; x_wconf 85' lang='lat' dir='ltr'><strong>Baptista</strong></span> <span class='ocrx_word' id='word_1_765' title='bbox 1883 5241 2086 5291; x_wconf 88' lang='lat' dir='ltr'><strong>amicus</strong></span> 
     </span>
    </p>
   </div>
   <div class='ocr_carea' id='block_1_102' title="bbox 561 5327 2087 5398">
    <p class='ocr_par' dir='ltr' id='par_1_102' title="bbox 561 5327 2087 5398">
     <span class='ocr_line' id='line_1_102' title="bbox 561 5327 2087 5398; baseline -0.002 -15"><span class='ocrx_word' id='word_1_766' title='bbox 561 5332 735 5397; x_wconf 77' lang='lat' dir='ltr'><strong>Sponsi</strong></span> <span class='ocrx_word' id='word_1_767' title='bbox 762 5342 894 5394; x_wconf 84' lang='lat' dir='ltr'><strong>erat,</strong></span> <span class='ocrx_word' id='word_1_768' title='bbox 934 5331 1264 5398; x_wconf 86' lang='lat' dir='ltr'><strong>Moysesque,</strong></span> <span class='ocrx_word' id='word_1_769' title='bbox 1291 5337 1343 5380; x_wconf 91' lang='lat' dir='ltr'><strong>et</strong></span> <span class='ocrx_word' id='word_1_770' title='bbox 1369 5327 1586 5394; x_wconf 86' lang='lat' dir='ltr'><strong>apostoli</strong></span> <span class='ocrx_word' id='word_1_771' title='bbox 1623 5344 1636 5379; x_wconf 92' lang='lat'><strong>:</strong></span> <span class='ocrx_word' id='word_1_772' title='bbox 1667 5327 1782 5381; x_wconf 86' lang='lat' dir='ltr'><strong>Jam</strong></span> <span class='ocrx_word' id='word_1_773' title='bbox 1813 5331 1972 5393; x_wconf 87' lang='lat' dir='ltr'><strong>enim,</strong></span> <span class='ocrx_word' id='word_1_774' title='bbox 2007 5329 2087 5380; x_wconf 86' lang='lat' dir='ltr'><strong>in-</strong></span> 
     </span>
    </p>
   </div>
   <div class='ocr_carea' id='block_1_103' title="bbox 565 5418 1813 5488">
    <p class='ocr_par' dir='ltr' id='par_1_103' title="bbox 565 5418 1813 5488">
     <span class='ocr_line' id='line_1_103' title="bbox 565 5418 1813 5488; baseline 0.003 -20"><span class='ocrx_word' id='word_1_775' title='bbox 565 5419 694 5485; x_wconf 91' lang='lat' dir='ltr'><strong>quit,</strong></span> <span class='ocrx_word' id='word_1_776' title='bbox 716 5435 818 5472; x_wconf 89' lang='lat' dir='ltr'><strong>non</strong></span> <span class='ocrx_word' id='word_1_777' title='bbox 843 5421 1116 5488; x_wconf 84' lang='lat' dir='ltr'><strong>appellabo</strong></span> <span class='ocrx_word' id='word_1_778' title='bbox 1140 5433 1229 5470; x_wconf 90' lang='lat' dir='ltr'><strong>vos</strong></span> <span class='ocrx_word' id='word_1_779' title='bbox 1251 5433 1454 5478; x_wconf 90' lang='lat' dir='ltr'><strong>servos,</strong></span> <span class='ocrx_word' id='word_1_780' title='bbox 1480 5418 1570 5469; x_wconf 92' lang='lat' dir='ltr'><strong>sed</strong></span> <span class='ocrx_word' id='word_1_781' title='bbox 1593 5419 1813 5472; x_wconf 87' lang='lat' dir='ltr'><strong>amicos.</strong></span> 
     </span>
    </p>
   </div>
   <div class='ocr_carea' id='block_1_104' title="bbox 631 5593 2076 5662">
    <p class='ocr_par' dir='ltr' id='par_1_104' title="bbox 631 5593 2076 5662">
     <span class='ocr_line' id='line_1_104' title="bbox 631 5593 2076 5662; baseline -0.006 -14"><span class='ocrx_word' id='word_1_782' title='bbox 631 5597 675 5626; x_wconf 85' lang='grc'><strong>⁵⁸</strong></span> <span class='ocrx_word' id='word_1_783' title='bbox 702 5596 886 5650; x_wconf 71' lang='lat' dir='ltr'><strong>Viden‘</strong></span> <span class='ocrx_word' id='word_1_784' title='bbox 911 5607 1174 5652; x_wconf 84' lang='lat' dir='ltr'><strong>certamen</strong></span> <span class='ocrx_word' id='word_1_785' title='bbox 1209 5605 1262 5648; x_wconf 95' lang='lat' dir='ltr'><strong>ct</strong></span> <span class='ocrx_word' id='word_1_786' title='bbox 1302 5595 1627 5662; x_wconf 83' lang='lat' dir='ltr'><strong>vigilantiam</strong></span> <span class='ocrx_word' id='word_1_787' title='bbox 1650 5595 1673 5647; x_wconf 89' lang='lat'><strong>?</strong></span> <span class='ocrx_word' id='word_1_788' title='bbox 1696 5594 1900 5647; x_wconf 68' lang='lat' dir='ltr'><strong>Animae</strong></span> <span class='ocrx_word' id='word_1_789' title='bbox 1925 5593 2076 5659; x_wconf 85' lang='lat' dir='ltr'><strong>quip-</strong></span> 
     </span>
    </p>
   </div>
   <div class='ocr_carea' id='block_1_105' title="bbox 543 5739 2280 5808">
    <p class='ocr_par' dir='ltr' id='par_1_105' title="bbox 543 5739 2280 5808">
     <span class='ocr_line' id='line_1_105' title="bbox 543 5739 2280 5808; baseline 0 -14"><span class='ocrx_word' id='word_1_790' title='bbox 543 5739 553 5749; x_wconf 84' lang='grc'><strong>’</strong></span> <span class='ocrx_word' id='word_1_791' title='bbox 630 5743 674 5776; x_wconf 73' lang='grc'><strong>⁸⁸</strong></span> <span class='ocrx_word' id='word_1_792' title='bbox 700 5760 747 5799; x_wconf 86' lang='lat' dir='ltr'><strong>v.</strong></span> <span class='ocrx_word' id='word_1_793' title='bbox 782 5747 863 5800; x_wconf 83' lang='lat' dir='ltr'><strong>l8.</strong></span> <span class='ocrx_word' id='word_1_794' title='bbox 934 5749 975 5780; x_wconf 83' lang='lat'><strong>&quot;</strong></span> <span class='ocrx_word' id='word_1_795' title='bbox 1011 5747 1161 5799; x_wconf 85' lang='lat' dir='ltr'><strong>Prov.</strong></span> <span class='ocrx_word' id='word_1_796' title='bbox 1203 5761 1288 5808; x_wconf 88' lang='lat' dir='ltr'><strong>vn,</strong></span> <span class='ocrx_word' id='word_1_797' title='bbox 1319 5745 1365 5797; x_wconf 65' lang='lat' dir='ltr'><strong>i.</strong></span> <span class='ocrx_word' id='word_1_798' title='bbox 1442 5745 1485 5774; x_wconf 85' lang='lat'><strong>&quot;</strong></span> <span class='ocrx_word' id='word_1_799' title='bbox 1514 5744 1667 5796; x_wconf 74' lang='lat' dir='ltr'><strong>v.19.</strong></span> <span class='ocrx_word' id='word_1_800' title='bbox 1743 5743 1786 5773; x_wconf 88' lang='grc'><strong>³³</strong></span> <span class='ocrx_word' id='word_1_801' title='bbox 1823 5759 1870 5795; x_wconf 88' lang='lat' dir='ltr'><strong>v.</strong></span> <span class='ocrx_word' id='word_1_802' title='bbox 1903 5742 1989 5795; x_wconf 63' lang='grc' dir='ltr'>νο.</span> <span class='ocrx_word' id='word_1_803' title='bbox 2066 5742 2108 5772; x_wconf 62' lang='grc'><strong>⁵³</strong></span> <span class='ocrx_word' id='word_1_804' title='bbox 2144 5761 2188 5794; x_wconf 92' lang='lat' dir='ltr'><strong>v.</strong></span> <span class='ocrx_word' id='word_1_805' title='bbox 2231 5742 2280 5794; x_wconf 82' lang='lat'><strong>5.</strong></span> 
     </span>
    </p>
   </div>
   <div class='ocr_carea' id='block_1_106' title="bbox 2254 4791 3740 4870">
    <p class='ocr_par' dir='ltr' id='par_1_106' title="bbox 2254 4791 3740 4870">
     <span class='ocr_line' id='line_1_106' title="bbox 2254 4791 3740 4870; baseline 0.005 -24"><span class='ocrx_word' id='word_1_806' title='bbox 2254 4795 2372 4855; x_wconf 82' lang='grc' dir='ltr'>Πᾶς·</span> <span class='ocrx_word' id='word_1_807' title='bbox 2413 4795 2441 4846; x_wconf 91' lang='lat'><strong>6</strong></span> <span class='ocrx_word' id='word_1_808' title='bbox 2491 4793 2578 4844; x_wconf 84' lang='grc' dir='ltr'>τὸν</span> <span class='ocrx_word' id='word_1_809' title='bbox 2627 4791 2774 4858; x_wconf 83' lang='grc' dir='ltr'>φίλον</span> <span class='ocrx_word' id='word_1_810' title='bbox 2822 4792 2914 4843; x_wconf 78' lang='grc' dir='ltr'>τὸν</span> <span class='ocrx_word' id='word_1_811' title='bbox 2959 4793 3199 4864; x_wconf 74' lang='grc' dir='ltr'>Χριστὸν</span> <span class='ocrx_word' id='word_1_812' title='bbox 3253 4800 3628 4870; x_wconf 77' lang='grc' dir='ltr'>ἐγγυώμενος,</span> <span class='ocrx_word' id='word_1_813' title='bbox 3675 4795 3740 4854; x_wconf 76' lang='grc' dir='ltr'><strong>ὡς</strong></span> 
     </span>
    </p>
   </div>
   <div class='ocr_carea' id='block_1_107' title="bbox 2183 4880 3736 4960">
    <p class='ocr_par' dir='ltr' id='par_1_107' title="bbox 2183 4880 3736 4960">
     <span class='ocr_line' id='line_1_107' title="bbox 2183 4880 3736 4960; baseline -0.002 -24"><span class='ocrx_word' id='word_1_814' title='bbox 2183 4883 2519 4952; x_wconf 89' lang='grc' dir='ltr'>δικαιοσύνην</span> <span class='ocrx_word' id='word_1_815' title='bbox 2568 4881 2658 4934; x_wconf 75' lang='grc' dir='ltr'>καὶ</span> <span class='ocrx_word' id='word_1_816' title='bbox 2704 4880 2976 4950; x_wconf 81' lang='grc' dir='ltr'>ἀλήθειαν,</span> <span class='ocrx_word' id='word_1_817' title='bbox 3018 4886 3374 4952; x_wconf 84' lang='grc' dir='ltr'>παραδίδωσι</span> <span class='ocrx_word' id='word_1_818' title='bbox 3421 4890 3522 4960; x_wconf 80' lang='grc' dir='ltr'>τὴν</span> <span class='ocrx_word' id='word_1_819' title='bbox 3561 4883 3736 4940; x_wconf 77' lang='grc' dir='ltr'>ἑαυτοῦ</span> 
     </span>
    </p>
   </div>
   <div class='ocr_carea' id='block_1_108' title="bbox 2182 4971 3739 5048">
    <p class='ocr_par' dir='ltr' id='par_1_108' title="bbox 2182 4971 3739 5048">
     <span class='ocr_line' id='line_1_108' title="bbox 2182 4971 3739 5048; baseline -0.002 -22"><span class='ocrx_word' id='word_1_820' title='bbox 2182 4973 2356 5044; x_wconf 79' lang='grc' dir='ltr'>ψυχὴν</span> <span class='ocrx_word' id='word_1_821' title='bbox 2374 4975 2485 5033; x_wconf 85' lang='grc' dir='ltr'>τοῖς</span> <span class='ocrx_word' id='word_1_822' title='bbox 2511 4971 2738 5040; x_wconf 78' lang='grc' dir='ltr'>ἐχθροῖς,</span> <span class='ocrx_word' id='word_1_823' title='bbox 2754 4972 2863 5032; x_wconf 85' lang='grc' dir='ltr'>τοῖς</span> <span class='ocrx_word' id='word_1_824' title='bbox 2889 4971 3104 5025; x_wconf 73' lang='grc' dir='ltr'>εἰωθόσι</span> <span class='ocrx_word' id='word_1_825' title='bbox 3135 4975 3404 5048; x_wconf 81' lang='grc' dir='ltr'>πολεμεῖν</span> <span class='ocrx_word' id='word_1_826' title='bbox 3420 4983 3530 5041; x_wconf 77' lang='grc' dir='ltr'>τοῖς</span> <span class='ocrx_word' id='word_1_827' title='bbox 3550 4975 3739 5046; x_wconf 79' lang='grc' dir='ltr'>ἀνθρώ-</span> 
     </span>
    </p>
   </div>
   <div class='ocr_carea' id='block_1_109' title="bbox 2188 5058 3738 5136">
    <p class='ocr_par' dir='ltr' id='par_1_109' title="bbox 2188 5058 3738 5136">
     <span class='ocr_line' id='line_1_109' title="bbox 2188 5058 3738 5136; baseline -0.008 -21"><span class='ocrx_word' id='word_1_828' title='bbox 2188 5079 2325 5123; x_wconf 85' lang='grc' dir='ltr'>ποις,</span> <span class='ocrx_word' id='word_1_829' title='bbox 2359 5059 2446 5112; x_wconf 83' lang='grc' dir='ltr'><strong>διά</strong></span> <span class='ocrx_word' id='word_1_830' title='bbox 2470 5059 2564 5128; x_wconf 84' lang='grc' dir='ltr'><strong>τὴν</strong></span> <span class='ocrx_word' id='word_1_831' title='bbox 2612 5058 2744 5127; x_wconf 75' lang='grc' dir='ltr'>πρὸς</span> <span class='ocrx_word' id='word_1_832' title='bbox 2769 5059 2858 5111; x_wconf 80' lang='grc' dir='ltr'>τὸν</span> <span class='ocrx_word' id='word_1_833' title='bbox 2900 5061 3128 5131; x_wconf 84' lang='grc' dir='ltr'>Σωτῆρα</span> <span class='ocrx_word' id='word_1_834' title='bbox 3169 5065 3396 5132; x_wconf 77' lang='grc' dir='ltr'>φιλίαν·</span> <span class='ocrx_word' id='word_1_835' title='bbox 3447 5068 3594 5136; x_wconf 58' lang='grc' dir='ltr'>φιλία</span> <span class='ocrx_word' id='word_1_836' title='bbox 3643 5065 3738 5134; x_wconf 78' lang='grc' dir='ltr'>γάρ</span> 
     </span>
    </p>
   </div>
   <div class='ocr_carea' id='block_1_110' title="bbox 2187 5148 3736 5227">
    <p class='ocr_par' dir='ltr' id='par_1_110' title="bbox 2187 5148 3736 5227">
     <span class='ocr_line' id='line_1_110' title="bbox 2187 5148 3736 5227; baseline 0.002 -24"><span class='ocrx_word' id='word_1_837' title='bbox 2187 5153 2298 5203; x_wconf 78' lang='grc' dir='ltr'>ἐστι</span> <span class='ocrx_word' id='word_1_838' title='bbox 2328 5149 2682 5218; x_wconf 82' lang='grc' dir='ltr'>πνευματικὴ,</span> <span class='ocrx_word' id='word_1_839' title='bbox 2720 5148 2917 5216; x_wconf 85' lang='grc' dir='ltr'>γνῶσις</span> <span class='ocrx_word' id='word_1_840' title='bbox 2943 5150 3100 5219; x_wconf 80' lang='grc' dir='ltr'>Θεοῦ,</span> <span class='ocrx_word' id='word_1_841' title='bbox 3126 5154 3251 5207; x_wconf 75' lang='grc' dir='ltr'>καθ’</span> <span class='ocrx_word' id='word_1_842' title='bbox 3288 5161 3356 5227; x_wconf 73' lang='grc' dir='ltr'>ἣν</span> <span class='ocrx_word' id='word_1_843' title='bbox 3383 5161 3475 5212; x_wconf 72' lang='grc' dir='ltr'>καὶ</span> <span class='ocrx_word' id='word_1_844' title='bbox 3506 5160 3554 5211; x_wconf 80' lang='grc' dir='ltr'><strong>οἱ</strong></span> <span class='ocrx_word' id='word_1_845' title='bbox 3605 5148 3736 5224; x_wconf 75' lang='grc' dir='ltr'>ἅγιοι</span> 
     </span>
    </p>
   </div>
   <div class='ocr_carea' id='block_1_111' title="bbox 2191 5236 3737 5316">
    <p class='ocr_par' dir='ltr' id='par_1_111' title="bbox 2191 5236 3737 5316">
     <span class='ocr_line' id='line_1_111' title="bbox 2191 5236 3737 5316; baseline 0.005 -30"><span class='ocrx_word' id='word_1_846' title='bbox 2191 5238 2330 5304; x_wconf 81' lang='grc' dir='ltr'>φίλοι</span> <span class='ocrx_word' id='word_1_847' title='bbox 2383 5236 2512 5288; x_wconf 86' lang='grc' dir='ltr'>Θεοῦ</span> <span class='ocrx_word' id='word_1_848' title='bbox 2551 5236 2989 5306; x_wconf 81' lang='grc' dir='ltr'>χρηματίζουσιν,</span> <span class='ocrx_word' id='word_1_849' title='bbox 3019 5241 3094 5304; x_wconf 82' lang='grc' dir='ltr'>ὡς</span> <span class='ocrx_word' id='word_1_850' title='bbox 3123 5245 3152 5294; x_wconf 91' lang='lat'><strong>6</strong></span> <span class='ocrx_word' id='word_1_851' title='bbox 3189 5245 3450 5316; x_wconf 84' lang='grc' dir='ltr'>Ἰωάννης</span> <span class='ocrx_word' id='word_1_852' title='bbox 3501 5249 3528 5297; x_wconf 90' lang='lat'><strong>6</strong></span> <span class='ocrx_word' id='word_1_853' title='bbox 3556 5247 3737 5297; x_wconf 84' lang='grc' dir='ltr'>Βαπτι-</span> 
     </span>
    </p>
   </div>
   <div class='ocr_carea' id='block_1_112' title="bbox 2191 5321 3736 5401">
    <p class='ocr_par' dir='ltr' id='par_1_112' title="bbox 2191 5321 3736 5401">
     <span class='ocr_line' id='line_1_112' title="bbox 2191 5321 3736 5401; baseline 0.001 -25"><span class='ocrx_word' id='word_1_854' title='bbox 2191 5325 2316 5394; x_wconf 76' lang='grc' dir='ltr'>στὴς</span> <span class='ocrx_word' id='word_1_855' title='bbox 2342 5324 2488 5392; x_wconf 77' lang='grc' dir='ltr'>φίλος</span> <span class='ocrx_word' id='word_1_856' title='bbox 2508 5321 2574 5393; x_wconf 82' lang='grc' dir='ltr'>ἦν</span> <span class='ocrx_word' id='word_1_857' title='bbox 2601 5324 2692 5377; x_wconf 85' lang='grc' dir='ltr'>τοῦ</span> <span class='ocrx_word' id='word_1_858' title='bbox 2716 5326 2968 5393; x_wconf 80' lang='grc' dir='ltr'>νυμφίου,</span> <span class='ocrx_word' id='word_1_859' title='bbox 2988 5330 3226 5401; x_wconf 81' lang='grc' dir='ltr'>Μωῦσῆς</span> <span class='ocrx_word' id='word_1_860' title='bbox 3253 5351 3316 5386; x_wconf 86' lang='grc' dir='ltr'><strong>τε</strong></span> <span class='ocrx_word' id='word_1_861' title='bbox 3353 5336 3443 5387; x_wconf 75' lang='grc' dir='ltr'>καὶ</span> <span class='ocrx_word' id='word_1_862' title='bbox 3463 5333 3736 5386; x_wconf 74' lang='grc' dir='ltr'>οιάπόστο-</span> 
     </span>
    </p>
   </div>
   <div class='ocr_carea' id='block_1_113' title="bbox 2190 5413 3736 5487">
    <p class='ocr_par' dir='ltr' id='par_1_113' title="bbox 2190 5413 3736 5487">
     <span class='ocr_line' id='line_1_113' title="bbox 2190 5413 3736 5487; baseline 0.006 -24"><span class='ocrx_word' id='word_1_863' title='bbox 2190 5413 2297 5464; x_wconf 89' lang='grc' dir='ltr'>λοι·</span> <span class='ocrx_word' id='word_1_864' title='bbox 2329 5413 2519 5464; x_wconf 79' lang='grc' dir='ltr'>Οὐκέτι</span> <span class='ocrx_word' id='word_1_865' title='bbox 2538 5414 2663 5483; x_wconf 83' lang='grc' dir='ltr'>γὰρ,</span> <span class='ocrx_word' id='word_1_866' title='bbox 2709 5415 2892 5484; x_wconf 75' lang='grc' dir='ltr'>φησὶν,</span> <span class='ocrx_word' id='word_1_867' title='bbox 2918 5418 3063 5487; x_wconf 81' lang='grc' dir='ltr'>ὑμᾶς</span> <span class='ocrx_word' id='word_1_868' title='bbox 3115 5421 3268 5474; x_wconf 89' lang='grc' dir='ltr'>καλῶ</span> <span class='ocrx_word' id='word_1_869' title='bbox 3327 5423 3564 5486; x_wconf 79' lang='grc' dir='ltr'>δούλους,</span> <span class='ocrx_word' id='word_1_870' title='bbox 3615 5418 3736 5474; x_wconf 79' lang='grc' dir='ltr'>ἀλλὰ</span> 
     </span>
    </p>
   </div>
   <div class='ocr_carea' id='block_1_114' title="bbox 2191 5503 2388 5570">
    <p class='ocr_par' dir='ltr' id='par_1_114' title="bbox 2191 5503 2388 5570">
     <span class='ocr_line' id='line_1_114' title="bbox 2191 5503 2388 5570; baseline 0.005 -17"><span class='ocrx_word' id='word_1_871' title='bbox 2191 5503 2388 5570; x_wconf 76' lang='grc' dir='ltr'>φίλους.</span> 
     </span>
    </p>
   </div>
   <div class='ocr_carea' id='block_1_115' title="bbox 2262 5592 3735 5675">
    <p class='ocr_par' dir='ltr' id='par_1_115' title="bbox 2262 5592 3735 5675">
     <span class='ocr_line' id='line_1_115' title="bbox 2262 5592 3735 5675; baseline 0.01 -33"><span class='ocrx_word' id='word_1_872' title='bbox 2262 5592 2419 5661; x_wconf 82' lang='grc' dir='ltr'>Ὁρᾷς</span> <span class='ocrx_word' id='word_1_873' title='bbox 2447 5594 2627 5660; x_wconf 83' lang='grc' dir='ltr'>ἀγῶνα</span> <span class='ocrx_word' id='word_1_874' title='bbox 2659 5596 2750 5650; x_wconf 75' lang='grc' dir='ltr'>καὶ</span> <span class='ocrx_word' id='word_1_875' title='bbox 2776 5597 3116 5669; x_wconf 79' lang='grc' dir='ltr'>ἁγρυτινίαν;</span> <span class='ocrx_word' id='word_1_876' title='bbox 3154 5604 3360 5668; x_wconf 81' lang='grc' dir='ltr'>Ὕπνος</span> <span class='ocrx_word' id='word_1_877' title='bbox 3387 5606 3486 5675; x_wconf 82' lang='grc' dir='ltr'>μέν</span> <span class='ocrx_word' id='word_1_878' title='bbox 3514 5605 3624 5656; x_wconf 75' lang='grc' dir='ltr'>ἐστι</span> <span class='ocrx_word' id='word_1_879' title='bbox 3641 5600 3735 5669; x_wconf 69' lang='grc' dir='ltr'><strong>ψυ-</strong></span> 
     </span>
    </p>
   </div>
   <div class='ocr_carea' id='block_1_116' title="bbox 2359 5742 2562 5796">
    <p class='ocr_par' dir='ltr' id='par_1_116' title="bbox 2359 5742 2562 5796">
     <span class='ocr_line' id='line_1_116' title="bbox 2359 5742 2562 5796; baseline 0.01 -2"><span class='ocrx_word' id='word_1_880' title='bbox 2359 5742 2401 5772; x_wconf 75' lang='grc'><strong>⁸¹</strong></span> <span class='ocrx_word' id='word_1_881' title='bbox 2429 5758 2478 5796; x_wconf 91' lang='lat' dir='ltr'><strong>v.</strong></span> <span class='ocrx_word' id='word_1_882' title='bbox 2515 5746 2562 5796; x_wconf 69' lang='grc'><strong>4.</strong></span> 
     </span>
    </p>
   </div>
  </div>
