3922 6426
154 384 288 477 ‘77

1454 422 1811 478 EXPOSlTiO
1841 421 1904 476 ΙΝ
1940 411 2355 476 PROVERBIA-

3378 417 3479 470 178

1954 558 2017 610 pe
2051 548 2272 594 somnus
2299 541 2377 587 est
2399 546 2672 604 peractum
2703 545 2972 603 peccatum
3005 550 3014 596 ξ
3052 536 3354 589 dortnttatio
3390 552 3480 587 au-

150 603 388 692 ἷίίρῶτῗν
406 603 467 655 ὲν
500 608 575 704 τῇ
803 603 1275 701 συνιστάμενον
1301 603 1615 704 ἀκάθαρτον⁷
1639 603 1815 703 νόημα

1953 642 2055 687 tem
2079 628 2338 685 conﬂatus
2361 627 2416 682 in
2442 629 2618 680 anima
2649 630 2886 696 impurus
2911 628 3169 694 cogitatus
3204 642 3219 679 :
3249 626 3479 696 denique

166 698 597 796 ιπινυσταγμὸς
626 700 690 796 δὲ
711 706 753 773 ὴ
778 710 951 778 πρὸς
978 720 1065 773 τὰ
1101 698 1280 796 ἀείρω
1301 727 1434 796 ῥοπή
1454 698 1685 777 ’.κωλύει
1711 698 1801 776 ούν
1824 727 1851 775 6

186 783 471 885 1ρλννύμος
499 791 597 885 τὸν
638 793 825 851 ὕπνον
847 818 865 831 ’
900 807 1016 861 τὸν
1070 783 1140 866 δέ
1168 783 1471 885 νὸσταγμὸν
1516 815 1576 867 τὸ
1617 815 1851 883 Εὐαγτέ’

188 881 347 977 ᾖρον·
367 881 549 977 sive
568 885 675 956 μὲν
706 890 1095 961 περικόπτει
1119 906 1225 977 τὴν
1250 881 1659 976 κακέ-ἐνέργειαν
1685 881 1853 975 ἁμαρ-

202 969 364 1044 ⁸τίαν·
395 972 457 1027 τὸ
491 974 578 1041 δὲ,
606 977 714 1050 τὴν
754 986 929 1041 κατὰ
960 969 1230 1049 διάνοιαν
1278 969 1490 1067 πρῶτον
1523 969 1852 1064 συνισταμέ-

342 1067 558 1122 κακίαν·
593 1070 851 1147 Ἐρρέθη
872 1081 1033 1154 γὰρ,
1070 1087 1232 1157 φησι,
1254 1089 1362 1150 τοῖς
1386 1085 1645 1157 ἀρχαίοις.
1661 1086 1737 1139 υύ
1760 1101 1852 1154 φο-

231 1155 434 1225 νιύσεις
458 1175 475 1191 ·
505 1159 619 1230 ἐγὼ
638 1162 701 1216 δὲ
716 1164 878 1233 λέγω
906 1171 1081 1242 ὑμῖν,
1113 1155 1231 1229 όύκ
1255 1155 1571 1247 ὀργισθήσῃ.

312 1249 657 1322 tumente»
685 1256 971 1325 ἐνταῦθα,
1003 1264 1096 1317 ὅτι
1118 1265 1219 1336 τὴν
1241 1265 1334 1318 τοῦ
1369 1265 1651 1336 μύρμηκος
1697 1279 1851 1332 φυσι-

265 1340 357 1412 κὴν
387 1341 710 1415 ἐναρμόνιον
743 1347 1009 1420 κίνησιν,
1062 1355 1256 1423 σοφίαν
1306 1353 1489 1407 κέκλετ’
1528 1354 1620 1407 καὶ
1666 1352 1773 1424 γὰρ
1819 1353 1849 1403 6

268 1432 563 1507 σοφώτερος
601 1437 800 1506 σοφοῦ,
859 1441 1187 1514 σοφώτερος
1236 1443 1479 1512 λέγεται·
1512 1443 1627 1506 πῶς
1664 1442 1718 1495 δὲ
1757 1443 1848 1495 καὶ

272 1526 376 1581 vim
393 1526 533 1583 εστιν
561 1527 670 1581 ὑπὸ
699 1527 1009 1601 δεσπότην,
1043 1534 1099 1586 εῐ
1128 1549 1192 1601 γε
1228 1533 1295 1587 τὰ
1351 1532 1633 1603 σύμπαντα
1688 1533 1846 1587 δοῦλα

272 1618 380 1672 τοῦ
409 1617 535 1671 Θεοῦ
560 1619 629 1690 ςῆ
656 1621 879 1690 μήποτε
899 1623 930 1675 6
964 1623 1104 1685 Θεὸς
1153 1623 1366 1691 λέγεται
1394 1623 1650 1692 δεσπότης
1669 1623 1843 1692 διχῶς.

270 1706 364 1773 ὡς
394 1708 727 1781 δημιουργὸς,
761 1710 863 1764 καὶ
889 1712 969 1774 ὡς
1001 1713 1431 1782 γινωσκόμενοςς
1461 1714 1552 1767 Διὸ
1584 1714 1674 1767 καὶ
1704 1715 1845 1766 Παῦ-

269 1797 381 1861 λος
438 1798 664 1869 γράφει·
705 1800 860 1853 Νυνὶ
915 1800 988 1853 δὲ
1030 1801 1520 1870 ἐλευθερωθέντες
1571 1802 1686 1856 ἀπὸ
1740 1800 1846 1870 τῆς

1950 718 2333 780 indormitatio,
2350 717 2634 772 declinatio
2655 719 2720 771 ad
2747 719 3032 770 deteriora.
3057 714 3209 770 Vetat
3235 730 3474 771 somnum

1949 814 2053 879 lex,
2088 810 2513 866 dominationem
2546 809 2885 876 Evangelium
2914 826 2926 860 :
2959 809 3043 859 illa
3066 808 3207 861 enim
3246 816 3475 875 amputat

1926 894 2153 977 peccati
2179 900 2709 959 consummationem,
2752 899 2854 952 hoc
2905 898 3264 952 suborientem
3312 899 3473 952 menti

1948 992 2255 1062 nequitiam.
2284 989 2415 1042 Nam
2443 989 2637 1043 dictum
2666 987 2762 1040 fuit
2790 987 3021 1055 antiquis
3050 1003 3064 1038 :
3095 986 3213 1041 Non
3243 986 3474 1050 occides;

1946 1098 2046 1154 ego
2079 1092 2256 1137 autem
2283 1081 2402 1136 dico
2426 1078 2595 1144 vobis,
2625 1079 2740 1132 Non
2772 1077 3021 1131 irascaris

2020 1255 2066 1288 ⁸⁸
2102 1253 2199 1308 llic
2231 1252 2753 1308 animadvertendum
2779 1258 2884 1312 est,
2915 1246 3150 1303 formica:
3184 1248 3473 1302 naturalem

1946 1351 2266 1407 concinnum
2292 1357 2518 1412 motum,
2552 1344 2731 1399 vocari
2778 1342 2846 1396 ab
2873 1352 3089 1396 auctore
3138 1340 3473 1409 sapientiam.

1946 1440 2078 1494 Nam
2107 1439 2195 1508 qui
2218 1446 2301 1493 est
2325 1436 2566 1505 sapiente
2595 1433 2906 1503 sapientior,
2933 1431 2980 1486 is
3029 1430 3223 1485 dicitur
3263 1428 3473 1497 sapien-

1950 1531 2074 1584 tior.
2100 1527 2380 1595 Quomodo
2411 1536 2587 1579 autem
2619 1525 2838 1578 formica
2866 1523 2967 1576 sub
3004 1520 3215 1575 domino
3243 1534 3345 1574 non
3368 1525 3474 1585 est,

1946 1616 2384 1688 quandoquidem
2404 1615 2580 1669 omnia
2619 1614 2726 1669 Deo
2766 1609 3124 1667 famulantur?
3180 1609 3281 1663 nisi
3334 1609 3474 1677 quod

1948 1708 2085 1762 Deus
2108 1705 2392 1774 dupliciter
2414 1703 2607 1758 dicitur
2632 1701 2895 1766 dominus,
2918 1711 2971 1754 et
3006 1700 3128 1767 quia
3166 1708 3397 1762 creator,
3422 1704 3477 1750 et

1947 1797 2070 1866 quia
2098 1796 2363 1865 cognitus.
2399 1794 2570 1859 Quare
2587 1802 2640 1845 et
2674 1789 2864 1844 Paulus
2896 1790 3081 1844 scribit
3118 1806 3131 1841 :
3163 1788 3315 1841 Nunc
3358 1803 3475 1841 vero

262 1888 590 1956 ἁμαρτίας,
620 1889 1026 1957 δουλωθέντες
1053 1891 1122 1945 δὲ
1153 1891 1234 1957 τῷ
1286 1890 1404 1957 Θεῷ
1435 1892 1691 1963 (δηλονότι
1721 1895 1835 1946 κατ’

1949 1886 2150 1939 liberati
2176 1903 2206 1937 ιι
2230 1895 2455 1953 peccato,
2478 1882 2607 1935 servi
2627 1890 2796 1935 autem
2841 1880 2965 1948 [acti
2990 1879 3098 1933 Deo
3128 1876 3204 1948 (id
3260 1887 3343 1933 est
3392 1892 3478 1932 se-

257 1980 481 2050 ἀρετὴν
521 1981 616 2035 καὶ
646 1981 870 2050 γνῶσιν)
897 1982 1067 2051 ἔχετε
1122 1983 1232 2036 τὸν
1269 1983 1496 2051 καρπὸν
1539 1983 1702 2051 ὑμῶν
1752 1986 1838 2048 εις

253 2069 596 2137 ἀγιασμὸν,
629 2070 694 2123 τὸ
724 2070 794 2122 δὲ
821 2069 1000 2136 τέλος
1029 2070 1182 2139 ζωὴν
1225 2072 1491 2125 αἰώνιον·
1547 2075 1596 2126 εί
1643 2073 1698 2126 δὲ
1744 2073 1836 2126 τοῦ

253 2159 519 2213 τοιούτου
543 2160 736 2224 τέλους
782 2162 878 2214 καὶ
901 2162 1007 2232 τῆς
1052 2161 1303 2230 γνώσεως
1347 2162 1569 2232 ἄμοιρός
1625 2166 1769 2216 ἐστιν
1811 2168 1839 2218 6

254 2179 519 2213 τοιουτου
543 2179 736 2224 τελους
782 2179 878 2214 και
901 2179 1007 2304 ἕης
1052 2179 1303 2230 γνωσεως
1347 2179 1569 2232 αμοιρος
1625 2179 1769 2216 εστιν
1811 2179 1838 2218 ο

254 2248 525 2320 μύρμηξ,
548 2251 745 2319 ἄλογος
760 2249 856 2316 ὢν,
934 2252 1067 2321 ἧλον
1091 2252 1173 2304 ὅτι
1203 2254 1297 2306 καὶ
1325 2254 1423 2324 τῆς
1449 2254 1701 2326 τοιαύτης·
1723 2257 1838 2310 δου-

250 2338 420 2402 λείας
452 2340 742 2411 ἐλεύθερος
769 2360 785 2373 ο
819 2341 998 2405 καλῶς
1017 2337 1109 2396 οὖν
1139 2342 1346 2411 λέγεται
1377 2344 1450 2414 μὴ
1482 2340 1615 2397 εἶναι
1640 2346 1668 2398 6
1703 2345 1839 2416 μύρ-

252 2429 385 2499 μηξ
417 2430 529 2482 ὑπὸ
570 2428 862 2500 δεσπότην,
912 2429 1056 2483 κατὰ
1097 2430 1297 2500 ταύτην
1347 2430 1444 2503 τὴν
1490 2434 1797 2488 δεσποτείαν
1822 2453 1835 2465 σ

242 2510 413 2569 εἶναι
440 2517 499 2569 δὲ
533 2518 701 2570 πάλιν
730 2518 837 2570 ὑπὸ
864 2516 1177 2572 δεσποτείαν
1203 2516 1434 2586 λέγεται,
1453 2521 1554 2574 ὑπὸ
1573 2522 1660 2575 τὸν
1688 2520 1836 2585 Θεὸν,

248 2606 345 2670 ὡς
382 2606 491 2659 ὑπὸ
511 2606 875 2679 δημιουργόν.

337 2698 445 2751 Διὰ
494 2699 598 2767 μὲν
648 2697 745 2752 τοῦ
789 2699 1077 2769 μύρμηκος
1137 2698 1309 2752 ἔοικεν
1371 2699 1400 2751 6
1446 2699 1689 2769 Σολομῶν
1742 2700 1839 2771 τὴν

252 2788 592 2858 πρακτικὴν
624 2788 744 2841 ὁδὸν
787 2792 918 2859 ἡμῖν
971 2790 1304 2860 ὑπογράφειν
1326 2807 1338 2819 ο
1394 2788 1481 2841 διὰ
1505 2789 1561 2841 δὲ
1612 2789 1710 2859 τῆς
1743 2806 1836 2858 με-

252 2873 484 2944 λίσσης,
518 2876 624 2946 τὴν
653 2877 886 2947 θεωρίαν
906 2876 1014 2931 τῶν
1049 2878 1343 2946 γεγονότων
1370 2876 1615 2946 σὴμαίνει
1641 2879 1732 2930 καὶ
1746 2878 1840 2931 αύ-

253 2965 366 3019 τοῦ
381 2967 477 3019 τοῦ
510 2966 865 3038 ποιήσαντος,
906 2967 1096 3045 ἥντινα
1118 2966 1211 3018 καὶ
1229 2965 1454 3037 καθαροὶ
1490 2966 1581 3019 καὶ
1614 2967 1841 3038 ἀκάθαρ-

259 3071 378 3119 τοι,
405 3057 505 3109 καὶ
568 3055 733 3123 σοφοὶ
779 3056 873 3108 καὶ
926 3055 1161 3124 ἀνόητοι,
1208 3056 1343 3125 πρὸς
1382 3054 1481 3124 τὴν
1525 3055 1624 3124 τῆς
1666 3054 1840 3127 ψυχῆς

258 3144 458 3212 ὑγείαν
490 3145 900 3217 προσφέρονται
918 3162 931 3174 ·
961 3147 1054 3198 καὶ
1082 3146 1324 3214 φαίνεται
1354 3147 1449 3216 μέν
1481 3162 1569 3215 μοι
1597 3147 1625 3196 6
1653 3149 1836 3217 κηρὸς,

256 3233 450 3288 αὐτῶν
470 3235 585 3288 τῶν
604 3235 950 3309 πραγμάτων
978 3235 1131 3303 λόγον
1152 3236 1361 3307 ἐπέχειν
1379 3250 1394 3266 ⁸
1427 3236 1486 3289 τὸ
1503 3237 1545 3289 δ’
1565 3240 1787 3290 ὲναποκε
1796 3237 1836 3289 ί-

260 3336 431 3389 μενον
479 3322 640 3394 αύτῷ
681 3323 825 3393 μέλι,
867 3321 1128 3393 σύμϐολον
1166 3320 1299 3377 εἶναι
1347 3324 1437 3393 τῆς
1470 3324 1695 3395 θεωρίας
1740 3326 1835 3378 αύ-

253 3409 373 3463 τῶν
397 3428 413 3443 ο
446 3413 545 3464 καὶ
563 3413 595 3464 6
618 3412 723 3482 μὲν
756 3411 925 3482 κηρὸς
954 3412 1359 3483 παρελεύσεταιο
1394 3413 1452 3466 '0
1472 3413 1693 3483 οὐρανὸς
1706 3413 1835 3483 γὰρ,

255 3502 420 3571 φησὶ,
450 3503 552 3555 καὶ
577 3504 613 3572 ἡ
642 3502 718 3572 γῆ
771 3501 1190 3572 παρελεύσεταιο
1226 3500 1286 3554 τὸ
1321 3501 1375 3554 δὲ
1424 3500 1541 3571 μέλι
1585 3501 1643 3552 ού
1702 3518 1836 3572 παρ-

251 3589 549 3645 ελεύσεται
566 3608 583 3623 ·
613 3590 737 3643 οὐδὲ
756 3590 863 3661 γὰρ
893 3592 941 3643 οἱ
970 3590 1112 3659 λόγοι
1140 3590 1557 3661 παρελεύσονται
1580 3590 1672 3643 τοῦ
1727 3592 1836 3643 Σω-

250 3677 430 3749 τῆρος
461 3666 845 3749 ἡμῶν’⁹1ησοῦ
874 3678 1136 3748 Χριστοῦ-
1175 3679 1301 3749 περὶ
1328 3671 1400 3731 ὧν
1430 3678 1574 3746 λέγει
1620 3682 1648 3732 6
1684 3680 1837 3735 Σολο-

254 3767 416 3835 μῶν
449 3769 651 3837 Κηρία
674 3767 940 3837 μέλιτος,
973 3769 1136 3837 λόγοι
1171 3769 1343 3821 καλοί
1360 3785 1375 3800 ο
1412 3771 1724 3838 τλύκασμα
1771 3769 1835 3822 δὲ

245 3858 478 3923 αὐτῶν,
516 3859 690 3925 ιασις
720 3857 958 3928 ψυχῆς*
985 3859 1080 3911 καὶ
1109 3859 1138 3910 6
1169 3856 1344 3920 Δαυῒδ,
1373 3860 1462 3924 Ὠς
1487 3861 1831 3929 γλυκύτερα,

243 3952 412 4017 φησι,
442 3949 529 4015 τῷ
549 3948 813 4018 λάρυγγί
831 3965 972 4017 μου,
1001 3948 1073 4001 τὰ
1098 3947 1269 4017 λόγιά
1290 3965 1402 4002 σου
1430 3949 1577 4017 ὑπὲρ
1598 3951 1733 4019 μέλι
1757 3949 1834 4014 τῷ

241 4039 518 4108 στόματί
539 4055 670 4109 μου
691 4053 706 4067 ’
741 4037 802 4090 τὸ
832 4037 889 4090 δὲ
911 4036 1253 4107 ἀποτέλεσμα
1284 4037 1375 4091 τοῦ
1400 4039 1559 4091 πόνου
1586 4039 1691 4091 τῶν
1710 4041 1834 4109 ἀρε-

236 4122 367 4179 τῶν
395 4128 492 4181 καὶ
514 4128 621 4197 τῆς
659 4125 943 4195 γνώσεως,
992 4126 1150 4180 πόνον
1188 4127 1461 4197 ὠνόμασε’
1508 4127 1738 4198 βασιλεῖς
1775 4127 1831 4180 δὲ

236 4214 352 4267 καὶ
408 4217 653 4280 ἰδιώτας,
677 4217 750 4293 ού
777 4216 905 4279 τοὺς
937 4216 997 4268 τὸ
1018 4214 1250 4285 διάδημα
1271 4216 1485 4286 ἔχοντας
1506 4254 1520 4279 ,
1565 4216 1598 4286 ἢ
1627 4217 1745 4279 τοὺς
1774 4218 1830 4269 ὲν

232 4307 459 4377 κοπρῑα
482 4307 734 4376 πένητας
756 4305 930 4374 λέγει,
962 4304 1096 4358 ἀλλὰ
1123 4305 1246 4368 τοὺς
1278 4306 1409 4374 πρὸς
1454 4306 1545 4358 τὸν
1574 4305 1702 4358 Θεὸν
1741 4306 1829 4358 τὸν

228 4391 379 4448 νοῦν
410 4396 815 4466 σεσοφισμένον
841 4397 938 4450 καὶ
968 4396 1274 4467 ἐρρωμένον
1300 4399 1417 4460 ταῖς
1445 4398 1658 4467 ἀρεταῖς
1682 4396 1827 4466 έχον-

223 4494 374 4550 τας,
411 4487 657 4557 βασιλεῖς
681 4485 854 4553 λέγει.

318 4571 396 4630 Ὅ
435 4576 611 4638 ὕπνος
637 4569 797 4636 οὗτος
823 4573 963 4643 μόνῃ
994 4572 1229 4640 πέφυκεν
1255 4573 1657 4644 ὲπισυμϐαίνειν
1682 4573 1822 4645 ψυχῇ

1938 1976 2166 2030 cundum
2192 1977 2443 2029 virtutem
2473 1989 2535 2027 ac
2560 1972 3075 2041 scicntiam),habe(is
3114 1971 3338 2037 fructum
3389 1983 3472 2020 ve-

1937 2078 2099 2120 strum
2129 2070 2180 2120 in
2196 2064 2842 2133 sanctiﬁcationeméﬁnem
2859 2079 2972 2116 uero
2991 2063 3143 2115 vitam
3156 2061 3469 2116 aeternam".

1936 2158 2050 2212 Jam
2074 2159 2117 2212 si
2159 2158 2279 2210 fluis
2331 2156 2625 2223 huiusmodi
2677 2164 2835 2219 atque
2877 2153 3118 2207 scientiae
3155 2166 3348 2219 expers
3392 2161 3473 2206 est

1940 2247 2161 2302 lormica
2181 2256 2365 2315 utpote
2389 2244 2733 2304 irrationalis,
2758 2249 2966 2296 constat
2997 2257 3113 2296 eam
3145 2241 3473 2310 essehujus-

1937 2332 2145 2392 remodi
2164 2352 2377 2407 quoque
2403 2335 2658 2389 famulatu
2688 2336 2949 2388 liberam.’
2965 2333 3108 2389 Bene
3129 2348 3255 2402 ergo
3277 2333 3472 2387 dicitur

1941 2428 2160 2482 formica
2198 2442 2300 2481 non
2331 2441 2448 2481 esse
2504 2427 2603 2477 sub
2632 2425 2868 2483 domino.
2902 2423 3195 2478 secundum
3222 2422 3468 2490 hujusce-

1941 2517 2081 2569 modi
2117 2516 2465 2569 dominatum.
2488 2514 2734 2567 Attamen
2765 2514 2862 2567 sub
2893 2513 2981 2566 Dei
3019 2513 3285 2566 dominatu
3311 2510 3472 2566 vicis-

1938 2607 2037 2660 sim
2070 2607 2288 2669 dicitur,
2314 2607 2410 2659 sub
2436 2619 2498 2657 eo
2528 2605 2730 2657 scilicet
2758 2612 3009 2671 tanquam
3040 2612 3305 2656 creatore.
3360 2608 3377 2633 κ

2012 2695 2057 2728 ⁵⁸
2088 2694 2342 2748 Formicze
2380 2692 2728 2748 similitudine
2758 2695 2968 2747 videtur
3016 2696 3166 2749 nobis
3219 2694 3471 2748 Salomon

1940 2785 2080 2837 viam
2138 2784 2327 2852 agendi
2384 2784 2691 2837 describere
2745 2799 2761 2835 :
2816 2799 2914 2850 ape
2969 2792 3145 2837 autem
3209 2784 3470 2837 tlteoriam

1939 2884 2177 2928 actarum
2213 2888 2389 2927 rerum
2420 2873 2688 2940 ipsiusque
2741 2874 2938 2927 actoris
2971 2874 3225 2927 denotare
3254 2890 3265 2924 :
3308 2888 3467 2941 quam

1941 2956 2212 3019 theoriam'
2245 2979 2338 3017 seu
2370 2963 2666 3016 doctrinam
2704 2963 2816 3030 puri
2859 2977 3009 3029 aeque
3053 2971 3213 3030 atque
3255 2964 3468 3030 impuri,

1939 3056 2203 3124 sapientes
2223 3068 2285 3107 ac
2315 3052 2464 3115 fatui,
2490 3054 2555 3105 ad
2600 3066 2709 3105 suae
2747 3052 2938 3106 animal
2991 3048 3272 3106 sanitatem
3318 3054 3469 3106 adhi-

1941 3146 2082 3198 bent.
2122 3141 2187 3195 Et
2213 3143 2336 3195 mihi
2371 3144 2576 3195 videtur
2617 3143 2786 3200 favus.
2833 3140 3067 3208 ipsorum
3136 3143 3465 3210 negmiorum

1936 3233 2109 3288 locum
2140 3241 2322 3286 tenere
2349 3248 2363 3285 :
2390 3233 2594 3285 bzerens
2612 3240 2785 3284 autem
2812 3231 2858 3284 ei
2888 3230 3012 3294 mel,
3030 3231 3322 3301 symbolum
3351 3244 3468 3286 esse

1937 3323 2157 3377 theorite
2180 3325 2433 3389 ipsorum.
2466 3320 2530 3375 Et
2559 3322 2711 3374 favus
2735 3323 2944 3388 quidem
2971 3322 3262 3390 praeteribit
3288 3338 3304 3375 :
3346 3337 3464 3374 nam

1926 3413 2147 3477 Ctelum,
2174 3414 2432 3481 inquit,et
2452 3422 2591 3467 terra
2614 3413 2956 3482 praeteribunt
2985 3434 2996 3467 :
3028 3413 3127 3465 mel
3157 3420 3330 3466 tamen
3357 3427 3460 3466 non

1934 3505 2244 3574 praeteribit,
2271 3505 2394 3572 quia
2415 3502 2704 3558 Salvatoris
2731 3504 2896 3558 nostri
2918 3502 3040 3558 Jesn
3076 3503 3272 3557 Christi
3307 3504 3461 3556 verba

1933 3611 2036 3650 non
2062 3594 2423 3664 prasteribunt.
2466 3594 2538 3648 De
2566 3594 2758 3663 quibus
2814 3594 2944 3649 dicit
2983 3593 3229 3649 Salomon
3263 3611 3278 3647 :
3333 3591 3463 3645 Favi

1932 3684 2121 3747 mellis,
2143 3684 2346 3751 pulchri
2379 3700 2675 3748 sermones;
2716 3694 2761 3737 et
2795 3684 3015 3736 dulcedo
3046 3683 3248 3746 horum,
3276 3683 3463 3734 animo:

1931 3774 2128 3828 medela
2155 3773 2220 3825 ".
2255 3772 2419 3827 David
2447 3774 2607 3827 etiam
2639 3792 2651 3825 :
2685 3771 2953 3837 Dulciora,
2990 3772 3182 3839 inquit,
3227 3771 3462 3839 faucibus

1931 3865 2054 3918 meis
2079 3863 2293 3917 oracula
2324 3874 2432 3926 tua,
2462 3862 2576 3930 plus
2602 3879 2753 3931 quant
2779 3863 2877 3914 mel
2905 3863 2983 3915 ari
3031 3878 3140 3915 meo
3204 3863 3268 3916 ⁶⁰.
3315 3861 3454 3915 Ede-

1931 3964 2077 4013 ctum
2100 3968 2228 4007 vero
2258 3954 2453 4008 laboris
2476 3952 2729 4005 virtutum
2758 3961 2915 4020 atque
2937 3953 3194 4015 scientiae,
3225 3953 3458 4004 laborem

1928 4042 2242 4098 nominavit.
2277 4043 2446 4108 lleges
2470 4055 2630 4108 porro
2662 4052 2715 4094 et
2738 4042 2952 4103 idiotas,
2980 4057 3082 4094 non
3107 4041 3234 4093 dicit
3260 4041 3339 4093 vel
3366 4054 3457 4092 eos

1928 4133 2017 4203 qui
2046 4131 2344 4186 diademate
2378 4141 2658 4192 ornantur,
2690 4130 2772 4182 vel
2792 4130 2857 4182 de
2892 4130 3230 4196 sterquilinio
3262 4141 3455 4195 paupe—

1927 4238 2053 4287 res;
2079 4223 2170 4277 sed
2194 4221 2434 4276 homines
2454 4218 2541 4288 qni
2569 4236 2692 4290 erga
2717 4220 2881 4275 Deum
2921 4227 3147 4273 inmitem
3180 4219 3312 4270 bene
3332 4230 3455 4269 eru-

1925 4313 2091 4367 ditam
2120 4321 2279 4380 atque
2310 4312 2362 4365 in
2408 4311 2699 4365 virtutibus
2730 4311 3066 4365 obtirmatam
3107 4308 3321 4372 habent,
3359 4306 3454 4361 hos

1926 4416 2075 4471 reges
2095 4402 2240 4456 dicit.
2468 4400 2469 4405 “

1994 4577 2037 4612 ⁸⁸
2076 4576 2307 4632 Somnus
2336 4577 2426 4631 hic
2456 4576 2700 4631 rationali
2747 4585 2948 4629 tantum
2998 4575 3186 4629 animae
3225 4576 3449 4643 obrepit.

217 4654 443 4737 λογικῇ
465 4683 479 4696 ·
499 4664 770 4735 σημαίνει
797 4663 907 4731 γὰρ
934 4652 1174 4716 ἐνταῦθα
1203 4661 1467 4733 [ἄγνοι]αν
1503 4663 1594 4716 καὶ
1653 4665 1826 4731 ἀγνω-

1935 4668 2165 4738 Namque
2186 4670 2274 4723 hic
2312 4669 2583 4738 signiliCat
2639 4667 2999 4736 insipientiam
3051 4676 3108 4720 et
3163 4665 3447 4721 inscitiam.

213 4748 396 4809 σίανο
410 4751 487 4811 ὧν
509 4759 546 4826 ἠ
572 4753 865 4825 ἀγρυπνία
885 4753 1035 4805 ποιεῖ
1054 4752 1279 4817 τινα,ὼς
1302 4754 1572 4825 στρουθίον
1602 4755 1824 4826 μονάξον

213 4837 334 4895 ἰπὶ
380 4847 657 4918 δώματος.

292 4931 666 5007 Προσεκτέον
704 4930 948 4985 ἐνταῦθα
980 4929 1184 5000 μήποτε
1218 4931 1322 5002 ἄρα
1362 4933 1448 4987 διὰ
1496 4934 1601 4986 τῶν
1651 4936 1822 4988 τοιού·-

217 5030 355 5074 των
386 5024 713 5094 κινημάτων
743 5021 843 5074 τοῦ
873 5018 1129 5087 σώματος
1157 5020 1486 5087 γινώσκωσιν
1520 5023 1568 5074 οἱ
1592 5024 1822 5078 ἀντικει-

218 5118 403 5176 μενοι
426 5116 556 5178 τοὺς
580 5112 776 5168 αὐτῶν
816 5109 1117 5179 λογισμοὺς
1152 5111 1208 5162 ὲν
1241 5112 1369 5181 ἡμῖν
1402 5112 1788 5181 στρεφομένους
1806 5130 1821 5146 .

1923 4758 2207 4827 Evigilatio
2237 4759 2452 4825 quidem
2496 4758 2623 4811 facit
2674 4757 2940 4810 hominem
3000 4763 3250 4823 tanquam
3310 4765 3452 4807 stru-

1926 4842 2158 4902 tbiouem
2196 4846 2496 4900 solitarium
2534 4845 2586 4899 in
2618 4848 2790 4900 domo.

1992 4937 2036 4968 α’
2062 4936 2156 4989 llic
2184 4935 2561 4989 attendendum
2593 4945 2698 4999 est,
2728 4950 2791 4988 ne
2822 4936 2960 4989 forte
2980 4948 3044 4988 ex
3084 4931 3447 5001 hujuscemodi

1919 5026 2159 5095 corporis
2181 5027 2412 5081 motibus
2435 5030 2760 5091 cognoscant
2785 5026 3077 5079 adversarii
3099 5024 3451 5095 cogitationes

1918 5116 2057 5171 intra
2083 5130 2180 5170 nos
2203 5124 2506 5170 versantes.
2560 5114 2693 5173 Nam
2717 5117 2956 5170 cordium
3009 5114 3223 5183 quidem
3275 5113 3448 5168 solum

216 5192 430 5277 {new};
461 5199 922 5274 καρδιογνώστην
954 5196 1117 5266 μόνον
1134 5197 1221 5250 τὸν
1241 5200 1372 5254 Θεὸν
1395 5198 1826 5272 πεπιστεύκαμεν

1935 5208 2085 5262 Deum
2113 5208 2437 5277 cognitorem
2466 5205 2586 5263 eSse
2618 5209 2900 5263 credimus.

201 5272 397 5347 εἶναι.

258 5310 353 5344 ’τι
382 5334 397 5347 .

256 5310 417 5446 11;;
440 5384 471 5437 ὁ
497 5380 744 5453 τρώγων
773 5372 884 5435 τὰς
911 5371 1124 5442 σάρκας
1139 5373 1229 5426 τοῦ
1264 5375 1495 5448 Χριστοῦ
1522 5377 1614 5428 καὶ
1654 5378 1818 5434 πίνων

176 5445 233 5495 τὸ
262 5468 449 5543 ἦῖμα
478 5445 657 5524 aii-tofi
680 5454 800 5536 (1),
833 5462 1036 5513 κτᾶται
1069 5454 1202 5531 αἷμα
1252 5445 1459 5520 δίκαιον
1479 5482 1496 5498 ο
1542 5459 1601 5517 οὗ
1646 5484 1818 5538 στερι-

286 5602 363 5643 δθ
383 5625 438 5665 v.
469 5608 532 5663 6.
613 5598 672 5637 ιι
701 5594 880 5654 Rem.
919 5609 996 5659 Vt,
1027 5594 1120 5650 22.
1207 5601 1258 5635 ⁵⁸
1304 5618 1357 5657 v.
1383 5604 1437 5659 8.
1508 5605 1554 5637 ⁸⁸
1578 5605 1734 5661 Prov.
1761 5622 1875 5673 xvi,
1895 5606 1986 5661 ‘24.

381 5718 611 5771 Rursus
635 5701 925 5771 Origenis
948 5700 1145 5771 de_$S.
1182 5706 1518 5766 Eucharistia
1551 5712 1817 5766 sententia

123 5679 371 5846 “Q6:

517 5767 710 5847 quam
747 5767 813 5824 ἐι
867 5768 934 5820 in
980 5767 1111 5825 «aliis
1160 5778 1405 5842 ejusdem
1448 5780 1653 5851 scriptis
1700 5781 1809 5836 late
1917 5767 2324 5847 disSert.xtv,'2.

1993 5384 2039 5416 °'
2064 5383 2375 5453 Quicunque
2395 5384 2591 5439 Christi
2643 5398 2835 5439 carnes
2873 5383 3174 5441 manducat.
3224 5388 3277 5429 et
3330 5373 3450 5442 ejus

1922 5475 2237 5543 sanguinem
2272 5474 2424 5539 bibit,
2448 5477 2755 5544 sanguinem
2773 5474 2973 5543 iustum
3018 5467 3281 5536 possidet;
3338 5478 3445 5530 quo

2086 5606 2132 5638 “
2159 5605 2245 5661 Ps.
2285 5621 2472 5665 cxvtu.
2504 5609 2623 5663 105.
2707 5608 2748 5638 ⁶¹
2772 5622 2822 5659 v.
2843 5605 2943 5658 9.“
2977 5617 3025 5652 v.
3056 5599 3137 5652 l3.
3199 5596 3243 5628 “
3276 5610 3325 5648 v.
3356 5597 3447 5652 17.

1926 5714 2142 5782 exponit
2172 5723 2331 5780 atque
2371 5725 2542 5772 tuetur
2569 5713 2859 5771 Huctiusin
2893 5704 3238 5775 (maculonis,
3260 5704 3351 5759 lib.
3386 5723 3449 5775 tt,
