3914 6412
542 464 642 523 sor
1395 443 1946 514 surpLEnsN'run
1978 403 2067 500 ,ιο

2173 399 2413 516 ucENts
2452 401 2850 502 EXEGETICA.
3595 415 3690 496 eos

543 587 682 642 rent,
714 569 1057 630 reverentiam
1087 563 1364 632 exhibent,
1393 567 1488 621 sed
1512 571 1860 620 asseutnntes.
1881 577 2064 632 resper-

2173 563 2340 634 ρόϐον,
2373 565 2506 618 ἀλλὰ
2537 566 2758 629 κόλακες
2788 564 2938 625 ὄντες
2965 553 3518 632 προσωποληπτοῦσιν
3537 573 3552 590 ο
3589 561 3616 612 ὁ
3641 559 3692 614 δὲ

543 681 682 724 ctum
716 675 948 734 persona:
978 659 1189 711 habent.
1228 658 1295 711 At
1316 657 1454 711 enim
1483 656 1566 710 vir
1590 669 1752 710 verax
1776 654 1917 709 haud
1942 654 2072 708 adu-

2173 654 2365 726 ἀληθὴς
2396 655 2529 726 ἀνὴρ
2561 656 2622 708 οὐ
2651 653 2961 709 κολακεύσει
2981 651 3043 703 τὸ
3075 649 3266 713 κακὸν,
3294 646 3408 701 ἀλλ’
3431 646 3628 717 ὲλέγξει
3647 687 3662 704 .

544 758 739 812 labitur
769 751 840 804 rei
868 747 1039 812 malas,
1071 746 1165 798 sed
1193 745 1564 813 reprehendet.
1983 751 1988 756 ‘
2277 786 2279 788 .

555 849 560 852 '
607 848 656 880 οι
705 845 1014 907 Quicunque
1063 836 1177 890 odit
1216 837 1426 905 inopem
1469 836 1728 901 fratrem,
1782 835 1870 889 hic
1917 833 2070 902 juxta

2234 825 2347 888 Πᾶς
2375 826 2431 888 ὃς
2467 828 2609 896 μισεῖ
2637 825 2724 879 τὸν
2752 823 2960 894 πτωχὸν
2981 821 3231 890 ἀδελφὸν,
3255 819 3399 874 κατὰ
3422 819 3501 883 τὸ,
3526 821 3700 874 Μακά-

541 940 666 997 illud
704 953 718 989 :
753 933 894 987 Beati
919 943 1175 1000 pauperes
1204 928 1414 995 spiritu,
1447 928 1696 996 quoniam
1731 927 1966 995 ipsorum
1991 933 2072 978 est

2173 931 2272 986 ριοι
2305 917 2353 968 οἱ
2397 918 2595 986 πτωχοὶ
2617 915 2692 984 τῷ
2730 914 3014 984 πνεύματι,
3048 914 3131 964 ὃτι
3165 909 3344 964 αὐτῶν
3387 911 3528 962 ἐστιν
3558 910 3587 978 ἡ
3617 911 3699 976 βα-

541 1041 758 1097 regnnm
789 1023 1067 1083 caelorum,
1112 1034 1140 1071 a
1183 1017 1276 1070 Dei
1322 1026 1374 1072 et
1403 1017 1708 1086 angelorum
1737 1030 1921 1069 amore
1949 1028 2072 1083 pro-

2173 1005 2337 1058 σιλεία
2363 1005 2467 1058 τῶν
2490 1005 2725 1076 οὐρανῶν
2745 1043 2758 1068 ,
2793 1005 2885 1056 καὶ
2912 1004 3131 1071 ἀγάπης
3176 997 3314 1053 Θεοῦ
3343 998 3437 1053 καὶ
3478 999 3699 1066 ἀγγέλων

540 1118 622 1174 cui
670 1118 792 1172 erit.
821 1113 939 1181 Vel,
970 1115 1290 1183 quicumque
1333 1111 1552 1164 fratrem
1597 1109 1820 1162 virtutis
1850 1108 2070 1175 inopem

539 1211 671 1273 odit,
698 1209 762 1263 ab
791 1204 978 1262 aﬂ‘cctu
1013 1219 1222 1274 quoque
1251 1201 1497 1256 amicitia:
1525 1201 1708 1269 procul
1739 1202 1843 1254 erit
1863 1200 1916 1252 in
1941 1201 2066 1252 vita.

537 1281 610 1345 -‘-'-
650 1295 847 1351 Bonam
881 1296 1256 1364 cogitationem
1302 1291 1586 1360 appellavit
1629 1289 1717 1344 Dei
1733 1285 2074 1356 agnitionem,

539 1387 629 1458 qui
696 1401 812 1442 eam
848 1381 1165 1438 habentibus
1195 1383 1356 1435 corde
1393 1393 1526 1448 puro
1601 1378 1756 1433 solet
1782 1377 2072 1445 appropin-

537 1465 726 1548 quare.
769 1475 867 1541 Qui
899 1487 1022 1543 ergo
1067 1475 1204 1528 hanc
1237 1469 1570 1538 disciplinam
1607 1468 1797 1522 docilis
1827 1466 2072 1535 suscipit,

544 1569 776 1637 prudens
809 1574 889 1620 est
914 1604 929 1629 ,
957 1573 1011 1618 et
1055 1563 1289 1616 inveniet
1330 1575 1465 1614 eam.
1499 1589 1568 1600 -—
1591 1559 1692 1626 Qui
1738 1558 1900 1613 multa
1933 1559 2071 1612 mala

545 1662 671 1715 facit
698 1659 858 1712 verbo
899 1667 951 1710 et
983 1668 1142 1724 opere
1162 1694 1176 1718 ,
1213 1653 1258 1707 is
1290 1652 1544 1706 malitiam
1572 1659 1926 1716 consummat,
1956 1663 2074 1718 qua:

543 1741 702 1807 omne
746 1764 911 1820 genus
964 1747 1165 1816 peccati
1216 1743 1606 1812 complectitur.
1658 1742 1757 1808 Qui
1803 1755 1931 1796 vero
1972 1741 2073 1794 'ad-

545 1855 729 1892 versus
759 1838 994 1891 homincs
1025 1845 1298 1887 sermones
1341 1830 1595 1885 exitiosos
1635 1832 1748 1884 sine
1766 1830 1942 1884 limite
1989 1830 2070 1883 ef—

547 1929 745 1992 fundit,
789 1933 843 1978 et
880 1925 932 1978 in
981 1923 1144 1976 Deum
1188 1920 1582 1990 blasphemiae,
1619 1919 1706 1974 hic
1745 1933 1850 1974 non
1900 1919 2074 1974 salva-

545 2020 702 2072 bitur.
1757 2012 1762 2022 ”

563 2115 568 2120 '
611 2099 658 2140 "
687 2105 868 2175 Neque
906 2103 1095 2159 animae
1131 2117 1302 2171 neque
1339 2100 1580 2170 corporis
1620 2097 1823 2154 deliciae
1874 2113 2077 2154 vesano

542 2207 785 2265 prosunt.
815 2193 944 2249 Nam
985 2194 1250 2264 spiritales
1273 2232 1288 2257 ,
1329 2206 1450 2246 cum
1495 2190 1565 2244 sit
1597 2204 1686 2244 sus
1721 2188 2072 2257 voluptarius,

546 2289 763 2356 pedibus
804 2284 1142 2340 conculcabit
1182 2299 1198 2337 :
1239 2295 1268 2335 a
1299 2295 1548 2336 sensuum
1591 2288 1765 2331 autem
1802 2278 2074 2346 voluptate

546 2392 670 2430 caro
697 2376 810 2443 ejus
842 2376 906 2428 ad
951 2375 1264 2443 cupiditates
1286 2367 1722 2433 commovebitur,
1751 2376 1804 2422 et
1833 2369 1884 2420 in
1911 2367 2074 2420 Deum

549 2464 903 2532 hlasphemias
933 2462 1173 2530 jactabit.
1205 2458 1426 2513 Etiamsi
1463 2472 1492 2511 e
1523 2471 1680 2510 servo
1705 2471 1871 2526 nuper
1907 2456 1979 2509 sit
2011 2456 2075 2508 li-

546 2551 802 2620 bertinus,
835 2555 904 2606 ita
929 2568 985 2606 se
1010 2559 1175 2621 geret.

615 2634 663 2678 ”
690 2647 745 2699 Si
778 2645 866 2714 qui
903 2655 1047 2697 recte
1095 2641 1374 2712 gloriatur,
1419 2641 1470 2695 in
1509 2638 1734 2694 Domino
1777 2639 2070 2708 gloriatur;

549 2733 799 2790 Dominus
833 2744 1007 2787 autem
1045 2742 1227 2786 noster
1251 2731 1513 2799 sapientia
1565 2739 1678 2795 est;
1726 2730 1965 2795 sequitur
2017 2739 2074 2781 ut

547 2829 636 2896 qui
684 2833 826 2878 recte
876 2823 1156 2894 glorietur,
1209 2822 1262 2874 in
1315 2819 1575 2889 sapientia
1628 2820 1908 2888 glorietur.
1944 2819 2075 2872 Glo-

547 2919 703 2970 riatio
745 2915 907 2985 igitur
962 2911 1280 2980 longanimis
1326 2918 1380 2963 et
1428 2909 1822 2974 misericordis,
1863 2910 2078 2977 sapien-

549 3009 616 3060 tia
664 3017 747 3059 est
788 3016 841 3058 et
893 3005 1093 3070 agnitio
1139 3002 1250 3054 Dei.
1296 2998 1617 3068 Supervenit
1664 3008 1839 3050 autem
1889 3012 2078 3065 pecca-

547 3098 748 3151 toribus
804 3095 1105 3148 absterrens
1160 3105 1250 3144 eos
1302 3105 1330 3142 a
1381 3089 1518 3142 malo
1549 3128 1564 3153 ,
1619 3102 1757 3140 nunc
1803 3088 2016 3154 quidem
2057 3127 2074 3154 ,

2172 1096 2384 1166 μακρὰν
2433 1096 2614 1150 ἔσται’
2653 1095 2686 1166 ἢ
2719 1097 2824 1157 πᾶς
2868 1095 2926 1156 ὃς
2978 1091 3208 1160 ἀδελφὸν
3259 1090 3458 1160 ἀρετῆς
3509 1090 3699 1160 πτωχὸν

2168 1186 2292 1238 ὄντα
2317 1187 2480 1256 μισεῖ,
2503 1186 2596 1240 καὶ
2626 1187 2720 1255 τῆς
2755 1185 2887 1256 πρὸς
2918 1183 2985 1236 τὰ
3015 1182 3160 1254 πάθη
3191 1182 3369 1251 φιλίας
3390 1179 3701 1252 μακρύνεται

2168 1273 2260 1326 τοῦ
2301 1275 2431 1343 βίου.
2457 1275 2768 1346 -Ἀγαθὴν
2816 1275 3020 1329 ἔννοιαν
3068 1274 3170 1344 τὴν
3210 1271 3306 1325 τοῦ
3344 1269 3479 1324 Θεοῦ
3522 1270 3704 1340 γνῶσιν

2171 1361 2451 1432 ὠνόμασε,
2495 1363 2588 1416 κα)⁸
2633 1367 2744 1427 τοῖς
2776 1364 2968 1417 εἰδόσιν
3009 1362 3178 1433 αὐτὴν
3211 1363 3321 1424 τοῖς
3359 1348 3605 1430 καθαροῖς
3644 1362 3702 1432 τῇ

2171 1450 2380 1522 καρδίᾳ,
2415 1451 2568 1504 εἴωθε
2596 1452 2800 1515 τούτοις
2832 1454 3062 1521 emsz
3096 1454 3125 1504 ὁ
3155 1451 3213 1504 δὲ
3259 1449 3566 1520 πειθόμενος
3600 1449 3705 1501 τοῦ·

2169 1557 2280 1603 τοις
2311 1541 2388 1603 είς
2413 1541 2662 1611 μάθησιν,
2694 1543 2948 1614 φρόνιμός
2980 1545 3121 1605 ὲστι,
3159 1542 3254 1594 καὶ
3285 1541 3501 1612 εὑρήσει
3533 1541 3702 1610 αὑτήν.

2169 1631 2306 1683 -Ὁ
2336 1631 2501 1684 πολλά
2533 1632 2835 1686 κακοποιῶν
2871 1633 2936 1685 δι’
2965 1632 3144 1702 ἔργων
3189 1632 3284 1685 καὶ
3326 1631 3495 1699 λόγων
3516 1671 3530 1695 ,
3572 1631 3702 1684 τελει

2173 1728 2408 1795 σιουργεῖ
2429 1725 2644 1790 κακίαν,
2676 1727 2710 1795 ἥ
2740 1728 2885 1779 ἐστιν
2919 1727 3070 1779 πᾶσα
3113 1725 3388 1796 άμαρτίασ
3433 1725 3491 1787 ὃς
3540 1723 3592 1778 δὲ
3631 1740 3706 1775 τε·

2171 1816 2469 1888 λεσιουργεῖ
2497 1817 2635 1871 κατὰ
2653 1817 2948 1889 ἀνθρώπων
2977 1817 3172 1885 λόγους
3192 1819 3273 1878 είς
3301 1815 3570 1870 ἀπώλειαν
3586 1853 3600 1880 ,
3619 1801 3706 1868 ’καὶ

2176 1909 2513 1978 βλασφημίας
2544 1909 2684 1963 κατὰ
2712 1909 2862 1974 Θεὸν,
2887 1910 2950 1963 οὐ
2980 1908 3284 1981 σωθήσεται
3317 1903 3486 1972 οὗτος.

2241 2083 2374 2137 Οὔτε
2399 2085 2434 2154 ή
2465 2083 2602 2137 κατὰ
2646 2082 2822 2154 ψυχὴν
2869 2082 3084 2154 τρυφὴ,
3139 2081 3263 2136 οὔτε
3313 2084 3346 2152 ή
3386 2081 3522 2136 κατὰ
3568 2081 3704 2152 σῶμα

2175 2175 2434 2244 συμφέρει
2461 2173 2536 2244 τῷ
2572 2173 2762 2244 ἄφρονι
2780 2190 2793 2204 ο
2825 2173 2926 2242 τὴν
2951 2173 3054 2242 μὲν
3079 2173 3189 2244 γὰρ
3222 2174 3580 2243 καταπατήσει
3608 2176 3704 2240 τοῖς

2173 2264 2318 2325 ποσὶ,
2337 2265 2512 2334 χοῖρος
2545 2262 2818 2333 φιλήδονος
2843 2261 2921 2314 ὢν
2937 2279 2952 2292 ο
2989 2263 3096 2316 ὑπὸ
3122 2264 3183 2316 δὲ
3203 2264 3302 2333 τῆς
3326 2263 3574 2333 αἰσθητῆς
3597 2280 3706 2333 τρυ-

2173 2354 2329 2424 φῆςή
2365 2353 2501 2422 σὰρξ
2527 2351 2685 2406 αὑτοῦ
2719 2352 2852 2422 πρὸς
2875 2352 3022 2421 πάθη
3057 2353 3434 2422 κινηθήσεται,
3469 2355 3555 2406 καὶ
3584 2353 3704 2406 κατὰ

2173 2441 2305 2524 Θεοῖν
2341 2441 2680 2513 βλασφημίας
2713 2441 2855 2510 ῥίψει
2878 2459 2890 2469 ·
2929 2443 2978 2493 εἰ
3008 2443 3104 2494 καὶ⁴
3138 2442 3245 2496 ἀπὸ
3283 2442 3480 2494 δούλων
3513 2441 3703 2504 ἐλεύθε-

2178 2549 2284 2602 ρος,
2315 2532 2471 2584 τοῦτο
2501 2533 2734 2602 ποιήσει.

2242 2624 2304 2674 El
2331 2625 2358 2675 6
2389 2622 2733 2691 καυχώμενος
2759 2621 2959 2692 ὀρθῶς,
2993 2625 3050 2674 ὲν
3081 2623 3270 2693 Κυρίῳ
3294 2625 3581 2694 καυχᾶται,
3607 2624 3632 2674 ὁ
3657 2623 3709 2674 δε

2174 2713 2372 2786 Κύριος
2404 2713 2556 2783 ἡμῶν
2589 2711 2746 2780 σοφία
2783 2713 2965 2776 ἐστὶν,
3001 2715 3029 2765 ὁ
3071 2713 3414 2786 καυχώμενος
3445 2715 3628 2788 ὀρθῶς,
3655 2715 3707 2766 ἐν

2176 2803 2333 2872 σοφίᾳ
2366 2805 2656 2872 καυχᾶται·
2699 2801 2760 2854 τὸ
2793 2803 3060 2874 καύχημα
3103 2805 3279 2860 τοίνυν
3327 2805 3419 2858 τοῦ
3459 2804 3707 2877 μακροθὺα

2177 2909 2276 2961 μου
2309 2893 2400 2944 καὶ
2421 2891 2705 2962 ἐλεήμονος
2727 2932 2742 2956 ,
2796 2893 2951 2946 ἐστὶν
2977 2897 3010 2965 ή
3037 2895 3198 2963 σοφία
3223 2897 3316 2952 καὶ
3354 2900 3384 2968 ή
3415 2897 3604 2965 γνῶσις
3625 2896 3707 2952 αὑ-

2172 2981 2265 3034 τοῦ
2289 2999 2302 3012 ⁸
2336 2983 2618 3052 ἐπέρχεται
2650 2982 2707 3034 δὲ
2739 2985 2850 3046 τοῖς
2897 2987 3234 3058 παρανόμοις
3260 2989 3597 3053 ἀπαλλάττων
3622 2987 3705 3042 αὐ-

2173 3073 2295 3136 τοὺς
2327 3073 2541 3134 κακίας,
2568 3071 2659 3125 νῦν
2688 3073 2785 3142 μὲν
2818 3076 3206 3146 ἐνδεχομένως,
3235 3081 3294 3133 ὲν
3313 3079 3370 3133 δὲ
3393 3078 3468 3150 τῷ
3484 3079 3704 3151 μέλλοντι

523 3175 717 3254 quoad
753 3185 861 3238 iierl
901 3190 1110 3250 poteSt;
1141 3179 1191 3232 in
1223 3176 1406 3229 futuro
1434 3186 1610 3229 autem
1643 3174 1858 3238 steculo,
1883 3188 2070 3231 neces-

2175 3162 2328 3216 αίῶνι
2358 3161 2679 3228 ἀναγκαίως.

429 3341 434 3346 _
546 3277 704 3329 sario.

613 3367 658 3398 "
688 3364 940 3418 Dominus
964 3367 1144 3413 noster
1169 3358 1304 3427 ignis
1341 3370 1660 3410 consumens
1687 3366 1791 3419 est.
1819 3368 1873 3412 et
1905 3359 2078 3416 iratus

545 3443 756 3506 leofln
789 3448 1159 3517 peccatoribus
1204 3444 1435 3498 amburit
1473 3446 1878 3513 consuluitque,
1930 3457 1987 3500 ut
2011 3448 2076 3500 li-

547 3539 860 3610 gnaJenum
903 3545 994 3589 aut
1027 3531 1314 3603 stipulam,
1347 3533 1661 3588 militantem
1687 3534 1944 3590 adversus
1967 3537 2079 3606 spi-

549 3632 705 3684 ritum
745 3629 980 3681 c'arnem.
1027 3622 1142 3677 Lux
1180 3635 1306 3678 Vero
1344 3633 1400 3677 et
1446 3637 1535 3677 ros
1573 3633 1719 3677 recte
1767 3626 2077 3694 agentibus,

549 3727 848 3772 monstrans
881 3713 987 3768 illis
1012 3719 1250 3767 actarum
1289 3727 1470 3766 rerum
1506 3713 1761 3776 rationes,
1791 3723 1844 3766 et
1871 3717 2075 3769 exstin-

547 3821 712 3879 guens
746 3803 909 3873 ignita
939 3802 1040 3859 tela
1079 3803 1327 3872 maligni,
1360 3801 1792 3872 relrigeransqne
1816 3804 1962 3859 illum
1985 3807 2076 3875 qui

547 3899 613 3952 ab
637 3895 840 3965 agendo
860 3893 1122 3964 contingit
1144 3894 1412 3948 ardorem.

609 4071 659 4106 ⁸⁸
685 4071 948 4140 lmpnram
981 4069 1216 4146 animam
1235 4077 1472 4123 scortum
1501 4068 1813 4137 appellavit;
1841 4077 1892 4124 et
1921 4068 2078 4138 hujus

543 4163 862 4224 mercedem,
893 4159 1027 4213 dixit
1053 4160 1288 4228 ejusdem
1319 4161 1698 4224 substantiam,
1739 4176 1806 4215 ex
1833 4175 1936 4230 qua
1967 4171 2073 4216 non

544 4265 689 4319 purae
724 4251 855 4303 ilunt
885 4249 1199 4304 oblationes.

617 4339 663 4372 ⁸³
703 4339 908 4392 Docere
947 4336 1144 4394 liberos
1181 4339 1434 4392 virtutem
1463 4347 1518 4393 et
1551 4339 1794 4393 notitiam
1825 4342 1916 4396 Dei
1940 4379 1958 4406 ,
1984 4358 2078 4410 pa-

549 4437 755 4483 rentum
791 4425 1018 4481 cilicium
1045 4437 1140 4482 cet.
1179 4427 1282 4483 Sed
1315 4429 1634 4498 sapientiam
1663 4431 1842 4498 pueris
1867 4432 2070 4496 indere,

545 4519 756 4575 Domini
801 4529 898 4573 est.
945 4517 1076 4572 Nam
1111 4522 1400 4575 mulierem
1435 4519 1520 4572 hic
1546 4518 1684 4572 dicit
1728 4519 2066 4588 sapientiam.

543 4611 698 4674 Ama,
728 4607 1285 4678 inquit,‘saplentiam,
1309 4619 1360 4665 et
1381 4608 1723 4664 censervabit
1753 4617 1838 4673 te;
1867 4609 2070 4666 honora

542 4713 686 4764 eam,
715 4706 774 4752 ut
794 4709 843 4751 te
873 4697 1270 4766 complectatur.
1494 4709 1498 4712 '

613 4876 661 4910 ’δ
702 4876 1274 4943 Praecepta,quatenus
1312 4877 1436 4929 sunt
1477 4890 1507 4929 a
1544 4877 1886 4946 prtecipiente
1925 4877 2066 4941 Deo,

535 4966 614 5021 ita
641 4961 976 5033 appellantur
1004 4979 1018 5015 :
1049 4971 1450 5029 quatenusvero
1472 4966 1665 5019 mentis
1693 4966 1796 5020 iter
1809 4965 2066 5033 dirigunt,

543 5053 642 5108 via:
693 5053 962 5106 dicuntur.
1011 5048 1116 5114 Qui
1157 5048 1245 5102 illa
1291 5051 1553 5115 custodit,
1604 5062 1782 5107 servat
1833 5055 2065 5106 animam

543 5157 692 5198 suam
724 5141 788 5195 de
819 5147 995 5193 morte
1024 5139 1089 5191 ad
1122 5139 1286 5192 vitam
1315 5155 1330 5193 :
1361 5141 1448 5207 qui
1475 5144 1792 5207 contemnit,
1814 5153 2066 5197 aeternam

543 5239 770 5287 mortem
803 5230 1058 5284 incurret.

609 5323 659 5356 "
691 5322 746 5376 In
786 5321 946 5375 rebus
978 5317 1192 5386 quidem
1237 5320 1576 5377 scnsibilihus
1615 5325 1688 5378 ita
1729 5324 1804 5377 tit.
1855 5323 2067 5389 Quanto

542 5413 620 5466 sol
659 5413 781 5465 luna
813 5407 1172 5479 prastantior,
1204 5418 1353 5464 tanlo
1384 5422 1602 5477 praestat
1628 5413 1730 5481 .ilie
1775 5414 1864 5480 qui
1895 5415 2066 5465 virtu-

545 5501 687 5557 tibus
715 5501 903 5570 inopes
935 5500 1241 5568 miseratur,
1283 5513 1530 5558 reereaus
1571 5519 1662 5560 eos
1699 5505 1977 5574 disciplina
2015 5511 2068 5556 et

546 5593 759 5649 monitis
796 5593 1024 5649 Domini.
1057 5591 1258 5647 Donum
1292 5601 1466 5649 autem
1495 5596 1601 5651 Deo
1623 5597 1864 5654 oblatum
1887 5637 1902 5660 ,
1945 5593 2070 5646 dicit

2257 3336 2312 3388 '0
2343 3335 2539 3406 Κύριος
2573 3334 2724 3404 ἡμῶν
2752 3337 2868 3409 πῦρ
2899 3341 3000 3412 μὲν
3039 3345 3425 3399 καταναλίσκον
3463 3346 3550 3398 καὶ
3585 3342 3704 3396 λέων

2175 3426 2548 3496 ὀργιζόμενος·
2582 3427 2715 3495 πρὸς
2735 3426 2790 3479 δὲ
2823 3433 2952 3494 τοὺς
2990 3435 3397 3505 ἁμαρτάνοντας
3438 3436 3701 3489 κατακαῖον

2175 3519 2266 3570 καὶ
2293 3515 2594 3580 ἀναλίσκον,
2619 3516 2694 3580 ὡς
2732 3517 2868 3581 ξύλα
2895 3525 3106 3592 χόρτων
3135 3527 3381 3599 καλάμην
3399 3567 3416 3592 ,
3439 3528 3531 3598 τὴν
3561 3543 3702 3596 στρα-

2173 3607 2461 3676 τευομένην
2493 3607 2669 3678 σάρκα
2700 3611 2850 3664 κατὰ
2880 3613 2974 3666 τοῦ
3023 3616 3327 3686 πνεύματος
3346 3637 3357 3648 ·
3391 3618 3502 3688 φῶς
3535 3618 3588 3671 δὲ
3623 3614 3706 3670 καὶ

2173 3697 2356 3770 δρόσος
2387 3698 2520 3768 πρὸς
2539 3701 2662 3762 τοὺς
2691 3703 3100 3776 κατορθοῦντας
3119 3748 3134 3772 ,
3166 3709 3372 3772 δεικνὺς
3410 3711 3579 3772 αὐτοῖς
3612 3707 3705 3760 τῶν

2173 3788 2464 3856 γεγονότων
2493 3790 2613 3850 τοὺς
2639 3789 2838 3857 λόγους
2854 3834 2869 3858 ,
2908 3797 3002 3849 καὶ
3029 3800 3438 3855 κατασϐεννύων
3463 3802 3528 3854 τὰ
3558 3815 3708 3853 πεπυ-

2177 3880 2395 3951 ρωμένα
2425 3880 2549 3950 βέλη
2578 3881 2668 3932 τοῦ
2688 3886 2952 3955 πονηροῦ,
2985 3890 3075 3940 καὶ
3095 3891 3406 3962 πριψύχων
3435 3892 3520 3945 τὸν
3541 3893 3602 3944 ὲκ
3621 3889 3706 3958 τῆς

2174 3969 2419 4044 πράξεως
2453 3988 2514 4022 συ
2521 3971 2811 4041 μ6αίνοντα
2836 3977 3115 4034 καύσωνα.

2244 4064 2352 4134 Τὴν
2373 4061 2674 4134 ἃκάθαρτον
2687 4063 2888 4137 ψυχὴν,
2917 4069 3141 4143 ἑταίραν
3165 4073 3413 4144 ὠνόμασε
3429 4089 3445 4116 ·-
3473 4073 3562 4128 καὶ
3588 4069 3706 4124 ταῦ-ο

2171 4176 2270 4228 της
2301 4159 2358 4210 τὸ
2382 4157 2633 4228 μίσθωμα
2652 4195 2666 4219 ,
2700 4157 2802 4229 τὴν
2824 4164 3156 4218 κατάστασιν
3176 4167 3396 4239 εἴρηκεν
3423 4167 3598 4237 αὐτῆς,
3615 4163 3704 4234 ἀφ’

2171 4243 2238 4317 ἦς
2263 4249 2320 4299 οὐ
2342 4247 2574 4318 καθαραὶ
2594 4247 2838 4314 γίνονται
2868 4257 3188 4325 προσευχαί.
3508 4285 3510 4288 ν
3632 4269 3634 4271 ‘
3655 4289 3664 4294 θ

2193 4366 2196 4369 -
2244 4334 2314 4390 Τὸ
2343 4340 2440 4408 μὲν
2464 4338 2730 4392 διδάσκειν
2767 4343 2894 4406 τοὺς
2923 4347 3073 4409 υἱοὺς
3097 4349 3224 4419 περὶ
3255 4347 3453 4420 ἀρετῆς
3473 4348 3564 4401 καὶ
3582 4342 3702 4413 γνώ-

2176 4446 2309 4493 σεως
2340 4429 2432 4481 τοῦ
2475 4428 2608 4481 Θεοῦ
2628 4467 2644 4492 ,
2688 4430 2800 4484 τῶν
2850 4436 3102 4507 πατέρων
3140 4440 3318 4493 ὲστίνβ
3347 4440 3424 4492 διὸ⁴
3448 4440 3502 4492 δὲ
3533 4436 3703 4504 σοφίαν

2173 4518 2349 4572 δοῦναι
2376 4521 2487 4581 τοῖς
2515 4519 2687 4582 παισὶ,
2705 4521 2806 4573 τοῦ
2830 4525 3036 4595 Κυρίου
3071 4530 3186 4581 ὲστί
3201 4547 3218 4561 ο
3252 4534 3479 4598 γυναῖκα
3497 4527 3598 4597 γὰρ
3625 4527 3700 4577 ὲν-

2172 4609 2341 4663 ταῦθα
2370 4609 2467 4679 τὴν
2495 4609 2682 4677 σοφίαν
2712 4609 2884 4679 λέγει·
2913 4618 3316 4690 ὲράσθητιγάρ,
3334 4620 3599 4690 φησὶ,τῇ
3627 4631 3701 4668 σο-

2175 4702 2295 4769 φίας
2314 4740 2328 4765 ,
2349 4704 2440 4755 καὶ
2480 4703 2704 4772 τηρήσει
2741 4721 2808 4758 σε
2829 4723 2843 4736 ·
2866 4709 3095 4778 τίμησον
3133 4713 3332 4783 αὐτὴν,
3367 4713 3449 4766 ἵνα
3479 4729 3539 4764 σε
3563 4725 3703 4780 περιο

2173 4791 2347 4865 λάθῃ.-
2805 4814 2807 4816 ·
3041 4821 3044 4824 ~
3385 4849 3388 4854 ,

2240 4883 2303 4935 Δί
2341 4883 2546 4936 ἐντολαὶ
2565 4925 2578 4949 ,
2627 4883 2700 4947 ὡς
2739 4887 2876 4956 πρὸς
2913 4889 3012 4959 μὲν
3055 4891 3146 4944 τὸν
3175 4893 3550 4962 ἐντειλάμενον
3565 4886 3700 4949 Θεὸν,

2172 4969 2455 5024 καλοῦνται
2477 4971 2684 5024 ὲντολαί
2699 4989 2716 5007 '
2747 4974 2822 5039 ὡς
2847 4977 2906 5028 δὲ
2933 4979 3071 5050 πρὸς
3097 4980 3190 5033 τὸν
3219 4982 3464 5036 όδεύοντα
3489 4979 3612 5032 νοῦν
3649 4977 3698 5026 ἐν

2172 5064 2359 5124 αὐταῖς
2381 5102 2396 5126 ,
2424 5061 2708 5116 καλοῦνται
2739 5065 2847 5118 ὁδοί
2865 5083 2878 5097 ⁸
2915 5071 3011 5122 καὶ
3042 5071 3072 5124 ὸ
3105 5073 3202 5141 μὲν
3224 5073 3532 5140 φυλάσσων,
3564 5068 3699 5138 τηρεῖ

2173 5154 2237 5203 ὲκ
2269 5151 2494 5204 θανάτου
2525 5152 2660 5221 πρὸς
2697 5151 2842 5224 ζωὴν
2884 5157 2983 5227 τὴν
3013 5160 3190 5231 ψυχὴν
3220 5163 3443 5215 ἑαυτοῦ*
3471 5165 3510 5214 δ’
3537 5161 3588 5213 δὲ
3611 5173 3698 5209 ικα-

2174 5243 2468 5312 ταφρονῶν,
2495 5242 2586 5294 τδν
2611 5244 2916 5313 ἀπέραντον
2943 5249 3173 5304 θάνατον
3202 5253 3456 5304 (iw/sitat.
3529 5275 3534 5284 ·
3625 5279 3627 5284 ·

2255 5335 2374 5386 Ἐπὶ
2399 5334 2498 5402 μὲν
2516 5333 2621 5386 τῶν
2647 5335 2918 5405 αἰσθητῶν
2937 5339 3107 5403 οὕτως
3131 5341 3241 5411 ἔχει
3257 5359 3270 5373 ·
3295 5344 3414 5394 ὅσον
3433 5341 3494 5392 δὲ
3511 5341 3538 5391 ὁ
3567 5335 3696 5406 ἣλιος

2169 5423 2269 5491 τῆς
2301 5423 2525 5492 σελήνης
2573 5423 2874 5493 ὑπερφυὴς,
2925 5429 3174 5481 τοσοῦτον
3220 5431 3247 5481 ὁ
3303 5429 3462 5480 ἐλεῶν
3498 5427 3612 5484 τοὺς
3647 5422 3698 5471 ὲν

2171 5511 2410 5580 πτωχείᾳ
2439 5511 2646 5581 ἀρετῶν
2674 5511 2772 5564 καὶ
2799 5513 3177 5585 ἀνακτώμενος
3198 5519 3389 5581 αὐτοὺς
3421 5520 3477 5570 ὲν
3501 5511 3695 5578 παιδείᾳ

2172 5600 2265 5652 καὶ
2293 5599 2537 5670 νουθεσίᾳ
2561 5601 2806 5671 Κυρίου·
2842 5601 2980 5672 δόμα
3022 5606 3079 5658 δὲ
3109 5608 3306 5662 διδόναι
3334 5608 3410 5678 τῷ
3442 5605 3589 5677 Θεῷ,
3613 5599 3699 5662 τὴν

617 5749 661 5781 ⁸⁵
681 5764 731 5803 v.
759 5752 814 5805 7.
884 5753 999 5804 "v.
1035 5750 1121 5805 l0.
1196 5752 1254 5822 ,θ’
1289 5767 1337 5806 v.
1375 5751 1459 5806 ll.
1531 5756 1572 5786 ⁹¹
1611 5771 1659 5809 v.
1702 5755 1786 5808 l2.
1873 5756 1916 5786 ⁹²
1953 5769 1999 5806 v.
2027 5754 2072 5807 l2

2185 5755 2229 5788 οε
2262 5770 2309 5809 ν.
2339 5754 2422 5806 ιι.
2511 5753 2556 5785 οδ
2593 5770 2640 5808 ν.
2676 5711 2800 5810 te.
2854 5759 2902 5790 ιι
2935 5740 3110 5815 v.17.
