3914 6432
545 421 656 479 ‘25!

1400 419 1953 477 SUPPLEMENTUH
1988 420 2077 474 AD
2109 420 2430 476 ORIGENIS
2462 419 2862 477 EXEGETICA.

3711 410 3811 466 2'53

546 556 732 597 autem
762 541 1053 607 vituperant
1079 543 1131 590 et
1158 536 1211 591 in
1245 537 1477 593 medium
1519 542 1768 625 delerunt
1819 557 1914 611 per
1941 556 2063 596 con-

2174 556 2323 593 σεται
2366 541 2459 592 καὶ
2501 535 2580 602 εἰς
2631 542 2832 610 ποιμήν
2857 556 2872 573 ·
2923 538 2974 591 οἱ
3021 537 3087 589 δὲ
3136 527 3636 625 ἐλέγχοντεςξαὶ

556 631 834 684 fessionem
866 636 1014 679 actus
1044 641 1188 690 suos,
1221 636 1275 680 et
1300 629 1535 684 melioris
1556 631 1665 700 jam
1701 634 1897 686 mentis
1942 633 2073 686 deli:-

556 716 869 776 herationes,
897 714 1097 767 excelsi
1128 715 1447 770 videbuntur
1479 720 1723 784 Domino,
1756 730 1810 773 et
1835 735 1943 788 pra:
1962 736 2071 773 oin~

554 805 705 856 nihus
740 804 1117 856 commendati.
1173 805 1628 875 Supervenietque
1676 809 1805 879 ipsis
1851 810 1901 862 in
1945 824 2077 878 prte-

547 892 683 946 senti
718 892 932 960 quidem
966 893 1160 947 saeculo
1208 895 1343 948 bona
1396 896 1700 953 benedictio
1748 908 1960 952 actuum
1995 907 2077 952 at-

434 1039 437 1043 η
545 995 652 1049 que
687 981 946 1045 laborum,
998 992 1053 1036 et
1092 981 1465 1037 intellectualis
1500 987 1706 1039 theoria
1756 987 2073 1055 sapientia:

546 1071 600 1124 in
635 1070 811 1125 futuro
836 1082 1032 1137 autem,
1074 1090 1101 1125 a
1134 1075 1354 1128 Domino
1379 1076 1673 1142 praemium.

614 1161 661 1193 ”
688 1161 788 1227 Qui
819 1163 1051 1216 ambulat
1074 1174 1193 1231 post
1223 1163 1314 1217 Dei
1340 1166 1611 1229 mandata,
1650 1164 1978 1220 instauratur
2009 1168 2075 1220 ad

542 1250 800 1318 justitiam
831 1262 883 1305 et
914 1254 1408 1307 sanctilicationem.
1454 1254 1663 1307 Etenim
1704 1270 1823 1309 cum
1862 1256 2077 1323 sapien-

550 1341 619 1391 tia
665 1341 957 1394 aediﬁcatur
995 1345 1201 1407 domus,
1246 1357 1362 1412 quae
1413 1358 1476 1396 ex
1526 1346 1701 1397 anima
1754 1355 1807 1397 et
1846 1359 2076 1412 corpore

538 1439 774 1496 constat,
811 1434 874 1485 ad
911 1434 1001 1486 Dei
1045 1434 1427 1487 habitaculum.
1461 1436 1513 1486 ln
1550 1435 1874 1488 malitiosain
1897 1446 2074 1491 autem

539 1521 777 1572 animam
812 1538 912 1575 non
946 1523 1189 1576 introibit
1217 1524 1503 1592 sapientia.

612 1611 659 1641 “
680 1610 814 1663 Tum
830 1612 1013 1679 spinae,
1037 1622 1145 1666 tum
1172 1629 1363 1681 pecora
1394 1613 1737 1682 pessumdant
1760 1616 2074 1685 agrum,nisi

543 1701 661 1754 illas
700 1701 889 1769 aliquis
935 1714 1142 1771 purget,
1177 1704 1291 1758 haec
1324 1720 1449 1758 vero
1490 1706 1773 1759 custodiat.
1819 1705 1894 1758 lta
1935 1715 1988 1759 et
2022 1708 2073 1759 in

536 1786 760 1839 homine
782 1790 948 1842 hardo
974 1790 1168 1843 accidit
1212 1808 1226 1844 :
1257 1792 1493 1859 nequitia
1523 1792 1831 1846 exstimulat
1860 1807 1983 1847 eum
2011 1795 2074 1847 ad

540 1876 629 1930 illa
673 1879 949 1932 ambienda
991 1881 1184 1948 quibus
1213 1897 1433 1950 regnum
1466 1883 1760 1935 obtinetur.

2180 629 2449 694 τριοῦντες
2471 628 2537 679 δι’
2558 627 2957 698 ὲξαγορεύσεως
2979 626 3090 685 τὰς
3128 619 3374 673 ἑαυτῶν
3408 615 3655 686 πράξεις
3684 617 3806 685 (18),

2179 716 2271 767 καὶ
2286 716 2380 778 τὰς
2390 716 2479 767 τοῦ
2494 716 2751 784 βελτίονος
2773 715 2862 768 νοῦ
2882 715 3008 767 ὲνθυ
3017 715 3100 783 μή
3110 728 3179 764 σε
3188 727 3269 773 ις,
3286 706 3614 777 φανοῦνται
3630 707 3810 775 ὑψηλοὶ

2180 804 2327 874 παρά
2343 804 2561 872 Κυρίου,
2589 805 2679 856 ἐπὶ
2701 807 2861 856 πᾶσιν
2882 804 3064 871 ἁνακη
3076 799 3445 871 ρυττόμενοι
3462 813 3477 825 ο
3509 797 3603 847 ἐπ’
3623 796 3809 860 αὐτοὺς

2177 894 2234 947 δὲ
2260 895 2408 964 ἥξει,
2450 898 2506 949 ὲν
2540 897 2635 966 μὲν
2676 896 2751 966 τῷ
2783 895 2877 949 νῦν
2920 892 3087 945 αἰῶνι
3127 893 3167 961 ἡ
3202 888 3412 959 ἀγαθὴ
3450 886 3683 954 εὐλογία
3709 890 3806 940 τῶν

2179 987 2425 1057 πράξεων
2446 986 2551 1039 τῶν
2575 986 2764 1056 ἔργων,
2798 986 2889 1037 καὶ
2914 986 2947 1055 ἡ
2971 982 3152 1053 νοητὴ
3184 982 3304 1050 τῆς
3329 978 3547 1046 σοφίας
3576 978 3804 1048 θεωρία·

2177 1074 2237 1124 ὲν
2261 1073 2316 1125 δὲ
2347 1072 2422 1141 τῷ
2453 1073 2713 1141 μέλλοντι,
2747 1072 2780 1140 ἡ
2814 1072 2965 1141 παρά
2994 1068 3098 1122 τοῦ
3133 1067 3379 1137 Κυρίου
3411 1065 3682 1135 διανομή.

2260 1163 2317 1213 ’0
2345 1163 2701 1232 πορευόμενος
2741 1161 2963 1214 ὄπισθεν
3011 1158 3139 1211 τῶν
3186 1157 3299 1209 τοῦ
3346 1154 3502 1210 Θεοῦ
3533 1169 3809 1223 προσταγο

2183 1254 2382 1322 μάτων,
2402 1253 2821 1321 ἀνοικοδομεῖται
2855 1253 2933 1314 εἰς
2953 1248 3348 1317 δικαιοσύνην
3375 1247 3484 1298 καὶ
3502 1244 3777 1314 ἁγιασμόν
3791 1262 3804 1274 ·

2182 1342 2317 1410 μετὰ
2340 1342 2447 1412 γὰρ
2479 1342 2665 1410 σοφίας
2692 1341 3049 1410 οἰκοδομεῖται
3082 1335 3258 1400 οἶκος
3282 1375 3299 1398 ,
3350 1337 3384 1387 ὁ
3429 1338 3497 1388 ὲν
3541 1335 3693 1403 ψυχῇ
3724 1335 3808 1387 καὶ

2181 1430 2389 1501 σώματι
2420 1433 2497 1493 εἰς
2527 1432 2839 1500 κατοίκησιν
2869 1431 3005 1482 Θεοῦ
3025 1447 3039 1461 ·
3074 1432 3169 1491 είς
3205 1428 3275 1480 δὲ
3312 1426 3673 1495 κακότεχνον
3712 1425 3805 1494 ψυ-

2176 1521 2276 1590 χὴν
2304 1523 2401 1573 οὐκ
2429 1521 2784 1573 εἰσελεύσεται
2818 1520 2997 1587 σοφία.

2242 1612 2309 1665 Et
2342 1627 2399 1662 τε
2430 1610 2534 1680 γὰρ
2563 1610 2787 1663 ἄκανθαι
2812 1650 2827 1673 ,
2866 1610 2977 1661 εἴτε
3042 1609 3273 1680 κτήνη,
3309 1606 3638 1660 ἀπόλλυσιν
3662 1606 3800 1669 αὐτὸ,

2178 1703 2270 1754 ἐὰν
2301 1702 2373 1772 μὴ
2406 1701 2489 1770 εἴη
2519 1704 2546 1753 6
2568 1700 2967 1771 περικαθαίρων
3000 1701 3100 1752 καί⁵
3134 1699 3470 1767 φυλάττων
3492 1713 3511 1728 °
3550 1698 3802 1761 ὡσαύτως

2177 1793 2269 1844 κιιύ¹
2295 1792 2511 1861 ἄφρωνσ
2557 1793 2589 1860 ὴ
2626 1789 2789 1843 κακία
2818 1791 2965 1843 ἐστὶν
2997 1791 3027 1842 6
3063 1789 3314 1842 νύσσων
3381 1788 3565 1841 αὑτὸν
3629 1789 3708 1851 εἰς
3743 1788 3801 1840 τὰ

2176 1882 2270 1950 τὴν
2309 1882 2577 1950 βασιλείαν
2608 1881 2989 1951 προξενοῦντα.

614 1968 779 2036 Sepes
823 1979 906 2022 est
948 1945 1311 2040 tranquillitas
1345 1970 1535 2023 animat
1569 1970 1846 2024 rationalis
1872 1985 1935 2024 ex
1965 1973 2063 2024 vir-

2229 1945 2489 2039 ttbp‘atypté;
2538 1945 2680 2022 ἐστιν
2729 1945 2962 2023 ἀπάθεια
3007 1969 3207 2040 ψυχῆς
3261 1968 3556 2038 λογικῆς,
3589 1970 3657 2021 ἑκ
3702 1968 3801 2020 τῶν

542 2066 712 2115 tutqu
740 2060 999 2113 exercitio
1026 2060 1368 2127 provenieus.
1422 2060 1544 2113 Haec
1569 2073 1698 2113 vero
1724 2064 1986 2114 evertitur
2019 2070 2072 2114 et

537 2150 893 2218 exstinguitur
920 2166 949 2202 a
977 2150 1124 2204 stulti
1158 2150 1391 2203 hominis
1422 2147 1668 2203 arbitrio.

2176 2060 2485 2129 πρακτικῶν
2537 2059 2744 2129 ἀρετῶν
2785 2060 3111 2112 συνεστῶσα
3134 2077 3149 2089 ο
3212 2060 3706 2115 κατασκάπτεται
3749 2059 3799 2112 δὴ

2174 2149 2265 2201 καὶ
2291 2148 2603 2215 ἀφανίζεται
2626 2150 2692 2216 τῇ
2726 2147 2819 2199 τοῦ
2847 2147 3087 2216 ἄφρονος
3124 2148 3520 2218 προαιρέσει.

1732 2237 1886 2293 CAP.
1928 2238 2070 2291 XXX
2108 2238 2311 2293 VULG.
2352 2237 2504 2290 LAT.

606 2333 652 2365 ⁸⁸
679 2332 962 2399 (iorruptio
1008 2346 1095 2385 res
1148 2331 1448 2401 huiusmodi
1498 2332 1747 2385 adamat:
1779 2332 2063 2392 infernum,

530 2438 796 2485 'amorem,
825 2423 1096 2474 mulierem
1129 2421 1470 2475 l‘nrnicariam
1497 2440 1511 2475 :
1542 2424 1651 2476 haec
1684 2422 1828 2476 enim
1865 2423 2065 2476 nullum

541 2514 738 2569 habent
764 2513 920 2567 linem
952 2521 1044 2565 aut
1080 2513 1398 2566 satietatem.
1423 2512 1546 2566 Tria
1578 2522 1751 2567 tamen
1791 2522 1916 2567 sunt
1951 2528 2068 2582 qum

543 2604 828 2669 aliquando
873 2604 1179 2667 satiantur;
1232 2610 1463 2656 attamen
1500 2613 1767 2671 quartum,
1799 2618 2067 2673 nunquam

537 2706 599 2745 se
626 2700 929 2745 contentum
977 2691 1157 2745 dicere
1192 2692 1349 2745 valet.
1379 2691 1650 2754 lnfernus.
1674 2702 1733 2747 et
1765 2707 1916 2747 amor
1948 2709 2065 2747 mu-

536 2782 703 2844 lieris,
738 2791 793 2836 et
840 2793 983 2834 terra
1022 2796 1290 2850 nunquam
1331 2784 1482 2851 aquis
1514 2794 1770 2848 saturata,
1809 2792 1864 2839 et
1906 2799 2066 2854 aqua,

533 2882 589 2925 et
622 2872 781 2941 ignis,
815 2886 1085 2941 nunquam
1111 2872 1294 2926 dicunt
1329 2873 1551 2927 sullicit.
1586 2874 1813 2942 Semper
1852 2884 2064 2929 terrena

534 2961 739 3022 sentina
765 2961 993 3029 recipit;
1023 2962 1357 3030 quantalibet
1408 2963 1682 3031 injeceris,
1718 2965 1889 3017 adhuc
1925 2965 2065 3017 desi-

534 3055 705 3109 derat.
736 3053 826 3108 Sic
851 3056 1011 3107 etiam
1063 3069 1206 3107 mors
1232 3064 1286 3107 et
1317 3056 1454 3122 ignis
1484 3064 1746 3125 quotquot
1783 3052 2062 3123 corripue-

534 3145 645 3198 rint
689 3154 1054 3212 corrumpunt.
1096 3143 1170 3196 Ita
1202 3145 1363 3198 etiam
1396 3154 1699 3213 paupertas.
1750 3143 1838 3197 Ha:
1872 3146 2065 3213 quippe

2243 2332 2307 2383 Ἡ
2328 2330 2497 2402 φθορά
2520 2330 2689 2384 ταῦτα
2712 2332 2902 2401 ἀγαπᾷ
2921 2331 2988 2384 τὰ
3014 2333 3383 2403 πράγματα,
3412 2333 3580 2405 ᾅδην,
3609 2334 3795 2405 ἔρωτα,

2169 2423 2262 2476 καὶ
2288 2424 2515 2491 γυναῖκα
2550 2424 2839 2491 πρνικὴνο
2875 2424 2997 2475 οὐδὲ
3040 2424 3165 2493 γάρ
3220 2424 3418 2478 ταῦτα
3472 2426 3660 2496 πέρας
3688 2427 3795 2479 οὐδὲ

2169 2513 2325 2582 κόρον
2350 2512 2487 2582 ἔχει’
2520 2512 2642 2580 τρία
2674 2512 2731 2563 δέ
2761 2514 2907 2563 ἐστιν
2932 2512 2968 2565 ἀ
3010 2513 3112 2565 καὶ
3152 2514 3569 2585 πλησθήσεται
3595 2532 3611 2547 °
3647 2518 3736 2569 καί
3765 2518 3793 2585 ἡ

2168 2602 2418 2673 τετάρτη,
2457 2602 2553 2653 οὐκ
2578 2600 2821 2670 ἠρκέσθη
2858 2603 3032 2653 εἰπεῖν
3071 2603 3285 2657 ἱκανόν
3308 2621 3323 2634 ’
3364 2604 3514 2676 ᾅδης
3545 2606 3642 2659 καὶ
3665 2608 3793 2677 ἔρως

2168 2691 2439 2758 γυναικὸς,
2490 2691 2580 2742 καὶ
2619 2690 2690 2758 γῆ
2734 2690 2832 2741 οὐκ
2882 2692 3358 2764 ἐμπιμπλαμένη
3418 2696 3657 2758 ὓδατος·
3707 2697 3792 2748 καὶ

2168 2780 2342 2850 ὕδωρ,
2379 2781 2471 2832 καὶ
2505 2778 2644 2848 πῦρ,
2678 2779 2776 2830 οὐκ
2818 2774 2969 2830 εἷπον
3003 2780 3185 2851 ἀρκεῖ
3212 2799 3227 2812 ·
3265 2784 3365 2835 ἀεὶ
3398 2784 3475 2837 τὰ
3506 2786 3787 2856 σπέρματα

2167 2870 2395 2939 δέχεται,
2419 2866 2505 2921 οἷα
2530 2870 2622 2921 ἐὰν
2643 2868 2977 2939 καταϐάλῃς,
3006 2871 3250 2938 ὲφίεται
3278 2890 3294 2904 °
3328 2872 3490 2926 οὕτω
3518 2876 3617 2927 καὶ
3647 2877 3675 2927 ὁ
3704 2874 3786 2926 θά-

2168 2980 2320 3025 νατος
2360 2964 2450 3015 καὶ
2484 2961 2542 3012 τὸ
2580 2960 2722 3029 πῦρ,
2767 2960 2862 3027 ἐφ’
2889 2956 3089 3031 οἷσπερ
3132 2962 3375 3030 ἐφίεται
3398 3003 3414 3025 ,
3447 2963 3779 3034 διαφθείρει·

2167 3051 2399 3106 τοιοῦτόν
2428 3068 2478 3103 τι
2512 3050 2601 3102 καὶ
2632 3052 2663 3119 ἡ
2697 3050 2853 3101 πενία
2874 3067 2887 3080 ·
2920 3051 3263 3109 ἀναλωτικὰ
3306 3056 3502 3109 ταῦτα
3539 3056 3613 3109 τά
3655 3058 3784 3126 πρά-

2169 3160 2380 3213 γματα·
2411 3140 2644 3194 τοιοῦτόν
2678 3158 2730 3192 τι
2765 3142 2856 3194 καὶ
2892 3143 2921 3194 6
2949 3143 3115 3206 ὄκνος
3144 3148 3255 3200 καὶ
3286 3150 3324 3219 ἡ
3356 3149 3571 3220 ἀργία·
3606 3150 3781 3218 ἐπειδὴ

536 3249 623 3289 res
656 3235 761 3287 vim
806 3233 1156 3289 consumendi
1211 3234 1430 3287 habent.
1482 3233 1557 3285 lta
1584 3248 1641 3286 se
1670 3232 1868 3286 habent
1909 3234 2063 3286 etiam

2173 3235 2271 3305 γὰρ
2295 3233 2555 3301 θαυμάζει
2590 3231 2714 3294 ἴσως
2734 3248 2836 3294 τις,
2866 3232 2953 3285 διὰ
2980 3232 3036 3286 τί
3059 3236 3245 3307 κόρον
3280 3218 3548 3311 ούκνέχει
3574 3245 3604 3294 6
3635 3242 3779 3312 ᾅδης,

536 3324 748 3393 pigritia
779 3333 831 3376 et
858 3326 1042 3375 otium.
1076 3323 1204 3376 Nam
1258 3324 1381 3387 quia
1414 3322 1644 3375 fortasse
1681 3321 1875 3389 aliquis
1904 3322 2066 3375 mira-

532 3422 643 3475 tur,
670 3427 768 3463 cur
791 3411 1104 3464 insatiabilis
1129 3412 1200 3463 sit
1231 3411 1491 3474 infernus,
1542 3425 1844 3478 quanquam
1885 3409 2064 3462 homi-

533 3518 653 3558 nem
680 3510 980 3563 consumat,
1011 3501 1217 3555 idcirco
1246 3501 1340 3563 ait,
1375 3515 1438 3553 ne
1469 3502 1581 3553 haec
1606 3500 1819 3568 quidem
1845 3502 2065 3553 satieta-

533 3599 639 3644 tum
670 3590 887 3653 habere,
916 3602 1086 3656 neque
1104 3590 1418 3642 consistere.
1459 3588 1663 3642 Videsis
1710 3598 1886 3642 autem
1942 3605 2065 3657 quo-

535 3680 690 3733 tnodo
710 3678 1101 3745 comparaverit
1125 3679 1505 3731 scortationem
1532 3678 1764 3731 inferno.

601 3768 647 3799 "
668 3765 822 3820 Corvi
853 3768 903 3819 hi
926 3768 1099 3835 justos
1123 3768 1273 3837 alth
1299 3769 1521 3838 mystice
1541 3768 1609 3832 ",
1641 3778 1695 3821 et
1729 3767 1954 3836 iniustos
1974 3783 2064 3837 pu-

533 3856 705 3919 niunt,
735 3858 978 3926 nequitiae
1005 3858 1186 3912 oculos
1211 3857 1541 3923 ell'odientes,
1566 3859 1688 3927 quia
1718 3858 1930 3912 Patrem
1953 3860 2064 3913 uni-

530 3946 791 4002 versalem
813 3964 875 4002 ac
898 3948 1055 4001 Deum
1083 3950 1381 4013 irriserunt,
1406 3958 1459 4002 et
1485 3952 1719 4019 ipsorum
1750 3950 2058 4018 genitricem

528 4038 801 4109 antiquam
856 4041 1131 4094 scientiam
1183 4041 1455 4110 aspernati
1503 4048 1649 4094 sunt.
1702 4040 1894 4093 Oculus
1935 4054 2061 4092 vero

530 4124 707 4180 Patris
752 4138 855 4192 est,
901 4129 1021 4180 data
1054 4129 1206 4183 nobis
1239 4128 1305 4181 ab
1350 4142 1416 4181 eo
1452 4142 1571 4180 cum
1614 4127 1819 4195 iustitia
1854 4128 1958 4180 lex.
1995 4128 2061 4180 Et

508 4230 625 4269 eos
648 4217 860 4284 quidem
910 4218 1001 4285 qui
1042 4217 1189 4285 impii
1233 4217 1418 4270 oculos
1461 4216 1742 4280 ell‘odiunt,
1777 4217 1913 4269 dixit
1939 4230 2057 4269 cor—

530 4318 625 4356 vos
654 4319 671 4357 :
706 4306 797 4373 qui
822 4319 945 4359 vero
989 4315 1153 4360 totum
1186 4307 1455 4359 hominem
1484 4312 1698 4369 vorant,
1726 4303 1932 4371 aquilas
1960 4318 2057 4358 vo-

530 4395 712 4449 cavit:
742 4395 860 4448 ideo
885 4396 1109 4460 scilicet,
1141 4397 1264 4464 quia
1290 4396 1411 4449 aliis
1451 4404 1680 4461 partem,
1703 4392 1843 4461 '_aliis
1888 4393 2059 4446 omni-

527 4480 739 4533 modatn
779 4482 1146 4549 purgationem
1203 4481 1493 4536 commisit.
1559 4478 1680 4533 Vult
1725 4482 1871 4533 enim
1916 4479 2055 4531 Deus

524 4572 689 4630 etiam
723 4571 911 4641 impios
936 4572 1153 4626 salvari.
1186 4612 1193 4617 ρ

594 4743 645 4778 ⁸⁸
663 4743 840 4799 Gallus
872 4741 1154 4813 [ἀλέκτωρ]
1204 4743 1315 4797 avis
1359 4759 1388 4797 a
1432 4742 1581 4796 nobis
1632 4741 2052 4812 [Alexandrinis]

526 4831 868 4901 ἀλεκταῌθ)
906 4832 1135 4896 dicitur;
1168 4833 1212 4885 si
1251 4846 1378 4885 vero
1413 4832 1673 4885 referatur
1696 4832 1762 4885 ad
1804 4842 2054 4886 coeuntes

525 4937 646 4974 cum
696 4922 783 4975 illo
827 4921 1068 4982 feminas,
1098 4923 1366 4991 γνωριστά
1407 4920 1718 4992 [cognitor].
1752 4920 2054 4987 Sequuntur

530 5012 671 5064 hunc
717 5010 941 5063 altilium
980 5025 1186 5079 greges,
1221 5012 1344 5079 quia
1380 5026 1565 5065 omnes
1597 5012 1833 5065 ambiunt
1860 5024 2051 5077 capere

526 5116 591 5155 ex
619 5116 682 5155 eo
710 5100 1049 5168 voluptatem,
1081 5101 1167 5167 qui
1192 5100 1352 5153 alacri
1379 5115 1504 5169 erga
1533 5116 1718 5155 omnes
1746 5116 1930 5154 amore
1950 5111 2049 5154 est.

527 5189 620 5245 Sic
669 5188 952 5243 universali
1007 5188 1113 5242 Deo
1148 5188 1451 5257 angelorum
1504 5190 1721 5243 ordines
1762 5204 1865 5242 non
1906 5200 2050 5241 metu

2166 3320 2333 3372 καίτοι
2363 3317 2608 3370 δαπανῶν
2627 3318 2717 3369 τὸν
2754 3319 3062 3389 ἄνθρωπον,
3082 3322 3184 3378 διὰ
3218 3328 3611 3399 τοῦτο,φησὶν
3630 3371 3644 3394 ,
3670 3330 3777 3383 οὐδὲ

2159 3409 2325 3462 ταῦτα
2368 3408 2523 3478 κόρον
2558 3406 2702 3476 ἔχει,
2746 3409 2864 3461 οὐδὲ
2901 3411 3163 3468 ἵστανται
3217 3436 3365 3473 που·
3421 3423 3533 3492 ὅρα
3563 3422 3622 3475 δὲ
3666 3421 3776 3474 τίνα

2161 3498 2427 3570 παρέϐαλε
2460 3500 2555 3569 τὴν
2584 3499 2833 3568 πορνείαν
2860 3500 2936 3569 τῷ
2970 3502 3100 3575 ᾅδῃ.

2228 3747 2381 3840 Οἷξτοι
2407 3752 2455 3803 οἱ
2483 3751 2726 3821 κόρακες,
2766 3754 2889 3815 τοὺς
2917 3755 3015 3823 μὲν
3050 3758 3328 3829 δικαίους
3364 3771 3642 3840 τρέφουσι
3676 3790 3771 3843 μυ-

2159 3843 2373 3905 στικῶς,
2412 3842 2534 3904 τοὺς
2562 3841 2617 3892 δὲ
2646 3841 2859 3906 ἀδίκους
2886 3844 3217 3915 κολάζουσι,
3254 3859 3397 3921 τοὺς
3431 3862 3541 3931 τῆς
3568 3841 3772 3926 ἀδικίας

2156 3932 2457 4023 ὀφθαλμοὺς
2495 3930 2861 4023 ὲξορύττοντες
2885 3951 2897 3963 ·
2936 3935 3074 3990 διότι
3119 3943 3232 3996 τοῦ
3284 3930 3525 4005 πάντων
3570 3955 3771 4023 [ἰατρὸς

2157 4025 2249 4076 καὶ
2280 4022 2411 4075 Θεοῦ
2439 4022 2820 4089 κατεγέλασαν,
2853 4026 2946 4076 καὶ
2974 4027 3076 4097 τὴν
3101 4038 3422 4098 γεννῶσαν
3450 4045 3652 4108 αὐτοὺς
3680 4022 3769 4117 ἀρ·

2156 4114 2311 4182 χαίαν
2357 4113 2552 4180 γνῶσιν
2596 4113 2863 4182 ἠτίμασαν
2887 4130 2904 4145 ο
2945 4116 3247 4191 ὀφθαλμὸς
3301 4129 3366 4182 δὲ
3411 4134 3513 4186 τοῦ
3566 4113 3768 4201 Πατρός

2156 4207 2332 4297 ἐστιν,
2379 4205 2408 4255 6
2446 4206 2502 4297 εν
2545 4203 2864 4297 δικαιοσύνη
2894 4206 3189 4297 δεδομένος
3231 4220 3385 4288 ἡμῖν
3433 4230 3572 4297 παρ’
3612 4196 3768 4280 αὐτοῦ

2155 4293 2348 4386 νόμος·
2519 4292 2643 4386 τοὺς
2673 4290 2769 4359 μὲν
2810 4292 3213 4386 ὲξορύσσοντας
3268 4311 3411 4374 τοὺς
3457 4290 3767 4386 ὀφθαλμοὺς

2154 4383 2247 4435 τοῦ
2277 4381 2529 4444 ἀσεϐοῦς,
2561 4380 2796 4450 κόρακας
2819 4379 2971 4436 εἶπεν
2990 4402 3003 4416 ·
3033 4389 3168 4454 τοὺς
3206 4394 3275 4449 δὲ
3306 4400 3441 4459 ὅλον
3477 4379 3656 4458 αὑτὸν.
3677 4424 3769 4459 κα-

2155 4471 2497 4566 τεσθίοντας,
2526 4471 2800 4566 ὠνόμασεν
2827 4473 3019 4566 ἀετοὺς
3040 4514 3054 4539 ,
3104 4479 3205 4536 διὰ
3253 4490 3325 4541 τὸ
3372 4458 3512 4557 τοὺς
3547 4498 3650 4565 μὲν
3675 4497 3767 4566 τὴν

2161 4562 2402 4634 μερικὴν,
2425 4562 2546 4623 τοὺς
2568 4560 2622 4612 δὲ
2646 4560 2744 4629 τὴν
2767 4561 2991 4617 καθόλου
3009 4568 3305 4642 κάθαρσιν
3325 4560 3737 4639 πεπιστεῦσθαί
3748 4602 3762 4615 ⁸

2158 4651 2295 4704 θέλει
2327 4650 2431 4720 γὰρ
2454 4653 2481 4703 6
2508 4650 2637 4712 Θεὸς
2669 4649 2759 4701 καί⁴
2784 4652 2909 4715 τοὺς
2935 4656 3156 4723 ἀσεϐεῖς
3188 4666 3514 4733 σώζεσθαι.

2320 4740 2560 4837 ξδέκτξυρ
2594 4739 2655 4791 τὸ
2684 4739 3039 4837 ,δβνεον-πτξρῗ
3066 4751 3210 4819 ἡμῖν
3249 4759 3477 4819 ἄλεκτα
3525 4769 3761 4837 λέγεται.

2157 4830 2313 4901 Παρά
2332 4830 2387 4881 δὲ
2406 4832 2523 4892 ταῖς
2548 4828 2822 4892 συνούσαις
2844 4834 2990 4904 αὐτῷ
3016 4835 3280 4910 θηλείαις
3305 4828 3637 4927 γνωρίσει-ά..
3668 4878 3764 4914 πα,

2161 4921 2406 4991 ρὲπονται
2427 4920 2482 4972 δὲ
2506 4919 2652 4988 αύτῷ
2682 4922 2737 4973 αἱ
2769 4920 2874 4973 τῶν
2899 4924 3130 4993 ὀρνίθων
3158 4934 3375 5002 ἀγέλαι
3397 4983 3412 5007 ,
3436 4919 3549 5002 ’διὰ
3573 4952 3638 5003 τὸ
3667 4953 3764 5004 πά-

2294 5010 2781 5110 ῐσωςνπερινοστείν
2816 5013 2883 5110 τῇ
2903 5016 3052 5110 ’περὶ
3075 5020 3255 5077 αὑτὸν
3290 5032 3467 5105 ἡδονῇ
3488 5055 3503 5067 ·
3532 5039 3763 5110 εὔψυχος

2156 5100 2212 5152 δέ
2241 5102 2352 5151 ἐστι
2382 5098 2579 5162 πάσαις
2605 5100 2763 5162 αὐτὸς
2786 5102 2865 5164 εἰς
2892 5103 3144 5176 ἀγάπην·
3181 5092 3376 5185 οὕτως
3540 5092 3759 5184 πέντῖυύ

2154 5186 2271 5257 Θεῷ
2300 5188 2355 5240 αἰ
2377 5187 2481 5239 τῶν
2506 5188 2744 5254 ἀγγέλων
2767 5189 2967 5255 τάξεις,
2988 5194 3050 5246 οὐ
3083 5200 3255 5268 μόνον
3290 5180 3487 5284 (Pd-5,9;

596 5327 641 5361 "
678 5342 729 5380 v.
755 5325 847 5380 27.
917 5324 964 5356 "
990 5338 1041 5376 v.
1113 5318 1202 5373 50.
1274 5319 1319 5349 ’³
1355 5334 1402 5371 v.
1433 5318 1518 5372 15.
1590 5320 1637 5351 ⁸⁸
1666 5334 1715 5373 v.
1744 5318 1830 5372 17.
1898 5319 1943 5349 ’⁷
1970 5316 2063 5369 1111

2173 5356 2184 5369 .
2211 5333 2339 5383 xvn,
2371 5320 2421 5373 6.
2497 5323 2543 5355 ³⁸
2578 5341 2627 5377 v.
2659 5324 2746 5381 '5l.

599 5440 711 5523 (l8)
739 5424 924 5495 Adhuc
946 5434 1192 5491 laudatur
1220 5433 1287 5487 ab
1311 5431 1537 5503 Origene
1558 5440 1895 5501 peccatorum
1925 5445 2053 5485 con-

525 5509 711 5649 milia}
736 5572 1080 5649 Atlnotandus
1108 5578 1202 5649 est
1215 5570 1313 5649 hic.
1331 5568 1478 5649 locus
1504 5568 1881 5649 grammaticjs,
1898 5580 2051 5649 [pras-

526 5636 707 5700 sertitn
735 5662 856 5701 cum
889 5643 1133 5699 Sturzius
1161 5639 1234 5692 De
1262 5640 1472 5691 dialect.
1496 5636 1643 5692 Alex.
1677 5654 1728 5705 p.
1764 5636 1867 5689 154
1894 5639 2044 5703 ’seq.,

527 5718 681 5782 primi
725 5730 881 5771 casus
928 5712 1137 5769 nonnisi
1191 5708 1617 5763 terminationem
1666 5707 1731 5767 ἅς
1788 5716 2045 5760 memoret

2159 5434 2273 5525 31.9.?
2658 5441 2884 5525 qui‘ie'ﬂ
2930 5460 3030 5500 “03
3065 5451 3145 5525 .de
3197 5454 3307 5514 hac
3340 5478 3406 5519 re
3440 5466 3621 5523 locuti
3666 5487 3754 5525 su-

2361 5505 2371 5516 '
2471 5505 2482 5518 '
2677 5504 2688 5508 ’
2852 5514 2884 5528 ν
3065 5518 3075 5529 .
3199 5504 3307 5514 ’““·ν
3342 5504 3406 5519 ’ν
3443 5504 3619 5523 IVLII"
3666 5504 3751 5525 au-

2158 5504 2806 5602 ῗῗῖ¹έῖηί’ίιῗ.ἷ¹η.ἷῖζῗῗὲ¹]¹’,Ἦ
2828 5516 3112 5602 ΨΞἿΟἪ
3161 5539 3262 5589 Ρνο
3326 5547 3456 5602 rc’96
3507 5540 3751 5593 Alexan-

2230 5572 2239 5581 '
2392 5590 2402 5602 ,
2765 5598 2775 5609 .
2913 5585 2922 5594 .
2969 5585 2978 5595 .
3161 5572 3183 5589 Γ
3204 5572 3211 5574 “
3236 5572 3254 5577 ⁷
3327 5572 3454 5602 ’νυν
3507 5572 3751 5593 ηιῑιυαη-

2156 5572 2667 5674 ἔξέηξίἶξέἕξὲῑῗὲῗλ
2690 5584 3141 5674 (³1³,ίέὶῖέὶξνξιἎιέι
3155 5608 3335 5674 ,ινξιπιτ
3370 5618 3571 5674 regem
3612 5612 3752 5674 pris-

2152 5655 2248 5694 cus
2280 5642 2312 5694 i|
2425 5626 2478 5667 ν.
2694 5626 2807 5647 τ--ν
2844 5626 3335 5670 νν-------.-.),.ι¹υῡιιι
3370 5626 3571 5674 regem
3612 5626 3646 5679 ι)

2317 5650 2543 5708 ιιετμιοε
2572 5660 2669 5713 pro
2706 5650 3006 5707 Alexandro
3033 5656 3173 5715 dicit
3204 5665 3468 5726 Mosam.
