3914 6470
527 359 630 413 235
1379 339 1930 399 SUPPLEMENTUM
1971 345 2057 398 AD
2092 341 2414 399 ORIGENIS
2447 339 2851 396 EXEGETICA.
3693 352 3764 407 tm

525 483 884 532 contemnere;
910 467 998 520 sed
1027 466 1174 526 cede,
1206 473 1362 532 atque
1385 464 1449 515 ad
1477 463 1702 532 priorem
1735 465 2045 520 modestiam

2212 463 2414 534 ιαρτίαν
2433 502 2446 526 ,
2473 461 2671 531 ταύτης
2712 457 3016 528 ἀπέχεσθαι
3039 495 3054 519 ,
3104 451 3192 524 μὴ
3234 458 3652 526 καταφρόνει,
3681 455 3758 522 ἀλλ’

523 571 802 622 revertere,
835 559 884 611 id
907 565 986 610 est
1019 557 1085 608 ad
1110 551 1200 608 Dei
1237 555 1634 624 benignitatem.

2214 553 2408 622 αχώρει
2437 551 2526 604 καὶ
2558 550 2858 619 ὑπόστρεφε
2889 547 3035 617 πρὸς
3062 543 3179 614 τὴν
3217 538 3490 611 πρώτην
3551 558 3760 623 σωφροσῦ.

2144 661 2256 712 νην,
2286 642 2524 694 τουτέστι
2545 640 2678 710 πρὸς
2702 640 2800 710 τὴν
2823 636 2916 690 τοῦ
2947 633 3096 688 Θεοῦ
3125 628 3351 701 φιλανθ
3362 638 3634 698 ρωπίαν,

485 702 498 774 ί
578 742 606 774 ’θ
633 739 868 792 Gratiam
903 737 1029 790 dicit
1071 734 1158 788 Dei
1193 744 1488 804 prmcepta;
1545 735 1836 789 amicitiam
1893 752 2031 802 vero,

2211 702 2401 803 Χάριν,
2428 732 2526 794 τὰς
2555 702 2646 783 τὸῦ
2673 702 2805 783 Θεοῦ
2833 728 3064 790 ἐντολάς
3104 741 3260 794 φησι
3278 738 3294 751 ·
3335 719 3578 789 φιλίαν
3599 733 3757 808 res,»

512 839 747 882 amorem
775 838 899 891 erga
945 822 1106 876 Deum
1136 832 1188 874 et
1217 821 1535 890 proximum.
1580 821 1680 886 Qui
1730 837 1855 876 vero
1879 823 2040 879 Deum

2211 821 2275 883 μὺς
2323 821 2411 872 τὸν
2441 819 2569 871 Θεδν
2611 818 2704 871 καὶ
2744 816 2970 886 πλησίον
3002 814 3280 882 ἀγάπην.
3325 809 3390 862 Ὁ
3436 807 3547 872 δὲ
3585 807 3757 891 ἀγαπῶν

511 923 671 976 amat,
701 911 944 966 observet
964 926 1024 964 ea
1053 911 1188 977 apud
1211 926 1288 974 se,
1317 925 1379 963 ne
1407 910 1834 978 despectissimus
1860 929 2040 967 coram

2316 909 2384 962 εὺν
2408 909 2693 981 τηρησάτω
2715 907 2883 969 αὑτὰς
2918 907 2978 958 ὲν
3015 907 3216 970 ὲαυτῳ
3239 941 3256 965 ,
3301 901 3398 952 ἵνα
3448 912 3571 983 μὴ
3599 913 3758 969 gmw,
3861 936 3862 939 η

507 1003 600 1058 illo
626 1003 718 1066 sit,
749 1017 866 1056 cum
898 1015 1322 1068 unumquemque
1351 1015 1448 1067 pro
1482 999 1684 1052 meritis
1728 1001 1840 1055 suis
1875 1017 2044 1056 remu-

2215 1019 2315 1065 ςτος
2344 1001 2562 1072 γένηται
2596 1003 2723 1072 παρ’
2757 997 2924 1068 αὐτῷ,
2960 997 3054 1050 ὅτε
3084 994 3161 1048 τὰ
3189 994 3327 1046 κατ’
3358 989 3570 1056 ἀξίαν
3592 1004 3761 1079 ἑκάστῳ

507 1091 799 1146 nerabitur.
839 1091 904 1144 Et
938 1091 988 1143 in
1027 1088 1328 1157 Evangeliis
1375 1087 1623 1141 Salvator
1667 1088 1750 1150 iis,
1790 1089 1882 1157 qui
1938 1090 2038 1144 sibi

2206 1090 2388 1162 τονὲμῃ
2408 1108 2420 1118 ·
2444 1092 2580 1144 καὶὸ
2601 1090 2787 1160 Σωτὴρ
2821 1091 2878 1141 ὲν
2905 1083 3292 1154 Εὑαγγελίοις
3329 1081 3452 1151 πρὸ
3481 1111 3527 1156 ,ς
3544 1095 3652 1158 τοὺς
3678 1116 3752 1150 πε-

505 1182 872 1244 crediderant,
903 1179 1099 1234 Judaeis
1125 1180 1199 1232 ait
1233 1200 1244 1233 :
1279 1177 1339 1234 Si
1367 1194 1449 1232 vos
1493 1178 1546 1230 in
1577 1177 1726 1230 verbo
1754 1194 1864 1230 meo
1894 1195 2040 1232 man-

2207 1181 2487 1244 στευκότας
2507 1180 2651 1250 αὐτῷ
2665 1178 2949 1240 Ἰουδαίους
2979 1177 3160 1247 φησίν
3180 1190 3198 1207 ο
3243 1173 3397 1226 Ἐὰν
3428 1185 3634 1253 mlta}
3649 1190 3753 1256 μεί.

505 1271 702 1334 seritis,
730 1287 843 1324 vere
871 1269 1112 1338 discipuli
1134 1270 1231 1322 mei
1259 1269 1399 1335 estis,
1429 1278 1476 1322 et
1502 1269 1685 1320 veritas
1713 1269 1946 1321 liberavit
1978 1269 2040 1322 de

2203 1271 2278 1339 [τέ
2322 1271 2389 1324 ἐν
2417 1270 2496 1336 τῷ
2529 1272 2685 1339 λόγῳ
2727 1268 2807 1334 τῷ
2853 1266 3008 1337 ὲμῷ,
3051 1263 3319 1332 ἀληθῶς
3340 1279 3640 1345 μακθηταί
3651 1298 3749 1347 μου

504 1362 630 1433 legis
663 1360 1104 1416 maledictioue”.
1141 1360 1198 1414 Si
1240 1374 1368 1426 ergo
1407 1360 1640 1412 charitas
1671 1359 1879 1419 liberat.
1917 1359 2038 1412 Sal-

2306 1381 2309 1390 ’
2336 1360 2432 1415 καὶ
2456 1361 2751 1429 ήάλήθεια
2769 1357 3211 1426 ἠλευθέρωσεν
3236 1355 3313 1407 ἐκ
3343 1351 3490 1428 τῆς»
3510 1367 3746 1431 καταςοας·
3849 1429 3851 1433 ι

503 1463 660 1508 vator
685 1467 894 1522 quoque
918 1453 1103 1505 liberat
1132 1467 1144 1502 :
1177 1449 1420 1504 Christus
1456 1459 1630 1502 autem
1650 1459 1731 1502 est
1762 1450 1959 1502 veritas
1984 1458 2040 1502 et

2298 1451 2489 1519 θόμοιν
2519 1452 2566 1502 εί
2594 1446 2683 1502 οὖν
2713 1451 2746 1519 ὴ
2787 1448 2939 1517 φιλία
2991 1446 3294 1516 ἐλευθεροῖ
3316 1484 3332 1509 ,
3367 1452 3465 1500 καὶ
3503 1453 3534 1500 ὁ
3553 1452 3717 1518 Σωτὴρ
3829 1467 3839 1502 ,ί

502 1543 783 1598 charitas:
826 1541 965 1596 unde
991 1555 1173 1594 omnes
1211 1540 1304 1608 qui
1341 1538 1750 1595 habentChristi
1777 1539 2035 1602 notitiam,

2168 1541 2430 1612 λευθεροῖ’
2465 1541 2692 1613 Χριστὸς
2715 1540 2770 1592 δέ
2811 1542 2960 1591 ἐστιν
2994 1539 3030 1608 ὴ
3080 1536 3336 1606 ἀλήθεια
3371 1537 3464 1590 καὶ
3499 1540 3532 1603 ἡ
3564 1538 3714 1604 φιλία,

503 1634 661 1688 amici
711 1633 935 1686 invicem
969 1643 1110 1686 sunt.
1163 1632 1228 1685 Et
1270 1632 1441 1686 sancti
1493 1643 1675 1684 omnes
1723 1628 1882 1683 amici
1924 1627 2038 1695 ejus

2170 1631 2256 1684 θεν
2297 1632 2388 1684 καὶ
2419 1632 2616 1693 πάντες
2667 1631 2716 1682 οἱ
2749 1629 2966 1698 ἔχοντες
3015 1626 3237 1696 γνῶσιν
3283 1627 3556 1697 Χριστοῦ,
3593 1627 3716 1695 φίλοι

501 1728 629 1773 sunt
661 1735 673 1769 :
707 1728 865 1786 atque
895 1719 964 1771 ita
1013 1720 1079 1772 ob
1112 1719 1246 1772 hanc
1298 1718 1452 1771 unice
1497 1716 1830 1782 cbaritatem,
1879 1716 2034 1770 amici

2177 1721 2374 1792 λλήλων
2404 1721 2568 1773 είσίν·
2602 1719 2742 1772 οὕτω
2787 1717 2882 1772 καὶ
2913 1718 3016 1770 ἐπὶ·
3043 1714 3269 1786 ταύτης
3310 1716 3471 1785 μόνον
3505 1717 3605 1787 τῆς
3645 1735 3723 1786 φι-

503 1806 620 1872 Dei,
653 1808 808 1861 amici
846 1808 1068 1860 invicem
1095 1815 1239 1859 sunt.
2066 1802 2108 1856 B
2135 1809 2252 1872 λίας
2279 1810 2327 1861 οἱ
2354 1809 2446 1862 τοῦ
2478 1807 2639 1862 αὑτοῦ
2673 1807 2837 1877 φίλοι,
2866 1807 2965 1859 καὶ
2999 1805 3190 1859 ἄλλων
3232 1805 3347 1856 είσὶ
3375 1805 3548 1874 φίλοι.

565 1897 613 1929 υ
649 1898 746 1963 Qui
788 1898 1004 1950 edoctus
1037 1895 1137 1948 fuit
1167 1895 1411 1958 virtutes,
1446 1907 1645 1961 easque
1688 1908 1846 1964 opere
1884 1909 2036 1948 exer-

2214 1901 2271 1953 'O
2293 1899 2555 1969 διδαχθεὶς
2587 1901 2714 1970 περὶ
2750 1899 2857 1951 τῶν
2886 1897 3107 1967 ἀρετῶν
3135 1937 3150 1958 ,
3191 1896 3295 1948 καὶ
3337 1894 3553 1959 ταύτας
3585 1898 3725 1967 ἔνερ-

500 1999 606 2053 εθῐο
635 2003 718 2042 1⁸85
749 2001 871 2042 811³8
898 1985 1054 2040 ἷθοῖιθ
1081 1985 1334 2040 ουδίοάίί·
2134 1989 2264 2058 γῶν.
2293 1989 2361 2041 τὰ
2394 1990 2584 2042 ἑαυτοῦ
2607 1989 2865 2058 φυλάσσει
2894 1986 3381 2048 εὐσυναλλάκτως.

566 2078 710 2132 Pone
768 2077 999 2144 lapidem
1067 2075 1344 2128 sardinum
1433 2071 1728 2141 pretiosum
1776 2071 1829 2124 in
1875 2086 2034 2126 aurea

2203 2078 2439 2147 Ἔμϐαλε
2466 2079 2673 2148 σάρδιον
2723 2076 3015 2139 πολυτελὲς
3068 2077 3155 2139 εἰς
3188 2078 3419 2128 ὲνωτιον
3474 2073 3731 2146 χρυσοῦν,

498 2167 704 2230 inanre,
738 2175 792 2220 et
818 2164 1133 2232 sapientiam
1164 2159 1374 2214 Domini
1414 2161 1468 2214 in
1507 2169 1686 2214 mente
1723 2160 2034 2230 cupiditati-

2187 2169 2222 2221 tl
2286 2169 2470 2238 σοφίαν
2519 2167 2722 2241 Κυρίου
2784 2171 2864 2233 εἰς
2921 2169 3052 2223 νοῦν
3099 2169 3300 2240 ἀπαθῆ
3348 2169 3452 2222 καὶ
3511 2169 3733 2240 εὐήκοον

497 2254 597 2308 bus
629 2254 793 2307 libera
821 2261 875 2306 et
905 2254 1230 2320 obsequente
1261 2250 1383 2302 Deo.
2133 2261 2335 2330 κυρίῳ,

571 2347 613 2376 ¹²
649 2345 801 2399 Sicut
832 2358 896 2397 ex
937 2344 1057 2396 nive
1104 2339 1270 2394 ﬂuens
1326 2355 1462 2406 aqua
1521 2339 1575 2393 itt
1611 2339 1798 2393 messis
1856 2341 2034 2395 calore

2207 2352 2410 2419 ’Ὠσπερ
2434 2348 2492 2400 τὸ
2517 2350 2580 2400 ὲκ
2621 2347 2794 2417 χιόνος
2841 2361 3037 2418 εκρεον
3080 2348 3236 2420 ὕδωρ
3269 2350 3329 2401 ὲν
3356 2348 3576 2420 ἀμητῷ
3605 2347 3739 2400 κατὰ

497 2435 734 2504 prodest,
766 2441 820 2486 et
841 2442 1023 2486 aestum
1055 2431 1362 2499 refrigerat;
1399 2431 1477 2484 sic
1503 2439 1586 2483 est
1623 2431 1761 2484 Deus
1794 2444 1918 2499 erga
1964 2431 2030 2486 il-
2131 2439 2312 2510 καῦμα
2340 2438 2552 2506 ὠφελεῖ,
2587 2439 2681 2491 καὶ
2701 2438 2968 2510 ἀναψύχει
2998 2441 3297 2502 καύσωνα,
3331 2441 3522 2502 οὖτυ)ς
3559 2442 3590 2493 ὁ
3615 2439 3741 2501 θεὸς

498 2522 722 2592 los-qui
772 2528 1120 2588 susceperunt
1169 2517 1484 2584 sapientiam
1533 2523 1693 2583 atque
1751 2515 2029 2569 scientiam

2199 2527 2220 2579 ὶ
2255 2530 2366 2588 τοῖς
2409 2526 2709 2595 δεχομένοις
2739 2527 2839 2597 τήν
2881 2544 2940 2578 τε
2967 2528 3182 2595 γνῶσιν
3218 2529 3319 2580 καὶ
3360 2527 3580 2596 σοφίαν
3605 2567 3621 2592 ,
3656 2526 3745 2578 καὶ

495 2614 729 2682 itemque
763 2619 1026 2681 praecepta
1080 2607 1211 2675 ejus.
1258 2607 1326 2660 Et
1379 2606 1514 2660 sicut
1541 2606 1714 2658 nivem
1761 2604 2033 2674 liquefacit

2239 2617 2633 2689 προστάγματα
2684 2615 2882 2670 αὐτοῦ·
2935 2618 3034 2672 καὶ
3105 2619 3309 2691 ὥσπερ
3358 2619 3538 2690 χιόνα
3592 2620 3748 2689 τήκει

495 2714 678 2769 estus,
705 2703 776 2756 ita
809 2704 1000 2755 animae
1026 2699 1319 2769 nequitiam
1339 2697 1470 2766 justi
1498 2696 1598 2751 viri
1625 2695 1935 2752 admonitio.

2334 2727 2360 2773 ι,
2391 2709 2527 2761 οὕτω
2554 2710 2748 2762 κακίαν
2772 2709 2970 2781 ψυχῆς,
2995 2711 3226 2765 δικαίου
3255 2682 3662 2784 παραίνεσις..
3879 2704 3880 2709 ¹

568 2795 611 2827 ¹⁸
633 2792 787 2848 Sicut
832 2792 972 2847 venti
1021 2801 1076 2845 et
1111 2789 1276 2844 nubes
1325 2788 1502 2842 nautis
1545 2787 1776 2842 evidenti
1831 2787 2029 2842 indicio

2201 2801 2406 2870 ’Ὠσπερ
2439 2800 2625 2870 ἄνεμοι
2671 2801 2764 2853 καὶ
2796 2800 2934 2872 νέφη
2975 2801 3313 2874 πλωτῆρσιν
3359 2802 3746 2871 ἐπιφανέστα-

491 2895 638 2951 Sunt,
667 2883 950 2952 quominus
993 2879 1327 2949 naufragium
1374 2879 1688 2942 incurrant;
1722 2876 1796 2930 ita
1827 2877 2027 2930 haben-

2199 2891 2326 2944 ιτοῦ
2355 2891 2428 2961 μὴ
2455 2892 2786 2961 ναυαγῆσαι,
2834 2891 2978 2946 οὕτω
3023 2896 3148 2957 τοῖς
3197 2895 3262 2948 ὲν
3309 2893 3495 2963 σοφίᾳ.
3543 2891 3683 2946 Θεοῦ
3713 2894 3745 2960 ἡ

493 2977 637 3034 tibus
666 2976 758 3030 Dei
805 2972 1147 3043 sapientiam,
1183 2969 1322 3025 ’falsa
1372 2968 1593 3024 scientia
1628 2981 1695 3022 ne
1749 2984 1866 3021 cum
1916 2967 2028 3036 glo-

2200 2981 2318 3052 υδὴς
2352 2980 2567 3048 γνῶσις,
2599 2980 2690 3034 τοῦ
2722 2983 2796 3053 μὴ
2831 2984 2926 3037 σὺν
2957 2986 3080 3048 τοῖς
3117 2985 3534 3058 καυχωμένους
3571 2985 3631 3036 ὲν
3652 2982 3746 3034 αὐ-

493 3066 757 3122 riantibus
786 3063 838 3118 in
865 3076 926 3116 ea
950 3070 1192 3130 pereant.

973 3070 1192 3116 pereant.
2049 3109 2091 3139 ι,
2123 3070 2189 3139 τῇ
2214 3067 2519 3121 ἀπολέσθαι.

563 3157 608 3189 ¹⁴
631 3156 779 3211 Sicut
811 3109 1024 3220 corpdri
1061 3164 1180 3204 ossa
1212 3147 1576 3204 fortitudinem
1603 3145 1872 3214 roburque
1893 3159 2024 3199 con-
2049 3109 2092 3168 ο

2205 3159 2402 3228 Ὥσπερ
2427 3155 2502 3227 τῷ
2537 3153 2746 3225 σώματι
2793 3156 2862 3209 τὰ
2901 3157 3042 3211 ὀστᾶ
3100 3161 3272 3231 ἰσχὺς
3311 3160 3751 3230 καὶηὰσφὰλεια

490 3247 690 3311 ferunt,
723 3245 796 3298 ita
829 3257 887 3298 se
913 3242 1108 3295 habent
1137 3253 1262 3308 erga
1295 3237 1524 3292 animam
1557 3235 1804 3290 virtutes.
1834 3235 2026 3290 Conte-

2213 3265 2316 3318 μης
2333 3287 2348 3311 ν
2381 3245 2518 3298 οὕτω
2538 3249 2602 3316 τῇ
2632 3247 2774 3316 ψυχῇ
2811 3248 2867 3299 αῖ
2894 3249 3098 3319 ἀρεταὶ
3135 3253 3445 3321 πεφύκασι
3466 3266 3483 3282 ·
3531 3249 3754 3320 συντρίο

491 3340 563 3394 rit
595 3348 774 3392 autem
828 3347 951 3388 ossa
1005 3332 1135 3393 haec,
1174 3343 1290 3398 quae
1340 3337 1557 3397 peccata
1605 3340 1710 3379 non
1763 3334 2026 3394 praecavet

2209 3380 2210 3383 η
2260 3338 2316 3390 δὲ
2354 3336 2522 3390 ταῦτα
2562 3336 2628 3390 τὰ
2671 3339 2804 3390 ὀστᾶ
2852 3339 2928 3408 μὴ
2978 3343 3577 3415 παραφυλασσομένη
3639 3344 3755 3403 ταῖς

491 3429 689 3482 anima.
729 3421 982 3479 Nonnulli
1025 3426 1230 3489 partem
1271 3418 1461 3470 anima:
1514 3415 1816 3468 iracundam
1841 3452 1856 3477 ,
1889 3413 2024 3467 mol-

2211 3429 2416 3500 αρτίαις
2433 3441 2450 3457 ⁸
2477 3427 2616 3488 τινὲς
2639 3427 2694 3479 δὲ
2712 3426 2808 3498 τὴν
2828 3426 3053 3500 θυμώδη
3086 3432 3286 3504 ψυχὴν
3307 3413 3636 3504 (by-6'9,qu
3667 3449 3757 3502 ρα-

489 3517 592 3572 lem
627 3514 1040 3584 appellaverunt,
1072 3521 1190 3576 quae
1219 3521 1314 3560 sua
1345 3503 1539 3571 frangit
1564 3517 1686 3568 erga
1723 3501 1885 3554 Deum
1917 3502 2025 3569 spi-

2211 3518 2311 3589 ιὴν,
2343 3518 2460 3587 ἥτις
2494 3516 2763 3587 συντρίϐει
2793 3517 2862 3570 τὰ
2891 3519 3107 3589 ἑαυτῆς
3322 3501 3477 3576 Θεὸν
3508 3501 3757 3591 πνευμα-

490 3607 664 3661 ritalia
696 3618 836 3668 ossa,
873 3616 991 3671 quae
1022 3600 1198 3652 dicere
1229 3595 1482 3650 deberent
1514 3611 1526 3646 :
1560 3591 1796 3656 Domine,
1850 3591 2024 3645 Domi-

2216 3609 2248 3662 ὰ
2274 3609 2402 3660 ὀστᾶ
2425 3646 2439 3670 ,
2471 3605 2539 3660 τὰ
2571 3605 2846 3675 πεφυκότα
2870 3606 3057 3674 λέγειν
3083 3626 3100 3640 ο
3138 3591 3363 3682 Κῦριε,
3415 3614 3610 3681 Κύριε
3629 3653 3644 3677 ,
3672 3611 3757 3675 τίς

489 3714 573 3761 πε,
600 3697 711 3767 quis
739 3693 924 3749 similis
952 3689 1045 3744 tibi
1076 3689 1157 3741 ‘5?

952 3689 1045 3744 tibi
1076 3689 1157 3741 ‘5?
2126 3698 2321 3766 ὅμοιός
2348 3709 2481 3759 σοι;

562 3787 607 3818 ⁸⁸
631 3784 871 3839 Hominis
898 3793 1124 3848 nequam
1161 3777 1265 3839 via,
1295 3775 1531 3842 nequitia
1561 3781 1641 3827 est
1672 3789 1685 3825 :
1711 3780 1764 3825 et
1800 3786 1892 3841 pes
1917 3773 2020 3824 im-

2211 3786 2375 3839 (axoﬁ
2402 3787 2546 3850 όδὸς,
2577 3788 2610 3856 ἡ
2640 3785 2802 3839 κακία
2839 3787 2956 3840 ἐστί
2978 3805 2994 3818 ·
3041 3791 3148 3844 καὶ
3204 3793 3354 3858 ποῦς
3396 3792 3757 3865 παρανόμου,

487 3876 660 3948 ιτοὺί,
696 3872 1008 3945 improbitas
1041 3878 1140 3922 est.
1179 3865 1381 3921 Peribit
1410 3874 1585 3917 autem
1621 3864 1671 3916 in
1700 3863 1786 3916 die
1808 3863 2017 3931 judicii.

2210 3876 2484 3947 παρανομία
2507 3877 2652 3929 ἐστίν
2676 3894 2690 3906 ο
2731 3877 3010 3930 ἀπολεῖται
3033 3879 3096 3932 δὲ
3131 3883 3199 3936 ὲν
3239 3884 3450 3955 ἡμέρᾳ
3496 3863 3607 3953 τῆς
3637 3879 3756 3949 κρί-

487 3966 828 4023 Consuetudo
855 3961 1088 4018 hominis
1119 3960 1171 4013 in
1199 3956 1457 4013 vocabulo
1486 3957 1604 4022 vim,
1634 3968 1796 4023 opera
1842 3955 1894 4007 in
1931 3969 2021 4008 vo-

2211 3986 2259 4030 ος
2278 3985 2291 3998 ·
2325 3967 2433 4032 ἕξις
2465 3966 2551 4018 διὰ
2575 3967 2672 4038 τῆς
2700 3965 2841 4030 ὁδοῦ,
2877 3967 2972 4020 καὶ
2999 3969 3279 4041 ἐνέργεια
3308 3973 3416 4026 διὰ
3459 3971 3566 4026 τοῦ
3601 3969 3757 4034 ποδὸς

486 4059 676 4115 cabulo
705 4057 851 4126 pedis
886 4053 1226 4122 intelligetur.
1718 4085 1729 4096 .

912 4053 1226 4122 ntelligetur.
1718 4085 1729 4096 ~
2124 4059 2458 4129 νοηθήσεται.

485 4163 518 4191 η
559 4151 602 4182 ¹⁷
654 4150 806 4204 Sicut
833 4155 1040 4201 acetum
1092 4139 1326 4201 vulneri,
1376 4137 1517 4205 quod
1572 4136 1678 4203 jam
1714 4143 2019 4202 putrescere

2210 4151 2393 4217 Ὠσπερ
2424 4145 2484 4198 τὸ
2513 4143 2631 4207 ὅξος
2657 4144 2712 4194 ὲν
2754 4141 2902 4195 ἕλκει
2928 4143 3027 4197 τοῦ
3081 4149 3282 4223 ἀρχὴν
3324 4155 3514 4226 σῆψιν
3543 4155 3756 4226 ἔχοντος

489 4241 670 4310 coepit,
705 4238 894 4294 inutile
923 4245 1023 4301 est,
1069 4245 1374 4304 quanquam
1432 4227 1568 4283 cibis
1596 4226 1802 4281 confert
1831 4225 2018 4292 iucun-

2205 4233 2450 4302 ὃμφορον,
2481 4230 2653 4282 καίτοι
2687 4226 2973 4298 βρώματος
2992 4232 3113 4303 (21)
3152 4238 3324 4303 ὄντος
3361 4225 3456 4306 εἰς
3488 4225 3751 4314 ήδότητα,

490 4330 740 4392 ditatem;
774 4328 847 4380 ita
878 4327 1116 4380 mulieris
1146 4329 1462 4389 conspectus
1499 4326 1552 4370 et
1577 4316 1894 4383 colloquium
1926 4329 2020 4368 cor

2203 4340 2260 4374 τω
2285 4318 2536 4388 γυναικὸς
2568 4315 2765 4385 θεωρία
2791 4320 2885 4370 καὶ
2913 4321 3107 4389 ὁμιλία
3140 4330 3400 4400 καρδίαν
3429 4334 3749 4404 σπαράσσει

490 4416 750 4472 dilacerat
773 4414 892 4478 viri,
920 4414 1010 4482 qui
1038 4427 1097 4468 se
1117 4411 1301 4466 virtuti
1333 4407 1579 4462 addicere
1603 4412 1861 4474 coeperat.
1887 4402 2016 4455 Nam

2199 4415 2212 4464 i
2246 4411 2377 4481 πρὸς
2402 4407 2594 4478 ἀρετὴν
2624 4407 2812 4460 ἑαυτὸν
2838 4410 3094 4476 ἐκδόντος
3130 4420 3230 4472 καὶ
3267 4421 3471 4493 ἀρχὴν
3508 4402 3745 4494 ἔχοντος,

491 4519 611 4576 quae
636 4503 824 4558 incidit
849 4503 900 4556 in
933 4517 1026 4557 cor
1049 4500 1354 4562 commotio,
1387 4496 1622 4565 nequitia
1655 4502 1764 4558 est;
1795 4507 1899 4561 qua
1927 4492 2014 4560 qui

2214 4497 2319 4568 γὰρ
2346 4498 2675 4565 προσπίπτον
2702 4498 2767 4566 τῇ
2799 4498 2998 4570 καρδίᾳ
3027 4503 3233 4571 πάθος,
3268 4510 3308 4578 ἡ
3340 4492 3744 4565 κακία-εστίν·

491 4601 699 4656 carent,
757 4591 1006 4646 dicuntur
1057 4584 1542 4660 imperturbabiles.
1585 4611 1657 4625 —
1702 4581 1898 4636 Maeror
1941 4589 2023 4635 est

2219 4589 2355 4642 κατὰ
2385 4587 2632 4657 στέρησίν
2670 4605 2818 4651 τινες
2861 4591 3100 4657 ἀπαθεῖς
3139 4599 3743 4668 ὀνομάζονται,-Αύ-

499 4685 700 4742 caduca
749 4682 960 4736 caducae
1000 4680 1287 4749 voluptatis
1340 4677 1566 4747 privatio
1620 4693 1634 4729 :
1675 4675 1766 4729 sed
1809 4673 1894 4727 ille
1943 4680 2025 4726 est

2223 4678 2335 4730 ἐστὶ
2361 4677 2569 4747 φθαρτὴ
2595 4675 2848 4747 στέρησις
2882 4681 3140 4754 φθαρτῆς
3189 4689 3414 4763 ἡδονῆς
3441 4711 3456 4725 ο
3504 4694 3655 4766 λύπη
3689 4693 3741 4746 δέ

494 4771 774 4831 laudabilis
823 4783 1050 4834 mmror,
1098 4770 1187 4836 qui
1248 4769 1315 4824 ob
1369 4766 1720 4838 privationem
1767 4764 2022 4817 virtutum

2170 4785 2262 4820 rrw
2286 4766 2536 4836 ἐπαινετὴ
2562 4767 2814 4839 στέρησις
2848 4771 3063 4842 ἀρετῶν
3099 4779 3199 4831 καὶ
3236 4782 3532 4849 γνώσεως
3559 4764 3716 4840 Θεοῦ.

489 4864 835 4930 scientiaque
863 4860 956 4915 Dei
989 4859 1263 4927 contingit.

561 4953 679 4994 ¹³-¹⁹
708 4953 906 5007 Panem
956 4949 1054 5001 hoc
1084 4947 1205 5000 loco‘
1229 4947 1450 5002 solidam
1501 4946 1867 5000 mandatorum
1927 4942 2020 4995 Dei

2195 4950 2382 5019 ,Αρτον
2407 4944 2634 4999 ἐνταῦθα
2666 4947 2765 5020 τὴν
2806 4953 3037 5028 στερεὰν
3079 4957 3191 5011 τῶν
3215 4959 3482 5018 ἐντολῶν
3509 4968 3616 5038 τῆς
3637 4967 3735 5037 ψυ-

487 5062 667 5104 eseant
717 5040 906 5096 anima:
935 5038 1078 5092 dicit.
1114 5035 1278 5090 Potus
1298 5050 1425 5092 vero
1467 5036 1704 5090 divinam
1738 5033 2016 5090 scientiam

2250 5038 2638 5130 τροφήν-φησι·
2857 5044 2945 5109 δὲ,
2981 5048 3081 5117 τὴν
3111 5049 3268 5103 θείαν
3309 5056 3533 5120 γνῶσιν
3557 5033 3737 5130 δηλοίη

491 5135 774 5209 signiﬁcat.
808 5128 1078 5186 Carbones
1101 5127 1237 5187 ignis
1269 5126 1496 5194 appellat
1543 5125 1868 5180 sacrosancti
1898 5121 2019 5190 Spi-

2191 5128 2393 5217 θρακας
2437 5125 2506 5217 ’δὲ
2559 5129 2731 5217 πυρὸς
2783 5135 2886 5200 τὰς
2938 5141 3034 5193 τοῦ
3071 5141 3363 5207 παναγίου
3405 5121 3735 5217 Πνεὺμίατος

491 5236 628 5285 ritus
659 5225 817 5285 dona,
860 5233 977 5288 qua:
1022 5216 1305 5270 amburunt
1355 5227 1687 5284 purgantque
1742 5214 2014 5269 hominum

2200 5215 2350 5285 ρεάςν
2395 5212 2492 5276 τὰς
2533 5216 2902 5290 φλογιζούσας
2942 5229 3041 5283 καὶ
3076 5229 3488 5296 καθαιρούσας
3515 5212 3620 5298 τάς
3645 5234 3745 5288 τῶν

490 5321 641 5372 vitia.
674 5311 883 5368 Etenim
910 5309 1077 5378 ignito
1103 5305 1335 5360 carbone
1365 5307 1537 5376 tetigit
1564 5305 1848 5376 aliquando
1875 5316 2018 5358 sera-

2195 5302 2692 5393 demvauﬂSag'
2731 5310 2970 5386 ἄνθρακι
2999 5319 3112 5393 γὰρ
3139 5313 3334 5382 πυρὸς
3363 5320 3487 5375 τῶν
3524 5324 3741 5376 Ἦσαῖου

482 5411 681 5482 pbinus
709 5404 858 5459 Isaia:
889 5399 1024 5454 labia
1055 5413 1068 5449 :
1098 5397 1190 5468 qui
1219 5397 1546 5467 puriﬁcatus,
1578 5396 1784 5452 cunctis
1807 5401 2012 5464 postea,

2207 5393 2385 5462 ιαφεὶμ
2420 5391 2559 5461 θίγει
2592 5399 2820 5466 χειλέων
2839 5408 2972 5461 ποτέ
3009 5425 3024 5440 ·
3053 5391 3164 5465 ὁδε
3177 5403 3647 5481 καθηράμενος,
3673 5415 3753 5463 Δι-

546 5530 576 5560 "
605 5543 656 5580 ν.
705 5522 789 5577 10.
904 5520 946 5550 ¹⁰
979 5516 1124 5571 Ioan.
1167 5532 1282 5584 vui.
1314 5517 1401 5574 5i.
1486 5519 1527 5550 “
1555 5532 1604 5572 v.
1648 5517 1733 5570 ll.
1814 5514 1928 5566 ην.
1974 5512 2034 5567 13

489 5591 530 5628 ’τ
551 5612 602 5648 v.
628 5595 716 5648 «ιο.
793 5590 904 5634 ¹⁸-¹9
934 5605 981 5638 v.
1009 5586 1095 5638 21.

2223 5527 2267 5568 v.
2305 5512 2390 5567 14.
2474 5515 2517 5547 ιδ
2548 5533 2597 5574 v.
2626 5521 2712 5578 15.
2811 5527 2854 5559 ¹⁸
2885 5528 3037 5589 Psal.
3064 5536 3292 5618 sui”:
3319 5524 3420 5584 1οο
3519 5532 3568 5564 “
3593 5547 3646 5588 Vo
3678 5530 3757 5586 i9-

548 5683 664 5752 42!)
691 5682 727 5735 Ι.
761 5695 830 5736 m.
873 5673 1156 5751 βρώμασιν.

3880 3803 3881 3892 l

3879 4069 3881 4185 Ψ
