3914 6480
574 416 676 470 239
1423 403 1907 462 SUPPLEMENTU
1919 403 1963 456 M
1984 393 2084 455 ‘AD
2116 401 2429 458 ORIGENIS
2460 403 2635 459 EXEG
2645 402 2865 458 ETICA.
3667 397 3757 452 ειο

643 551 685 579 ³⁸
708 548 808 600 Fac
850 545 979 598 vites
1009 544 1151 598 stulti
1187 546 1325 599 viam
1359 546 1570 612 malam,
1607 552 1660 600 et
1709 543 1894 598 falsam
1922 544 2095 598 scien-
2123 545 2167 602 Α

2264 543 2481 614 Περίελε
2521 545 2746 614 ἄφρονος
2776 541 2898 594 ὁδὸν
2944 537 3136 608 κακὴν
3161 577 3176 600 ,
3229 537 3332 589 καὶ
3377 533 3576 602 γνῶσιν
3618 534 3760 609 ψευδῆ

574 650 693 692 tiam
727 651 752 688 a
783 647 830 688 te
855 635 1032 703 procul
1059 651 1266 689 amove.

2194 633 2408 702 μακρὰν
2437 634 2653 703 ποίησον
2695 633 2786 684 ἀπ’
2817 629 3010 683 αὑτοῦ.

549 762 553 777 .
635 729 677 759 ’θ
706 726 798 790 Qui
838 725 1140 792 impertitur
1164 739 1364 778 vesano
1390 724 1688 789 scientiam,
1720 723 1908 777 similis
1936 733 2019 776 est
2042 721 2090 775 ei

2271 722 2327 774 '0
2353 722 2658 792 μεταδιδοὺς
2690 723 2881 791 ἄφρονι
2916 719 3132 787 γνῶσιν
3153 757 3169 778 ,
3215 712 3413 784 ὅμοιός
3458 714 3572 764 ἐστι
3610 711 3678 782 τῷ
3699 713 3759 764 λί-

563 818 650 887 qui
685 816 837 868 vilem
872 814 1100 883 lapidem
1129 815 1179 868 in
1204 830 1366 869 aureo
1392 815 1587 869 annulo
1611 813 1870 876 collocat;
1907 811 1983 864 vei
2013 857 2015 863 ι

2215 820 2279 864 ιον
2303 812 2491 882 ἄτιμον
2515 816 2570 866 ὲν
2606 813 2862 881 σφενδόνῃ
2915 811 3099 880 χρυσῇ
3157 804 3586 876 προσπήξαντιο
3618 803 3647 874 ἢ
3697 803 3761 856 λε-

562 907 732 974 pidcin
762 905 1050 974 pretiosum
1088 906 1138 957 in
1189 905 1350 958 funda
1399 921 1514 974 qua:
1563 903 1788 974 lapidem
1834 901 2090 971 lapidanti

2077 901 2090 955 i
2191 897 2277 953 θον
2307 900 2517 972 ἔντιμον
2541 905 2597 955 ὲν
2632 900 2892 970 σφενδόνῃ
2918 895 3299 966 λιθοϐολούσῃ
3321 893 3623 945 λιθάσαντι.

559 999 800 1053 remittit.

624 1089 668 1120 ³ο
696 1089 750 1142 Si
779 1089 1071 1159 dissipetur
1103 1089 1514 1157 imprudentium
1555 1097 1761 1156 stupor,
1791 1103 1898 1157 quo
1923 1104 1951 1141 a
1983 1088 2089 1142 Deo

2271 1082 2392 1135 Ἐὰν
2422 1081 2676 1151 συντριϐῇ
2711 1082 2743 1150 ἡ
2781 1079 3043 1141 ἔκστασις
3073 1077 3193 1130 τῶν
3231 1075 3497 1159 ὀιφρόνων
3521 1114 3535 1137 ,
3575 1074 3686 1127 καθ’
3713 1076 3764 1143 ἦν

558 1188 918 1240 recesserunt,
942 1178 1116 1232 denuo
1147 1177 1326 1230 mundi
1362 1177 1482 1229 iacti
1514 1177 1577 1229 ad
1607 1176 1767 1230 Deum
1795 1174 2085 1228 accedent:

2219 1173 2477 1245 ξέστησαν
2509 1172 2640 1226 Θεοῦ
2666 1213 2680 1237 ,
2715 1173 2875 1224 πάλιν
2926 1170 3174 1241 καθαροὶ
3227 1154 3526 1238 γένόμενοι
3563 1170 3765 1239 προσέρ-

559 1267 737 1322 Omnis
786 1267 922 1320 enim
973 1283 1094 1318 caro
1125 1266 1310 1320 videbit
1361 1266 1602 1319 Salutare
1639 1264 1735 1318 Dei
1759 1264 1822 1322 ³¹.
1863 1263 1961 1318 llic
2009 1274 2090 1319 est

2221 1279 2368 1314 ονται
2401 1261 2476 1331 τῷ
2509 1262 2649 1332 Θεῷ·
2683 1259 2857 1314 Πᾶσα
2897 1262 3011 1330 γὰρ
3034 1260 3219 1328 ’σὰρξ
3250 1260 3472 1326 ὄψεται
3505 1259 3572 1310 τὸ
3599 1257 3765 1323 Σωτή·

555 1358 1098 1420 auimadvertentinm,
1149 1357 1292 1426 quod
1339 1356 1660 1411 incrassatas
1703 1367 1924 1426 peccato
1970 1357 2086 1410 ani-

2223 1368 2312 1404 ιον
2328 1349 2432 1404 τοῦ
2459 1351 2625 1404 Θεοῦ.
2687 1350 3029 1420 Προσεκτέον
3061 1349 3123 1400 δὲ
3156 1333 3429 1412 ἐνταῦθα,
3457 1348 3541 1400 ὅτι
3571 1347 3664 1410 τὰς
3686 1363 3766 1401 πα-

555 1462 691 1507 mas,
725 1462 912 1500 carnes
941 1447 1225 1500 stultorum
1255 1445 1564 1500 nominavit.
1591 1446 1679 1499 Sic
1713 1446 1872 1499 etiam
1907 1446 2084 1499 Domi-

2222 1447 2466 1508 υνθείσας
2494 1444 2668 1514 ψυχὰς
2692 1443 2798 1497 ἀπὸ
2827 1445 2929 1513 τῆς
2974 1443 3192 1506 κακίας
3214 1483 3230 1506 ,
3280 1442 3502 1512 σάρκας
3547 1440 3766 1510 ἀφρόνων

552 1552 654 1590 nus
679 1537 810 1589 dixit
839 1553 852 1588 :
885 1535 1003 1589 Non
1035 1537 1349 1604 permanebit
1391 1537 1603 1606 spiritus
1645 1553 1786 1591 meus
1823 1537 1879 1590 in
1917 1537 2082 1590 Itami-

2220 1538 2457 1607 ινόμασεν
2481 1549 2495 1564 '
2527 1535 2666 1588 οὕτω
2695 1536 2788 1587 καὶ
2814 1537 2842 1587 ό
2868 1535 3080 1605 Κύριός
3119 1551 3301 1603 φησιν
3326 1551 3342 1566 ·
3377 1536 3462 1587 οὐ
3507 1532 3594 1602 μὴ
3624 1550 3766 1586 κατα-

553 1627 724 1694 nibus,
757 1628 879 1697 quia
907 1644 1083 1681 carnes
1115 1637 1232 1679 sunt
1260 1626 1326 1681 ³².

2219 1629 2351 1693 κείνῃ
2376 1627 2441 1679 τὸ
2469 1624 2700 1692 πνεῦμά
2731 1643 2850 1693 μου
2875 1625 2945 1678 ἐν
2984 1624 3120 1690 τοῖς
3163 1623 3518 1694 ἀνθρώποις
3537 1663 3552 1688 ,
3583 1623 3676 1675 διὰ
3714 1621 3765 1674 τὸ

2181 1713 2330 1770 εἶναι
2352 1716 2568 1780 αὐτοὺς
2590 1715 2842 1781 σάρκας.

621 1807 666 1838 ³³
705 1806 803 1872 Qui
843 1815 1118 1875 postquam
1165 1814 1437 1874 peccatum
1484 1805 1650 1860 suum'
1675 1803 1886 1871 abiecit,
1912 1803 2082 1858 denuo
2115 1859 2154 1875 λ

2264 1808 2319 1858 '0
2347 1804 2631 1860 ἀποϐαλὼν
2654 1844 2669 1868 ,
2695 1805 2829 1874 φησὶ
2854 1843 2868 1867 ,
2911 1802 3124 1856 κακίαν
3155 1799 3337 1854 αὐτοῦ
3361 1839 3376 1862 ,
3410 1802 3509 1854 καὶ
3539 1801 3667 1871 πρὸς
3691 1803 3767 1854 αὑ-

551 1897 617 1950 ad
646 1895 769 1950 illud
805 1896 1102 1958 revertitur,
1149 1894 1338 1948 similis
1367 1903 1448 1948 est
1493 1893 1611 1946 cani
1643 1893 1897 1945 vomitum
1924 1906 2076 1945 suum

2221 1895 2277 1967 ὴν
2307 1859 2465 1948 πάλιν
2514 1859 2880 1964 ἐπιστρέῴας,
2934 1892 3130 1962 ὅμοιός
3197 1893 3326 1944 ἐστι
3364 1859 3520 1944 ’κυνὶ
3566 1859 3767 1944 ἐσθίοντι

551 1988 858 2042 resumenti.
887 1985 975 2040 Sic
1000 1987 1100 2038 fuit
1132 1983 1248 2038 Loti
1289 1998 1444 2049 uxor,
1491 1993 1547 2037 et
1580 1983 1664 2035 ille
1685 1983 1750 2035 ad
1778 1996 1934 2050 quem
1980 1981 2082 2035 itu-

2221 1986 2269 2037 5v
2296 1986 2421 2038 ἴδιον
2449 1985 2665 2054 ὲμετόνο
2695 1981 2783 2037 οἷα
2819 1980 2888 2054 ἦν
2911 1985 2945 2053 ἡ
2976 1982 3076 2035 τοῦ
3114 1982 3254 2035 Λὼτ
3292 1981 3440 2052 γυνὴ
3467 2022 3482 2047 ,
3521 1983 3616 2036 καὶ
3653 1983 3767 2051 πρὸς

546 2078 774 2132 mundus
800 2077 1016 2143 spiritus
1047 2074 1223 2128 rediit.

2180 2074 2236 2128 ὃν
2261 2075 2320 2127 τὸ
2350 2075 2648 2144 ἀκάθαρτον
2690 2074 2908 2144 πνεῦμα
2937 2073 3323 2144 ἐπέστρεψεν.

614 2168 662 2201 ⁸⁸
697 2167 956 2222 Utendum
988 2175 1071 2219 est
1095 2165 1198 2217 hoc
1228 2162 1383 2216 eii'ato
1425 2162 1684 2216 adversus
1734 2176 1825 2216 eos
1853 2161 1941 2229 qui
1970 2159 2081 2214 sui-

2246 2164 2518 2236 Χρηστέον
2538 2164 2710 2234 τούτῳ
2736 2164 2813 2234 τῷ
2846 2163 2998 2234 ρητῷ
3032 2164 3183 2235 πρὸς
3225 2165 3363 2227 τοὺς
3391 2163 3771 2235 ψηφιζομένους

550 2258 729 2328 {regiis
755 2255 1037 2309 nonnullos
1082 2254 1328 2321 indignos
1354 2251 1556 2320 eligunt
1597 2253 1663 2304 ad
1701 2251 2078 2311 sacerdotium,

2226 2255 2326 2316 ,νὰς
2355 2253 2460 2307 τῶν
2482 2253 2711 2319 ἀναξίων
2749 2255 2806 2307 ἐν
2839 2253 3138 2324 ἱερωσύνῃ,
3174 2253 3210 2323 ἢ
3246 2255 3308 2306 ἐν
3330 2254 3528 2325 κλήρῳ
3551 2271 3564 2284 ·
3603 2254 3660 2306 οὑ
3683 2251 3772 2322 γὰρ

546 2348 754 2401 elerove
779 2345 1070 2399 ascribunt.
1102 2342 1288 2410 Neque
1317 2343 1457 2396 enim
1496 2341 1773 2409 quisquam
1821 2356 1888 2394 ex
1926 2340 2081 2394 nobis

2226 2347 2363 2399 (τῶν
2390 2345 2508 2399 καθ’
2531 2347 2679 2416 ἡμᾶς
2707 2362 2792 2407 τις
2817 2346 2918 2414 τὴν
2963 2345 3399 2415 δικαιοκρισῑαν
3444 2347 3541 2398 καὶ
3588 2345 3772 2398 ἐλευθε-

543 2437 673 2506 justi
713 2437 898 2506 judicii
925 2435 1012 2502 jus
1055 2449 1117 2488 ac
1164 2433 1464 2486 libertatem
1507 2433 1560 2486 in
1598 2430 1833 2486 Ecclesia
1883 2432 2082 2485 consti-

2226 2437 2298 2489 ἴαν
2346 2437 2442 2506 τῆς
2485 2436 2805 2506 Ἐκκλησίας
2856 2437 3204 2506 ἐποιήσατο’
3243 2437 3279 2508 ἦ
3330 2437 3584 2508 ἡμετέρα
3629 2435 3772 2499 ἐστὶν,

548 2530 648 2582 ιιιίι
675 2544 690 2580 :
720 2541 888 2594 neque
911 2526 1019 2579 haec
1049 2524 1397 2594 praerogativa
1447 2533 1626 2576 nostra
1653 2530 1753 2588 est,
1793 2521 1884 2576 sed
1927 2521 2084 2575 Chri-

2226 2525 2312 2579 ititdt
2332 2524 2585 2597 Χριστοῦ,
2609 2525 2675 2578 δι’
2702 2525 2768 2595 ἢν
2802 2525 2986 2593 ἔκρινε
3016 2525 3347 2589 δικαιώσας
3386 2527 3584 2580 ἑαυτὸν
3616 2527 3772 2594 σφαγῇ

544 2618 636 2683 ειί,
673 2632 773 2686 qua
799 2615 1074 2684 judicavit,
1111 2623 1276 2668 semet
1299 2613 1600 2683 justiiicans
1625 2613 1833 2667 tradere
1864 2612 1998 2674 neci,
2026 2620 2080 2666 et

2226 2616 2418 2684 ιθῆναι,
2469 2616 2561 2668 καὶ
2593 2614 2819 2684 χυθῆναι
2859 2615 2920 2667 τὸ
2963 2613 3112 2685 αἷμα
3174 2616 3359 2671 αὑτοῦ
3403 2618 3548 2687 ὑπὲρ
3589 2615 3772 2686 αὐτῆς·

545 2707 856 2777 sanguinem
881 2721 980 2776 pro
1012 2705 1098 2758 illa
1125 2704 1362 2759 fundere.
1393 2703 1482 2756 Sic
1511 2703 1668 2756 etiam
1703 2702 1946 2772 quisquis
1979 2702 2080 2756 Ec-

2227 2705 2315 2758 itw
2349 2704 2481 2758 καὶὸ
2507 2705 2619 2766 vti;
2641 2721 2723 2767 τις
2758 2705 3090 2776 Ἐκκλησίας
3131 2707 3355 2771 οἴακας
3387 2704 3773 2778 ἐγκεχειρίσθαι

541 2796 718 2851 ciesite
764 2796 968 2849 clavum
1017 2806 1279 2861 occupare
1328 2801 1496 2860 Optat,
1537 2793 1693 2846 debet
1737 2792 2077 2862 semetipsum

2228 2793 2472 2863 τιθυμῶν,
2504 2793 2703 2861 ὀφείλει
2737 2794 2929 2847 ἑαυτὸν
2958 2795 3233 2850 ἐκδοῦναι
3263 2837 3279 2862 ,
3316 2799 3420 2851 καὶ
3449 2799 3551 2866 τῆς
3597 2796 3774 2867 κέρκου

542 2885 774 2950 tradere,
821 2893 874 2937 et
901 2882 1115 2949 maligni
1159 2879 1379 2934 caudam
1412 2889 1610 2945 tenere,
1651 2888 1706 2934 ct
1731 2894 1824 2934 eos
1856 2879 1946 2948 qui
1981 2879 2078 2933 sub

2228 2883 2268 2936 δῦ
2293 2880 2527 2952 πονηροῦ
2571 2883 2842 2953 κρατῆσαι
2863 2925 2877 2949 ,
2907 2884 3005 2936 καὶ
3033 2887 3174 2949 τοὺς
3207 2888 3325 2940 ὑπὸ
3356 2887 3463 2959 τὴν
3498 2884 3664 2941 αὑτοῦ
3692 2902 3774 2940 κα·

541 2973 779 3044 nequitia
817 2972 1001 3042 iacent
1047 2971 1296 3037 liberare,
1323 2980 1380 3028 et
1421 2971 1489 3026 ad
1519 2970 1716 3026 Christi
1750 2971 2075 3039 agnitionem

2227 2974 2299 3026 ἴαν
2323 2971 2696 3042 ἐλευθερῶσαι,
2723 2974 2816 3025 καὶ
2839 2975 2918 3037 εἰς
2942 2975 3046 3046 τὴν
3079 2977 3188 3030 τοῦ
3219 2978 3476 3048 Χριστοῦ
3504 2978 3773 3046 ἐπίγνωσιν

540 3065 823 3120 adducere.

2176 3066 2558 3136 προσαγαγεῖν.
3642 3071 3663 3084 ”

610 3157 653 3187 ³⁵
691 3155 840 3210 Sicut
883 3155 934 3208 in
970 3153 1126 3222 lignis
1154 3151 1385 3214 ﬂamma,
1438 3150 1511 3204 ita
1555 3149 1609 3203 in
1653 3150 1832 3218 pravis
1875 3151 2143 3230 cogita-C

2247 3155 2450 3224 Ὥσπερ
2493 3154 2549 3204 ὲν
2585 3151 2758 3215 ξύλοις
2801 3153 2861 3205 τὸ
2895 3153 3032 3225 πῦρ,
3064 3154 3262 3221 οὕτως
3316 3159 3380 3213 ὲν
3414 3161 3673 3231 πονηροῖς
3700 3159 3774 3212 λου

543 3248 774 3302 tionibus
804 3245 984 3314 gliscit
1021 3255 1078 3298 et
1125 3244 1232 3297 urit
1260 3243 1454 3297 mentis
1486 3242 1553 3295 ad
1591 3241 1862 3309 passiones
1893 3242 2071 3294 ardor.

2229 3247 2386 3314 σμοῖς
2431 3242 2609 3295 θάλλει
2645 3241 2738 3294 καὶ
2788 3243 2934 3294 καίει
2976 3245 3006 3295 ὁ
3045 3246 3200 3316 πρὸς
3251 3248 3330 3302 τὰ
3377 3251 3532 3322 πάθη
3567 3251 3659 3304 τοῦ
3697 3249 3775 3302 νοῦ

539 3337 640 3391 Ubi
679 3345 855 3388 autem
903 3350 1008 3388 non
1048 3334 1116 3387 sit
1154 3332 1348 3400 duplex
1374 3329 1682 3394 commotio,
1713 3329 1764 3382 id
1803 3338 1884 3383 est
1910 3329 2073 3383 animi

2227 3333 2366 3403 ιμός·
2397 3333 2527 3385 ὅπου
2552 3331 2607 3382 δὲ
2638 3332 2736 3383 οὐκ
2764 3331 2880 3384 ἐστι
2911 3332 3150 3404 δίθυμος
3173 3375 3191 3400 ,
3237 3340 3508 3392 τουτέστι
3552 3341 3773 3409 δίψυχος,

539 3425 878 3492 ambiguitas,
914 3425 1004 3477 sed
1039 3421 1119 3475 vel
1147 3421 1239 3475 Dei
1267 3420 1351 3474 vel
1369 3435 1682 3473 mammonae
1699 3434 1869 3485 amor,
1892 3435 2075 3474 cessa-

2232 3424 2283 3475 ,λ’
2323 3422 2355 3493 ἢ
2388 3422 2462 3491 τῷ
2503 3421 2640 3490 Θεῷ,
2681 3421 2713 3490 ἢ
2749 3421 2827 3490 τῷ
2864 3428 3198 3496 μαμμωνᾷ,
3247 3431 3704 3503 ἡσυχασθήσεται
3730 3427 3778 3494 ἐξ

541 3515 617 3568 bit
649 3515 701 3566 in
729 3512 942 3568 homine
974 3510 1246 3564 alteruter.
1280 3509 1412 3564 Nam
1444 3510 1488 3564 si
1517 3510 1696 3563 vincat
1734 3510 1822 3563 Dei
1854 3511 2074 3565 manda-

2230 3513 2330 3567 »τοῦ
2370 3514 2431 3566 τὸ
2461 3512 2517 3564 ἓν
2547 3512 2640 3564 τοῦ
2679 3512 2894 3580 ἑτέρουο
2927 3514 2961 3584 ἢ
2989 3515 3054 3566 τὸ
3107 3519 3212 3571 τοῦ
3265 3521 3416 3575 Θεοῦ
3463 3524 3776 3593 πρόσταγμα

541 3613 672 3668 tum,
713 3603 840 3656 illud
877 3601 1094 3670 maligni
1131 3609 1435 3663 evanescet,
1482 3607 1536 3654 et
1577 3614 1606 3651 a
1647 3598 1845 3652 malitia
1878 3601 2074 3656 otiabi-

2231 3603 2412 3674 κῆσαν,
2455 3601 2513 3655 τὸ
2543 3601 2634 3654 τοῦ
2669 3602 2903 3672 πονηροῦ
2956 3608 3327 3676 τακήσεται,
3373 3614 3477 3668 καὶ
3515 3617 3582 3685 τῇ
3628 3612 3777 3681 κακία

542 3705 629 3749 tur
656 3695 832 3750 homo.
863 3691 962 3746 Sin
983 3692 1138 3745 ambo
1163 3691 1395 3746 retinere
1428 3689 1674 3754 voluerit,
1704 3691 1809 3745 vita
1839 3692 2068 3760 excidet,

2230 3693 2636 3764 ιοσειρηνεύσει·
2675 3692 2768 3747 ἐὰν
2795 3693 2850 3745 δὲ
2877 3694 2946 3747 τὰ
2975 3696 3075 3750 δύο
3105 3699 3330 3765 ἕλοιτο,
3373 3706 3477 3758 καὶ
3517 3705 3618 3774 τῆς
3651 3703 3776 3770 ζωῆς

539 3793 593 3837 et
621 3780 996 3849 temporalibus
1033 3781 1193 3833 etiam
1223 3779 1555 3849 spoliabitur.

2168 3786 2403 3849 ἐκπέσοι,
2434 3785 2524 3836 καὶ
2552 3783 2657 3836 τῶν
2685 3785 3039 3857 προσκαξρων
3077 3794 3545 3866 στερηθήσεται.

605 3874 651 3906 ³⁸
681 3871 844 3926 Labia
889 3873 992 3926 hoc
1044 3871 1162 3925 loco
1205 3870 1555 3939 cogitationes
1587 3869 1733 3925 dicit.
1763 3871 1865 3938 Qui
1896 3883 2068 3926 autem

2236 3876 2397 3944 Χείλη
2445 3875 2672 3928 ἐνταῦθα
2721 3878 2844 3938 τοὺς
2895 3878 3215 3951 λογισμούς
3273 3905 3491 3958 φησιν’
3547 3891 3576 3941 ὁ
3614 3889 3670 3941 δὲ
3717 3886 3777 3938 τά

537 3963 729 4018 mentis
753 3960 890 4014 labia
915 3974 1020 4015 non
1050 3960 1222 4028 aperit
1245 3969 1431 4014 contra
1455 3959 1763 4027 malignum,
1807 3960 1914 4014 Deo
1941 3976 2071 4014 con-

2233 3969 2320 4065 il'q
2351 3966 2443 4065 τοῦ
2484 3966 2573 4065 νοῦ
2608 3967 2681 4065 psi;
2716 3967 2946 4065 ἀνοίγων
2987 3973 3140 4026 κατὰ
3178 3977 3286 4030 τοῦ
3335 3981 3617 4065 πονηροῦ,
3659 3980 3779 4052 πρδς

535 4049 694 4105 ﬂtens
728 4049 853 4111 vitia
884 4063 1007 4113 sua,
1044 4024 1305 4117 quotquot
1356 4047 1404 4101 ei
1435 4047 1520 4101 ille
1559 4024 1784 4103 inseruit
1814 4051 2067 4105 adversus

2303 4024 2314 4038 .
2608 4024 2621 4036 .
2669 4024 2681 4036 .
2845 4024 2857 4036 .
3083 4024 3136 4026 ν-
3193 4024 3281 4030 η-
3342 4024 3467 4034 η-..
3535 4024 3617 4048 η,
3667 4024 3696 4034 ..
3733 4024 3778 4041 -,

2233 4075 2254 4110 ν
2285 4057 2414 4109 Θεὸν
2456 4055 2943 4127 ἐξομολογούμενος
2971 4061 3044 4114 τὰ
3084 4067 3272 4134 κακὰ,
3305 4070 3417 4123 ὅσα
3443 4024 3779 4142 ’ὲινσσπείρεῗεν

537 4142 724 4203 Deum.
777 4139 874 4194 sed
927 4138 1101 4208 potius
1153 4138 1311 4203 celat,
1341 4136 1429 4190 hic
1464 4151 1694 4192 maerore
1741 4139 1936 4192 obruit
1973 4155 2068 4194 cor

2235 4146 2309 4216 τῷ
2344 4145 2482 4198 κατὰ
2512 4145 2604 4198 τοῦ
2636 4145 2792 4208 Θεοῦ,
2829 4149 2966 4202 ἀλλὰ
2997 4153 3280 4221 κρύπτει,
3328 4159 3492 4234 λύπῃ
3528 4136 3781 4216 καλῦπτει

536 4245 711 4295 suum,
756 4229 917 4284 stulte
958 4229 1270 4284 existimans
1313 4241 1373 4281 se
1403 4241 1506 4281 non
1541 4226 1739 4282 habere
1767 4238 2064 4298 peccatum,

2234 4235 2352 4287 υτοῦ
2403 4234 2646 4304 καρδίαν,
2690 4235 2747 4299 ἐξ
2804 4236 3132 4310 ἀφροσύνης
3192 4245 3279 4316 μὴ
3339 4222 3598 4319 νομξξων
3652 4250 3780 4318 ἔχειν

535 4332 708 4380 neque
758 4316 968 4372 interim
1021 4318 1262 4388 agnoscit
1303 4319 1392 4370 Dei
1424 4317 1794 4372 clementiam:
1824 4321 1944 4389 quia
1973 4337 2066 4390 po-

2236 4327 2456 4395 άρτημα
2495 4326 2550 4376 ἐν
2583 4323 2821 4384 nam“.
2861 4328 2963 4379 οὐκ
3012 4323 3183 4396 εἶδὼς
3221 4336 3334 4407 τὴν
3379 4316 3484 4393 τοῦ
3527 4316 3782 4394 Θεοῦ-εὑ-

537 4407 665 4469 tius,
693 4420 879 4475 nempe
906 4407 986 4460 liis
1019 4408 1088 4460 ita
1118 4407 1453 4476 sperantibus
1479 4415 1532 4460 et
1559 4407 1670 4461 haec
1711 4408 1758 4462 ei
1803 4410 2062 4466 conﬁten-

2237 4415 2514 4484 λαγχνίαν’
2545 4415 2623 4466 ὅτι
2669 4414 2863 4483 μᾶλλον
2900 4421 3012 4481 τοῖς
3047 4421 3239 4489 οὕτως
3286 4429 3650 4502 ὑπομένουσι
3699 4431 3782 4484 καὶ

539 4492 700 4557 tibus,
739 4507 964 4548 coronas
1002 4496 1206 4560 tribuit,
1258 4512 1354 4552 ceu
1411 4495 1646 4565 quotidie
1694 4507 1912 4567 propter
1939 4515 2058 4556 eum

2237 4503 2565 4572 ιγγέλλουσιν
2595 4502 2739 4573 αὐτῷ
2774 4504 2980 4572 ταῦτα,
3027 4488 3364 4582 στεφάνους
3408 4488 3689 4594 άπονέμει
3717 4521 3783 4583 ὡς

537 4582 926 4640 dimicantibus.

2167 4596 2284 4649 καθ’
2307 4593 2533 4663 ἑκάστην
2558 4593 2773 4648 ἁθλοῦσι
2800 4596 2866 4648 δι’
2891 4598 3057 4652 αὐτόν

1916 4687 2066 4745 CAP.
2104 4688 2312 4744 XXVII.

606 4770 648 4802 ³⁷
670 4769 873 4874 litauit,
901 4784 996 4838 pro
1017 4774 1222 4840 gaudet,
1245 4776 1523 4832 intellexit.
1548 4775 1676 4830 Nam
1705 4795 1832 4848 pura
1859 4783 2058 4846 anima,

2248 4781 2549 4851 Ἐμπαίζει,
2591 4783 2708 4874 ἀντι
2735 4783 2827 4836 τοῦ
2860 4789 3076 4856 χαιζοει,
3104 4793 3286 4850 ἔλαϐε
3309 4816 3323 4830 ο
3363 4802 3530 4874 ψυχὴ
3559 4804 3672 4873 γὰρ
3695 4820 3789 4855 κα-

537 4861 658 4920 dum
676 4857 1016 4912 deiiciaturin
1040 4861 1261 4916 scientia
1285 4864 1700 4933 Scripturarum,
1721 4869 1911 4938 gaudet
1927 4870 2060 4924 bene

538 4957 711 4967 “_____
774 4945 826 4967 ,,
863 4945 1060 4967 ,______-
1099 4949 1260 4967 μευ-
1319 4950 1342 4967 ι.
1373 4952 1385 4967 .
1844 4957 1855 4967 .
1956 4959 1967 4967 .

2675 4873 2700 4885 _
3380 4857 3392 4870 .
3453 4857 3488 4872 λ
3515 4857 3530 4874 .
3572 4857 3584 4872 .
3642 4857 3653 4873 ι

2220 4874 2327 4945 ιρὰ,
2389 4890 2780 4943 κατατρυφωσα
2839 4876 2942 4947 τῆς
3000 4883 3279 4952 γνώσεως
3338 4895 3465 4948 τῶν
3530 4895 3766 4967 Γραφῶν

535 4957 736 5002 satura.
765 4945 831 4998 At
863 4945 1066 5014 impura
1095 4949 1269 5002 anima
1316 4950 1502 5009 falsam
1531 4933 1746 5024 quoque
1779 4957 2067 5018 scientiam.

2239 4964 2334 5053 [ρξι
2373 4963 2780 5053 ἐμπιπλσῖμένψ
2823 4933 2968 5040 ’φυλὴ
3003 4933 3062 5024 δὲ
3109 4933 3465 5053 ἀκάδαρέὶέ
3486 5029 3502 5049 ν
3532 4933 3785 5053 agi;

535 5046 684 5106 putat
712 5036 928 5088 omnino
955 5050 1073 5089 esse
1108 5051 1308 5092 veram.
1654 5022 1671 5024 _

2210 5022 2491 5121 ευέοδνυελον
2523 5022 2934 5126 eiei
2957 5022 3502 5140 tanagtezzr

605 5128 649 5159 ³⁵
675 5125 767 5179 Vel
796 5123 970 5179 cordis
997 5123 1164 5188 locus,
1195 5137 1276 5180 est
1303 5129 1468 5184 virtus
1492 5146 1558 5187 ac
1584 5135 1837 5204 scientia;
1869 5152 1898 5190 a
1935 5137 2056 5206 qui-

2244 5143 2298 5194 'H
2326 5115 2485 5204 τόπος
2515 5115 2756 5211 καρδίας,
2793 5115 2962 5218 ἀρετῆ
2999 5155 3097 5203 καὶ
3130 5115 3525 5224 ἐπζῶἇῖξὲιῷ
3545 5149 3634 5220 ’ὧν
3659 5167 3790 5219 ἀπο-

534 5223 634 5282 bus
652 5217 913 5275 alienatus
938 5215 1118 5278 homo,
1141 5214 1329 5270 incidit
1359 5219 1411 5272 in
1444 5225 1733 5290 nequitiam
1764 5183 2059 5296 atquejin-

813 5304 971 5325 η.-,,,
1003 5318 1182 5325 --_-_-__
1615 5313 1626 5325 .
1842 5324 1847 5325 ν
1923 5313 1966 5325 -ο

2252 5183 2298 5194 ⁸·
2337 5183 2482 5204 ’ν’-ν’
2517 5183 2756 5211 “rm”,
2793 5183 2962 5218 “Pw
3001 5183 3097 5203 πυκνί
3142 5183 3382 5226 ῐνωσις,
3417 5183 3522 5234 αφ’
3553 5183 3634 5220 ων
3659 5183 3763 5219 απο

2217 5230 2401 5294 νωθεὶς
2437 5231 2712 5301 ἄνθρωπος
2740 5235 2928 5289 πίπτει
2956 5241 3037 5302 εἰς
3066 5247 3281 5300 κακίαν
3323 5255 3433 5307 καὶ
3475 5256 3763 5325 ἀγνωσίαν

533 5309 759 5370 scitiam,
813 5304 974 5371 [itque
1001 5318 1184 5358 servus
1233 5308 1435 5371 peccati
1487 5313 1646 5378 quod
1680 5295 1876 5382 patrat.
1923 5313 2056 5369 Nam

2541 5295 2551 5301 _
3017 5295 3033 5302 _
3325 5295 3433 5307 _,__
3475 5295 3514 5307 ,,
3570 5295 3784 5319 κων,

2243 5342 2249 5372 ι
2275 5321 2476 5388 γίνεται
2511 5320 2690 5383 δοῦλος
2715 5323 2812 5393 τῆς
2841 5327 3118 5398 ἁμαρτίας
3162 5339 3359 5394 ποιῶν
3391 5295 3590 5402 αὐτόν
3615 5367 3627 5379 ·
3660 5345 3789 5402 καθὸ

531 5408 792 5472 quatenus
830 5396 987 5448 homo
1013 5394 1287 5451 rationalis
1310 5406 1415 5462 est,
1443 5397 1586 5455 locus
1613 5403 1728 5474 ejus
1755 5404 1922 5458 virtus
1950 5411 2052 5458 est.

2005 5411 2052 5456 ιι.
2155 5408 2261 5480 γὰρ
2289 5411 2495 5477 λογικός
2528 5413 2662 5474 ἐστι,
2685 5413 2848 5479 τόπος
2876 5394 3045 5473 αὐτοῦ
3075 5425 3110 5492 ἡ
3147 5426 3365 5502 ἀρετή.
3399 5394 3466 5398 Ἥ
3489 5394 3551 5419 η’

526 5756 571 5788 ³⁷
669 5708 722 5813 ‘7':
764 5694 841 5793 7i.
867 5694 1007 5820 3;:
1043 5693 1094 5750 δ’
1169 5695 1212 5729 ³⁸
1261 5714 1307 5752 δ’·
1347 5698 1427 5758 ίο·
1504 5702 1544 5735 ³¹
1573 5702 1700 5759 an.
1733 5718 1815 5770 ιιι,
1863 5705 1916 5760 6.
1991 5702 2034 5740 “
2069 5715 2072 5743 ί

2249 5705 2394 5773 νι,5.
2471 5702 2515 5736 τι
2545 5719 2597 5761 v.
2634 5705 2717 5764 ιι.
2797 5710 2838 5743 υ
2878 5728 2926 5768 ν.
2971 5717 3054 5772 ι·ι.
3138 5719 3182 5753 δ’
3215 5736 3269 5779 v.
3312 5727 3425 5786 eo.
3523 5735 3576 5767 υ
3607 5734 3780 5792 ιει.
