3914 6438
202 425 292 479 ΞΗ

1375 425 1736 482 EXPOSITIO
1761 425 1830 482 IN
1857 422 2259 480 PROVERBlA.

3267 428 3371 486 942

264 534 400 598 Νοῦς
434 534 652 605 ἀπαθὴς
686 537 957 601 ποικίλοις
978 537 1250 611 τέρπεται,
1293 541 1450 612 σοφίᾳ
1488 543 1580 596 καὶ
1609 539 1737 610 γνὼ-

1909 541 1954 572 ³⁹
1991 538 2137 594 Mens
2165 536 2544 608 cupiditatibus
2591 535 2758 591 libera
2786 536 3108 593 multimodis
3133 539 3367 595 delecta-

204 643 296 688 σει,
323 623 412 677 καὶ
436 622 684 692 ὑμνῳδίᾳ
702 639 715 653 ⁸
755 625 886 690 νοῦς
908 626 964 679 δὲ
993 629 1275 699 ἐμπαθὴς,
1297 632 1353 682 ὲν
1385 631 1621 700 ἀγνωσία
1652 630 1744 682 καὶ

202 713 356 784 κακία
392 713 862 783 καταρρήγνυται,
904 718 996 770 καὶ
1029 721 1107 782 εἰς
1151 718 1344 789 πτῶμα
1377 721 1588 794 ἔρχεται
1615 720 1742 772 δυσ-

205 805 339 856 ίατον
368 802 453 854 κα)⁵
483 799 648 871 μέγα.

263 890 404 954 Φίλος
427 891 577 960 ἡμῶν
619 888 720 943 καὶ
752 887 867 942 τῶν
899 885 1170 959 πρόπαλαι
1204 887 1470 958 πατέρων,
1507 891 1600 944 καὶ
1637 894 1743 946 τῶν

201 983 309 1051 μεθ’
341 982 498 1050 ἡμᾶς,
539 983 569 1033 6
615 980 757 1042 Θεός
812 980 991 1031 ἐστιν·
1040 976 1197 1040 αὐτὸς
1242 976 1348 1048 γὰρ
1394 974 1574 1033 εἶπεν·
1618 979 1746 1050 Ἐμὲ

196 1069 566 1138 ἐγκατέλιπον
599 1066 818 1136 πηγὴν
865 1067 1078 1131 ὕδατος
1117 1065 1342 1132 ζῶντος,
1378 1068 1475 1121 καὶ
1513 1067 1746 1142 ὤρυξαν

195 1156 410 1222 ἑαυτοῖς
458 1155 732 1222 λάκκους
784 1155 1342 1224 συντετριμμένους.
1373 1186 1442 1197 --
1490 1159 1747 1215 Ἐνταῦθα

194 1244 402 1313 ἀδελφὸς
427 1245 456 1296 6
487 1245 723 1314 Χριστός
772 1245 895 1298 ἐστι
935 1244 1073 1298 κατά
1112 1245 1296 1316 χάρινο
1337 1247 1414 1309 είς
1451 1246 1507 1299 δὲ
1549 1247 1636 1300 τὸν
1669 1245 1746 1301 οἷ-

196 1353 278 1389 κον
312 1337 400 1388 τοῦ
441 1335 674 1405 ἀδελφοῦ
731 1353 858 1400 σου,
899 1336 1023 1389 ἄνευ
1064 1335 1169 1388 τῶν
1212 1335 1451 1401 ἐντολῶν,
1497 1331 1570 1390 ὧν
1615 1341 1744 1410 ἡμῖν

192 1425 420 1488 δέδωκεν,
465 1427 546 1487 είς
597 1425 862 1490 ἐξουσίαν
917 1425 1009 1478 τοῦ
1049 1425 1302 1478 εἰσελθεῖν
1352 1428 1432 1489 είς
1474 1427 1563 1479 τὸν
1602 1425 1744 1482 οἶκον

195 1514 364 1579 αὑτοῦ,
399 1516 674 1568 τουτέστιν
706 1518 790 1578 είς
821 1515 922 1587 τὴν
947 1516 1052 1568 τῶν
1080 1515 1317 1586 οὐρανῶν
1355 1516 1638 1586 βασιλείαν,
1671 1517 1744 1590 μὴ

193 1604 415 1676 είσέλθῃς
431 1603 642 1673 ἀτυχῶν
656 1604 891 1656 τούτων’
913 1603 1140 1665 τοιοῦτος
1156 1604 1260 1675 γὰρ
1274 1600 1339 1674 ἦν
1353 1606 1444 1657 καὶ
1461 1607 1487 1658 6
1499 1605 1744 1660 εἰσελθὼν

194 1697 270 1758 εἰς
300 1683 603 1764 τὸτ’γάμον,
655 1694 733 1766 μὴ
785 1695 930 1763 ἔχων
976 1692 1174 1764 ἔνδυμα
1219 1694 1425 1763 γάμουο
1478 1695 1646 1758 δεθεὶς
1689 1696 1745 1750 δὲ

195 1787 373 1856 χεῖρας
397 1785 485 1837 καὶ⁵
518 1785 683 1848 πόδας
729 1781 1001 1854 ἐξεϐλήθη
1042 1782 1134 1837 τοῦ
1166 1783 1362 1854 γάμου.
1396 1815 1462 1824 --
1500 1785 1742 1854 Ἀδελφὸς

195 1875 343 1946 ἡμῶν
372 1873 590 1928 ἐνταῦθα
619 1876 648 1927 6
678 1876 799 1927 τῶν
831 1875 1074 1943 ἀγγέλων
1099 1874 1252 1945 χορός
1289 1874 1429 1927 ὲστιο
1463 1876 1598 1929 κατά
1636 1879 1741 1948 γὰρ

193 1965 285 2033 τὴν
324 1962 425 2016 τῶν
468 1963 715 2031 ἀγγέλων
759 1964 927 2032 φύσιν
971 1965 1075 2035 πρὸ
1111 1965 1209 2035 τῆς
1254 1961 1606 2035 παραϐάσεως
1649 1968 1742 2020 καὶ

195 2052 433 2116 πτώσεως
461 2055 489 2106 6
511 2052 764 2116 διάϐολος
803 2053 912 2106 τῶν
945 2054 1184 2121 ἀγγέλων
1207 2055 1300 2107 καὶ
1326 2056 1478 2125 ἡμῶν
1501 2057 1705 2126 ὑπῆρχε
1723 2073 1736 2088 ’

197 2144 334 2212 φίλος
371 2144 426 2196 δὲ
463 2144 619 2214 ἡμῶν
661 2145 822 2196 ἐστιν
853 2147 882 2197 6
909 2144 1066 2207 Θεός*
1114 2148 1359 2214 κρεῖσσον
1389 2146 1444 2198 δὲ
1474 2146 1548 2215 τῷ
1579 2150 1739 2215 ἐγγυ-

192 2233 318 2302 τέρῳ
353 2232 442 2285 καὶ
483 2231 726 2303 ἀληθινῷ
790 2231 910 2302 Θεῷ
957 2233 1108 2302 ἡμῶν
1140 2234 1230 2286 καὶ
1271 2234 1404 2304 φίλῳ
1445 2235 1608 2302 ἐγγὺς
1649 2238 1741 2289 καὶ

193 2319 569 2388 πλησιεστέρως
605 2321 808 2384 οἰκεῖν,
833 2320 865 2390 ἢ
896 2319 974 2389 τῷ
1004 2318 1216 2391 μακρὰν
1243 2317 1332 2372 ἀπ’
1360 2320 1520 2374 αὐτοῦ
1555 2323 1739 2376 ἑαυτὸν

195 2412 459 2481 ποιήσαντι
509 2410 786 2481 διαϐόλῳ,
843 2409 918 2473 ὡς
971 2409 1178 2480 ἀδελφῷ
1229 2410 1501 2476 ὑπείκειν,
1549 2413 1626 2474 είς
1682 2411 1739 2466 τὸ

194 2499 560 2554 συναπολέσθαι
620 2499 799 2570 αὐτῷ.
831 2531 898 2541 —
934 2500 1212 2571 Κρείσσων
1263 2501 1291 2553 ὁ
1349 2501 1739 2572 συναπτόμενός

198 2605 276 2658 μοι
307 2588 391 2642 διὰ
417 2589 515 2661 τῆς
551 2587 799 2661 ἀληθοῦς
832 2587 1102 2658 γνώσεως,
1134 2591 1269 2661 ὑπὲρ
1297 2591 1384 2644 τὸν
1411 2593 1740 2663 συναπτόμε-

195 2678 271 2730 νόν
299 2696 380 2747 μοι
411 2679 566 2748 μόνον
597 2678 688 2732 διά
715 2678 822 2748 τῆς
854 2677 1084 2747 φύσεως.

257 2767 350 2819 Τοῦ
382 2765 666 2838 ἀνθρώπου
705 2761 880 2830 οἶκος,
921 2767 954 2836 ή
982 2767 1179 2838 ἀρετή·
1210 2765 1302 2819 ὲάν
1337 2763 1427 2820 οὗν
1471 2767 1544 2839 μὴ
1578 2784 1739 2821 σπου-

198 2856 338 2920 δαίως
361 2857 560 2926 ταύτης
607 2856 974 2927 ἐπιμελῆται,
1003 2859 1061 2910 ὲν
1102 2855 1274 2927 καιρῷ
1306 2859 1616 2930 πειρασμῶν
1643 2860 1737 2912 ὲκ-

200 2963 363 3000 mmet
391 2947 575 3016 αὐτῆς.

259 3040 392 3109 Συκῆ
420 3039 652 3094 ἐνταῦθα.
679 3042 718 3111 ἡ
753 3039 1064 3111 δικαιοσύνη
1106 3041 1138 3112 ἡ
1175 3039 1266 3092 τοῦ
1295 3041 1424 3094 Θεοῦ
1471 3043 1632 3106 ἐστιν,
1671 3044 1737 3113 ἣν

1845 637 1950 692 tur,
1989 626 2272 696 sapientia,
2309 633 2365 679 et
2395 624 2641 689 scientia,
2671 635 2834 694 atque
2864 625 3170 694 hymnodia.
3219 627 3369 685 Mens

1839 725 2025 772 contra
2056 713 2390 784 passionibus
2417 714 2668 776 obnoxia,
2695 713 2985 783 ignorantia
3005 723 3057 768 et
3093 714 3368 784 iniquitate

1839 804 2213 876 proscinditur,
2230 805 2387 872 fitque
2400 819 2585 874 magna
2603 805 2750 858 ruina
2763 811 2812 859 et
2827 817 2977 874 pmne
2991 803 3367 874 irreparabilis.

1907 896 1952 927 ⁸ο
1981 894 2200 948 Amicus
2246 905 2426 948 noster
2454 903 2506 947 et
2557 893 2892 961 antiquorum
2921 901 3130 961 patrum
3179 904 3232 947 et
3275 910 3368 962 po-

1842 994 2102 1046 sterorum
2133 994 2457 1046 nostrorum,
2486 981 2627 1035 Deus
2645 992 2746 1034 est.
2773 979 2892 1048 Ipse
2918 983 3060 1034 enim
3090 981 3259 1034 dixit:
3285 981 3369 1035 Me

1842 1073 2216 1142 dereliquerunt
2245 1072 2436 1139 fontem
2463 1087 2610 1141 aqum
2633 1070 2859 1132 viventis,
2887 1078 2935 1122 et
2958 1070 3246 1138 effoderunt
3269 1071 3368 1122 sibi

1843 1161 2093 1215 cisternas
2123 1161 2398 1228 dissipatas
2424 1159 2489 1213 “.
2515 1189 2585 1200 —
2609 1158 2719 1212 Hoc
2761 1159 2876 1212 loco
2921 1156 3084 1212 frater
3127 1158 3370 1212 Christus

1842 1261 1924 1306 est
1941 1265 2034 1321 per
2060 1253 2302 1320 gratiam.
2353 1251 2457 1303 Sed
2507 1251 2558 1303 in
2591 1250 2802 1303 domum
2837 1247 3017 1301 fratris
3045 1248 3139 1311 tui,
3171 1248 3370 1317 absque

1844 1341 2120 1410 praeceptis
2153 1355 2270 1409 qua:
2313 1338 2460 1394 dedit
2498 1339 2670 1402 nobis,
2702 1347 2761 1391 ut
2811 1337 2959 1406 copia
3006 1345 3148 1390 esset
3187 1337 3368 1405 ingre-

1843 1429 2018 1483 diendi
2049 1429 2101 1482 in
2129 1429 2342 1483 domum
2372 1428 2506 1497 ejus,
2539 1430 2588 1482 id
2628 1437 2708 1483 est
2742 1429 2793 1482 in
2831 1428 3082 1482 cmlorum
3121 1442 3366 1496 regnum,

1844 1536 1910 1575 ne
1937 1520 2172 1574 introeas
2205 1521 2248 1574 si
2290 1520 2374 1574 his
2408 1521 2620 1588 inquam
2667 1533 2868 1574 careas.
2919 1517 3050 1571 Nam
3083 1517 3200 1571 talis
3228 1527 3365 1582 erat,

1841 1610 1931 1678 qui
1969 1609 2034 1663 ad
2075 1610 2286 1678 nuptias
2315 1609 2522 1662 introiit
2558 1608 2756 1676 absque
2797 1620 2944 1662 veste
2983 1607 3224 1676 nuptiali,
3277 1608 3370 1676 qui

1844 1698 2022 1768 ligatis
2053 1699 2296 1752 manibus
2324 1713 2388 1753 ac
2413 1699 2634 1766 pedibus
2665 1701 2729 1753 de
2759 1699 2848 1752 illo
2879 1698 2994 1752 loco
3020 1698 3203 1766 pulsus
3246 1695 3365 1751 fuit.

1840 1815 1912 1830 --
1939 1787 2052 1852 Vel,
2077 1789 2244 1841 frater
2264 1797 2442 1843 noster
2465 1789 2565 1843 hoc
2587 1788 2704 1847 loco
2724 1797 2804 1842 est
2823 1787 3129 1857 angelorum
3150 1788 3366 1842 chorus.

1772 1851 1813 1906 Β
1839 1879 1968 1932 Nam
2011 1892 2106 1944 pro
2135 1891 2229 1931 sua
2253 1877 2487 1945 angelica
2519 1886 2706 1931 natura
2737 1885 2860 1932 ante
2895 1877 3367 1944 transgressionem

1838 1979 1891 2025 et
1933 1969 2132 2038 lapsum
2166 1967 2408 2023 diabolus
2453 1976 2508 2022 et
2539 1967 2844 2036 angelorum
2889 1975 2944 2022 et
2984 1967 3154 2021 nostri
3201 1967 3368 2023 frater

1836 2066 1971 2112 erat.
2005 2056 2108 2110 Sed
2147 2056 2350 2110 amicus
2381 2065 2562 2110 noster
2590 2057 2726 2109 Deus
2749 2063 2851 2109 est.
2881 2055 2996 2110 Jam
3021 2070 3146 2109 vero
3176 2056 3367 2112 melius

1836 2157 1938 2212 est,
1985 2146 2292 2216 proximiori
2321 2159 2554 2213 veroque
2601 2145 2708 2199 Deo
2757 2154 2938 2200 nostro
2972 2154 3134 2214 atque
3169 2147 3366 2209 amico.

1837 2248 1996 2302 prope
2017 2243 2073 2288 et
2101 2233 2398 2300 proximius
2434 2233 2698 2298 habitare,
2727 2249 2888 2302 quam
2928 2235 2977 2288 ei
3027 2235 3115 2301 qui
3165 2235 3232 2289 ab
3277 2235 3366 2291 illo

1837 2318 2018 2386 procul
2045 2334 2102 2373 se
2127 2320 2413 2384 submovit,
2443 2319 2664 2388 obsequi
2699 2329 2948 2389 tanquam
2991 2319 3167 2385 fratri,
3193 2321 3245 2376 id
3282 2330 3365 2376 est

1836 2411 2066 2476 diabolo,
2094 2420 2151 2467 ut
2175 2428 2294 2466 cum
2323 2413 2514 2470 eodem
2541 2428 2844 2483 pereamus.
2863 2442 2934 2456 —
2959 2414 3144 2469 Melior
3171 2425 3252 2470 est
3273 2417 3364 2485 qui

1835 2500 2066 2556 cohaeret
2094 2502 2222 2556 mihi
2257 2517 2352 2570 per
2377 2517 2558 2558 veram
2592 2504 2895 2572 scientiam,
2924 2519 3082 2575 quam
3111 2506 3202 2575 qui
3235 2506 3364 2563 mihi

1835 2592 2064 2645 cohaeret
2090 2591 2252 2645 solius
2275 2592 2321 2645 vi
2357 2601 2577 2647 naturae.

1901 2767 1947 2801 “
1975 2767 2216 2823 Hominis
2241 2767 2451 2834 domus,
2481 2777 2564 2825 est
2583 2769 2775 2830 virtus.
2801 2768 2916 2826 Nisi
2942 2785 3072 2842 ergo
3098 2771 3254 2841 hujus
3283 2772 3360 2828 di-

1834 2857 2081 2927 ligentem
2121 2873 2302 2914 curam
2341 2868 2510 2928 gerat,
2542 2860 2895 2921 tentationum
2934 2869 3176 2932 tempore
3203 2864 3272 2920 ab
3297 2878 3360 2920 ea

1831 2947 2063 3004 excidet.

1892 3038 1946 3082 .”
1970 3037 2131 3094 Ficus
2178 3039 2281 3094 hoc
2333 3039 2451 3094 loco
2493 3038 2704 3108 justitia
2739 3039 2833 3095 Dei
2883 3047 2985 3104 est,
3027 3053 3184 3108 quam
3214 3040 3267 3094 in
3301 3056 3359 3096 se

197 3123 239 3174 oi
267 3125 568 3190 φυτεύοντες
606 3127 666 3178 ὲν
717 3128 953 3189 ἑαυτοῖς,
989 3126 1082 3180 καὶ
1115 3126 1316 3197 ἑτέροις
1350 3129 1622 3198 μετάεςυτα
1660 3131 1736 3182 δι·

1837 3126 1966 3196 ipsis
1991 3126 2314 3196 plantantes,
2343 3128 2569 3197 aliisque
2593 3129 2842 3183 surculos
2893 3129 3359 3198 transplantandos

198 3213 372 3276 δόντες,
394 3213 481 3267 τὸν
512 3215 736 3286 καρπὸν
765 3216 934 3285 αὐτῆς
967 3218 1222 3284 φάγονται
1253 3219 1314 3270 ὲκ
1340 3219 1514 3289 χειρὸς
1540 3218 1735 3290 Κυρίου

1835 3217 2103 3281 cedentes,
2134 3217 2362 3271 fructum
2393 3216 2508 3284 ejus
2533 3215 2816 3272 comedunt
2841 3217 2907 3271 de
2937 3233 3094 3271 manu
3125 3217 3358 3282 Domini,

199 3301 280 3356 τοῦ
317 3303 464 3374 μόνου
495 3305 714 3360 δικαίου
753 3307 847 3360 καὶ
891 3306 989 3376 τὴν
1039 3307 1370 3378 δικαιοσύνην
1417 3308 1737 3378 βραϐεύσαν-

1834 3305 1924 3374 qui
1958 3306 2103 3360 solus
2117 3305 2297 3374 justus
2331 3314 2434 3371 est,
2457 3313 2512 3359 et
2533 3305 2794 3374 justitiam
2818 3315 3148 3360 muneratur.
3175 3305 3240 3360 Et
3270 3306 3356 3373 iis,

200 3409 300 3456 τος·
337 3398 426 3450 καὶ
462 3399 575 3460 τοῖς
607 3397 719 3466 τὴν
755 3395 1100 3465 δικαιοσύνην
1145 3397 1306 3450 αὐτοῦ
1353 3397 1612 3466 φυλάξασι
1644 3399 1737 3452 σὺν

1833 3395 1920 3461 qui
1945 3394 2208 3460 justitiam
2237 3394 2563 3459 custodiunt,
2594 3394 2732 3462 apud
2777 3408 2835 3448 se
2866 3395 3074 3463 positis,
3115 3395 3358 3450 concedit

204 3483 358 3555 ἑαυτῷ
407 3488 744 3551 συντάττων,
800 3485 1058 3556 ἀπονέμει
1101 3485 1455 3556 δικαιοσύνην,
1500 3487 1596 3556 τὴν
1646 3487 1737 3539 καὶ

1833 3483 2088 3552 iustitiam
2119 3485 2261 3539 illam
2306 3501 2426 3554 quae
2469 3485 2684 3554 angelos
2707 3485 2848 3554 ipsos
2871 3484 3130 3554 justiticat
3156 3495 3355 3539 aeterna

202 3574 435 3642 ἀγγέλους
475 3579 816 3643 δικαιοῦσαν,
864 3580 920 3630 ὲν
975 3581 1038 3648 τῇ
1088 3576 1336 3647 ἀτρέπτῳ
1394 3579 1489 3647 τῆς
1536 3579 1735 3630 δικαιο-

204 3660 347 3733 σύνης
384 3665 762 3737 λαμπρότητιο
801 3667 860 3730 ὃς
906 3666 964 3719 δὲ
1006 3667 1261 3734 φυλάσσει
1310 3667 1397 3720 τὸν
1443 3667 1595 3735 λόγον
1639 3668 1733 3721 τοῦ

203 3751 402 3823 Κυρίου,
444 3756 535 3811 τὸν
577 3756 790 3827 Κύριον
823 3754 1082 3824 φυλάσσει
1128 3756 1184 3808 ὲν
1227 3758 1290 3826 τῇ
1341 3756 1530 3827 καρδίᾳ
1573 3756 1732 3810 αὑτοῦ

205 3840 475 3912 ἀχώριστον
523 3841 666 3897 εἶναι
701 3846 795 3897 ἀπ’
833 3844 1032 3897 αὑτοῦ⁸
1067 3845 1418 3914 τιμηθήσεται
1458 3847 1512 3899 δὲ
1545 3849 1605 3900 οὐ
1641 3847 1734 3917 μό-

205 3935 279 3981 νον
303 3932 538 3986 ἐντεῦθεν
567 3935 677 3987 ὑπὸ
706 3935 813 3987 τῶν
842 3935 1104 4003 ἀγγέλων,
1130 3934 1262 3987 ἀλλά
1286 3935 1377 3987 καὶ
1407 3937 1464 3988 ἐν
1501 3935 1577 4006 τῷ
1611 3937 1733 4007 μὲλ-

205 4015 328 4072 λοντι
356 4022 456 4075 ὑπὸ
481 4023 576 4076 τοῦ
606 4024 721 4076 τῶν
751 4025 994 4092 ἀγγέλων
1025 4024 1370 4094 δημιουργοῦ.

261 4103 394 4174 Οἷον,
431 4115 529 4166 οὐκ
571 4113 855 4184 ἀτιμάζων
898 4114 990 4166 τὸν
1021 4113 1228 4182 ἄφρονα
1267 4114 1589 4183 ἀποστήσεις
1634 4117 1731 4186 τῆς

205 4195 505 4270 ἀφροσύνης,
550 4203 692 4256 ἀλλά
735 4203 998 4256 διδάσκων
1033 4203 1190 4254 αὐτὸν
1225 4202 1408 4265 ὁποίας
1455 4203 1729 4274 ἀτιμίαςὴ

204 4284 455 4360 ἀφροσύνη
496 4275 711 4360 γίνεται
760 4292 1053 4364 πρόξενος’
1095 4295 1123 4345 6
1170 4292 1276 4362 γάρ
1315 4294 1395 4355 είς
1448 4293 1729 4363 πρόσωπον

206 4373 410 4447 ἔλεγχος,
448 4382 924 4453 ἀναισχυντότερον
957 4384 1098 4434 ποιεῖ
1125 4382 1212 4434 τὸν
1239 4382 1623 4452 ἁμαρτάνοντα.

1825 3577 2043 3645 iustitiae
2077 3578 2339 3632 claritate.
2365 3577 2616 3645 Quisquis
2650 3577 2852 3632 Domini
2885 3577 3100 3632 verbum
3128 3577 3358 3632 custodit

1832 3669 1884 3722 in
1908 3668 2064 3722 corde
2085 3682 2198 3731 suo,
2230 3668 2505 3721 Dominum
2528 3668 2701 3736 ipsum
2727 3667 2975 3728 custodit.
3002 3681 3068 3721 ne
3087 3667 3242 3734 longe
3265 3667 3356 3719 ﬁat

1831 3758 1896 3812 ab
1918 3773 2002 3812 eo.
2037 3757 2207 3811 Porro
2238 3757 2586 3811 honorabitur
2615 3771 2717 3811 non
2747 3757 2904 3810 modo
2935 3771 3075 3810 nunc
3104 3757 3170 3809 ab
3196 3770 3354 3824 ange—

1830 3847 1916 3910 lis,
1975 3847 2068 3900 sed
2110 3846 2267 3900 etiam
2318 3846 2373 3899 in
2431 3844 2614 3900 futuro
2665 3845 2859 3900 saeculo
2921 3847 2987 3900 ab
3049 3844 3355 3914 angelorum

1828 3945 2086 3991 creatore.

1896 4114 1942 4145 ⁸⁸
1973 4111 2029 4166 Id
2057 4119 2159 4173 est,
2198 4126 2302 4166 non
2331 4125 2426 4180 per
2451 4109 2653 4164 illatum
2685 4108 2912 4164 dedecus
2949 4108 3164 4162 stultum
3200 4121 3350 4161 revo-

1826 4201 1974 4256 cabis
2007 4217 2036 4254 a
2066 4201 2289 4255 stultitia
2314 4200 2539 4265 sua,sed
2566 4199 2741 4266 potius
2763 4213 2883 4252 eum
2913 4198 3146 4252 docendo
3167 4196 3352 4265 quanti

1827 4292 2100 4346 dedecoris
2133 4291 2357 4345 stultitia
2393 4289 2463 4343 sit
2510 4303 2693 4343 causa.
2745 4286 2873 4340 Nam
2926 4286 3270 4354 reprehensio
3299 4285 3350 4340 in

1826 4383 2015 4436 faciem
2044 4381 2248 4449 objecta
2273 4381 2714 4450 impudentiorem
2736 4377 2862 4432 facit
2887 4386 3247 4445 peccatorem.
3335 4406 3346 4421 ο

264 4465 372 4519 Τῶν
409 4469 506 4522 τοῦ
541 4472 678 4524 Θεοῦ
715 4472 990 4542 ῥημάτων,
1033 4470 1099 4523 τὰ
1138 4471 1234 4540 μὲν
1274 4473 1352 4534 είς
1391 4469 1519 4523 υίῶν
1561 4468 1721 4542 ζωὴν,

1894 4473 1938 4504 ⁸³
1962 4473 2052 4527 Dei
2085 4472 2243 4525 verba
2275 4472 2468 4540 partim
2499 4470 2563 4523 ad
2594 4469 2840 4531 filiorum,
2873 4469 3064 4536 partim
3097 4470 3161 4522 ad
3186 4472 3350 4523 famu-

205 4551 262 4604 τὰ
285 4554 337 4606 δὲ
365 4558 440 4622 εἰς
466 4559 812 4631 θεραπόντων
838 4561 1159 4632 γέγραπται.

1823 4562 1991 4614 lorum
2013 4562 2291 4630 regendam
2325 4561 2484 4613 vitam
2521 4559 2714 4626 scripta
2744 4559 2971 4613 fuerunt.

1558 4653 1709 4707 CAP.
1748 4653 1976 4710 XXVIII.

269 4737 320 4790 Et
349 4739 487 4795 ἐστιν
517 4745 760 4815 ἀνδρεῖος
790 4745 847 4799 ὲν
871 4743 1156 4808 ἀσεϐείαις,
1196 4743 1344 4796 ἔστιν
1371 4745 1605 4814 ἀνδρεῖος
1636 4747 1726 4799 καὶ

209 4819 257 4871 ἐν
290 4824 526 4893 ἀρεταῖς·
577 4833 668 4884 καὶ
713 4834 760 4885 εί
788 4834 829 4899 ,ὁ
874 4831 1107 4900 ἀνδρεῖος
1146 4833 1204 4884 ἐν
1244 4831 1512 4894 ἀσεϐείαις
1569 4849 1725 4884 συκο-

211 4917 374 4976 φαντεῖ
405 4921 681 4987 πτωχοὺς,
723 4923 748 4973 6
788 4921 1026 4991 ἀνδρεῖος
1069 4923 1125 4974 ἐν
1160 4922 1373 4991 ἀρεταῖς
1423 4922 1723 4989 παρακαλεῖ

207 5003 454 5068 πτωχούς·
494 5008 686 5061 ούκοῦν
717 5011 824 5073 πᾶς
845 5012 872 5062 6
898 5011 1217 5080 παρακαλῶν
1250 5009 1488 5077 πτωχοὺς
1522 5012 1576 5062 ἐν
1609 5010 1752 5063 ἀσε-.

208 5085 357 5153 εείαιίὶ
422 5101 814 5168 συμπράττειν,
861 5101 1176 5166 συκοφαντεῖ
1215 5097 1406 5157 αὐτοὺς
1455 5097 1586 5166 πρὸς
1634 5099 1723 5151 τὸν

207 5173 338 5240 Θεὸν,
371 5185 643 5240 τουτέστιν
675 5187 1082 5254 ἀντιδιαϐάλλει,
1099 5189 1242 5250 ὅπως
1265 5185 1724 5240 συναπολεσθῶσιν

211 5265 354 5335 αὐτῷ.

279 5356 331 5406 '0
352 5356 541 5426 λαῦρος
567 5358 724 5419 ὑετὸς
749 5357 811 5408 οὐ
845 5357 998 5424 μόνον
1027 5361 1147 5422 τοὺς
1162 5363 1398 5431 καρποὺς
1418 5364 1723 5431 ἀπόλλυσιν,

214 5441 328 5497 ἀλλὰ
353 5449 440 5498 καὶ
461 5449 520 5500 τὸ
543 5449 833 5519 πρόσωπον
866 5446 961 5514 τῆς
999 5449 1118 5516 γῆς,
1153 5452 1211 5503 τὸ
1235 5455 1356 5514 τοὺς
1381 5456 1615 5524 καρποὺς
1640 5457 1719 5509 δι-

1896 4747 1942 4778 “
1963 4746 2018 4800 Si
2045 4755 2128 4800 est
2157 4746 2307 4799 fortis
2327 4747 2378 4797 in
2405 4744 2786 4813 impietatibns,
2815 4753 2895 4798 est
2921 4747 3083 4799 etiam
3114 4745 3266 4802 fortis
3289 4747 3344 4801 in

1825 4837 2126 4890 virtutibus.
2158 4837 2222 4889 Et
2247 4836 2293 4889 si
2327 4836 2479 4890 fortis
2520 4837 2572 4890 in
2602 4836 2956 4902 impietatibus
2993 4837 3343 4892 calumniatur

1824 4939 2099 4992 pauperes,
2116 4924 2204 4991 qui
2229 4922 2381 4978 fortis
2405 4933 2486 4978 est
2505 4925 2557 4978 in
2573 4925 2852 4978 virtutibus
2875 4925 3134 4980 confortat
3151 4941 3342 4994 paupe-

1829 5029 1932 5068 res.
1959 5015 2094 5080 Ergo
2117 5014 2207 5081 qui
2257 5029 2515 5082 pauperes
2550 5015 2818 5069 confortat
2858 5019 2922 5069 ad
2951 5017 3339 5085 participandas

1826 5105 2139 5170 impietates,
2196 5104 2548 5159 calumniatur
2600 5122 2691 5161 eos
2743 5108 2876 5175 apud
2918 5109 3116 5171 Deum;
3169 5107 3338 5160 idest

1825 5188 2060 5241 vicissim
2103 5189 2443 5255 criminatur,
2468 5201 2525 5244 ut
2552 5208 2652 5246 una
2675 5201 2913 5261 pereant.

1890 5367 2190 5422 Vehemens
2227 5367 2408 5436 pluvia
2438 5385 2540 5422 non
2584 5384 2754 5424 sonum
2807 5369 2984 5436 fruges
3012 5347 3329 5436 pessumdat,

1819 5473 2002 5510 verum
2035 5458 2190 5512 etiam
2223 5467 2379 5514 terra:
2403 5459 2611 5523 faciem,
2633 5475 2748 5528 qua
2777 5459 2954 5528 fruges
2980 5455 3199 5524 profert,
3238 5452 3331 5503 de-

212 5531 334 5600 δοῦν,
362 5535 685 5604 ὲξεδαφίζει·
712 5536 832 5587 ἔστι
867 5534 924 5587 δὲ
953 5538 1040 5588 καὶ
1071 5539 1219 5604 ὑετὸς
1249 5541 1528 5612 εἰρηνικὸς,
1559 5544 1718 5597 ποιῶν

1833 5556 2013 5602 vastat.
2041 5548 2134 5602 Est
2165 5549 2324 5602 etiam
2358 5549 2501 5602 mitis
2529 5549 2725 5618 pluvia,
2754 5563 2870 5616 qua:
2916 5545 3148 5598 floridam
3198 5541 3328 5594 facit

277 5709 315 5740 ³⁵
347 5727 392 5765 v.
419 5714 516 5770 9.0
543 5715 587 5748 W
618 5729 669 5765 ιν.
713 5710 798 5764 ιο.
874 5711 914 5740 ³⁸
945 5709 1045 5765 Jer.
1079 5729 1140 5776 ιι.
1176 5719 1255 5772 l5.
1331 5718 1373 5749 “
1399 5720 1562 5774 v.15.
1635 5721 1677 5752 ”
1704 5735 1732 5771 ν

1833 5720 1869 5774 3.
1946 5722 1989 5753 "
2023 5737 2071 5776 ν.
2110 5721 2201 5774 9.2.
2277 5721 2316 5753 "
2354 5738 2395 5774 ν,
2431 5723 2517 5774 27.
2591 5723 2631 5752 ⁸⁸
2659 5737 2706 5776 v.
2734 5720 2782 5770 5.
