3914 6402
605 383 709 436 2ιὸ

1433 381 1876 444 SUPPLEMENT
1893 389 1986 445 ΟΜ
2020 392 2110 445 ΔΙ)
2138 395 2458 456 ORIGENIS
2489 403 2888 466 EXEGETICA.

3621 427 3712 487 ‘2“

603 502 754 546 terrae
785 490 986 556 faciem,
1019 489 1256 545 nutriens
1282 505 1345 546 ac
1372 495 1648 552 vivilicans
1672 501 1849 572 fruges
1879 503 2013 572 eius.
2052 506 2100 560 El

603 582 879 602 ..-ι--...----
910 580 1111 602 -.-2.1-..
1167 595 1373 602 μ------Α
1393 584 1488 602 j_.-
1571 587 1594 602 ρ
1694 592 1725 602 η
1879 597 1891 602 -
2006 598 2016 602 -

2217 513 2438 580 εὐθαλὲς
2467 517 2525 572 τὺ
2561 523 2839 590 πρόσωπον
2869 525 2964 595 τῆς
2994 526 3116 596 γῆς,
3149 529 3242 582 καὶ
3271 531 3474 602 τρέφων
3499 535 3583 588 καὶ
3609 538 3715 602 ζωο-

599 582 879 635 vebemens
906 580 1137 647 quidem,
1167 584 1520 649 pessumdatis
1569 587 1828 660 frugibus,
1878 597 2116 654 homines

597 668 748 721 simul
775 667 1103 736 exstinguit;
1136 679 1192 725 at
1218 671 1363 728 mitis
1407 673 1593 732 alendo
1620 675 1819 749 fruges,
1846 685 2113 742 hominum

597 757 749 808 vitam
776 769 1070 811 conservat.

659 929 702 960 ⁸⁷
729 929 824 984 Est
868 931 952 985 lex
981 933 1197 1003 injusta,
1228 947 1280 992 et
1309 940 1433 995 item
1469 942 1554 996 lex
1581 945 1742 1014 justa.
1781 948 1978 1018 Injusta
2015 953 2114 1008 oh-

591 1027 953 1088 temperantes
983 1027 1082 1080 sibi
1116 1029 1291 1096 perdit
1325 1048 1339 1096 ;
1367 1031 1512 1098 justa
1552 1051 1654 1091 non
1682 1040 1834 1093 modo
1882 1041 2109 1110 longitu-

590 1108 763 1162 dinem
793 1111 1000 1166 dierum
1031 1115 1237 1181 tribuit,
1270 1120 1363 1174 sed
1392 1123 1552 1176 etiam
1579 1127 1732 1196 regni
1766 1108 2020 1185 caelorum
2056 1129 2126 1187 fit'

589 1197 834 1252 donatrix
880 1202 1369 1271 obtemperantibus
1421 1212 1544 1274 sibi.
1582 1219 1707 1284 quia
1731 1217 1834 1278 ,lex
1875 1221 1967 1274 Dei
2009 1234 2107 1276 est.

586 1286 837 1355 Quisquis
874 1305 1000 1344 vero
1027 1293 1191 1348 Deum
1224 1309 1386 1362 amat,
1422 1301 1590 1370 legem
1620 1319 1832 1374 quoque
1875 1309 2110 1376 ejusdem

588 1383 731 1428 amat
753 1393 768 1438 ;
793 1387 844 1430 et
873 1393 991 1446 quae
1038 1381 1120 1435 lex
1166 1387 1398 1450 mandat,
1428 1401 1693 1457 operatur.
1727 1395 1842 1451 Jam
1870 1401 2110 1470 quisquis

584 1461 684 1531 legi
719 1480 916 1520 morem
945 1472 1101 1536 gerit,
1137 1476 1591 1540 perturbationum
1643 1486 1874 1552 quietem
1923 1461 2110 1545 conse-

584 1555 766 1620 quitur
787 1567 840 1610 et
871 1558 961 1612 Dei
996 1563 1342 1631 agnitionem.
1393 1571 1541 1636 Quod
1583 1575 1629 1627 si
1676 1575 1806 1646 legis
1847 1589 2110 1638 amatores

585 1660 738 1699 muro
771 1660 828 1700 se
864 1655 1252 1720 communiunt,
1285 1673 1426 1712 nunc
1451 1676 1634 1716 murus
1663 1668 1894 1732 quietem
1925 1684 1954 1722 a
1984 1685 2108 1738 per-

584 1731 977 1792 turbatioitibus
1005 1741 1290 1812 significat,
1317 1755 1371 1800 et
1402 1749 1492 1804 Del
1522 1731 1796 1806 scientiam
1824 1772 1840 1820 ;
1875 1731 2000 1825 quae.
2021 1773 2109 1813 so-

584 1822 648 1876 lae
682 1827 998 1883 rationalem
1035 1843 1282 1889 naturam
1320 1841 1593 1896 custodire
1617 1855 1836 1912 queunt.

655 1999 700 2030 ’⁵⁸
725 2000 781 2054 Si
811 2002 1013 2059 divitiae
1039 2018 1161 2063 sunt
1191 2011 1470 2079 impiorum
1507 2019 1766 2086 nequitia,
1801 2021 1903 2076 viri
1935 2033 2112 2079 autem

584 2089 852 2156 sapientes
900 2108 994 2148 eas
1027 2097 1301 2164 abjiciunt,
1356 2111 1501 2168 patet
1534 2107 1824 2173 nequitiam
1873 2125 2112 2177 pessum-

587 2180 701 2232 dari
733 2196 760 2232 a
789 2182 948 2248 justis
976 2195 1133 2254 atque
1159 2192 1512 2270 sapientibus,
1545 2195 1668 2248 dum
1701 2213 1795 2266 per
1820 2202 2108 2270 spiritalem

583 2269 876 2324 doctrinam
910 2273 1146 2342 impuros
1173 2263 1238 2330 ad
1275 2279 1528 2336 virtutem
1569 2263 1848 2342 reducunt.

651 2356 695 2388 “
723 2357 1067 2429 Nequaquam
1111 2365 1194 2419 lex
1234 2383 1419 2436 preces
1465 2373 1773 2443 cujusquam
1809 2391 2104 2449 aversatur,

581 2446 674 2499 sed
721 2449 812 2515 qui
861 2451 981 2505 tulit
1029 2453 1198 2522 legem
1252 2459 1389 2515 Deus
1435 2477 1718 2518 aversatur
1755 2467 1870 2534 ejus
1921 2446 2105 2539 preces

579 2535 672 2604 qui
718 2553 901 2593 aurem
953 2555 1101 2597 suam
1149 2549 1362 2616 avertit,
1412 2553 1693 2618 quominus
1740 2535 1933 2614 audiat
1971 2565 2103 2633 legis

577 2635 870 2683 auctorem.
893 2630 958 2684 Et
992 2632 1186 2689 Paulus
1219 2637 1293 2690 ait
1325 2658 1336 2691 :
1369 2636 1602 2694 Prwscia
1644 2654 1812 2700 autem
1837 2630 2102 2718 Scriptura

576 2717 742 2782 futuri
783 2717 833 2750 '°
868 2737 882 2772 :
912 2734 1007 2789 pro
1037 2737 1104 2776 eo
1137 2739 1199 2778 ac
1224 2725 1386 2793 dicat,
1421 2729 1520 2795 Qui
1559 2730 1886 2802 Scripturam
1933 2740 2099 2806 dedit,

578 2807 894 2874 praesciebat
917 2809 1175 2866 futurum.

647 2898 690 2928 ⁸¹
718 2899 816 2963 Qui
865 2910 980 2954 sata
1016 2902 1068 2955 in
1103 2902 1217 2970 ejus
1242 2907 1400 2962 corde
1451 2923 1480 2962 a
1534 2912 1765 2983 maligno
1808 2918 1943 2971 mala
1992 2935 2098 2974 non

577 2990 860 3043 confitetur
891 2991 1019 3057 Deo,
1054 3003 1145 3047 aut
1176 2993 1284 3050 Deo
1317 3008 1469 3066 grato
1502 3001 1726 3066 homini,
1766 3019 1873 3059 non
1911 3021 2098 3062 conse-

576 3087 771 3145 quetur
797 3078 1002 3134 felicem
1047 3081 1113 3136 de
1153 3084 1384 3151 maligno
1426 3088 1718 3144 victoriam.
1773 3091 1871 3156 Qui
1918 3107 2093 3149 autem

575 3168 883 3232 conlitetur,
910 3170 1156 3236 diligetur
1201 3187 1229 3226 a
1281 3175 1389 3228 Deo
1436 3186 1489 3229 et
1520 3179 1587 3230 ab
1634 3180 1837 3248 angelis
1867 3182 2000 3247 ejus.
2032 3184 2096 3238 Et

492 3316 498 3324 _
573 3252 804 3309 Jacobus
826 3257 900 3309 ait
928 3275 941 3310 :
971 3255 1298 3324 Conﬁtemint'
1322 3262 1634 3316 alterutrum
1663 3276 1872 3330 peccata
1909 3281 2093 3335 vestra,

574 3356 630 3396 ut
651 3347 904 3398 sanemini
945 3348 1009 3398 υ.
1056 3349 1336 3404 Psalznista
1377 3367 1590 3421 quoque
1630 3356 1702 3409 ait
1743 3375 1756 3411 :
1801 3358 2096 3426 Conﬁtebor

574 3435 820 3487 adversus
847 3453 926 3489 me
958 3439 1266 3506 iujustitt'am
1290 3458 1455 3495 nteant
1484 3444 1724 3509 Domino,
1760 3458 1807 3500 et
1851 3463 1906 3502 tu
1946 3467 2096 3504 renu-

575 3524 691 3575 sisti
725 3524 1032 3591 impietatem
1054 3529 1224 3583 cordis
1251 3533 1349 3583 mei
1377 3532 1444 3586 ⁸³.

643 3702 692 3736 ³⁵
737 3705 906 3774 Iniqui
957 3710 1094 3778 regis
1147 3721 1456 3779 proventus,
1505 3715 1810 3784 iniquitates
1866 3730 1991 3776 sunt
2042 3733 2096 3777 et

576 3793 708 3848 falsa
735 3794 997 3864 dogmata.
1063 3799 1184 3854 Hmc
1227 3802 1366 3855 enim
1401 3804 1570 3858 eidem
1608 3807 1845 3874 pendunt
1898 3813 2094 3866 subditi

571 3881 704 3947 ejus.
733 3883 1135 3942 Calutnniantur
1159 3901 1336 3944 autem
1366 3892 1554 3960 Deum,
1584 3897 1674 3966 qui
1706 3898 1935 3968 maligno
1965 3901 2092 3956 obe-

573 3971 763 4037 diunt;
791 3974 914 4042 quia
946 3991 1047 4030 non
1076 3978 1203 4045 Deo,
1235 3981 1326 4034 sed
1353 3982 1569 4039 inimico
1598 3986 1714 4055 ejus
1740 3989 1950 4044 diabolo
1970 3991 2094 4046 sub-

570 4061 697 4130 jecti
726 4071 872 4117 sunt.
935 4065 1070 4130 Quia
1098 4082 1225 4122 vero
1251 4070 1386 4125 Deus
1417 4073 1528 4126 odit
1557 4075 1820 4131 diabolum
1862 4080 1931 4134 ob
1977 4096 2094 4150 per-

572 4163 731 4203 versa
770 4165 930 4218 opera
960 4153 1097 4222 ejus,
1133 4156 1222 4210 hic
1250 4158 1484 4214 vicissim
1515 4161 1874 4219 calumniatur
1922 4168 2093 4222 homi.

572 4253 667 4294 nes
700 4244 836 4310 apud
866 4244 1050 4299 Deum.
1105 4247 1204 4312 Qui
1237 4250 1349 4303 odit
1390 4251 1587 4306 laedere
1634 4255 1866 4310 animam
1919 4273 2092 4326 suam,

572 4327 784 4397 longum
808 4331 1000 4387 inﬁniti
1031 4337 1213 4391 saeculi
1245 4347 1452 4408 tempus
1474 4341 1638 4396 vivet.

636 4611 694 4643 '"
741 4610 921 4666 Virum
971 4615 1057 4668 hic
1105 4617 1423 4676 homicidam
1474 4623 1606 4678 dicit
1656 4625 1944 4680 diabolum.
1996 4627 2096 4694 Qui

571 4700 799 4768 spondet
846 4716 944 4770 pro
992 4703 1264 4772 iniustitia,
1310 4713 1536 4780 spondet
1585 4729 1680 4782 pro
1739 4717 1960 4785 Satana,
2005 4723 2096 4789 qui

572 4789 835 4858 promittit
877 4791 927 4844 ei
966 4793 1224 4863 vicissim,
1268 4799 1474 4856 fructus
1523 4804 1822 4873 iniquitatis
1854 4823 1912 4863 se
1939 4809 2094 4863 datu-

570 4891 711 4931 rum.
757 4907 828 4918 —
873 4879 1014 4936 Gens
1061 4884 1260 4953 iniqua,
1307 4889 1556 4960 dogmata
1606 4894 1903 4950 damonum
1947 4908 2092 4967 sunt,

570 4967 764 5034 quibus
796 4981 900 5022 non
935 4972 1159 5024 attendit
1185 4975 1320 5028 bene
1349 4979 1623 5036 institutus
1658 4983 1814 5038 illius.
1839 4984 2006 5040 Porro
2033 4987 2096 5041 fi-

569 5056 699 5109 lium
732 5057 859 5110 dicit
887 5073 986 5126 pro
1015 5069 1209 5115 mente.
1257 5065 1354 5130 Qui
1383 5083 1506 5124 vero
1539 5073 1700 5126 menti
1747 5075 2092 5144 impedimen-

570 5158 678 5200 tum
711 5148 877 5216 ponit,
908 5151 1192 5216 quominus
1241 5157 1304 5209 ad
1356 5172 1530 5225 pravae
1577 5164 1751 5230 gentis
1800 5167 2089 5234 nequitiam

567 5246 739 5293 semet
762 5237 999 5309 abjiciat,
1030 5239 1076 5295 is
1103 5249 1347 5302 tanquam
1382 5249 1502 5304 colli
1543 5251 1896 5310 immortalem
1921 5272 2085 5312 orna-

2214 611 2384 677 γονῶν
2427 615 2550 677 τοὺς
2593 617 2650 669 ὲν
2686 619 2818 690 αὐτῇ
2863 621 3136 692 καρπούςο
3185 624 3281 678 καὶ
3322 624 3351 675 6
3386 625 3480 696 μὲν
3519 627 3714 702 λαῦρος,

2212 700 2300 753 διά
2351 702 2451 772 τὴν
2508 704 2776 762 ἀπώλειαν
2837 709 2943 762 τῶν
2993 712 3219 782 καρπῶν
3274 714 3566 771 ἀποκτείνει
3616 700 3718 786 τοὺς

2212 793 2553 866 ἀνθρώπους,
2589 800 2618 850 6
2654 799 2710 851 δὲ
2750 801 3048 872 εἰρηνικὸς,
3091 803 3179 858 διά
3215 804 3322 859 τῶν
3365 810 3576 879 καρπῶν
3614 811 3719 876 ζωο-

2212 898 2376 949 γονει.

2283 977 2435 1031 Ἐστι
2479 978 2571 1032 καὶ
2602 979 2762 1049 νόμος
2809 982 3161 1054 παράνομος,
3203 986 3297 1039 καὶ
3325 985 3482 1057 νόμος
3519 989 3720 1055 δίκαιος·

2212 1065 2302 1117 καὶ
2325 1069 2353 1118 6
2388 1068 2483 1136 μὲν
2543 1070 2852 1140 παράνομος
2890 1072 3024 1136 τοὺς
3065 1074 3213 1144 αὐτῷ
3259 1077 3590 1147 πειθομένους
3612 1084 3720 1135 ἀπο-

2211 1156 2320 1207 λεῖ*
2350 1160 2378 1209 6
2407 1157 2463 1210 δὲ
2482 1159 2683 1224 δίκαιος
2707 1162 2765 1213 ού
2798 1162 2955 1230 μόνον
2990 1165 3303 1236 μακρότητα
3325 1167 3534 1238 ἡμερῶν
3560 1169 3715 1240 δωρεῖ-

2209 1263 2325 1310 ται,
2367 1248 2500 1300 ἀλλά
2542 1251 2633 1302 καὶ
2676 1251 2946 1320 βασιλείας
2985 1255 3226 1324 οὐρανῶν
3260 1256 3508 1327 πρόξενος
3546 1260 3717 1326 γίνεται

2208 1339 2319 1399 τοῖς
2351 1339 2496 1410 αύτῷ
2529 1340 2856 1408 ὑπείκουσιν,
2897 1345 2978 1399 ὅτι
3021 1344 3117 1397 τοῦ
3149 1345 3284 1398 Θεοῦ
3318 1348 3463 1400 ἐστι’
3503 1350 3599 1413 πᾶς
3626 1350 3719 1404 δὲὸ

2209 1425 2434 1493 ἀγαπῶν
2481 1427 2571 1481 τὸν
2619 1431 2768 1495 Θεὸν,
2818 1432 3010 1503 ἀγαπᾷ
3072 1435 3165 1486 τὸν
3209 1434 3368 1504 νόμον
3413 1436 3602 1502 αὐτοῦ,
3644 1440 3719 1490 καὶ

2210 1519 2350 1568 ποιεῖ
2378 1517 2445 1569 τὰ
2475 1517 2566 1572 τοῦ
2594 1521 2756 1590 νόμου
2775 1538 2788 1551 ·
2826 1523 2933 1585 πᾶς
2961 1523 3018 1574 δὲ
3051 1523 3080 1574 6
3107 1523 3276 1578 ποιῶν
3302 1525 3391 1577 τὸν
3419 1525 3586 1596 νόμον,
3613 1527 3720 1580 ἀπά-

2211 1603 2353 1658 θειαν
2383 1608 2572 1660 κτᾶται
2607 1609 2698 1660 καὶ
2729 1609 2926 1676 γνῶσιν
2969 1611 3134 1665 Θεοῦ’
3173 1616 3222 1666 εί
3265 1614 3323 1666 δὲ
3352 1617 3399 1666 oi
3441 1615 3718 1683 ἀγαπῶντες

2206 1692 2296 1744 τὸν
2325 1694 2504 1763 νόμον,
2540 1697 2970 1767 παραϐάλλουσιν
3002 1702 3216 1765 ἑαυτοῖς
3237 1705 3429 1771 τεῖχος,
3456 1703 3544 1757 νῦν
3579 1707 3720 1774 τεῖχος

2209 1779 2304 1849 τὴν
2349 1783 2609 1838 ἀπάθειαν
2643 1787 2890 1856 σημαίνει
2937 1789 3034 1843 καὶ
3069 1790 3167 1860 τὴν
3217 1792 3414 1860 γνῶσιν
3461 1791 3550 1845 τοῦ
3589 1793 3716 1857 Θεοῦ,

2216 1868 2356 1940 ἅπερ
2403 1873 2536 1940 μόνα
2579 1875 2788 1932 πέφυκε
2835 1877 3127 1946 φυλάσσειν
3175 1879 3272 1950 τὴν
3316 1879 3471 1948 φύσιν
3519 1880 3609 1951 τὴν
3650 1881 3719 1933 λο-

2226 1961 2390 2029 ίικήν.

2282 2049 2343 2100 El
2376 2049 2596 2113 πλοῦτος
2637 2053 2844 2105 ἀσεϐῶν
2877 2055 3077 2120 κακία,
3117 2057 3307 2128 ἄνδρες
3341 2059 3398 2111 δὲ
3430 2059 3573 2128 σοφοὶ
3609 2059 3718 2112 ἀπο-

2211 2137 2450 2191 λέσουσιν
2479 2141 2656 2206 αὐτὸν,
2702 2142 2859 2212 δῆλον
2891 2145 2968 2208 ὡς
2996 2147 3195 2199 κακίαν
3232 2148 3571 2201 ἀπολλύουσιν
3595 2151 3638 2201 οί
3660 2147 3721 2201 δί-

2210 2243 2350 2280 καιοι
2392 2229 2481 2281 καὶ
2515 2232 2694 2298 σοφοὶ,
2724 2231 2810 2286 διά
2859 2235 2960 2304 τῆς
3004 2239 3378 2307 πνευματικῆς
3419 2237 3720 2299 διδασκαλίας

2206 2317 2329 2380 τοὺς
2356 2317 2690 2389 ἀκαθάρτους
2713 2322 2846 2391 πρὸς
2872 2324 3074 2395 ἀρετὴν
3104 2327 3478 2395 ἐπανάγοντες.

2275 2409 2384 2478 Ούχ
2425 2413 2453 2462 6
2497 2410 2655 2478 νόμος
2704 2411 3052 2480 βδελύσσεταί
3096 2433 3242 2479 τινος
3287 2416 3386 2488 τὴν
3436 2417 3718 2488 προσευχὴν,

2205 2497 2315 2550 ἀλλ’
2340 2501 2368 2551 6
2399 2498 2640 2563 δεδωκὼς
2673 2502 2763 2554 τὸν
2803 2503 2968 2573 νόμον
3007 2504 3175 2570 Θεὸς,
3213 2507 3305 2559 τοῦ
3339 2507 3650 2569 ἐκκλίνοντος
3673 2508 3718 2558 τὲ

2202 2583 2294 2650 οῦς
2330 2589 2510 2653 αὑτοῦ,
2545 2590 2637 2642 καὶ
2671 2592 2744 2662 μὴ
2777 2594 3081 2649 εἰσακούειν
3123 2595 3399 2659 ποιοῦντος
3425 2596 3512 2649 τοῦ
3551 2597 3717 2664 νόμου·

2202 2678 2294 2730 καὶ
2332 2679 2360 2729 6
2396 2678 2601 2742 Παῦλός
2647 2698 2809 2752 φησιο
2850 2685 3225 2752 Προειδοῦσα
3271 2685 3338 2738 δὲ
3377 2688 3414 2753 ἡ
3443 2684 3633 2752 Γραφὴ
3666 2684 3718 2736 τὸ

2195 2766 2441 2833 μέλλον,
2470 2768 2587 2820 ἀντὶ
2612 2769 2731 2834 τοῦ,
2761 2771 2818 2823 Ὁ
2844 2773 2945 2844 τὴν
2961 2774 3182 2845 Γραφὴν
3197 2773 3437 2837 δεδωκὼς
3464 2772 3718 2844 προῄδειτδ

2203 2855 2438 2998 μὲἒὲοῖίὰ
2470 2947 2855 3017 ὲνσπειρόμενα
2891 2948 2950 3002 ὲν
2981 2951 3048 3020 τῇ
3089 2949 3287 3022 καρδίᾳ
3325 2950 3483 3004 αὑτοῦ
3525 2950 3618 3004 ὑπὸ
3641 2949 3717 3001 τοῦ

2197 3036 2428 3107 πονηροῦ
2462 3035 2625 3100 κακά,
2667 3038 2740 3107 μὴ
2769 3037 3112 3107 ἐξαγγέλλων
3143 3041 3280 3094 αύτά
3307 3041 3492 3110 Κυρίῳ
3526 3040 3596 3109 τῷ
3623 3039 3718 3107 Θεῷ

2123 3124 2226 3199 cf}
2275 3123 2500 3192 θεοφιλει
2525 3124 2788 3196 ἀνθρώπῳ
2832 3128 2983 3197 (24),
3039 3131 3138 3182 οὐκ
3187 3129 3714 3200 εύοδωθήσεταιὲντῇ

2200 3214 2337 3267 κατά
2375 3213 2464 3266 τοῦ
2511 3216 2740 3285 πονηροῦ
2793 3218 2954 3291 νίκῃ·
2984 3223 3013 3272 6
3057 3221 3115 3273 δὲ
3169 3220 3492 3287 *ξαγγέλλων
3532 3220 3716 3287 ἀγαπη-

2201 3306 2415 3376 θήσεται
2453 3307 2554 3359 ῦπὺ
2585 3307 2676 3360 τοῦ
2711 3309 2842 3362 Θεοῦ
2887 3314 2982 3364 καὶ
3011 3311 3122 3364 τῶν
3158 3313 3401 3380 ἀγγέλων
3432 3309 3583 3366 αὑτοῦ
3601 3327 3613 3339 ·
3644 3307 3718 3361 καὶ

2199 3397 2226 3448 6
2261 3395 2507 3457 Ἰάκωϐὁς
2536 3413 2727 3466 φησιν’
2769 3400 3087 3467 Ἀλυῖήλοις
3117 3401 3500 3470 ἐξατγέλλετε
3537 3400 3602 3452 τὰ
3627 3413 3718 3449 παρ

2191 3484 2541 3554 ραπτώματα
2570 3486 2754 3554 ὑμῶν,
2793 3489 2958 3557 ὅπως
3006 3491 3235 3559 ἰαθῆτε·
3271 3491 3364 3544 καὶ
3405 3493 3432 3544 ὁ
3460 3486 3720 3557 Ψαλμῳδδς

2198 3571 2344 3627 εἶπεν
2363 3591 2376 3603 ·
2411 3575 2463 3625 Ἐ
2467 3575 2501 3638 ξ
2503 3579 2798 3644 αγορεύσω
2816 3584 2952 3634 κατ’
2967 3582 3112 3650 ἐμοῦ
3128 3580 3243 3649 τὴν
3257 3581 3503 3649 ἀνομίαν
3509 3597 3614 3648 μου
3629 3579 3723 3629 Κυο

2188 3667 2316 3732 ,ρίφν
2335 3666 2429 3718 καὶ
2444 3666 2521 3719 σὺ
2537 3668 2770 3736 ἀφῆκας
2783 3671 2905 3738 τὴν
2927 3673 3209 3727 ἀσέϐειαν
3225 3671 3334 3739 τῆς
3359 3671 3591 3738 καρδίας
3603 3683 3720 3736 μου.

2264 3755 2328 3804 Αἱ
2361 3754 2604 3824 πρόσοδοι
2643 3757 2731 3810 τοῦ
2779 3762 3022 3833 πονηροῦ
3055 3762 3345 3831 βασιλέως,
3389 3762 3518 3813 είσὶν
3549 3759 3600 3809 ai
3639 3771 3720 3806 κα·

2199 3843 2311 3896 κίαι
2342 3845 2435 3896 καὶ
2464 3845 2530 3898 τά
2557 3845 2718 3918 ψευδῆ
2762 3849 3038 3922 δόγματα·
3081 3851 3253 3905 ταῦτα
3281 3851 3388 3921 γὰρ
3419 3847 3557 3917 αὐτῷ
3581 3857 3721 3914 προσ-

2197 3930 2459 3984 οδεύουσιν
2475 3934 2522 3984 οἱ
2540 3933 2941 4006 βασιλευόμενοι
2964 3941 3055 3992 ὑπ’
3084 3938 3271 3991 αὑτοῦ·
3303 3932 3720 4029 συκοφαντοῦνται

2197 4020 2252 4072 δὲ
2277 4021 2351 4090 τῷ
2381 4022 2495 4093 Θεῷ
2521 4026 2568 4076 οἱ
2598 4025 2672 4094 τῷ
2699 4030 2921 4100 πονηρῷ
2965 4028 3387 4100 πειθαρχοῦντες
3406 4043 3419 4056 ⁶
3465 4027 3542 4077 ὅτι
3569 4023 3622 4074 ού
3659 4035 3720 4079 τῳ

2197 4110 2332 4179 θεῷ,
2353 4112 2484 4164 ἀλλὰ
2509 4112 2585 4182 τῷ
2613 4107 2785 4184 ἐχθρῷ
2817 4118 2983 4170 αὑτοῦ
3025 4117 3103 4187 τῷ
3141 4117 3372 4185 διαϐόλῳ
3401 4115 3718 4202 ύπὸκεινται;

2198 4198 2317 4249 ἐπεὶ
2342 4197 2395 4250 δὲ
2424 4201 2450 4250 6
2477 4199 2603 4262 Θεὸς
2636 4205 2780 4270 μισεί
2807 4206 2902 4257 τὸν
2928 4205 3172 4257 διάϐολον
3200 4204 3289 4257 διὰ
3317 4203 3386 4254 τὰ
3420 4202 3550 4271 ἔργα
3582 4196 3719 4250 αὑτοῦ

2197 4285 2262 4338 τά
2293 4287 2518 4357 πονηρὰ,
2561 4289 2719 4341 αὐτὸς
2748 4292 2910 4346 πάλιν
2937 4294 3027 4347 διὰ
3057 4294 3166 4346 τῶν
3196 4293 3372 4363 ἔργων
3403 4289 3558 4382 αὐτοῦ
3587 4300 3720 4382 coxo-

2199 4379 2383 4444 φαντεῖ
2411 4380 2531 4440 τοὺς
2571 4379 2888 4450 ἀνθρώπους
2918 4385 3056 4451 πρὸς
3093 4385 3184 4436 τὸν
3223 4383 3386 4434 Θεόν·
3424 4383 3452 4434 6
3486 4379 3539 4431 δὲ
3576 4379 3720 4445 μισῶν

2130 4467 2172 4520 D
2201 4464 2448 4534 ἀδικῆσαι
2478 4467 2573 4536 τὴν
2603 4468 2773 4540 ψυχὴν
2815 4473 3006 4538 αὐτοῦ,
3037 4474 3128 4525 τὸν
3160 4470 3368 4542 μακρὸν
3402 4466 3493 4522 τοῦ
3517 4461 3720 4546 ἀπεράδῗ

2200 4569 2290 4604 του
2316 4555 2501 4618 αἰῶνος
2533 4557 2717 4626 χρόνον
2744 4558 3022 4627 βιώσεται.
3631 4637 3642 4650 Ι

2272 4645 2466 4713 Ἀνδρα
2520 4647 2744 4701 ἐνταῦθα
2786 4651 2958 4716 φονέα
3001 4651 3094 4703 τὸν
3135 4647 3596 4735 διάϐολόν-φηξιψ
3623 4630 3721 4735 ⁶,δδ

2200 4732 2537 4803 ἐγγυώμενος
2594 4738 2689 4807 τὴν
2749 4739 2997 4804 ἀδικίαν,
3056 4740 3318 4806 ἐγγυᾶται
3361 4733 3448 4784 τὸν
3487 4731 3720 4780 Σατανᾶν.

2200 4822 2612 4895 ὑπισχνούμενος
2639 4829 2782 4899 αὐτῷ
2817 4833 3044 4891 ἐκεῖνος,
3083 4829 3210 4890 τοὺς
3239 4826 3336 4894 τῆς
3373 4817 3576 4876 ἀδικίας
3614 4811 3716 4862 dm

2193 4909 2381 4964 δώσειν
2425 4916 2682 4986 καρπούς.
2706 4949 2775 4958 —-
2801 4921 2994 4981 Ἔθνος
3020 4917 3354 4986 παράνομον,
3401 4907 3470 4959 τὰ
3504 4903 3718 4997 δέγμῗῗέ

2193 5000 2298 5052 τῶν
2336 5003 2594 5073 δαιμόνων
2629 5009 2790 5073 ἐστὶν,
2816 5005 2898 5072 οἷς
2936 5009 3035 5076 οὐχ
3073 5001 3336 5058 ὑπακούει
3442 4983 3718 5089 παιδξυθε-ίξ

2194 5091 2335 5154 υἱός
2365 5094 2475 5145 υἱὸν
2506 5095 2560 5147 δὲ
2591 5096 2680 5149 τὸν
2721 5100 2841 5153 νοῦν
2870 5114 3035 5168 φησιν
3053 5113 3067 5125 ·
3097 5099 3126 5148 ὀ
3153 5095 3208 5145 δὲ
3241 5087 3437 5155 ἐποχὴν
3465 5086 3621 5177 πῗιιέην

2196 5178 2286 5230 νοῦ
2323 5181 2414 5234 τοῦ
2443 5183 2514 5252 μὴ
2555 5161 2983 5256 παραρίπτεσθοιι
3005 5187 3063 5236 ὲν
3082 5185 3146 5252 τῇ
3177 5178 3269 5233 τι)ὖ
3300 5166 3527 5241 πονηροῦ
3544 5161 3716 5256 ,ἔφουέ

2198 5269 2381 5341 κακίᾳ,
2421 5241 2930 5348 ώξπερίτριαχήλιον
2961 5241 3164 5340 κόσμον
3194 5263 3440 5335 προξενεῖ
3465 5252 3635 5308 λαϐεῖν
3658 5241 3713 5307 τῇ

636 5490 676 5518 ⁸⁷
706 5506 750 5542 v.
781 5490 832 5544 4.
906 5488 954 5520 ⁸³
982 5502 1030 5544 v.
1062 5488 1113 5542 8.
1187 5490 1231 5525 ⁸⁸
1259 5507 1310 5548 v.
1335 5496 1388 5552 9.
1460 5500 1504 5532 ⁵ο
1533 5498 1648 5554 Gal.
1679 5516 1758 5564 ut,
1783 5501 1834 5556 8.
1910 5501 1948 5533 ⁸⁸
1978 5503 2100 5556 ν.1ε

2215 5507 2258 5539 ³¹
2280 5507 2394 5563 Jac.
2417 5524 2468 5574 ν,
2505 5509 2589 5563 16.
2665 5511 2864 5567 “Psal.
2887 5521 3036 5568 xxxr,
3065 5502 3119 5555 5.
3195 5497 3243 5528 “
3271 5509 3315 5544 "-
3349 5487 3433 5542 ‘6'
3508 5479 3552 5511 ’³
3575 5489 3619 5524 ν’
3643 5467 3712 5521 ’7'

637 5628 744 5695 (24)
797 5631 1046 5717 Vide/pinus
1086 5633 1326 5705 Origenis
1376 5641 1744 5700 auctoritatem
1797 5657 1889 5709 pro
1940 5642 2247 5701 confitendo
2275 5649 2537 5716 religiosis
2601 5650 2728 5704 viris
2793 5653 3040 5717 peccata.
3099 5638 3226 5689 ltem
3295 5621 3435 5680 infra
3503 5609 3568 5663 ad
3609 5611 3714 5662 “9’

569 5709 714 5761 nix,
756 5716 894 5758 vers.
919 5701 1006 5755 26.
