3914 6452
139 486 242 544 9-23

163 593 272 668 ὶδιᾳ
324 555 488 633 quam
520 561 836 642 ἄφθαρτον
864 577 942 632 ἐκ
981 587 1179 657 χειρὸς
1208 589 1427 662 Κυρίου.

272 755 356 815 ιο
390 744 683 840 καθαίρων
733 753 956 815 ἑαυτὸν
1002 767 1075 821 ὲκ
1113 769 1222 822 τῶν
1266 769 1468 832 παθῶν,
1494 771 1586 822 καὶ
1615 771 1838 840 ἐργαζό-

211 853 394 918 μενος
425 837 522 903 τὰς
555 842 798 910 ἐντολὰς
841 851 950 904 τοῦ
979 855 1145 924 Θεοῦ,
1187 857 1278 911 τοῦ
1309 837 1658 928 ψυχοτρόφου-
1676 837 1837 930 ἀρτου

233 936 432 1010 σοφίας
461 932 556 986 καὶ
581 934 864 1004 ’γνώσεως
895 943 1044 998 Θεοῦ
1074 948 1506 1018 ἐμπλησθήσεται
1527 965 1541 978 ο
1572 951 1600 1002 6
1629 949 1685 1002 δὲ
1714 949 1838 1002 διώ-

238 1041 373 1083 κων
393 1023 581 1095 σχολὴν
633 1025 738 1079 τοῦ
797 1029 882 1101 μὴ
929 1038 1110 1088 ποιεῖν
1141 1035 1238 1098 τὰς
1291 1034 1504 1100 ἐντολάς
1542 1035 1635 1090 τοῦ
1676 1034 1808 1088 Θεοῦ
1823 1077 1838 1102 ,

244 1116 631 1190 πλησθήσεται
660 1118 892 1184 πενίας.

333 1211 405 1263 Οἱ
439 1208 532 1263 νῦν
558 1208 878 1279 ἐλεήμονες,
923 1214 984 1264 ὲν
1017 1212 1096 1283 τῷ
1122 1213 1272 1266 αἰῶνι
1307 1213 1384 1284 τῷ
1418 1213 1656 1284 μέλλοντι
1690 1214 1843 1285 ἐλεη-

243 1295 459 1364 θέντες
483 1300 586 1353 ὑπὸ
611 1301 705 1354 τοῦ
735 1301 901 1367 Θεοῦ,
936 1305 1033 1357 καὶ
1061 1305 1335 1374 γενόμενοι
1361 1303 1596 1372 ἄγγελοι,
1627 1302 1842 1375 ἄρξουσι

237 1389 384 1444 τῶν
435 1391 721 1461 βασκάνων
768 1393 868 1446 καὶ
913 1393 1184 1447 πλουσίων
1233 1393 1474 1448 ἀσεϐῶνδ
1510 1394 1740 1447 τοιοῦτον
1785 1393 1842 1445 δὲ

243 1480 495 1554 ὶξίωμα
538 1483 628 1537 καὶ
674 1485 790 1545 τοῖς
826 1483 1103 1553 μαθηταῖς
1149 1483 1310 1536 αὐτοῦ
1356 1483 1613 1553 ὑπέσχετο
1656 1483 1843 1536 δώσειν

236 1570 504 1644 Κύριος,
532 1574 593 1626 τὸ
624 1573 857 1627 καθίσαι
881 1575 1080 1638 αὐτοὺς
1111 1577 1201 1628 ὲπὶ
1237 1575 1439 1628 δώδεκα
1478 1575 1694 1645 θρόνων,
1727 1575 1844 1645 κρί-

238 1678 473 1726 νοντας
512 1665 716 1717 δὼδεκαι
761 1664 937 1732 φυλὰς
974 1664 1069 1718 τοῦ
1106 1665 1348 1735 Ἰσραήλο
1380 1665 1562 1736 θρόνος
1604 1664 1660 1716 δέ
1700 1665 1848 1717 ἐστιν

242 1751 335 1805 ὲν
373 1749 421 1822 ᾧ
450 1757 479 1808 6
509 1753 627 1816 νοῦς
653 1753 982 1816 καθέζεται,
1025 1754 1233 1823 πλήρης
1273 1751 1520 1820 γνώσεως
1553 1768 1842 1820 πνευματιη

242 1844 420 1914 κῆς,
448 1847 571 1908 τοὺς
597 1844 966 1913 πλανηθέντας
1000 1843 1104 1896 ἀπὸ
1142 1842 1238 1912 τῆς
1287 1841 1586 1904 θεοσεϐείας
1631 1842 1844 1893 ἐπισυν-

1440 459 1793 538 exposmo
1814 482 1880 538 IN
1917 477 2316 540 pnovsama.

1865 602 1915 659 Α
1942 606 2048 652 tum
2076 605 2229 666 parat
2257 594 2448 650 anima:
2493 607 2602 650 sua:
2635 593 2700 648 de
2738 606 2895 647 manu
2939 591 3144 647 Domini
3187 593 3454 665 recipien-

3354 484 3456 540 246

1936 689 2079 743 dum.

2005 777 2107 842 Qui
2151 790 2210 831 se
2255 782 2445 845 purgat
2497 775 2660 842 animi
2714 771 3235 842 perturbationibus,
3273 780 3327 826 et
3362 771 3453 826 Dei

1937 867 2183 922 mandata
2208 867 2539 935 exsequitur,
2563 863 2826 918 nutritore
2853 862 3152 916 animarum
3185 877 3344 931 pane,
3371 877 3456 916 sa-

1938 955 2136 1022 pientia
2194 956 2444 1008 nimirum
2494 961 2547 1008 et
2588 951 2858 1021 agnitione
2915 951 3043 1013 Dei,
3105 952 3452 1004 saturabitur.

1939 1047 1985 1079 ⁵⁸
2005 1045 2104 1111 Qui
2134 1058 2262 1100 vero
2289 1045 2455 1098 otium
2486 1051 2740 1106 sectatur,
2763 1040 3048 1109 quominus
3069 1039 3162 1094 Dei
3207 1039 3455 1098 mandata

1939 1119 2275 1200 exsequatur,
2306 1131 2352 1186 is
2381 1130 2595 1199 quidem
2633 1128 2809 1196 inopia
2837 1130 3111 1183 obruetur.

2005 1222 2051 1254 "
2077 1219 2179 1287 Qui
2207 1234 2348 1275 nunc
2371 1227 2494 1273 sunt
2523 1217 2917 1281 misericordes,
2949 1219 2999 1269 in
3035 1216 3212 1270 futuro
3263 1215 3457 1270 szeculo

1938 1311 2364 1366 misericordiam
2394 1323 2425 1362 a
2453 1310 2562 1373 Deo
2595 1307 2759 1373 nacti,
2792 1305 3022 1374 factique
3049 1306 3245 1374 angeli.
3290 1307 3460 1374 impe-

1942 1401 2140 1454 rabunt
2155 1398 2356 1452 invidis
2377 1405 2430 1452 et
2461 1396 2638 1467 impiis
2662 1395 2935 1450 divitibus.
2978 1394 3124 1448 Hanc
3148 1395 3455 1464 dignitatem

1939 1493 2184 1546 daturum
2215 1505 2272 1546 se
2297 1490 2589 1560 spondebat
2633 1489 2907 1558 discipulis
2945 1490 3218 1552 Dominus,
3269 1504 3457 1558 nempe

1941 1594 2179 1635 sessuros
2229 1593 2322 1633 eos
2371 1593 2532 1646 super
2583 1578 2858 1633 duodecim
2901 1577 3134 1641 thronos,
3159 1577 3458 1644 judicantes

1942 1671 2219 1726 duodecim
2250 1669 2421 1723 tribus
2448 1667 2663 1723 lsraelis
2693 1668 2763 1721 ⁸⁸.
2796 1667 3042 1721 Thronus
3069 1675 3245 1720 autem
3286 1675 3370 1721 est
3399 1668 3462 1722 in

1941 1774 2047 1828 quo
2087 1773 2234 1814 mens
2272 1758 2439 1821 sedet,
2483 1757 2639 1827 plena
2683 1757 2922 1811 scientiae
2952 1756 3228 1826 Spiritalis,
3262 1769 3378 1823 qua:
3427 1770 3473 1808 a.

1944 1846 2200 1916 religione
2230 1846 2410 1900 devios
2441 1844 2667 1898 reducit.
2691 1842 2938 1898 Judicare
2965 1853 3141 1898 autem
3179 1843 3280 1897 hoc
3317 1841 3458 1905 loco,

251 1932 499 2001 ἀγουσα
519 1951 534 1965 ·
560 1935 620 1986 τὸ
657 1934 711 1986 δὲ
743 1933 956 2004 κρίνειν
989 1930 1244 1994 ἐνταῦθα,
1275 1930 1333 1982 τὸ
1362 1930 1622 1984 διδάσκειν
1651 1929 1845 1998 σημαί-

1950 1934 2132 1988 docere
2185 1933 2470 2002 significat.
2526 1933 2596 1987 Ut
2637 1933 2803 1987 illud:
2840 1933 2993 2000 Aperi
3030 1948 3087 1985 os
3129 1941 3274 1984 tuum
3312 1931 3460 1984 verbo

246 2038 401 2075 νειο
434 2023 507 2086 ὡς
537 2024 630 2076 καὶ
656 2023 737 2085 τὸ,
761 2024 1001 2090 Ἀνοιγε
1028 2019 1143 2072 σὺν
1162 2020 1352 2087 στόμα
1369 2020 1522 2086 ,κότῳ
1551 2017 1713 2079 Θεοῦ,
1743 2017 1839 2069 καὶ

248 2115 451 2178 κρῖνε
476 2113 674 2166 πάντα
709 2113 916 2181 ὑγιῶς,
957 2112 1076 2165 ἀντὶ
1103 2108 1220 2174 τοῦ,
1249 2110 1458 2162 δίδασκε
1477 2125 1490 2138 ο
1525 2109 1638 2177 ἃμα
1663 2107 1722 2159 δὲ’
1751 2107 1842 2158 καὶ

245 2199 440 2252 τοῦτο
465 2200 658 2260 ἰστέον,
684 2200 767 2250 ὅτι
794 2201 823 2252 6
849 2198 1096 2268 ἐλεήμων
1124 2198 1398 2267 κρατήσας
1425 2196 1516 2248 τοῦ
1556 2195 1837 2264 βασκάνου,

251 2289 446 2352 αὐτὸς
476 2289 576 2359 μὲν
603 2290 666 2342 οὐ
699 2290 988 2358 γενήσεται
1024 2289 1302 2358 βάσκανος,
1344 2286 1605 2356 ἐλεήμονα
1625 2285 1679 2336 δὲ
1711 2283 1843 2354 μᾶλς

254 2372 384 2427 λον
416 2377 632 2446 ποιήσει
665 2375 756 2428 τὸν
788 2375 1075 2444 βάσκανον.

377 2465 491 2518 Ἐὰν
530 2465 848 2518 ἀποθῶνται
892 2467 938 2516 οἱ
973 2464 1185 2528 ἀσεϐεῖς
1226 2464 1286 2516 τὸ
1315 2458 1450 2515 εἶναι
1488 2460 1720 2524 ἀσεϐεῖς,
1750 2477 1840 2529 γε-

259 2553 536 2623 νήσονται
565 2553 796 2607 δίκαιοι·
831 2555 864 2623 ἡ
896 2552 1003 2624 γὰρ
1047 2551 1286 2604 ἀπώλεια
1321 2551 1414 2604 νῦν
1444 2551 1541 2620 τὴν
1571 2549 1842 2616 ἀναίρεσιν

248 2642 392 2712 τῆς
438 2643 694 2706 ἀσεϐείας
747 2643 1033 2714 σημαίνει’
1083 2641 1224 2695 οὕτω
1269 2640 1362 2694 καὶ
1427 2639 1694 2693 Ματθαῖον
1744 2637 1837 2690 τοῦ

238 2731 573 2784 τελωνείου
637 2731 909 2793 ἀπολέσας
955 2730 983 2781 6
1029 2729 1264 2800 Κύριος,
1316 2727 1650 2796 δικαιοσύνην
1701 2725 1844 2794 αὐτῷ

243 2819 581 2892 ἐχαρίσατο
600 2838 614 2850 ·
645 2821 1003 2890 πληθύνονται
1028 2819 1134 2889 γὰρ
1169 2820 1216 2870 οἱ
1243 2817 1455 2884 δίκαιοι,
1490 2819 1614 2869 ὅταν
1643 2818 1692 2868 οἱ
1723 2817 1845 2869 ἀσε-

246 2910 407 2974 ϐεῖς
451 2911 822 2980 καταλείψωσι
865 2910 964 2979 τὴν
1014 2909 1284 2971 ἀσέϐειαν,
1333 2908 1425 2960 καὶ
1473 2908 1566 2960 σὺν
1613 2909 1723 2968 τοῖς
1767 2905 1844 2958 δι·-

1943 2020 2060 2086 Dei,
2094 2030 2140 2074 et
2189 2021 2381 2088 integre
2418 2021 2482 2074 de
2517 2020 2748 2074 omnibus
2785 2020 2963 2088 iudica
2987 2019 3055 2082 ",
3093 2019 3144 2072 id
3201 2025 3280 2072 est
3307 2017 3460 2072 doce.

1945 2110 2110 2164 Simul
2159 2119 2212 2164 et
2263 2111 2364 2165 hoc
2419 2112 2688 2164 sciendum
2733 2120 2836 2173 est,
2872 2110 3012 2179 quod
3059 2109 3104 2162 si
3154 2108 3462 2162 misericors

1941 2201 2117 2253 vincat
2145 2200 2400 2263 invidum,
2435 2199 2552 2268 ipse
2587 2199 2798 2266 quidem
2837 2213 2939 2250 non
2977 2199 3066 2251 liet
3094 2197 3330 2262 invidus,
3364 2197 3474 2252 sed

1944 2290 2090 2343 illum
2127 2289 2526 2344 misericordem
2557 2289 2734 2358 potius
2761 2288 2918 2341 faciet
2951 2287 3040 2355 qui
3084 2296 3198 2340 erat
3222 2286 3454 2340 invidus.

2012 2467 2056 2498 ⁶⁰
2094 2465 2149 2518 Si
2199 2465 2726 2532 impietatemsuam
2776 2463 3041 2533 deponent
3110 2462 3280 2530 impii,
3333 2460 3480 2528 justi-

1947 2555 2092 2608 lient.
2123 2552 2252 2606 Nam
2282 2553 2507 2621 perditio
2528 2553 2630 2606 hoc
2653 2553 2788 2616 loco,
2823 2551 3118 2621 iniquitatis
3152 2549 3466 2605 exstincti.-

1947 2658 2061 2696 nem
2092 2641 2368 2711 signiﬁcat.
2398 2642 2488 2695 Sic
2516 2640 2819 2694 Matthaeum
2863 2640 2928 2694 de
2971 2639 3167 2692 telonio
3205 2637 3461 2692 extermi-

1946 2743 2126 2787 natum
2183 2733 2437 2786 Dominus
2488 2731 2694 2798 justitia
2761 2731 2999 2785 donavit.
3048 2728 3468 2797 Multiplicantur

1945 2826 2085 2879 enim
2132 2824 2282 2892 justi,
2332 2838 2451 2877 cum
2501 2824 2647 2890 impii
2700 2823 3027 2891 impietatem
3070 2821 3367 2886 omiserint,
3411 2827 3468 2874 et

1946 2913 2240 2981 cumjustis
2273 2912 2401 2982 justi
2455 2913 2599 2967 ﬁent.
2653 2911 2869 2965 Interim
2911 2918 3130 2979 gemunt
3177 2911 3470 2976 delentque

251 3004 468 3066 κπίοις
495 3006 819 3073 γενήσονται
851 3002 1076 3054 δίκαιοι·
1109 2999 1347 3053 στένουσι
1376 3000 1432 3052 δὲ
1455 2999 1547 3052 καὶ
1577 3002 1624 3052 oi
1656 3000 1844 3052 δίκαιοι

1950 3003 2094 3069 iusti,
2125 3005 2356 3073 quandiu
2387 3003 2574 3071 impios
2598 3001 2784 3056 vident
2811 3000 2866 3053 in
2893 2999 3181 3068 impietatis
3203 2999 3318 3053 loco
3337 3013 3468 3053 con-

251 3095 392 3145 καιὶ
430 3095 721 3147 ὀδυνῶνται
742 3131 756 3156 ,
790 3092 1019 3162 ὁρῶντες
1058 3093 1181 3153 τοὺς
1223 3091 1430 3152 ἀσεϐεῖς
1459 3091 1515 3143 ὲν
1551 3091 1696 3161 τόπῳ
1747 3090 1847 3158 τῆς

250 3181 547 3245 ἁπεϐείας
578 3181 920 3252 ἱσταμένους,
948 3181 1040 3234 καὶ
1070 3182 1144 3251 μὴ
1172 3177 1574 3250 μετανοοῦντας.

1947 3093 2156 3160 sistere,
2179 3102 2233 3147 et
2256 3091 2484 3147 nondum
2513 3089 2846 3158 resipiscere.

1701 3294 1848 3349 CAP.
1887 3294 2076 3349 XXIX.

373 3408 651 3478 Κρείσσων
695 3409 808 3480 γὰρ
852 3411 992 3480 ἀνὴρ
1037 3413 1064 3463 6
1104 3411 1162 3464 ὲν
1210 3412 1423 3483 παιδείᾳ
1462 3414 1555 3470 καὶ
1604 3411 1845 3482 νουθεσίᾳ

2015 3414 2054 3444 ⁸⁸
2081 3411 2267 3466 Melior.
2284 3419 2364 3465 est
2389 3409 2530 3468 enim
2547 3407 2630 3462 vir
2649 3408 2738 3477 qui
2757 3421 2873 3463 cum
2899 3403 3172 3474 disciplina
3187 3410 3235 3456 et
3254 3399 3471 3457 monitis

240 3492 502 3568 Κυρίου
543 3499 806 3569 ἐλέγχων,
849 3501 882 3569 ἢ
916 3504 945 3553 6
981 3502 1039 3553 ὲν
1081 3501 1286 3572 σκληρᾷ
1333 3502 1525 3572 καρδία
1574 3502 1846 3572 παραινῶν

237 3589 396 3640 κει).
438 3588 867 3659 ὑπισχνούμενος
906 3591 1301 3644 συναπολαῦσαι
1342 3591 1486 3661 αὐτῷ
1513 3591 1616 3644 τῶν
1650 3593 1706 3643 ἐν
1748 3608 1847 3644 κα·-

229 3672 424 3746 κΞᾳ·
465 3675 731 3747 ἐξαπίνης
762 3676 872 3747 γὰρ
912 3677 1239 3749 φλεγομένου
1281 3679 1440 3731 αὑτοῦ
1473 3682 1529 3733 ὲν
1572 3683 1636 3750 τῇ
1679 3679 1848 3750 ὀρέξει

223 3764 405 3818 τῶν
437 3766 650 3829 παθῶν,
672 3769 700 3819 6
730 3768 822 3818 ἐπὶ
857 3767 1064 3830 πάντας
1093 3767 1335 3832 θάνατος,
1361 3769 1592 3822 ἐπελθὼν
1621 3770 1710 3821 ἐπὶ
1728 3771 1850 3831 τοὺς

219 3857 418 3906 ἕζετ’
456 3856 637 3908 αὐτῶν
666 3855 1113 3926 συμπράκτορας,
1137 3856 1233 3909 οὐκ
1261 3856 1401 3908 ἔστιν
1447 3858 1583 3920 ῐασις
1615 3860 1678 3926 τῇ
1707 3856 1847 3926 ψυχῇ

217 3943 508 3996 α-ΐιτῶν·
551 3944 656 3996 οὐκ
702 3938 855 3997 εἶπεν
900 3944 977 4007 δὲ,
1020 3945 1101 3996 ὅτι
1132 3945 1478 4015 παυσαμένης
1518 3945 1615 4013 τῆς
1663 3945 1850 4012 φλογὸς

217 4031 400 4086 οξῗδκ
430 4035 580 4088 ἔσται
624 4037 796 4098 ῐασις,
829 4034 962 4087 ἀλλά
1011 4035 1333 4104 φλεγομένου
1373 4035 1532 4087 αὐτοῦ
1571 4035 1666 4086 οὐκ
1706 4034 1852 4087 ἔσται

218 4113 463 4186 ἱἀσις,
507 4125 585 4186 ὡς
617 4123 833 4192 ἔχοντος
870 4124 1108 4192 δηλονότι
1148 4123 1216 4176 τὰ
1245 4122 1560 4181 τῶν,παθῶν
1589 4123 1854 4175 ὑπεκκαύο

219 4220 468 4279 ματα,
494 4212 651 4278 ξύλα,
695 4212 910 4282 χόρτον,
938 4212 1186 4282 καλάμην
1206 4229 1218 4242 ’
1254 4212 1408 4281 εἴπερ
1443 4211 1535 4264 καὶ
1572 4213 1680 4273 τοῖς
1711 4226 1853 4263 καιο-

221 4302 484 4366 ι--ένοις
521 4303 667 4373 μετά
697 4303 790 4356 τὸν
819 4303 1068 4380 καυτῆρα
1092 4302 1330 4372 πέφυκεν
1361 4305 1403 4377 η
1423 4303 1602 4370 ὑγίεια
1631 4301 1852 4372 προσγί-

218 4402 282 4434 1-D
301 4393 506 4448 εσθαι.

391 4479 915 4552 Ἐγκωμιαζομένων
937 4477 1045 4534 τῶν
1069 4476 1288 4530 δικαίων
1313 4479 1415 4532 ὑπὸ
1446 4482 1537 4534 τοῦ
1565 4483 1771 4554 Κυρίου⁸
1800 4486 1856 4535 ἐν

217 4574 378 4640 ’τῇ
415 4572 510 4640 τῆς
551 4571 790 4641 κρίσεως
833 4565 1045 4638 ἡμέρᾳ,
1085 4569 1133 4618 oi
1167 4569 1263 4637 τῆς
1287 4568 1462 4622 αὐτῶν
1496 4572 1704 4642 μερίδος
1743 4573 1858 4626 λαοὶ

219 4658 808 4729 ξξόφρανθὴσονταιο
855 4657 969 4708 ὅσοι
1014 4655 1070 4708 δέ
1108 4657 1244 4710 εἰσιν
1281 4657 1383 4709 ὑπὸ
1424 4657 1520 4722 τὰς
1553 4661 1720 4730 ἀρχὰς
1767 4662 1856 4718 καὶ

1953 3500 2157 3556 Domini
2187 3496 2546 3568 reprehendit,
2577 3509 2735 3563 quam
2765 3493 2854 3563 qui
2886 3493 3021 3546 duro
3049 3489 3208 3546 corde
3254 3488 3474 3543 animos

1949 3589 2216 3658 peccatori
2246 3587 2408 3648 addit,
2441 3584 2758 3654 promittens
2782 3582 3002 3649 insuper
3027 3594 3084 3634 se
3108 3577 3222 3633 fore
3243 3575 3292 3632 ei
3317 3575 3472 3631 soda—

1949 3680 2053 3734 lem
2086 3678 2260 3748 gaudii
2310 3675 2455 3730 mali.
2492 3676 2731 3744 Repente
2779 3671 2942 3732 enim,
2991 3672 3112 3724 dum
3153 3667 3244 3721 ille
3273 3666 3326 3720 in
3350 3678 3474 3733 pas-

1951 3771 2160 3825 sionum
2186 3768 2420 3836 appetitu
2450 3772 2732 3830 exaestuat,
2757 3765 2972 3818 decreta
2995 3758 3241 3814 omnibus
3279 3763 3472 3818 morte,

1953 3861 2228 3929 ingruente
2267 3857 2379 3922 ejus
2405 3853 2772 3920 complicibus,
2813 3848 3020 3904 medela
3065 3861 3169 3900 non
3211 3840 3474 3910 supererit

1953 3947 2144 4000 animae
2169 3945 2423 4014 ipsorum.
2451 3940 2561 3996 Non
2587 3950 2762 3993 autem
2789 3938 2921 3992 dixit
2944 3955 2957 3990 ε
2984 3934 3242 3990 Cessante
3265 3929 3474 3984 ﬂamma

1954 4037 2093 4092 haud
2117 4037 2231 4090 fore
2257 4032 2560 4096 medelam;
2605 4030 2699 4084 sed
2726 4029 2824 4098 ipsi
2859 4024 3175 4083 exzestuanti
3219 4036 3324 4076 non
3361 4019 3476 4078 fore

1955 4124 2236 4187 medelam,
2288 4120 2502 4176 habenti
2549 4117 2900 4186 cupiditatum
2950 4111 3249 4174 incentiva,
3313 4107 3474 4176 ligna,

1956 4217 2174 4279 fenum,
2209 4213 2478 4283 stipulam.
2517 4210 2651 4267 Nam
2679 4216 2732 4263 et
2755 4205 3009 4262 ambustis
3053 4211 3173 4273 post
3209 4207 3476 4255 cauterem

1957 4306 2092 4360 solet
2121 4305 2321 4358 sanitas
2344 4301 2538 4358 redire.

2026 4489 2070 4521 θ’
2091 4485 2346 4541 Laudatis
2391 4497 2421 4535 a
2479 4479 2702 4534 Domino
2747 4475 2908 4544 justis
2948 4473 3000 4526 in
3046 4470 3230 4542 judicii
3261 4468 3365 4531 die,
3391 4467 3480 4535 qui

1959 4590 2080 4635 sunt
2116 4579 2171 4632 in
2215 4575 2425 4630 illorum
2454 4570 2687 4625 factione
2729 4567 2907 4636 populi
2952 4563 3286 4620 laetabuntur.
3316 4559 3482 4624 Quot-

1959 4676 2093 4740 quot
2127 4675 2302 4721 autem
2335 4669 2458 4718 sunt
2496 4659 2595 4714 sub
2637 4656 3023 4728 principatibus
3047 4663 3100 4708 et
3131 4649 3484 4740 potestatibus

219 4747 408 4810 τὰς
451 4747 719 4813 ἔξουσίας,
741 4745 839 4798 καὶ
881 4743 1006 4807 τοὺς
1039 4746 1476 4817 κοσμοκράτορας
1514 4749 1606 4802 τοῦ
1659 4751 1846 4822 κόσμοι

1958 4734 2021 4810 ac
2053 4753 2348 4817 rectoribus
2373 4747 2528 4817 hujus
2561 4746 2762 4813 mundi,
2789 4745 2843 4800 bi
2873 4743 3089 4800 omnino
3114 4750 3239 4794 tunc
3261 4734 3490 4806 ingemi-.

222 4838 517 4903 τούτου,
545 4833 693 4892 οὗτοι
730 4835 950 4903 πάντως
977 4834 1094 4886 τότε
1125 4835 1414 4891 στένουσιν.

385 4929 594 4999 Πατέρα
634 4924 876 4980 ἐνταῦθα
913 4922 1002 4976 τὸν
1032 4925 1160 4978 Θεόν
1206 4943 1396 4996 φησιν·
1442 4930 1471 4980 6
1512 4928 1567 4981 δὲ
1604 4930 1730 4992 Θεὸς
1767 4933 1860 4988 καὶ.

229 5003 498 5087 Πατὴρ
523 5017 618 5070 τοῦ
650 5014 866 5084 Κυρίου
901 5012 1052 5082 ἡμῶν
1093 5014 1262 5084 Ἰησοῦ
1291 5015 1541 5086 Χριστοῦ,
1581 5019 1702 5080 τοὺς
1725 5019 1862 5072 κατά

237 5095 540 5177 ⁵(ριστὸν
588 5102 1120 5174 ἐπονομαζομένους,
1167 5106 1224 5156 ὲν
1269 5105 1409 5175 ἔργῳ
1453 5106 1545 5160 καὶ
1589 5107 1726 5177 λόγῳ
1769 5111 1862 5162 καὶ

251 5198 474 5267 ροφίᾳ
497 5195 806 5265 ἑπομένους
833 5207 894 5242 τε
927 5191 1017 5242 καὶ
1047 5193 1402 5262 μιμουμένους
1443 5193 1619 5256 αὐτὸν,
1653 5195 1862 5265 θεωρῶν

259 5287 536 5349 αὐτοὺς,
589 5279 953 5353 εὐφραίνεται
1006 5280 1090 5330 ἐπ’
1120 5280 1330 5342 αὐτοῖς’
1373 5282 1569 5351 ποιμὴν
1620 5281 1677 5334 δέ
1720 5285 1864 5336 ἐστιν

263 5372 512 5443 ἀγαθὸς
553 5374 714 5436 νοῦς,
750 5366 988 5429 ἀπαθεῖς
1025 5369 1306 5437 λογισμοὺς
1340 5369 1691 5439 κεκτημένος·
1729 5373 1776 5424 εί
1808 5373 1864 5425 δὲ

255 5467 492 5531 Ἒοῦτο,
547 5459 756 5516 οὐκοῦν
807 5455 1000 5524 ἔριφός
1032 5457 1141 5508 ἐστι
1177 5457 1425 5528 λογισμὸς
1458 5459 1700 5529 ὲμπαθής
1723 5479 1735 5493 ο
1774 5464 1866 5516 καὶ

277 5554 578 5630 Ἱερόϐατόν
621 5553 745 5602 ἐστι
782 5543 1044 5612 λογισμὸς
1082 5545 1318 5615 ἀπαθής·
1357 5547 1434 5600 διὸ
1475 5547 1714 5612 καὶτοὺς
1757 5553 1866 5622 ὲρί..

362 5765 406 5795 σε
433 5775 488 5814 ιο,
519 5754 616 5811 19.
699 5748 747 5780 δ’
785 5760 842 5799 v.
897 5744 994 5799 22.
1064 5746 1104 5779 ³⁸
1126 5744 1248 5800 Luc.
1275 5763 1406 5815 χιιι,
1433 5749 1515 5804 '50.
1587 5751 1631 5782 "
1656 5751 1811 5808 Prov.

1950 5767 1998 5818 ηι,
2026 5749 2078 5805 9.
2153 5751 2195 5783 ⁸ο
2222 5765 2268 5803 ι’.
2294 5748 2382 5802 27.
2459 5746 2499 5777 ⁶¹
2528 5760 2576 5798 v.
2621 5743 2671 5796 l.

1989 4856 2124 4902 cent.

1989 4863 2124 4902 cent.

1962 4863 1988 4903 8
2033 4935 2077 4987 ιι
2104 4935 2316 4991 Patrem
2355 4931 2441 4987 hic
2471 4928 2603 4984 dicit
2630 4927 2816 4981 Deum.
2857 4925 2997 4977 Deus
3037 4927 3210 4974 autem
3245 4925 3299 4971 et
3330 4915 3487 4968 Pater

1967 5023 2169 5077 Domini
2210 5021 2380 5075 nostri
2405 5017 2528 5075 Iesu
2560 5011 2926 5079 Christi,_illos
2949 5009 3040 5082 qui
3068 5023 3097 5061 a
3125 5005 3339 5062 Christo
3365 5006 3489 5053 sunt

1967 5109 2311 5174 denominati,
2344 5117 2398 5162 et
2425 5108 2590 5161 verbo
2625 5116 2784 5172 atque
2830 5116 2991 5170 opere
3031 5113 3093 5152 ac
3135 5092 3389 5164 sapientia
3421 5089 3484 5140 ilb

1967 5199 2072 5252 lum
2115 5197 2507 5266 subsequuntur
2543 5203 2595 5250 et
2627 5194 2920 5254 imitantur,
2947 5187 3237 5256 aspiciens,
3281 5181 3490 5266 laetatur

1969 5290 2021 5342 in
2057 5287 2203 5356 ipsis.
2227 5263 2417 5341 Pastor
2443 5299 2571 5340 vero
2609 5283 2798 5344 bonus,
2829 5289 2911 5336 est
2940 5291 3107 5338 mens,
3139 5263 3490 5356 imperturba-

1970 5387 2053 5432 tas
2078 5349 2440 5447 cogitationes
2476 5375 2703 5429 habens.
2733 5370 2886 5436 Quod
2915 5371 2958 5419 si
2990 5367 3061 5419 ita
3093 5369 3196 5424 est,
3225 5366 3354 5450 ergo
3379 5349 3488 5445 hae-

1971 5469 2069 5522 dus
2095 5444 2182 5522 est
2205 5466 2455 5534 cogitatio
2481 5465 2669 5518 vitiosa
2693 5477 2708 5525 ;
2733 5460 2848 5514 ovis
2888 5444 3487 5538 autent.”¢08ilf‘“°.ir"f

1972 5571 2160 5625 genua.
2185 5555 2467 5625 Propterea
2509 5552 2762 5607 Dominus
2809 5544 2984 5598 hazdos
3028 5537 3249 5592 collocat
3277 5541 3324 5578 ιιι
3357 5537 3490 5574 smi-

2748 5739 2796 5768 θ’
2818 5735 2942 5788 v.2.
3013 5731 3054 5762 ⁸³
3084 5742 3132 5780 ν.
3169 5726 3219 5778 3.
