3914 6426
572 424 672 474 247

1419 409 1964 481 SUPPLEMENTUM
1997 408 2085 462 AD
2129 401 2443 464 ORIG‘ENIS
2481 406 2880 461 EXEGETICA.

3614 406 3704 462 248

571 543 680 588 stra
721 539 884 600 parte,
926 541 1053 582 oves
1080 526 1130 579 in
1168 525 1395 578 dextra:
1420 526 1600 580 lmdos
1641 526 1823 580 dicens
1849 540 1961 592 eos,
1990 524 2077 593 qui

2197 540 2306 589 pou;
2337 524 2364 574 6
2389 521 2584 592 Κύριος
2612 522 2816 593 ἵστησιν
2847 520 2907 584 ἐξ
2937 518 3246 590 ἀριστερῶν
3269 554 3284 579 ,
3317 515 3463 568 τὰσδὲ
3491 517 3708 585 πρόϐατα

571 621 764 674 habent
809 616 1152 684 cogitationes
1208 612 1449 666 vitiosas.
1496 611 1586 667 Sic
1633 614 1794 666 etiam
1827 614 2083 683 habentes

571 709 790 768 zizania,
830 703 1083 759 vocabulo
1110 703 1436 763 zizaniorum
1463 701 1783 771 appellavit;
1807 712 1860 756 et
1886 703 2084 756 haben-

569 811 646 853 tes
678 796 927 854 triticum,
955 794 1088 848 dixit
1112 794 1380 856 triticum;
1419 806 1610 859 nempe
1665 808 1694 844 a
1738 794 1964 860 pessima
2002 791 2084 844 vel

565 887 759 954 optima
791 885 1044 952 qualitate
1070 897 1161 937 eos
1193 882 1559 936 denominans.
1591 879 1720 934 Tale
1751 890 1833 934 est
1858 891 1911 933 et
1936 880 2086 933 Pauli

565 975 758 1028 dictum
788 988 800 1023 :
825 971 1060 1025 Charitas
1082 988 1180 1025 non
1207 970 1501 1039 inﬂatur“,
1534 970 1583 1024 id
1609 978 1713 1033 est,
1741 971 1830 1038 qui
1856 969 2090 1022 Charita-

565 1070 670 1113 tem
709 1059 888 1113 habet.

633 1240 678 1271 °'
702 1238 944 1295 Chrisws
989 1237 1198 1305 quidem
1247 1237 1411 1306 ’engit
1473 1238 1781 1292 rationalem
1844 1248 2087 1294 naturam

565 1329 833 1390 mandatis
866 1329 1012 1393 suis;
1041 1329 1296 1382 scelestus
1332 1342 1454 1383 vero
1483 1328 1848 1382 Antichristus
1875 1329 1940 1383 ad
1971 1344 2088 1396 per-

567 1423 759 1476 niciem
786 1421 1015 1474 concitat
1036 1419 1322 1472 humanum
1351 1431 1538 1486 genus.

637 1512 683 1543 “
715 1510 916 1578 Ubique
953 1511 1171 1564 verbum
1205 1509 1446 1578 judicare
1494 1508 1687 1564 dicitur
1739 1522 1833 1574 pro
1889 1510 2088 1559 docere.

567 1600 698 1658 Nam
729 1609 783 1654 et
816 1600 907 1670 qui
937 1599 1076 1653 inter
1105 1600 1235 1654 duos
1267 1599 1345 1652 vel
1374 1598 1555 1666 plures
1581 1599 1648 1652 de
1677 1597 1859 1665 aliquo
1883 1596 2092 1664 negatio

563 1692 786 1761 iudicat,
814 1692 880 1744 iis
917 1691 1216 1758 aequitatem
1259 1691 1437 1754 docet,
1478 1699 1532 1744 et
1566 1690 1632 1744 ab
1667 1688 1947 1757 iniquitate
1975 1687 2094 1742 abs-

2183 611 2246 663 ὲκ
2285 609 2504 672 δεξιῶνσ
2550 612 2764 680 ἐρίφους
2801 611 2972 676 λέγων
3018 610 3148 669 τοὺς
3190 606 3551 675 κεκτημένους
3590 607 3710 678 λογι-

2185 703 2351 771 σμοὺς
2395 702 2686 770 ἐμπαθεῖς
2713 700 2853 754 οὑτω
2872 700 2970 752 καὶ
3000 701 3130 760 τοὺς
3164 698 3386 766 ἔχοντας
3417 697 3483 750 τὰ
3509 698 3708 764 ζιζάνια,

2186 794 2392 858 ζιζάνια
2427 793 2819 864 προσηγόρευσε
2846 810 2858 821 ο
2905 792 3001 844 καὶ
3040 790 3170 853 τοὺς
3201 790 3292 842 τὸν
3324 790 3464 843 σῖτον
3502 791 3709 860 ἔχοντας,

2188 885 2348 945 σῖτον,
2374 882 2482 941 ἀπὸ
2505 883 2596 952 τῆς
2620 883 2894 951 χειρίστης
2920 881 3016 934 καὶ
3044 879 3275 950 ἀρίστης
3299 880 3460 945 ἕξεως
3481 882 3714 951 ὀνομάσας

2188 973 2410 1035 αὐτούς’
2445 971 2680 1026 τοιοῦτόν
2715 973 2829 1023 ἐστι
2871 970 2976 1022 καὶ
3011 970 3073 1023 τὸ
3104 969 3256 1040 παρὰ
3291 970 3366 1039 τῷ
3381 970 3572 1041 Παύλῳ
3589 972 3716 1039 λεγό-

2191 1080 2346 1132 μενον
2369 1081 2380 1092 '
2414 1065 2474 1116 Ἠ
2496 1063 2691 1131 ἀγάπη
2707 1066 2777 1116 οὐ
2799 1064 3248 1131 περπερεύεται,
3269 1064 3388 1115 ἀντὶ
3413 1063 3524 1128 τοῦ,
3553 1067 3578 1116 6
3601 1065 3715 1135 ἔχων

2187 1154 2283 1224 τὴν
2313 1155 2546 1224 ἀγάπην.

2269 1243 2324 1294 '0
2354 1243 2449 1312 μὲν
2477 1242 2707 1313 Χριστὸς
2750 1242 2998 1309 ἀνίστησι
3035 1246 3136 1309 τὴν
3179 1240 3341 1308 φύσιν
3388 1241 3484 1311 τὴν
3527 1243 3714 1314 λογικὴν

2189 1332 2275 1384 διὰ
2294 1332 2399 1385 τῶν
2426 1331 2649 1388 ἐντολῶν
2667 1331 2828 1383 αὑτοῦ
2853 1348 2864 1360 ·
2901 1333 2930 1384 ὁ
2949 1331 3006 1383 δὲ
3027 1330 3342 1399 παράνομος
3374 1331 3714 1402 Ἀντίχριστος,

2193 1421 2325 1491 πρὸς
2357 1421 2625 1474 ἀπώλειαν
2658 1419 2888 1491 ἐρεθίζει
2923 1421 2984 1472 τὸ
3010 1421 3168 1487 γένος
3195 1422 3304 1473 τῶν
3334 1421 3635 1492 ἀνθρώπων.

2271 1510 2354 1561 Ἐν
2386 1509 2540 1562 παντὶ
2563 1510 2624 1560 τὸ
2640 1509 2882 1578 κρίνειν,
2913 1509 3230 1564 διδάσκειν
3260 1511 3468 1578 λέγεται
3491 1530 3503 1542 ·
3532 1512 3716 1583 καὶγὰρ

2191 1599 2219 1650 6
2247 1596 2442 1664 μεταξὺ
2474 1597 2564 1648 δύο
2607 1598 2638 1666 ἢ
2683 1598 2774 1650 καὶ¹
2807 1597 3091 1661 πλειόνων,
3127 1600 3254 1669 περὶ
3295 1601 3412 1662 ἐνὸς
3440 1601 3715 1672 πράγματος

2195 1687 2408 1758 κρίνων,
2442 1688 2674 1741 διδάσκει
2707 1689 2766 1740 τὸ
2799 1688 3028 1750 δίκαιον,
3065 1691 3160 1742 καὶ
3189 1689 3480 1760 ἀπέχεσθαι
3507 1692 3712 1755 ἀδικίας·

571 1794 760 1841 terret.
813 1785 1069 1840 Similiter
1108 1793 1164 1839 et
1205 1785 1258 1839 in
1304 1784 1592 1840 virtutibus
1638 1792 1694 1838 et
1742 1783 1792 1836 in
1823 1780 2010 1849 quavis
2039 1794 2096 1832 re

2197 1778 2448 1842 ὡσαύτως
2476 1779 2566 1832 καὶ
2591 1780 2682 1832 ἐπὶ
2709 1781 2937 1851 ἀρετῶν,
2967 1781 3064 1834 καὶ⁵
3093 1781 3186 1834 ἐπὶ
3206 1779 3502 1851 πᾶν-ὁτιοῦν
3528 1781 3714 1850 ἀγαθὸν,

569 1877 734 1942 bona,
760 1875 1000 1944 judicare
1053 1888 1147 1942 pro
1193 1875 1382 1926 docere
1418 1873 1629 1927 dicitur.
1693 1871 1872 1925 Virum
1923 1877 2098 1920 autem

2198 1869 2257 1920 τὸ
2283 1869 2502 1936 κρίνειν
2515 1843 2818 1924 διδάσκειν
2840 1843 3092 1924 λέλεκται
3107 1888 3116 1900 ·
3129 1870 3298 1941 ἄνδρα
3315 1843 3370 1922 δὲ
3391 1843 3605 1923 ἐνταῦθα
3623 1843 3718 1940 κρίξ

575 1965 665 2018 hic
689 1963 1011 2032 iudicantem
1042 1970 1244 2032 gentes.
1273 1962 1489 2016 Petrum
1539 1961 1688 2024 dicit,
1718 1959 1805 2026 qui
1846 1955 2102 2010 mundum'

571 2053 882 2107 universum
907 2051 1086 2105 docuit
1114 2051 1311 2106 Christi
1340 2052 1495 2106 tidem
1522 2065 1588 2104 ac
1620 2049 1942 2117 religionem.
1965 2045 2089 2098 Pau-

573 2145 682 2198 lum
731 2144 856 2198 item
907 2152 962 2197 et
1004 2142 1234 2210 reliquos
1288 2156 1382 2210 per
1416 2149 1655 2209 tempora
1705 2141 2003 2208 magistros.
2033 2139 2101 2190 At

569 2235 742 2288 virum
774 2248 994 2303 pravum
1029 2233 1156 2287 dicit
1182 2232 1474 2293 Theudam,
1506 2242 1560 2285 et
1594 2228 1803 2293 Iudam,
1830 2238 1883 2281 et
1909 2227 2100 2283 Samo-

570 2332 860 2388 satensem,
906 2331 961 2376 et
994 2335 1179 2376 eorum
1237 2319 1514 2374 sententiae
1540 2317 1802 2372 homines.
1836 2315 1910 2369 De
1935 2331 2101 2384 pravo

569 2413 779 2481 quidem
815 2412 1029 2466 homine
1055 2409 1129 2462 ait
1153 2409 1315 2463 David
1334 2409 1450 2440 ""9
1482 2426 1496 2462 :
1523 2407 1687 2476 Super
1701 2423 1814 2460 eum
1839 2406 2096 2468 ridebunt,

569 2513 617 2556 et
648 2503 817 2556 dicent
842 2519 861 2557 :
894 2502 1027 2555 Ecce
1063 2503 1213 2554 homo
1242 2501 1330 2568 qui
1355 2515 1455 2552 non
1500 2497 1669 2566 posuit
1696 2496 1856 2548 Deum
1886 2494 2095 2562 adjuto-

569 2608 672 2647 rem
703 2608 872 2647 suum.
2012 2573 2014 2575 θ

644 2681 755 2734 Viri
787 2679 1102 2750 sanguinum
1147 2680 1413 2733 daemones
1449 2685 1590 2743 sunt,
1632 2675 1724 2744 qui
1767 2675 2004 2728 homines
2049 2675 2102 2727 in

576 2769 794 2825 Christo
814 2771 1054 2824 viventes
1077 2766 1348 2838 sanguinis
1364 2766 1622 2820 eﬂ'usione
1641 2764 1910 2824 occidunt.
1935 2765 1978 2796 °°
2002 2763 2104 2816 lte-

571 2861 642 2914 cti
670 2868 844 2913 autem
880 2859 1165 2929 exquireut
1191 2858 1422 2912 animam
1454 2857 1587 2926 ejus.
1620 2855 1682 2910 lli
1706 2865 1831 2909 sunt
1865 2855 1955 2924 qui
1988 2855 2104 2908 illo-

575 2967 690 3006 rum
718 2961 836 3005 acta
860 2960 911 3007 et
931 2952 1183 3020 cogitata,
1209 2958 1386 3004 mente
1408 2957 1464 3002 et
1487 2962 1650 3016 opere
1671 2946 1868 3000 imitari
1895 2945 2100 2998 volunt.

645 3130 851 3182 Revera
900 3128 1120 3182 insanus
1173 3125 1501 3182 iracundiam
1530 3138 1678 3177 suam
1705 3123 1983 3178 continere
2007 3137 2101 3176 ne-
2125 3163 2168 3220 C

573 3224 706 3291 quit.
744 3220 839 3275 Hic
867 3217 1126 3289 (sapiens)
1156 3226 1330 3269 autem
1374 3215 1645 3281 dispensat
1687 3226 1784 3279 per
1823 3222 2024 3280 partes,
2048 3211 2100 3264 id

573 3320 677 3380 est,
714 3312 763 3364 in
806 3310 964 3364 rebus
1006 3308 1165 3374 justis
1197 3305 1469 3359 irascitur.
1496 3303 1617 3356 "Et
1652 3305 1717 3354 ad
1753 3301 2101 3369 simpliciores

495 3386 499 3393 ί
573 3399 787 3470 quidem
825 3395 1108 3450 dicendum
1155 3401 1238 3448 est
1277 3393 1396 3445 hoc.
1450 3391 1533 3444 Ad
1577 3389 1841 3442 doctiores
1873 3395 2096 3440 autem:

573 3488 662 3556 qui
710 3500 832 3539 cum
873 3482 1277 3554 longanimitate
1329 3479 1592 3534 consumit
1634 3477 1962 3531 iracundiam
2007 3491 2102 3545 per

609 3585 771 3632 artes.

609 3597 771 3632 artes.

575 3597 607 3649 ρ
644 3665 687 3695 '“
716 3661 1132 3717 Observanlibus
1164 3659 1332 3724 legem
1379 3667 1659 3712 enarrator
1699 3659 1803 3710 erit
1849 3657 2102 3712 Dominus

576 3753 630 3808 in
673 3766 838 3822 regno
867 3769 880 3804 :
907 3750 1387 3819 transgressoribus
1417 3763 1520 3803 non
1566 3745 1670 3800 erit
1705 3755 1982 3801 enarrator
2007 3749 2101 3802 sed

574 3843 806 3912 punitor.

645 3930 914 3984 Neminem
955 3934 1142 3996 suapte
1173 3937 1357 3980 natura
1387 3927 1576 3979 durum
1606 3940 1727 3980 esse
1768 3925 2103 3980 demonstrat

574 4020 772 4073 dictum
797 4017 924 4071 illud
959 4017 1124 4070 :Nam
1155 4017 1255 4070 etsi
1303 4016 1645 4080 intellexerit,
1670 4019 1773 4068 neu
1806 4016 2099 4070 ohediet".

573 4108 673 4176 Qui
699 4107 838 4162 enim
869 4115 1055 4175 suapte
1087 4114 1277 4158 natura
1306 4105 1473 4158 durus
1506 4112 1609 4167 est,
1641 4104 1767 4156 nihil
1795 4113 1995 4158 rectum
2024 4107 2103 4159 in-

573 4194 791 4266 telliget.
821 4195 866 4225 ⁷³
897 4193 1008 4248 Hoc
1033 4204 1208 4247 autem
1235 4193 1318 4247 aio
1347 4202 1564 4260 propter
1594 4191 1923 4246 Pharaonem
1949 4194 2102 4247 indu-

572 4299 746 4342 ratum
783 4297 967 4341 contra
997 4285 1267 4349 Israelem,
1307 4295 1363 4340 et
1413 4299 1518 4338 non
1547 4282 1728 4338 verbis
1752 4285 1844 4339 sed
1873 4288 2103 4354 castiga-

572 4380 807 4438 tiOnibus
835 4377 1123 4430 eruditum.
1315 4366 1321 4373 ’

2199 1975 2305 2014 νειν
2330 1958 2454 2028 ἔθνη
2475 1999 2490 2024 ,
2529 1960 2618 2013 τὸν
2649 1961 2850 2032 Πέτρον
2882 1962 3038 2032 φησὶ,
3072 1961 3167 2015 τὸν
3204 1962 3301 2031 τὴν
3333 1961 3631 2032 οἰκουμένην
3655 1961 3716 2014 δι-

2197 2047 2424 2113 δάξαντα
2453 2049 2547 2118 τὴν
2585 2051 2663 2111 είς
2699 2051 2934 2118 Χριστὸν
2961 2051 3145 2104 πίστιν
3172 2051 3267 2104 καὶ
3306 2051 3572 2102 εὑσέῦειαν
3599 2049 3714 2119 (25)·

2197 2135 2289 2186 καὶ
2309 2134 2532 2194 Παῦλον,
2561 2136 2795 2199 καὶτοὺς
2821 2136 3044 2200 λοιποὺς
3069 2139 3360 2208 μετέπειτα
3380 2138 3713 2201 διδασκάλουςο

2205 2225 2371 2294 ἄνδρα
2401 2225 2456 2278 δὲ
2484 2225 2680 2294 φαῦλον
2699 2266 2713 2289 ,
2743 2227 2870 2290 τοὺς
2889 2229 3033 2282 κατὰ
3061 2229 3267 2282 Θευδᾶν
3286 2229 3380 2282 καὶ
3413 2228 3616 2291 Ἰούδαν,
3641 2229 3716 2280 καὶ

2199 2316 2515 2385 Σαμοσατέα
2541 2316 2649 2386 (26)
2669 2356 2684 2379 ,
2719 2318 2812 2370 καὶ
2844 2321 2973 2381 τοὺς
3009 2319 3213 2372 τούτων
3239 2317 3648 2390 ὁμόφροναςοὲπὶ
3671 2317 3715 2370 δὲ

2198 2407 2287 2460 τὸν
2314 2405 2506 2475 φαῦλόν
2527 2406 2637 2474 (27)
2667 2410 2872 2478 φησινὸ
2904 2409 3067 2462 Δαυῒδ
3087 2425 3099 2439 ·
3132 2409 3242 2462 Καὶ
3264 2410 3352 2463 ἐπ’
3369 2409 3543 2463 αὐτὸν
3571 2406 3737 2477 γελά-’

2200 2511 2423 2561 vortat,
2439 2496 2534 2549 καὶ
2554 2496 2796 2563 ἐροῦσιν
2809 2515 2822 2528 ·
2856 2497 3018 2553 Ἰδοὺ
3038 2499 3364 2568 ἄνθρωπος,
3377 2499 3442 2565 ὃς
3459 2501 3560 2553 οὐκ
3577 2499 3716 2552 ἔθετο

2201 2584 2303 2637 τὸν
2327 2584 2472 2638 Θεὸν
2491 2585 2722 2652 ,βοηθὸν
2750 2589 2961 2641 αὐτοῦ.

2273 2675 2491 2745 Ἄνδρες
2535 2675 2775 2744 αἱμάτων
2823 2678 2874 2730 oi
2930 2678 3183 2748 δαίμονές
3226 2680 3386 2744 εἰσιν,
3433 2680 3480 2731 οἱ
3518 2679 3629 2743 τοὺς
3665 2680 3713 2732 ὲν

2201 2766 2416 2837 Χριστῷ
2455 2767 2658 2830 ζῶντας
2694 2769 2920 2838 ὲκχύσει
2951 2770 3184 2840 αἵματος
3227 2771 3643 2832 ἀποκτείναντες·
3673 2769 3712 2822 οἱ

2200 2853 2255 2905 δὲ
2301 2853 2474 2916 εὑθεῖς
2509 2853 2877 2925 ’ἐκζητήσουσι
2921 2857 3104 2926 ψυχὴν
3153 2857 3354 2911 αὑτοῦ·
3404 2851 3538 2911 οὗτοι
3583 2856 3625 2909 οἱ
3657 2855 3710 2908 τά

2201 2942 2372 2996 αὐτῶν
2420 2944 2662 3014 πρακτέα
2703 2946 2796 2998 καὶ
2836 2949 3136 3017 νενοημένα
3174 2950 3390 3021 ποιῆσαι
3434 2951 3520 3003 καὶ
3557 2949 3709 3019 νοῆσαι

2203 3031 2528 3102 βουλόμενοι.

2275 3123 2478 3186 Ὄντως
2500 3124 2528 3175 6
2552 3125 2738 3194 ἄφρων
2769 3126 3080 3200 ἀκράτητον
3107 3128 3219 3200 ἔχει
3245 3129 3335 3182 τὸν
3363 3128 3520 3200 θυμὸν
3543 3125 3705 3181 αὑτοῦ·

2198 3205 2348 3274 οὗτος
2373 3213 2428 3265 δὲ
2453 3216 2764 3284 ταμιεύεται
2790 3218 2935 3271 κατὰ
2969 3220 3161 3290 μέρος,
3209 3220 3370 3288 ἤγουν
3397 3219 3485 3272 ἐπὶ
3520 3219 3619 3280 τοῖς
3649 3215 3708 3268 διπ-

2201 3305 2370 3367 καίοις
2416 3305 2760 3375 ὀργιζόμενος
2801 3309 3112 3380 πράγμασι.
3157 3311 3266 3363 Καὶ
3307 3310 3438 3381 πρὸς
3485 3309 3572 3378 μὲν
3610 3305 3717 3370 τοὺς,

2200 3395 2586 3466 ἁπλουστέρους
2629 3397 2845 3452 λεκτέον
2899 3401 3095 3453 τοῦτο’
3145 3402 3281 3472 πρὸς
3321 3402 3376 3453 δὲ
3419 3401 3534 3461 τοὺς
3575 3412 3708 3448 σπου·

2199 3485 2375 3546 δαίους
2398 3524 2412 3548 .
2460 3487 2487 3538 ὁ
2525 3485 2609 3538 διὰ
2651 3487 2750 3556 τῆς
2791 3488 3173 3559 μακροθυμίας
3215 3488 3600 3544 καταναλίσκων
3635 3480 3706 3536 τὸν

2202 3572 2364 3642 θυμὸν
2392 3575 2529 3627 κατὰ
2563 3575 2743 3645 μέρος.

2269 3662 2390 3725 Τοῖς
2423 3664 2519 3732 μὲν
2558 3665 2821 3732 φυλάξασι
2867 3667 2955 3720 τὸν
2987 3668 3146 3739 νόμον
3183 3667 3405 3738 ὑπάρξει
3431 3660 3708 3736 ἐξηγητὴςδ

2200 3752 2399 3822 Κύριος
2426 3755 2482 3807 ὲν
2510 3757 2575 3824 τῇ
2605 3755 2855 3829 βασιλείᾳ
2877 3775 2890 3789 ο
2923 3761 3033 3821 τοῖς
3075 3759 3130 3812 δὲ
3157 3759 3596 3829 παρανομήσασιν,
3639 3748 3706 3815 ἐξ-

2199 3844 2406 3914 ηγητὴς
2434 3844 2529 3913 μὲν
2555 3845 2650 3915 οὐχ
2683 3847 2937 3917 ὑπάρξει,
2972 3849 3234 3918 κολαστὴς
3258 3848 3312 3899 δὲ
3340 3845 3570 3915 ὑπάρξει.

2272 3932 2389 3984 ’Ότι
2433 3932 2601 3995 οὐδεὶς
2645 3934 2785 3986 κατὰ
2824 3935 2984 4003 φύσιν
3018 3937 3286 4008 σκληρὸς,
3336 3934 3604 4004 παρίστησι
3641 3926 3704 3988 τὸν

2213 4019 2331 4071 Ἐὰν
2356 4019 2461 4090 γὰρ
2505 4021 2596 4072 καὶ
2645 4024 2808 4093 νοήσῃ
2858 4026 2953 4093 οὑχ
2999 4026 3380 4078 ὑπακούσεται·
3416 4023 3442 4073 ὁ
3467 4021 3564 4090 γὰρ
3596 4015 3708 4070 κατὰ

2203 4107 2358 4177 φύσιν
2382 4109 2632 4179 σκληρὸς,
2657 4111 2755 4164 οὑκ
2781 4111 2852 4164 ἂν
2871 4113 3027 4184 ὀρθόν
3053 4133 3104 4167 τι
3127 4116 3306 4186 νοήσοι
3333 4113 3454 4165 ποτέ
3475 4129 3485 4139 ·
3512 4105 3706 4163 τοῦτοδὲ

2201 4197 2338 4264 λέγω
2370 4199 2455 4252 διὰ
2482 4199 2573 4252 τὸν
2606 4200 2800 4266 Φαραὼ
2849 4204 3244 4274 σκληρυνθέντα
3273 4205 3360 4256 ἐπὶ
3385 4203 3471 4256 τὸν
3509 4196 3705 4270 Ἰσραὴλν

2202 4288 2291 4338 καὶ
2321 4287 2380 4337 οὑ
2404 4286 2577 4353 λόγοις
2607 4285 2739 4340 ἀλλὰ
2769 4291 2986 4359 μάστιξι
3016 4292 3379 4346 παιδευθέντα.

639 4470 687 4501 ⁷⁸
718 4467 774 4521 Si
807 4466 950 4520 luxui
1010 4465 1306 4536 indulgere,
1359 4479 1584 4533 peccare
1636 4463 1798 4527 facit;
1859 4465 2098 4532 quisquis

2275 4465 2336 4516 El
2367 4463 2426 4516 τὸ
2457 4466 2872 4537 κατασπαταλᾷν
2895 4509 2909 4532 ,
2938 4470 3267 4540 ἁμαρτάνειν
3297 4469 3461 4530 ποιεῖ,
3501 4464 3595 4524 πᾶς
3615 4459 3704 4512 δὲὸ

569 4575 698 4616 vero
733 4559 856 4612 facit
901 4567 1194 4630 peccatum,
1237 4572 1420 4612 servus
1468 4566 1550 4610 est
1592 4557 1828 4625 peccati;
1860 4557 2098 4623 profecto

569 4651 744 4706 omnis
768 4648 1074 4702 luxuriosus
1102 4662 1291 4701 servus
1321 4656 1402 4702 est
1431 4647 1656 4714 peccati.
1691 4646 1942 4700 Extrema
1971 4663 2096 4702 vero

569 4742 656 4794 die
687 4740 825 4792 haud
865 4737 1054 4791 leviter
1077 4739 1158 4792 sui
1191 4752 1348 4790 causa
1377 4736 1597 4791 dolebit.

637 4829 1057 4884 Contumeliosos
1087 4827 1333 4880 humiliat
1381 4827 1654 4892 Dominus,
1683 4827 1966 4881 humilibus
1999 4842 2095 4880 au-

569 4929 675 4974 tem
707 4917 932 4990 gloriam
984 4917 1190 4969 tribuit.
1221 4944 1292 4956 —-
1319 4915 1362 4946 ⁷⁵
1391 4913 1783 4970 Contumeliam
1828 4917 1916 4970 hic
1966 4916 2097 4970 dicit

566 5023 663 5077 pro
709 5005 964 5074 nequitia,
1023 5003 1146 5072 quia
1188 5016 1374 5068 reapse
1429 5003 1805 5056 contumeliam
1846 5013 1900 5059 et
1927 5004 2096 5058 ruina:

566 5097 962 5166 depressionem
994 5091 1229 5160 nequitia
1277 5093 1584 5148 auctoribus
1626 5094 1734 5150 suis
1778 5093 2009 5150 conferet
2040 5097 2093 5149 in

2202 4557 2364 4610 ποιῶν
2392 4558 2486 4626 τὴν
2526 4557 2792 4627 ἁμαρτίαν
2833 4560 3014 4625 δοῦλός
3055 4565 3168 4615 ἐστι
3192 4563 3289 4636 τῆς
3319 4558 3587 4631 ἁμαρτίας,
3616 4551 3702 4610 πᾶς

2201 4649 2304 4717 ἄρα
2351 4651 2378 4702 6
2425 4648 2703 4701 σπαταλῶν
2742 4649 2925 4715 δοῦλός
2977 4653 3091 4706 ἐστι
3130 4655 3229 4722 τῆς
3257 4651 3546 4723 ἁμαρτίας⁸
3583 4647 3633 4696 ὲν
3655 4639 3700 4690 δὲ

2195 4744 2259 4811 τῇ
2292 4739 2488 4810 ἐσχάτῃ
2513 4740 2690 4810 ἡμέρᾳ
2718 4741 2818 4794 οὑκ
2842 4743 3007 4810 ὀλίγας
3029 4744 3112 4812 ἐφ’
3141 4742 3313 4811 ἐαυτῷ
3338 4736 3695 4806 ὀδυνηθήσεται.

2277 4829 2560 4900 ’Υϐριστὰς
2597 4834 2839 4886 ταπεινοῖ
2879 4832 3079 4901 Κύριος
3103 4869 3116 4895 ,
3154 4831 3416 4891 ταπεινοῖς
3454 4826 3506 4877 δὲ
3546 4820 3697 4875 δίδωσι

2193 4920 2632 4992 δόξαν.-⁶’Υ6ριν
2669 4921 2766 4990 τὴν
2807 4921 2999 4974 κακίαν
3029 4922 3186 4991 φησίν
3209 4940 3220 4952 ο
3263 4920 3411 4991 ὓϐριν
3436 4916 3488 4968 δὲ
3517 4912 3600 4964 καὶ
3625 4923 3697 4959 τα-

2195 5012 2446 5064 πείνωσιν
2477 5011 2744 5073 ἀπωλείας
2781 5013 3028 5083 προξενεῖ
3065 5014 3096 5082 ἡ
3144 5012 3304 5065 κακία
3335 5011 3441 5069 τοῖς
3467 5003 3697 5075 πράττου-

2197 5117 2278 5153 σιν
2321 5101 2512 5171 αὑτὴν,
2546 5101 2603 5153 ἐν
2631 5103 2695 5171 τῇ
2736 5102 2914 5172 ἡμέρᾳ
2957 5103 3054 5171 τῆς
3095 5101 3350 5170 κρίσεως·
3397 5097 3512 5155 τοὺς
3541 5090 3590 5142 δὲ
3616 5102 3695 5137 τα-

636 5239 680 5270 ⁶⁴
707 5237 723 5290 l
754 5237 1020 5305 Comum.
1049 5232 1108 5305 ᾗ,
1185 5231 1301 5305 “fy.
1333 5233 1436 5305 4.__
1461 5235 1505 5266 “
1523 5251 1573 5288 v.
1604 5236 1656 5290 9.
1727 5235 1848 5276 εῖτ-⁸⁸
1877 5237 2017 5292 Psal.
2055 5253 2098 5292 LI

2271 5241 2315 5272 “
2346 5257 2396 5292 v.
2438 5241 2520 5295 10.
2590 5241 2635 5272 '°
2662 5255 2714 5292 γ.
2741 5240 2825 5293 11.
2896 5239 2939 5272 ⁷⁸
2970 5255 3019 5294 v.
3052 5239 3138 5292 18.
3209 5240 3251 5270 ⁷·
3286 5237 3436 5290 Prov.
3461 5243 3595 5290 xxxx,
3624 5221 3692 5275 19·

567 5310 613 5340 ⁷³
647 5325 696 5361 v.
734 5306 820 5361 19,
889 5302 934 5334 ’³⁵
971 5318 1018 5354 v.
1052 5301 1141 5355 21.
1215 5300 1258 5330 ⁷⁸
1293 5315 1342 5353 v.
1372 5303 1460 5357 25.

658 5443 749 5512 9.3)
777 5438 1152 5512 Animadverte
1169 5443 1431 5512 quomodo
1449 5442 1703 5512 Origenes
1719 5445 1862 5498 dicat
1881 5443 2093 5498 Petrum

567 5509 688 5564 ﬁdei
723 5509 784 5564 ac
818 5509 1092 5575 religionis
1111 5510 1392 5579 exstitisse
1419 5509 1616 5565 mundo
1648 5515 1983 5579 magistrum.

633 5580 742 5649 (26)
771 5580 887 5643 Quo
920 5589 1080 5649 pacto
1105 5577 1524 5632 Satuosatensem
1557 5584 1622 5647 (si
1650 5577 1866 5633 Paulum
1897 5583 2092 5635 intelli-

480 5644 502 5661 ⁴
566 5644 662 5725 git)
711 5644 950 5701 nominat
995 5646 1407 5725 Ori_ge|ies,_qui
1463 5644 1734 5725 aliquaer
1783 5652 1960 5725 senior
2003 5653 2093 5704 illo

569 5715 690 5779 fuit,
723 5731 1026 5785 quanquam
1078 5719 1212 5769 intra
1260 5715 1394 5771 idem
1433 5715 1648 5775 tertium
1681 5719 1875 5774 Christi
1925 5736 2091 5773 saecu-

2201 5445 2347 5498 lum?
2379 5445 2520 5498 Sane
2549 5443 2601 5495 in
2630 5442 2814 5495 codice
2847 5453 3036 5494 nomen
3065 5438 3306 5502 Origenis
3353 5432 3471 5486 huic
3510 5430 3694 5504 quptl'le

2200 5515 2496 5578 fragmento
2540 5510 2871 5578 appingitur;
2923 5511 3012 5561 sed
3049 5500 3185 5578 nihil
3227 5511 3367 5578 velut
3415 5500 3689 5578 (Ιιιωᾟηξξξζ

2201 5556 2676 5634 i'.?|"'$.};2..§uef.§is
2701 5556 3194 5638 uiuendum—sight
3230 5573 3278 5622 in
3328 5556 3523 5624 catonis
3558 5556 3690 5614 facile

2200 5647 2612 5724 usu‘veuilnvel
2639 5647 2887 5724 qumlibet
2923 5640 3278 5711 iuterpolatio.

2270 5718 2380 5784 (‘27)
2416 5716 2536 5769 cod.
2568 5713 2793 5766 Παῦλον.
