3914 6334
635 378 734 459 2;"
1492 391 2043 449 SUPPLEMENTUM
2078 391 2167 447 AD
2200 391 2518 455 ORIGENIS
2551 391 2951 451 EXEGETICA.
3663 405 3745 463 9.52

636 518 735 571 fert
783 509 1047 569 domicilio
1095 521 1191 563 suo
1220 509 1483 578 corporali
1512 510 1875 567 mstimabilior
1911 511 2159 581 pretiosis

2197 514 2233 570 Α
2260 508 2631 579 θεραπαινίδες
2666 509 2721 561 δὲ
2742 548 2756 573 ,
2802 510 2857 563 αί
2900 507 3177 579 αἰσθήσεις
3200 526 3213 540 ·
3262 511 3405 564 ταῦτ’
3434 507 3517 566 οὗν
3562 519 3743 589 παρέχει

632 604 891 674 lapidibus
925 600 1125 655 anima.

2257 600 2290 669 ἡ
2333 597 2631 669 τιμιωτέρα
2674 599 2833 654 λίθων
2876 600 3173 654 πολυτελῶν
3212 601 3356 673 ψυχὴ
3390 603 3463 673 τῷ
3504 614 3746 684 σωματικῷ

2257 688 2426 741 αὐτῆς
2456 689 2606 741 οίκω.

695 776 1010 831 "Animam
1047 776 1148 832 viri
1204 775 1340 845 frugi
1396 777 1526 832 dicit
1587 777 1903 847 Ecclesium,
1955 780 2160 851 lignum

2257 705 2426 757 αυτης
2456 705 2606 757 οικῳ.

2335 777 2445 847 Τὴν
2477 776 2571 829 τοῦ
2603 777 2885 831 σπουδαίου
2921 778 3096 850 ψυχήν
3128 796 3288 850 φησιν
3322 779 3536 850 ἔχουσαν
3571 785 3748 861 Ἐκκλη.

624 867 860 920 scientiae
882 875 934 921 et
952 866 1155 936 lignum
1182 866 1305 921 vitae
1322 867 1643 933 habentem;
1666 872 1903 926 scientiae
1926 881 1984 926 ut
2008 872 2159 940 legis,

2260 866 2377 919 σίαν
2419 866 2570 930 ξύλον
2599 868 2851 935 γνώσεως
2892 870 2991 923 καὶ
3036 869 3192 936 ξύλον
3226 871 3392 942 ζωῆς·
3432 875 3654 941 γνώσεως
3680 883 3749 949 μὲν

623 957 744 1009 vitae
778 964 835 1010 ut
865 957 1031 1012 verbi.
1073 956 1191 1027 lpsa
1213 958 1352 1011 enim
1380 966 1463 1012 est
1496 957 1733 1015 Ecclesia
1764 977 1881 1030 quae
1904 964 1970 1017 de
1996 962 2162 1017 latere

2257 957 2331 1018 ὡς
2375 959 2536 1027 νόμου
2558 997 2572 1021 ,
2603 957 2745 1026 ζωῆς
2780 958 2835 1009 δὲ
2863 959 2938 1020 ὼς
2973 959 3164 1027 λόγουο
3202 960 3337 1033 αῦτη
3372 963 3469 1033 γάρ
3502 966 3629 1018 ἐστιν
3655 972 3680 1038 ἡ
3706 972 3751 1022 ἐκ

620 1046 818 1100 Christi
860 1048 1147 1114 processit,
1185 1047 1405 1117 ejusque
1434 1062 1629 1116 sponsa
1671 1049 1888 1105 inventa
1929 1062 2038 1113 est.
2067 1067 2162 1119 pu-

2259 1049 2495 1119 πλευρᾶς
2538 1048 2769 1119 Χριστοῦ
2824 1049 3194 1119 προελθοῦσα,
3248 1052 3340 1104 καὶ
3386 1052 3555 1125 νύμφη
3602 1059 3746 1113 τούτου

620 1137 738 1191 dica
769 1144 825 1192 et
854 1136 1008 1192 fortis
1056 1137 1269 1204 mulier,
1297 1140 1458 1194 ﬁdem
1494 1140 1619 1194 huic
1668 1154 1909 1207 servans,
1937 1156 2163 1211 eumque

2258 1139 2557 1209 εὑρεθεῖσα,
2589 1141 2621 1208 ἠ
2649 1138 2873 1210 σώφρων
2899 1140 2990 1192 καὶ
3013 1140 3232 1211 ἀνδρεία
3262 1142 3416 1212 γυνὴ,
3444 1147 3476 1214 ἡ
3503 1146 3588 1215 τὴν
3608 1150 3746 1204 πίστιν

618 1244 869 1299 sponsum
888 1231 953 1285 de
983 1230 1134 1286 caalis
1161 1232 1349 1286 iterum
1377 1240 1717 1301 exspectans.

2258 1226 2444 1281 τούτου
2483 1228 2765 1297 τηρήσασα
2786 1266 2801 1291 ,
2833 1228 2925 1282 καὶ
2960 1227 3150 1282 τοῦτον
3183 1231 3409 1301 νυμφίον
3443 1236 3529 1287 ἀπ’
3558 1238 3748 1309 οὐρανῶν

2259 1317 2417 1371 πάλιν
2446 1317 2812 1388 προσδοκῶσα.

689 1411 734 1442 ⁸⁸
766 1410 961 1476 Fusus,
991 1422 1073 1466 est
1111 1425 1247 1481 pura
1283 1426 1457 1477 mens,
1482 1412 1734 1467 virtutem
1764 1414 1949 1468 virtuti
1979 1429 2160 1484 agg-o-

2327 1408 2625 1480 Ἀτρακτός
2664 1410 2776 1461 ἐστι
2817 1409 2937 1473 νοῦς
2967 1409 3228 1482 καθαρὸς,
3261 1414 3570 1482 συμπλέκων
3598 1418 3748 1489 ἀρετὴν

618 1514 851 1566 meraus,
875 1503 1131 1572 etdogma
1154 1502 1379 1570 dogmati
1404 1515 1418 1554 :
1445 1502 1526 1555 vel
1542 1516 1718 1556 sermo
1743 1512 1965 1557 externe
1990 1502 2164 1572 prola-

2259 1495 2345 1546 ἐπ’
2365 1495 2561 1565 ἀρετῇ,
2595 1495 2687 1547 καὶ
2714 1496 2937 1565 δόγματι
2965 1496 3141 1566 δόγμα
3161 1514 3174 1528 ·
3220 1498 3252 1567 ἢ
3282 1498 3434 1566 λόγος
3461 1508 3747 1574 προφορικὸς,

545 1627 550 1635 .
621 1599 729 1655 tus,
765 1593 854 1659 qui
889 1608 954 1647 ex
979 1600 1153 1646 mente
1179 1591 1391 1645 deducit
1418 1590 1712 1659 spiritalem
1745 1593 2022 1648 theoriam.

1931 1608 2022 1648 ηη,
2260 1584 2428 1639 ἕλκων
2460 1585 2566 1638 ἀπὸ
2586 1585 2677 1636 τοῦ
2708 1586 2797 1638 νοῦ
2831 1588 3202 1657 πνευματικὴν
3233 1588 3477 1675 θεωρίαν.

573 1694 581 1705 ·
691 1680 737 1711 ⁸⁸
764 1680 911 1735 Mens
943 1696 1045 1733 non
1075 1679 1334 1747 proﬁciet,
1372 1693 1545 1749 neque
1593 1681 1854 1735 theoriam
1912 1682 2119 1752 incorpc

2330 1676 2442 1729 υύκ
2487 1676 2551 1728 ἂν
2594 1675 2838 1745 προέλθοι
2876 1677 3033 1741 νοῦς,
3085 1679 3208 1731 οὐδὲ
3258 1681 3314 1731 ὲν
3360 1679 3552 1751 θεωρίᾳ
3595 1682 3750 1749 γένοιτο

622 1783 837 1823 reorum
889 1780 1238 1838 assequetur,
1284 1771 1384 1825 nisi
1419 1771 1673 1824 interiora
1701 1787 1793 1825 sua
1827 1782 1974 1826 recte
2010 1789 2162 1828 com-

2204 1836 2225 1841 _
2263 1764 2369 1816 τῶν
2397 1765 2696 1835 ἀσωμάτων
2717 1804 2732 1828 ,
2768 1766 2852 1839 μὴ,
2872 1766 2940 1819 τὰ
2974 1766 3120 1819 ἔνδον
3157 1768 3598 1838 διορθωσάμενος·
3625 1773 3652 1840 ἡ
3676 1773 3750 1841 γὰρ

620 1863 880 1927 posuerit.
959 1836 1091 1915 Nam
1150 1862 1346 1930 proprii
1400 1871 1571 1915 status
1623 1861 1974 1929 perturbatio,
2026 1864 2161 1918 solet

2205 1836 2231 1888 Β
2258 1857 2468 1927 ταραχὴ
2509 1858 2614 1909 τῶν
2653 1836 2865 1910 οἰκείων
2901 1836 3252 1928 ἐπιστρέφειν
3292 1836 3447 1911 αὐτὸν
3491 1836 3751 1928 είωθενπνρὸς

620 1958 850 2004 mentem
904 1963 970 2006 eo
1020 1965 1295 2015 revocare,
1327 1952 1475 2005 unde
1511 1952 1847 2005 discesserat.
1879 1952 1984 2006 Sed
2017 1963 2162 2007 tran-

2258 1944 2324 1996 τὰ
2368 1946 2457 2012 ἀφ’
2504 1939 2577 1997 ὧν
2623 1945 2978 2015 ἐξελήλυθενο
3028 1947 3294 2000 ἀπάθειαν
3356 1948 3410 2001 δὲ
3456 1950 3751 2019 κτησάμενος,

624 2039 943 2107 quillitatem
1003 2041 1355 2110 cupiditatum
1413 2041 1627 2108 adepta,
1688 2042 2051 2095 demorabitur
2108 2044 2160 2097 in

2258 2033 2488 2103 χρονίσει
2515 2050 2572 2086 τε
2607 2036 2662 2086 ὲν
2690 2038 2755 2104 τῇ
2792 2033 3029 2105 θεωρίᾳ,
3075 2035 3169 2087 καὶ
3215 2036 3275 2088 ού
3309 2036 3565 2106 φροντίσει
3595 2040 3678 2088 τῶν
3714 2040 3752 2090 ἐν

617 2129 1116 2199 contemplatione,
1160 2139 1217 2184 et
1268 2130 1680 2186 domesticarum
1742 2147 1918 2185 rertnn
1980 2148 2160 2186 curam

2257 2125 2387 2193 οίκῳ
2412 2140 2426 2154 ο
2468 2124 2761 2177 ὲνδέδυνται
2799 2125 2905 2195 γὰρ
2936 2125 3134 2187 πάντες
3178 2126 3226 2177 οἱ
3260 2128 3385 2196 παρ’
3412 2127 3569 2196 αὐτῆς
3590 2144 3602 2157 ·
3633 2129 3656 2179 ό
3684 2128 3754 2196 μὲν

618 2228 841 2286 seponet
870 2238 883 2271 :
909 2228 1032 2272 sunt
1057 2219 1201 2273 enim
1233 2234 1423 2274 omnes
1452 2221 1627 2275 vestiti
1670 2220 1963 2275 fatniliares
1996 2222 2112 2290 ejus
2143 2240 2157 2277 :

2258 2213 2424 2283 θυμὸς
2447 2253 2460 2276 ,
2484 2215 2758 2285 πραότητα
2787 2216 2880 2267 καὶ
2910 2216 3407 2287 ταπεινοφροσύνην
3430 2233 3443 2249 ·
3478 2219 3509 2287 ἡ
3536 2218 3585 2270 δὲ
3613 2217 3753 2270 ἐπιθυ-

615 2306 782 2371 furor,
816 2306 1030 2362 lenitate
1059 2317 1113 2362 et
1147 2308 1484 2375 humilitate;
1518 2310 1806 2379 cupiditas,
1862 2321 2159 2381 temperan-

1710 2319 1806 2374 Las,
1862 2321 2159 2381 temperan.
2261 2303 2375 2373 μία,
2413 2304 2758 2375 σωφροσύνην
2788 2307 2882 2358 καὶ
2913 2305 3256 2375 ἐγκράτειαν.

622 2396 693 2449 tia
724 2403 886 2464 atque
915 2398 1266 2453 continentia.
1816 2450 1820 2454 .

683 2484 726 2516 ⁹¹
758 2484 970 2542 Otiosas
1000 2502 1171 2551 escas,
1202 2498 1255 2542 et
1285 2503 1404 2557 quae
1448 2488 1628 2558 pigros
1668 2490 1733 2544 ad
1780 2505 1998 2559 regnum
2031 2507 2141 2548 con-

2324 2489 2449 2541 Σῖτα
2480 2487 2717 2558 ὀκνηρὰ,
2767 2488 2833 2541 τὰ
2878 2490 3263 2545 ὀκνοποιοῦντα
3309 2493 3484 2560 τυχεῖν
3521 2489 3754 2560 τῆςβασι-

620 2578 948 2643 sequendum
1015 2579 1242 2633 reddunt
1322 2579 1564 2635 homines
1643 2581 1995 2651 simpliciores
2068 2592 2161 2638 aut

2256 2580 2403 2642 λείας
2430 2580 2554 2642 τοὺς
2574 2581 2976 2652 ἁπλουστέρους
3002 2585 3097 2637 κα)⁸
3120 2584 3522 2653 ἀφελεστέρους,
3547 2584 3581 2651 ἡ
3602 2581 3757 2648 εὐγνώ-

594 2666 929 2733 Ᾰηοριὶοιέδ.
966 2668 1141 2723 ﬁdelis
1171 2684 1235 2725 ac
1260 2669 1513 2738 religiosa
1540 2670 1720 2724 anima
1751 2687 1857 2727 non
1886 2673 2117 2727 comedit

2260 2686 2373 2737 μων
2404 2669 2496 2721 καὶ
2527 2668 2775 2740 θεοφιλὴς
2813 2672 2963 2743 ψυχὴ
2994 2673 3094 2725 οὐκ
3131 2672 3299 2725 ἐσθίει
3323 2711 3338 2735 ,
3382 2672 3498 2724 οῦτε
3543 2672 3635 2741 μὴν
3666 2671 3756 2723 τού-

612 2767 666 2811 et
702 2774 768 2812 ne
799 2768 976 2828 gustat
1010 2760 1251 2825 quidem,
1297 2760 1342 2814 si
1392 2759 1532 2815 forte
1578 2759 1790 2815 illorum
1824 2762 2084 2831 cupiditas
2109 2764 2157 2818 ei

2255 2775 2359 2810 των
2385 2759 2597 2827 γεύεται
2619 2799 2633 2823 ,
2665 2761 2713 2811 εί
2748 2761 2888 2830 τάχα
2918 2761 3069 2833 τύχοι
3102 2763 3279 2817 αὐτῶν
3310 2763 3647 2832 ἐπιθυμῆσαι·
3687 2760 3756 2821 τὰς

624 2848 853 2903 accidat.
886 2849 1053 2904 Porro
1076 2850 1386 2919 iniquitates
1415 2850 1547 2905 dicit
1578 2866 1731 2905 escas
1761 2852 1984 2907 otiosas.

1618 2866 1731 2905 scas
1761 2852 1984 2907 otiosas.
2256 2846 2449 2909 κακίας
2479 2848 2586 2916 γάρ
2618 2865 2755 2918 φησι.
2782 2851 2905 2902 σῖτα
2939 2852 3164 2921 ὀκνηρά.

686 2940 731 2971 ⁸⁸
761 2940 1002 2995 Fallaces
1022 2941 1215 3010 gratia:
1241 2950 1365 2995 sunt
1383 2950 1436 2995 et
1461 2954 1596 2994 vana
1624 2941 1983 3010 pulchritudo.
2016 2942 2158 2996 Stul-

2317 2938 2542 3000 Ψευδεῖς
2569 2939 2870 3008 ἁρέσκειαι,
2905 2941 3022 2999 καὶ’
3035 2944 3259 3012 μάταιον
3304 2942 3506 3005 κάλλος.
3548 2942 3603 2993 Ἦ
3628 2941 3756 3007 ἀφρο-

613 3028 819 3081 tissima
866 3041 1090 3097 quaeque
1140 3029 1318 3081 anima
1351 3042 1455 3080 non
1489 3028 1644 3082 modo
1667 3028 1870 3093 cogitat
1894 3038 1950 3083 et
1973 3030 2159 3099 imagi-

2256 3029 2480 3098 νεστάτη
2524 3029 2666 3101 ψυχὴ
2709 3033 2767 3084 ού
2817 3035 2980 3103 μόνον
3025 3038 3194 3089 ὲννοεῖ
3242 3037 3336 3088 καὶ
3386 3032 3677 3103 φαντάζεται
3716 3027 3758 3079 τὸ

613 3127 794 3182 natur,
824 3118 965 3187 quod
992 3118 1094 3172 sibi
1125 3128 1211 3172 est
1234 3116 1459 3179 libitum,
1493 3116 1584 3168 sed
1607 3114 1768 3169 etiam
1792 3116 1845 3170 in
1871 3131 2007 3185 opus
2028 3132 2158 3172 con-

2211 3117 2392 3212 ιαὐτῇ
2442 3117 2697 3186 ἀρεστὸν,
2735 3120 2874 3174 ἀλλὰ
2923 3123 3017 3176 καὶ
3067 3122 3213 3194 ἔργῳ
3262 3122 3493 3191 ἐγχειρεί
3529 3116 3757 3187 πληρῶσαι

612 3206 755 3261 ferre
787 3206 1098 3275 aggreditur
1142 3205 1459 3259 meditatum
1489 3218 1663 3258 suum.
1693 3203 1845 3269 Quod
1872 3205 1917 3259 si
1943 3205 2151 3260 initium

2214 3203 2224 3212 ’
2255 3208 2352 3278 τὴν
2393 3208 2647 3280 θεωρίαν·
2692 3212 2813 3264 εἰδὲ
2866 3216 3010 3287 ἁρχὴ
3055 3216 3246 3284 σοφίας
3279 3216 3449 3284 φόϐος,
3467 3213 3682 3282 Κυρίου,
3704 3208 3760 3259 δι·

611 3294 890 3366 επρίειιιίιε
933 3302 1017 3348 est
1062 3295 1229 3347 timore
1252 3292 1488 3353 Domini,
1516 3292 1709 3346 merito
1734 3293 1910 3347 anima
1940 3296 2155 3363 sapien-

2257 3296 2423 3359 καίως
2459 3299 2491 3366 ἠ
2541 3298 2776 3366 τυχοῦσα
2816 3303 3015 3370 σοφίας
3047 3302 3194 3372 ψυχὴ
3234 3305 3371 3355 αἰνεῖ
3407 3300 3493 3353 τὸν
3528 3296 3666 3365 φόϐον
3690 3292 3759 3345 τοῦ

614 3387 742 3439 tiam
786 3383 995 3451 adepta,
1046 3382 1291 3436 timorem
1336 3384 1547 3437 Domini
1591 3383 1953 3449 commendat,
1980 3386 2070 3453 qui
2099 3393 2156 3440 et

2259 3387 2481 3457 Κυρίου,
2514 3388 2570 3451 ὃς
2602 3390 2818 3457 γέγονεν
2851 3395 2995 3463 αὐτῇ
3018 3393 3119 3463 τῆς
3139 3392 3388 3461 τοιαύτης
3414 3388 3641 3458 γνώσεως
3662 3382 3761 3452 πρό-

616 3475 739 3529 talis
768 3472 1008 3551 scientiae
1037 3470 1355 3526 conciliator
1382 3470 1504 3525 fuit.
2262 3476 2427 3541 ξενος.

1852 3623 2392 3683 ADDITAMENTUM
2419 3629 2549 3700 (‘29).

690 3734 810 3775 "J‘
830 3734 1036 3790 Norunt
1074 3734 1238 3799 enim,
1294 3748 1414 3789 eum
1437 3735 1762 3804 agendarum
1784 3751 1959 3792 rerum
1981 3739 2156 3793 scien-

2326 3741 2497 3792 Ἵσασι
2522 3739 2630 3811 γὰρ
2668 3743 2748 3795 ὃτι
2774 3745 2879 3817 τὴν
2905 3747 3005 3816 μὲν
3033 3746 3161 3816 περὶ
3185 3744 3254 3798 τὰ
3279 3742 3517 3813 πρακτέα
3550 3738 3759 3807 κέκτηται

617 3824 747 3878 tiam
809 3825 1103 3894 possidere,
1146 3834 1202 3879 et
1250 3824 1303 3878 in
1350 3825 1569 3894 propria
1635 3836 1901 3895 potestate
1956 3826 2157 3883 habere

2256 3828 2472 3897 γνῶσιν,
2513 3831 2709 3901 ἀρετῆς
2754 3834 2855 3903 μὲν
2901 3836 3133 3905 αἵρεσιν,
3166 3833 3343 3903 φυγὴν
3384 3830 3439 3883 δὲ
3469 3826 3660 3885 κακίας,
3693 3818 3761 3872 καὶ

613 3914 857 3968 alumnos
888 3928 1037 3968 suos.
1084 3914 1249 3968 Aiunt
1280 3914 1500 3983 itaque,
1547 3922 1808 3984 tanquam
1857 3930 1923 3970 eo
1975 3928 2154 3985 capto,

2258 3920 2339 3972 δτι
2366 3921 2550 3990 κτῆσιν
2574 3920 2684 3992 ἔχει
2708 3924 2835 3988 τοὺς
2865 3924 3284 3994 διδασκομένους
3312 3922 3401 3973 ὑπ’
3427 3916 3577 3983 αὑτοῦ
3597 3931 3609 3943 ·
3637 3907 3762 3978 φασὶν

614 4004 760 4057 hisce
782 4003 1136 4057 dominamur.
1170 4003 1382 4073 Alioqui
1423 4019 1552 4059 vero
1588 4006 1857 4074 possessio
1882 4006 2010 4073 justi
2053 4008 2150 4061 viri

2258 4004 2349 4062 οῦν
2371 4010 2444 4073 ὡς
2463 4010 2619 4064 αὐτὸν
2641 4011 2871 4078 ἑλόντες,
2900 4012 3229 4075 καὶ-τούτοις
3252 4005 3567 4081 χειρούμεθα
3586 4019 3598 4032 ’
3628 3996 3760 4081 ἄλλως

613 4102 698 4145 est
725 4091 1007 4160 sapientia,
1042 4092 1346 4161 prudentia,
1377 4092 1732 4161 intelligentia
1770 4105 1930 4163 atque
1958 4096 2151 4150 virtus.

2257 4100 2313 4153 δὲ
2353 4100 2542 4170 κτῆσις
2572 4100 2665 4153 τοῦ
2695 4101 2907 4155 δικαίου
2932 4142 2955 4165 ,ν
2981 4104 3143 4171 σοφία
3168 4080 3263 4155 xui.
3278 4080 3563 4170 φρόνησις,
3595 4080 3763 4171 σύνισίς

616 4178 892 4250 Occupant
923 4190 1102 4236 autem
1146 4179 1410 4249 ejusmodi
1464 4180 1848 4250 possessionem
1898 4183 2146 4252 improbi,

2251 4207 2308 4243 τε
2336 4168 2620 4262 καὶ-ἀρετή
2639 4208 2653 4222 ·
2699 4168 3210 4265 καταλαμϐάνονται
3250 4191 3308 4243 δὲ
3332 4168 3439 4257 ⁷τὴν
3469 4183 3645 4250 κτῆσινί
3666 4168 3763 4267 "5"

619 4271 666 4324 si
695 4272 907 4338 quando
951 4269 1099 4335 justo
1132 4271 1359 4326 suadent
1397 4279 1458 4324 ut
1501 4270 1703 4340 aliquid
1726 4286 1757 4324 a
1786 4273 1897 4327 Deo
1926 4274 2146 4328 vetitum

2250 4296 2348 4350 την
2379 4282 2427 4332 οἶ
2456 4280 2685 4344 ἀσεϐεῖς,
2722 4284 3000 4346 πείθοντες
3031 4281 3127 4344 τὸν
3149 4281 3353 4333 δίκαιον
3382 4267 3590 4340 ποιῆσαί
3613 4281 3657 4318 τι
3682 4269 3762 4311 των

616 4367 929 4426 perpetret:
965 4372 1153 4428 nempe
1202 4370 1261 4415 ut
1308 4376 1459 4416 mens
1508 4370 1728 4430 peccato
1789 4372 2079 4429 excaecata,
2121 4379 2153 4417 a

2214 4350 2226 4397 ⁵
2253 4345 2704 4433 ἀπηγορευμένων
2733 4364 2854 4438 Θεῷ
2872 4385 2887 4398 ·
2919 4345 3009 4419 ἶνα
3042 4364 3341 4434 τυφλωθεὶς
3375 4358 3478 4412 ἀπὸ
3507 4354 3595 4421 τῆς
3620 4350 3760 4414 ἁμαρ·

616 4455 803 4501 sancta
834 4446 1137 4513 huiusmodi
1164 4454 1507 4519 possessione
1534 4442 1770 4508 excidat.

2255 4452 2372 4513 τίας
2396 4454 2425 4503 ὁ
2449 4451 2570 4515 νοῦς
2592 4453 2796 4527 ἐκπέσῃ
2826 4455 2936 4508 τῶν
2966 4456 3139 4523 ἁγίων
3170 4451 3372 4505 τούτων
3405 4441 3684 4527 κτημάτων·

682 4536 731 4569 ’³
765 4536 874 4607 (50)
900 4537 1132 4607 Sapienti
1142 4542 1287 4610 justo
1309 4543 1538 4598 dilﬁcilia
1552 4556 1763 4612 quoque
1783 4541 1994 4611 negotia
2019 4542 2155 4599 ﬁunt.

2319 4540 2391 4591 Τὸ
2417 4540 2513 4610 μὲν
2558 4543 2758 4612 συνετῷ
2784 4525 3011 4615 δικαίῳ,
3043 4543 3137 4597 καὶ
3171 4541 3240 4593 τὰ
3276 4533 3507 4605 δυσχερῆ
3532 4525 3628 4583 τῶν
3654 4532 3762 4615 “pa:

616 4602 815 4681 facilia.
845 4602 915 4681 Ᾰι
942 4602 991 4681 ei
1039 4602 1330 4697 qui'aliter
1374 4647 1433 4687 se
1466 4602 1643 4694 habet,
1674 4602 2060 4686 .l‘acilia'etiam
2102 4640 2154 4686 et

2255 4602 2475 4698 γμὰτων
2505 4629 2697 4683 εὔκολα
2729 4602 3103 4702 γίνεταίίτῷ
3140 4631 3196 4684 δὲ
3239 4602 3451 4695 ἐτέρῷςῗ
3476 4620 3663 4688 ἔχωδι’
3692 4602 3761 4702 ’ξῗὶ

618 4714 868 4772 solatium
890 4688 1156 4776 quoddam
1188 4719 1462 4787 habentia,
1501 4688 1735 4777 diliicilia
1756 4721 2010 4777 evadunt.

2348 4718 2540 4772 εὔκολα
2583 4724 2676 4777 καὶ
2708 4688 2976 4793 ἀνάψυξίν
3007 4688 3129 4775 τινα
3153 4688 3362 4789 ἔχοντα,
3394 4702 3615 4776 δυσχερῆ
3643 4688 3761 4748 “ei.

2259 4825 2466 4861 ararat.

678 4888 1126 5034 l‘lfl'l‘heoreticam
1176 4894 1475 4953 doctrinam
1505 4898 1730 4967 habent,
1762 4898 1857 4956 sed
1882 4897 2154 4970 excelsum

717 4996 731 5034 ι
758 5018 773 5033 .

2314 4900 2485 4967 Λόγον
2519 4902 2622 4973 γὰρ
2651 4920 2833 4973 έχουσι
2859 4903 3228 4975 θεωρημάτων
3255 4892 3597 4961 ἐπιστήμονα,
3630 4872 3759 4946 μηδὲν

2254 4990 2463 5034 hmine
2495 4993 2692 5034 ι’»ιιιιηὶηςυ

619 4978 773 5034 nihil.

2254 4990 2463 5061 ἔχοντες
2495 4993 2711 5065 ὑψηλόν.

688 5222 926 5277 ιιωθ.
1028 5223 1071 5255 ³ο
1114 5241 1163 5278 ν.
1210 5230 1292 5284 to.
1404 5234 1639 5292 "v.21.
1763 5231 2036 5301 "v.27.’j
2088 5230 2213 5286 ην.

1839 5247 1877 5287 v.
1907 5231 2036 5301 27.]
2088 5230 2131 5262 "
2162 5246 2213 5286 ι’.
2244 5229 2328 5284 30.
2418 5229 2543 5268 ’³-”
2579 5244 2691 5298 cap.
2744 5247 2782 5296 ι,
2827 5231 2914 5284 15.
2989 5230 3033 5261 ’³
3060 5240 3180 5289 cap.
3216 5236 3269 5284 χ,
3316 5217 3385 5277 8;

685 5378 799 5452 (29)
823 5378 954 5435 Cod.
982 5377 1162 5438 Ottob.
1202 5386 1317 5453 tt7,
1350 5404 1401 5460 ρ,
1436 5390 1521 5447 ιθ,

2329 5385 2440 5454 (30)
2473 5386 2600 5444 Cod.
2633 5386 2765 5459 Reg.
2788 5386 2883 5453 77,
2912 5400 2967 5454 p.
2996 5380 3119 5438 510.
