3914 6446
1375 476 1656 536 SCHOLIA
1695 476 1762 532 IN
1797 477 2088 534 CANTICA
2123 471 2388 533 CANTIC.

3373 489 3473 544 270

480 561 660 668 κατά
698 575 944 668 καιρὸν
973 584 1199 647 ἑαυτὸν
1223 597 1531 666 ὲμφανὶσειε
1558 600 1621 667 τῇ
1649 595 1845 667 καμού-

1950 607 2006 652 ut
2035 607 2255 652 extenso
2290 612 2471 654 amore
2501 613 2558 653 se
2583 614 2880 668 opportune
2911 601 3208 658 manifestet
3253 607 3470 662 multum

711 665 835 738 τὴν
863 671 1142 751 ζήτησιν
1163 643 1468 758 τὴνῖύτοῦ·
1499 643 1846 758 ειπόῦσατγάρ

122 811 139 824 '
434 811 439 812 ⁷
712 811 726 823 ‘
803 811 946 830 Γνν
1001 811 1068 825 ν’
1129 811 1296 842 luga!
1333 811 1585 844 esquuu
1615 811 1672 831 υι
1708 811 1844 833 ru-

115 811 350 954 “ﬁs/1
380 839 692 954 Αὴηψθχῗῗ
723 870 900 954 μου)
960 867 1074 918 καὶ
1100 868 1209 921 ὅτι
1239 811 1500 937 ἐζήτησα(
1529 871 1710 923 αὐτὸν
1729 811 1844 922 limi

161 938 514 1040 ν,
549 938 806 1040 ἐπάγει·
843 950 1306 1028 «iraa-rnatum
1328 961 1400 1028 δὴ
1424 963 1517 1015 καὶ
1540 961 1840 1014 ’δηλώσω

187 1062 340 1110 ταῶν
399 1027 770 1131 ἤπιασμδν-
819 1041 934 1094 καὶ
985 1046 1095 1117 τὴν
1154 1052 1454 1121 κατάμυσιν
1507 1050 1842 1120 ἀποθέμενοι,

213 1124 576 1194 δωποτῶμεν
638 1124 1003 1198 πειθόμενοι
1058 1135 1141 1205 τῷ
1181 1138 1405 1205 λέγοντι,
1443 1136 1782 1206 Ἔγειραιδὴ
1814 1139 1846 1188 ὀ

227 1219 534 1280 καθεύδων
567 1213 702 1279 ὅλος
733 1216 799 1270 δὲ
825 1221 859 1272 ὁ
895 1222 1143 1296 κόσμος,
1171 1228 1204 1296 ἡ
1234 1226 1381 1290 πόλις
1403 1226 1460 1278 ὃν
1489 1224 1844 1296 ἐκπεριελθὼν

246 1315 314 1364 δεῖ
332 1319 399 1384 τῇ
438 1304 573 1376 περὶ
630 1308 817 1361 αὑτοῦ
858 1311 1085 1386 θεωρίᾳ
1109 1317 1388 1386 γινόμενον
1420 1318 1475 1368 ὲν
1502 1320 1618 1379 ταῖς
1660 1318 1846 1383 σοφαῖς

245 1394 622 1458 διδασκαλίαις·
657 1390 840 1451 αὗται
865 1401 988 1473 γὰρ
1015 1405 1074 1456 αί
1109 1406 1321 1474 ἀγοραί’
1352 1404 1469 1457 ὃθεν
1495 1423 1548 1457 τι
1585 1406 1845 1475 χρήσιμόν

256 1493 366 1543 ἔστι
389 1487 588 1550 λαϐεῖν,
617 1487 768 1543 ἀλλὰ
798 1494 905 1545 καὶ
939 1494 1000 1546 ὲν
1030 1495 1465 1558 ταῖς-πλατείαις
1492 1496 1647 1564 σοφία
1672 1496 1777 1567 γὰρ
1791 1499 1844 1548 ὲν

247 1582 449 1646 ἐξόδοις
497 1579 788 1650 ὑμνεῖται,
829 1586 894 1638 ὲν
931 1586 992 1638 δὲ
1041 1586 1316 1649 πλατείαις
1358 1587 1661 1657 παρρησίαν
1703 1586 1842 1654 ἄγει·

250 1672 657 1742 κεκελεύσμεθα
706 1675 770 1726 δὲ
806 1676 913 1728 καὶ
954 1679 1116 1747 ἡμεῖς
1141 1678 1232 1729 ἐπὶ
1275 1677 1336 1728 τὸ
1364 1676 1558 1740 πλάτος
1591 1676 1687 1746 τῆς
1717 1694 1846 1746 καρ-

235 1764 378 1828 δίας
403 1764 550 1836 ἡμῶν
571 1765 814 1836 γράψαν
853 1767 1082 1836 μείζονα
1105 1767 1161 1820 δὲ
1177 1765 1410 1835 ζητοῦσα
1441 1764 1472 1834 ἢ
1502 1767 1618 1818 κατ’
1646 1755 1844 1834 ἀγοράς

240 1855 359 1906 καὶ
386 1855 639 1917 πλατείας
677 1854 756 1926 μὴ
783 1855 1086 1926 εὑρηκέναι
1121 1853 1266 1924 φησί·
1300 1855 1435 1923 πλὴν
1453 1853 1724 1907 όδεύειὲπὶ
1749 1853 1842 1923 τὴν

363 741 488 847 τῗιν
513 753 779 847 ,κοίτην
803 741 953 830 μου
1001 741 1086 825 ἐν
1126 741 1310 842 νυὲιν
1333 741 1585 846 ἐζήτησα
1615 780 1685 831 δν

1949 689 2003 740 in
2056 701 2120 740 eo
2167 689 2448 755 quaerendo
2496 689 2776 744 laboranti.
2832 689 2961 743 Cum
3015 691 3156 744 enim
3215 695 3366 758 dixit,
3418 700 3472 752 in

1948 779 2130 831 lectulo
2171 795 2279 831 meo
2327 796 2416 847 per
2447 790 2613 834 noctes
2644 782 2854 849 quwsivi
2902 798 3049 850 quem
3098 784 3265 854 diligit
3296 788 3471 841 anima

1947 882 2095 930 mea;
2118 869 2329 936 quwsivi
2353 868 2497 920 illum
2537 878 2584 922 et
2630 886 2730 922 non
2767 873 2952 933 inveni,
2990 870 3194 936 subjici!
3227 890 3472 942 :surgam

1948 964 1995 1007 et
2023 957 2268 1010 circuibo.
2306 956 2722 1012 Reclinationem
2757 959 2915 1026 igitur
2934 969 2986 1013 et
3016 971 3260 1028 gravatos
3291 963 3471 1017 oculos

1946 1049 2255 1115 objicientes
2300 1065 2698 1118 consurgamus,
2755 1050 3021 1119 simusque
3080 1054 3353 1106 audientes
3394 1054 3474 1108 di-

1948 1140 2086 1192 centi
2122 1160 2134 1193 :
2167 1140 2332 1209 Surge
2359 1141 2446 1209 qui
2472 1141 2666 1194 dormis
2695 1139 2760 1193 ³¹.
2793 1139 3081 1196 Universus
3117 1153 3289 1195 autem
3318 1158 3472 1197 mun-

1948 1228 2044 1283 dus
2071 1227 2259 1280 civitas
2292 1236 2372 1280 est
2413 1242 2570 1295 quam
2629 1228 2782 1282 nobis
2847 1229 3280 1282 circumeundam
3331 1229 3473 1286 illius

1947 1317 2394 1384 contemplatione
2419 1318 2470 1370 in
2515 1316 2840 1384 sapientibus
2873 1317 3149 1381 docuinis,
3199 1319 3473 1386 quaeipste

1947 1417 2069 1462 sunt
2097 1408 2218 1460 vici.
2254 1407 2387 1460 llinc
2407 1406 2558 1460 nobis
2587 1406 2782 1473 aliquid
2804 1406 3049 1460 utilitatis
3077 1408 3470 1476 percipiendum

1946 1507 2047 1559 est,
2071 1511 2167 1550 nec
2211 1511 2313 1550 non
2348 1505 2401 1549 et
2444 1497 2496 1548 in
2524 1495 2731 1563 plateis.
2767 1493 3038 1570 Sapientia
3080 1496 3218 1549 enim
3271 1498 3324 1550 in
3373 1499 3473 1552 viis

1947 1586 2268 1648 celebratur,
2313 1585 2364 1639 in
2393 1584 2579 1653 plateis
2617 1599 2742 1639 vero
2789 1584 3005 1639 liberius
3034 1585 3158 1653 agit.
3195 1583 3334 1640 Jussi
3377 1602 3472 1641 su-
3549 1640 3558 1650 ,

1946 1691 2063 1729 mus
2080 1687 2132 1729 et
2151 1676 2248 1744 ipsi
2273 1690 2431 1744 super
2464 1676 2640 1729 cordis
2662 1676 2827 1729 nostri
2856 1675 3190 1728 latitudinem
3215 1675 3470 1732 scribere.

1944 1764 2196 1832 Maiorem
2218 1779 2342 1819 vero
2369 1779 2614 1832 qurerens
2638 1780 2731 1834 per
2749 1765 2894 1820 vicos
2915 1773 2967 1818 et
2984 1764 3186 1833 plateas
3209 1780 3311 1818 non
3335 1765 3474 1819 inve-

1945 1858 2087 1911 uisse
2099 1855 2228 1910 dicit
2249 1870 2264 1920 ;
2283 1856 2449 1924 pergit
2469 1864 2645 1909 tamen
2670 1855 2732 1908 ad
2750 1855 3109 1923 quaerendum,
3136 1863 3188 1909 et
3206 1854 3472 1910 invenitur

226 1942 916 2015 εὖρεσιν,ιεὺρισκομένη
945 1945 1052 1997 ὑπὸ
1081 1943 1189 1997 τῶν
1221 1943 1520 2014 τηρούντων
1573 1944 1668 2014 τὴν
1696 1943 1844 1996 πόλιν

1944 1948 2010 2002 ab
2045 1946 2150 1999 illis
2176 1947 2266 2013 qui
2304 1946 2606 2000 custodiunt
2633 1946 2816 1998 urbem
2853 1955 2909 1999 et
2933 1947 3268 2000 circumeunt
3303 1946 3468 1999 illam.

229 2034 353 2085 καὶ
383 2034 731 2087 κυκλούντων
758 2035 958 2105 αὑτήνο
989 2031 1096 2087 εἷεν
1132 2033 1199 2087 ἂν
1223 2035 1290 2086 τὰ
1325 2031 1661 2104 λειτουργικὰ
1689 2032 1846 2085 πνεύ-

215 2141 440 2192 ματα·
460 2120 600 2178 οὗτοι
624 2126 769 2177 εἰσιν
802 2123 900 2187 οὓς
931 2123 1272 2188 ἐξαπέστειλε
1299 2122 1493 2193 Κύριος
1513 2121 1845 2192 περιοδεῦσαι

214 2212 351 2282 τὴν
382 2215 521 2283 γῆνο
551 2209 624 2266 ὧν
644 2215 712 2285 δὴ
749 2215 883 2285 περὶ
917 2214 1011 2267 τοῦ
1039 2214 1366 2282 ποθουμένου
1385 2212 1721 2265 πυνθάνεται·
1747 2215 1846 2266 οὐκ

211 2304 692 2376 ἀναγέγραπται
744 2307 805 2358 δὲ
851 2306 1059 2358 τούτων
1084 2305 1386 2374 ἀπόκρισιςο
1417 2303 1767 2373 διδασκόμεθα
1789 2303 1844 2356 δὲ

212 2396 281 2446 εἰ
327 2395 640 2466 μέλλοιμεν
668 2397 854 2467 εὑρεῖν
883 2397 974 2448 τὸν
1009 2395 1350 2464 ποθούμενον,
1381 2394 1554 2460 ὀλίγον
1582 2410 1632 2445 τι
1656 2394 1846 2462 παρελ-

218 2482 411 2549 Θεῖν,
433 2487 525 2539 καὶ
557 2486 848 2556 κρείττους
889 2484 1141 2552 γενέσθαι
1169 2485 1275 2536 τῶν
1319 2483 1564 2536 τοιούτων
1585 2483 1840 2550 ἀγγέλωνο

218 2591 318 2625 πε
328 2575 408 2644 pl
432 2569 502 2628 ὧν
520 2575 701 2628 ἔοικεν
718 2578 778 2628 ὲν
794 2574 1080 2644 Ἐπιστολῇ
1105 2573 1278 2640 λέγειν
1307 2576 1335 2625 ὁ
1362 2573 1562 2640 Πέτρος
1589 2572 1845 2626 διδάσκων

220 2663 362 2734 τὴν
393 2667 670 2737 ὑπεροχὴν
698 2665 809 2717 τῶν
834 2666 947 2726 τοῖς
990 2663 1212 2724 τελείοις
1249 2661 1634 2730 ἀποκειμένων·
1677 2663 1762 2726 εις
1808 2661 1846 2714 d

217 2758 678 2829 ἐπιθυμοῦσιν
735 2758 980 2827 ἄγγελοι
1027 2757 1388 2824 παρακύψαι·
1461 2755 1733 2823 ἀγαπητὸν
1790 2753 1846 2805 δὲ

227 2847 444 2919 βραχύ
475 2868 529 2902 τι
560 2849 692 2912 τοὺς
734 2847 1010 2909 τοιούτους
1040 2846 1411 2918 παρενεγκεῖν,
1456 2844 1520 2895 ἶν’
1558 2843 1749 2914 εὑρεθῇ
1787 2843 1846 2894 τὸ

222 2938 630 3008 ποθούμενον,
655 2938 754 2989 καὶ
802 2933 1023 3004 εὑρεθὲν
1052 2931 1316 3003 κρατηθῇ,
1353 2931 1443 2982 καὶ
1466 2928 1728 2998 κρατηθὲν
1775 2926 1844 2996 μὴ

225 3026 456 3099 νοηθῇ·
509 3029 780 3095 ἀνόνητος
827 3023 937 3093 γάρ
969 3023 1003 3091 ἡ
1050 3022 1332 3091 κράτησις,
1382 3020 1428 3071 εἱ
1481 3017 1552 3088 μὴ
1573 3018 1633 3069 τὸ
1663 3015 1845 3086 νοηθὲν

229 3119 501 3188 συνεχὴς
559 3115 767 3187 μελέτη
823 3111 1136 3182 κρατήσειε·
1169 3109 1248 3162 διό
1276 3123 1455 3177 φησιν·
1493 3108 1601 3158 οὐκ
1649 3103 1846 3172 ἀφῆκα

227 3207 475 3270 αὐτὸν,
517 3206 634 3270 ἕως
667 3202 741 3256 οὗ
762 3203 1088 3270 εἰσήγαγον
1123 3197 1308 3251 αὐτὸν
1341 3197 1425 3258 είς
1443 3189 1607 3246 οἷκον
1627 3193 1846 3260 μητρός

219 3311 412 3360 μουο
439 3298 529 3350 ἵνα
547 3295 649 3348 κα)⁸
682 3292 825 3363 μετά
847 3292 946 3362 τὴν
978 3286 1221 3342 ἐντεῦθεν
1246 3283 1674 3349 έξοδον,είσέλθοι
1700 3282 1845 3353 αὑτῷ

231 3383 353 3445 εἰς
385 3386 465 3439 τὸν
488 3380 645 3438 οἶκον
677 3383 782 3452 τῆς
804 3382 918 3435 ἄνω
972 3376 1337 3448 Ἰερουσαλὴμ,
1384 3373 1510 3427 ἔνθα
1555 3372 1743 3442 εἰσάγῃ
1778 3371 1844 3424 τά

229 3475 553 3546 κοινότερα
580 3473 696 3526 τῶν
725 3472 818 3524 τοῦ
842 3470 999 3538 λόγου
1027 3465 1406 3536 θεωρημάτων·
1448 3463 1513 3516 τὰ
1532 3461 1586 3515 δὲ
1607 3464 1844 3532 ἀπορρη-

229 3561 466 3634 τότερα
489 3567 572 3627 εἰς
595 3563 668 3615 τὰ
690 3561 916 3630 ταμιεῖα
949 3558 1049 3626 τῆς
1093 3551 1454 3622 συλλαϐούσης
1477 3553 1572 3621 τὴν
1607 3549 1838 3620 νύμφην·

230 3652 284 3718 ἡ
328 3655 470 3726 αὑτὴ
502 3656 561 3706 δὲ
589 3654 780 3724 μήτηρ
813 3649 906 3701 καὶ
935 3644 1268 3698 συλλαϐοῦσα
1298 3642 1565 3711 δηλοῦται,
1590 3639 1679 3692 διὰ
1700 3639 1764 3692 τὸ
1788 3641 1842 3691 ὲν

232 3744 334 3809 τῇ
370 3745 628 3815 συλλήψει
659 3741 760 3810 τὴν
789 3741 963 3810 ἀρχὴν
1001 3737 1100 3804 τῆς
1139 3733 1441 3794 συστάσεως
1479 3729 1629 3784 εἶναι·
1666 3731 1842 3801 μήτηρ

235 3827 323 3880 δὲ
376 3831 644 3904 λεγομένη
681 3829 824 3900 μετά
873 3827 971 3897 τήν
1020 3825 1314 3895 μόρφωσιν,
1347 3822 1437 3874 καὶ
1460 3821 1554 3891 τὴν
1585 3816 1675 3872 τοῦ
1718 3819 1840 3871 συλ-

243 3916 568 3988 ληφθέντος
607 3921 734 3973 τελε
743 3920 914 3971 ίωσιν.

254 4007 376 4071 Τίς
395 4014 545 4078 αὕτη
599 4012 642 4077 ἠ
687 4007 1113 4078 ἀναϐαίνουσα.
1142 4001 1208 4054 ἐκ
1233 3999 1338 4066 τῆς
1354 3999 1585 4078 ,ἐρήμου
1608 4000 1842 4078 ᾡςῃστε-

342 4068 491 4150 ᾇέχη
521 4068 769 4134 ἇιαεὶνοῦ
801 4071 1191 4149 τεθυμιιξμένη
1211 4085 1228 4131 ;
1250 4069 1479 4150 οςμιξρνα
1495 4068 1842 4132 καὶλίϐανος

344 4140 460 4204 die
475 4140 738 4204 ’πάντων
763 4161 895 4197 κονι
903 4140 1089 4210 ορτών
1098 4140 1368 4207 μυρεψοῦ
1381 4150 1400 4198 ;

342 4235 496 4312 Καλὴ
535 4241 661 4292 λίαν
685 4239 720 4307 ή
757 4233 1118 4288 ἀναϐαίνουσα
1136 4229 1234 4299 βίῳ
1263 4227 1354 4280 καὶ
1386 4227 1525 4296 λόγῳ
1549 4224 1709 4294 ψυχὴ,
1746 4242 1843 4292 φυ-

259 4322 440 4386 γοῦσα
479 4329 551 4382 τὰ
585 4325 746 4396 παρὰ
777 4327 891 4384 τοῖς
925 4320 1133 4382 πολλοῖς
1187 4317 1564 4387 ἁμαρτήματα,
1611 4314 1748 4382 άπερ
1785 4314 1843 4376 ἐξ

263 4408 480 4484 ἒρήμου
511 4419 742 4485 λέγεται
797 4408 1128 4464 ἀναϐαίνειν·
1157 4405 1216 4456 τὸ
1246 4405 1301 4457 δὲ
1345 4403 1434 4455 τὸν
1476 4402 1674 4454 δίκαιον
1707 4399 1842 4453 εἶναι

270 4494 532 4560 Χριστοῦ
559 4500 829 4557 εὐωδίαν
855 4497 926 4548 ἐν
942 4491 1119 4546 παντὶ
1147 4492 1304 4551 τόπῳ
1329 4487 1448 4551 τοῖς
1477 4485 1839 4555 σωζομένοις,

1942 2037 2006 2093 lli
2023 2048 2142 2092 sunt
2160 2039 2378 2107 spiritus
2397 2036 2758 2090 ministrantes
2775 2050 2906 2106 quos
2929 2037 3188 2104 praemisit
3217 2035 3469 2090 Dominus

1942 2127 2378 2182 circumeundam
2407 2138 2622 2179 terram.
2660 2124 2766 2180 llos
2795 2128 2957 2195 igitur
2985 2126 3050 2179 de
3079 2125 3271 2179 dilecto
3303 2128 3472 2180 inter-

1944 2219 2008 2271 ad
2031 2227 2196 2288 rogat.
2219 2217 2333 2272 Non
2357 2225 2530 2270 autem
2545 2216 2752 2269 illorum
2772 2216 2998 2270 refertur
3016 2230 3345 2282 responsum.
3365 2214 3470 2269 Do-

1942 2322 2123 2362 cemur
2143 2315 2341 2370 autem,
2385 2304 2430 2358 si
2474 2305 2717 2372 cupimus
2772 2303 3013 2356 invenire
3047 2303 3314 2366 dilectum,
3366 2302 3469 2356 ali-

1942 2397 2251 2467 quantulum
2281 2396 2476 2465 egredi,
2496 2405 2549 2449 et
2578 2394 2822 2448 meliores
2849 2395 2960 2448 fieri
2996 2395 3110 2448 istis
3137 2432 3155 2459 ,
3185 2394 3250 2448 de
3281 2394 3470 2462 quibus

1941 2489 2150 2541 videtur
2207 2487 2260 2539 in
2293 2485 2527 2552 Epistola
2573 2485 2831 2538 disserere
2878 2483 3086 2547 Petrus,
3112 2497 3230 2537 cum
3285 2496 3470 2536 eorum

1949 2592 2067 2646 quae
2096 2591 2192 2631 nos
2222 2577 2274 2628 in
2321 2575 2772 2630 consummatione
2819 2583 3032 2626 manent
3061 2572 3468 2640 praecellentiam

1943 2668 2161 2729 docens,
2189 2665 2282 2728 ait,
2304 2666 2360 2716 in
2389 2680 2538 2732 quem
2567 2664 2859 2715 desiderant
2901 2661 3068 2731 angeli
3097 2663 3384 2730 prospicere
3399 2661 3466 2718 ³³.

1945 2755 2079 2808 Istos
2105 2761 2278 2806 autem
2306 2753 2567 2805 modicum
2603 2763 2918 2819 praevertere
2942 2752 3230 2818 optandum
3273 2762 3376 2818 est,
3412 2761 3472 2805 ut

1944 2843 2246 2898 inveniatur
2277 2840 2521 2903 dilectus,
2572 2849 2625 2892 et
2664 2842 2908 2894 inventus
2960 2851 3256 2908 superetur,
3303 2851 3357 2896 et
3383 2855 3473 2896 su-

1942 2941 2157 3003 peratus
2187 2945 2291 2984 non
2319 2931 2599 2997 cogitetur.
2621 2929 2822 2998 Quippe
2844 2931 3048 2983 incassa
3072 2939 3153 2983 est
3185 2931 3467 2997 possessio,

1944 3025 2042 3079 nisi
2084 3023 2372 3093 cogitatum
2427 3022 2639 3076 assidua
2704 3021 3007 3075 sollicitatio
3060 3029 3289 3088 superet.
3349 3019 3470 3076 Ideo

1943 3118 2073 3172 dicit
2109 3135 2122 3169 :
2156 3133 2257 3169 non
2295 3116 2551 3167 dimittam
2588 3129 2721 3176 eum,
2745 3113 2903 3165 donec
2935 3112 3259 3164 introducam
3284 3127 3398 3165 eum
3419 3113 3471 3165 iu

1944 3209 2152 3262 domum
2185 3207 2363 3260 matris
2397 3220 2555 3267 mete;
2603 3212 2662 3256 ut
2695 3215 2747 3257 et
2791 3214 3066 3270 postquam
3100 3202 3220 3256 hinc
3270 3201 3475 3256 disces—

1947 3299 2093 3362 serit,
2130 3312 2248 3351 cum
2282 3311 2345 3348 eo
2380 3294 2703 3364 ingrediatur
2749 3293 2802 3346 in
2831 3292 3043 3345 domum
3084 3306 3324 3359 supernis
3349 3289 3475 3345 Hie-

1946 3387 2240 3456 rosolymze,
2277 3386 2364 3439 ubi
2398 3382 2739 3454 profundiore
2773 3389 3038 3434 scrutetur
3081 3381 3132 3432 in
3174 3379 3318 3432 verbi
3349 3392 3474 3433 con-

1946 3477 2316 3546 templatione;
2364 3473 2675 3528 nefandiora
2724 3486 2850 3524 vero
2891 3471 2941 3524 in
2996 3468 3134 3522 illius
3169 3467 3472 3522 cubiculum

1945 3581 2060 3635 quae
2087 3579 2332 3634 sponsam
2363 3562 2564 3631 genuit.
2595 3560 2712 3629 Ipsa
2751 3574 2874 3612 vero
2924 3568 3095 3611 mater
3125 3557 3270 3624 quasi
3298 3555 3474 3609 conci-

1944 3656 2094 3724 piens
2121 3653 2440 3714 05tenditur,
2467 3659 2743 3720 propterea
2777 3649 2915 3716 quod
2946 3649 2997 3700 in
3028 3645 3372 3715 conceptione
3399 3644 3474 3699 si-

1944 3752 2054 3798 tum
2104 3755 2183 3796 est
2215 3740 2637 3796 coordinationis
2683 3739 2913 3792 initium.
2946 3736 3113 3790 Mater
3144 3736 3334 3790 dicitur
3351 3743 3473 3804 post

1943 3833 2313 3888 formationem
2339 3838 2392 3884 et
2416 3830 2655 3899 concepti
2686 3829 3087 3906 perfectionem.

1944 4011 2103 4067 Vens.
2132 4010 2183 4064 6.
2247 4009 2374 4074 Quae
2402 4021 2476 4062 est
2505 4009 2609 4060 ista
2646 4021 2759 4075 quae
2805 4002 3033 4075 ascendit
3075 4017 3165 4075 per
3191 4001 3468 4075 desertum,

2011 4082 2143 4133 sicut
2174 4067 2384 4146 virgulae
2406 4077 2536 4146 fumi
2564 4067 2964 4146 exraromatilius
2986 4071 3206 4138 myrrha!
3232 4079 3278 4121 et
3307 4067 3470 4120 thuris

2011 4160 2058 4201 et
2085 4141 2306 4201 universi
2332 4141 2552 4212 pulveris
2587 4141 2912 4211 pigmentarii
2935 4141 2960 4192 .9

2009 4235 2233 4290 Pulchra
2263 4234 2510 4289 nimirum
2552 4231 2840 4300 proﬁciens
2868 4228 2973 4281 vita
3021 4234 3073 4280 et
3114 4224 3324 4279 ratione
3349 4224 3468 4278 ani-

1944 4343 2050 4392 ma,
2076 4335 2237 4395 atque
2263 4339 2324 4380 ea
2367 4323 2557 4392 quibus
2581 4320 2818 4389 plerique
2839 4325 3019 4372 errant
3045 4315 3304 4377 devitans,
3330 4313 3472 4382 quod

1943 4427 2024 4471 est
2061 4414 2346 4470 ascendere
2371 4427 2466 4482 per
2492 4411 2797 4472 desertum;
2842 4406 3042 4474 justum
3077 4420 3220 4468 esse,
3262 4404 3364 4458 hoc
3388 4412 3473 4458 est

1945 4507 2102 4559 bonus
2125 4503 2250 4556 odor
2271 4499 2463 4554 Christi
2488 4499 2544 4551 in
2563 4496 2697 4550 omni
2719 4495 2828 4547 loco
2844 4495 2896 4546 in
2912 4494 2973 4546 iis
2995 4493 3081 4562 qui
3101 4493 3230 4546 salvi
3250 4491 3380 4559 ﬁunt
3403 4490 3468 4556 ³³,

269 4589 673 4663 τεθυμιαμένη
744 4588 951 4639 νοεῖται
1012 4576 1436 4646 παραπλησίως
1495 4574 1802 4642 στελέχεσι
1822 4614 1835 4636 ,

1944 4599 2072 4652 sicut
2098 4593 2293 4664 virgula
2323 4591 2451 4659 fumi
2476 4604 2540 4642 ea:
2559 4585 2874 4640 aromatibus
2894 4587 3132 4652 myrrha),
3159 4581 3469 4637 delectantia

234 4677 510 4738 κναπνὸν
533 4681 694 4750 ἡδὺν
728 4676 1209 4740 ἀναπέμπουσιν,
1247 4666 1590 4736 εὐφραίνοντα
1622 4666 1718 4728 τὰς
1743 4667 1845 4719 τῶν

1944 4689 2217 4742 beatorum
2246 4683 2482 4737 spiritus.

194 4749 696 4840 Kamptwvrwv
732 4758 1030 4820 ἀναπνοὰς.

828 4844 1222 4900 ΚΕΦΑΛΑΙΟΝ
1241 4846 1310 4894 Δ’.

206 4911 554 5012 {idern-:9
572 4961 691 4999 σου
713 4943 799 5012 ὡς
819 4933 1170 5012 ἀγέλαι-τῶνξ-
1187 4932 1556 5012 κεμαρμᾷῳν
1574 4931 1848 5012 alterae..-

363 4999 473 5070 σάν
494 4999 610 5069 ἀῖτὸ
641 5011 754 5065 τοῦ
773 4999 1070 5071 ’λοὺτροῦ
1099 5005 1155 5053 al
1186 5000 1371 5071 πᾶσαι
1408 4999 1844 5071 διδυμεύουσαι,

273 5081 290 5088 κ
363 5085 452 5138 καί
465 5080 816 5138 ἀτεκνοῦσα
836 5069 950 5128 οὐκ
983 5071 1151 5123 ἔστιν
1172 5070 1237 5122 ἐν
1253 5069 1475 5133 αὐταῖς.

361 5173 744 5244 Διδυμεύουσαι
773 5166 834 5217 δὲ
870 5161 1066 5223 άλλως,
1103 5158 1186 5211 διὰ
1209 5159 1268 5210 τὸ
1305 5158 1476 5210 διττὸν
1501 5157 1594 5226 τῆς
1622 5158 1847 5225 νοήσεως

201 5253 382 5352 ’ᾗς
402 5264 633 5336 τερητῆς
663 5261 748 5326 (6)
779 5256 881 5308 καὶ
913 5250 1295 5320 πνευματικῆς.

2527 4828 2749 4885 CAPUT
2796 4828 2882 4882 Ν.

1943 4932 2103 4985 Vens.
2151 4926 2205 4980 2.
2257 4923 2441 4977 Dentes
2487 4923 2560 4973 tui
2610 4922 2740 4972 sicut
2796 4933 2967 4985 greges
3018 4924 3302 4985 tonsuram,
3339 4923 3470 4985 guns

2013 4979 2349 5050 ascenderunt
2393 4993 2454 5042 de
2501 4991 2732 5051 lavacro,
2766 4979 2939 5039 οἷηηὲδ
2987 4981 3214 5052 gemellis
3261 4979 3466 5048 fetibus,

2009 5077 2055 5118 et
2080 5063 2265 5118 sterilis
2291 5078 2392 5114 non
2414 5069 2486 5112 est
2511 5059 2562 5110 in
2588 5059 2679 5109 eis.

2011 5155 2138 5220 Quae
2162 5151 2408 5222 gemellos
2442 5149 2605 5203 edunt
2646 5147 2804 5211 fetus,
2831 5143 3038 5210 scilicet
3062 5149 3272 5210 propter
3300 5135 3468 5203 dupli-

1942 5261 2054 5301 cem
2087 5243 2278 5297 mentis
2298 5241 2427 5301 vim,
2459 5238 2510 5292 id
2541 5248 2622 5291 est
2659 5235 3033 5304 speculativam
3055 5241 3106 5284 et
3121 5226 3464 5297 spiritualem.

243 5312 385 5424 τέξ
722 5312 796 5400 τὸ
828 5312 1116 5424 κόκκινον
1133 5312 1297 5418 χείλη
1325 5355 1458 5404 σου,
1487 5339 1584 5394 καὶ
1608 5340 1646 5406 ἠ
1669 5337 1845 5391 ,λαλιά

1944 5335 2104 5390 Vrsas.
2134 5333 2188 5385 '5.
2213 5328 2355 5383 Sicut
2385 5329 2507 5382 vitta
2534 5324 2945 5424 tidﬁﬁijlelel’libla
2974 5333 3064 5374 tua
3097 5335 3115 5372 :
3139 5327 3185 5370 et
3211 5312 3464 5381 eloquium

911 5425 1028 5460 σου
1049 5407 1239 5473 ὡραῖα.

349 5516 539 5585 ,Ηγουν
568 5512 722 5564 ἔστω
749 5501 1030 5566 διάπυρος
1056 5500 1087 5565 ὴ
1112 5499 1198 5550 τοῦ
1230 5500 1381 5568 λόγου
1410 5498 1722 5568 παρασκευὴ
1769 5497 1842 5559 ὡς

2547 5405 2691 5448 tuum
2723 5395 2886 5446 dulce.

2014 5495 2152 5562 Ergo
2182 5491 2250 5546 sit
2287 5481 2641 5544 inﬂammatus
2673 5481 2934 5538 sermonis
2955 5481 3253 5546 apparatus,
3293 5475 3348 5518 ut
3371 5479 3464 5514 au-

178 5563 646 5682 \éﬁlém
693 5563 1000 5662 ἀκροατήν
1031 5563 1310 5659 δυναμένη,
1359 5589 1392 5658 ἦ
1427 5563 1599 5640 καὶτὸ
1630 5563 1843 5656 ἔναιμον

1953 5585 2156 5641 dientes
2170 5592 2383 5653 captare
2399 5579 2582 5650 possit,
2605 5585 2659 5630 et
2674 5572 2995 5628 salutiferam
3014 5563 3462 5619 vivificantemaue

323 5721 589 5790 “Ephes.
626 5727 685 5774 ν,
714 5706 812 5760 M-
901 5700 949 5730 ³³
978 5698 1157 5752 lPelr.
1181 5717 1219 5764 ι,
1253 5702 1336 5756 l2.
1408 5704 1450 5736 ³³
1483 5702 1524 5759 ιι
1551 5701 1672 5762 Cor.
1696 5719 1757 5773 ιι,
1789 5700 1873 5756 l5.

316 5818 382 5891 (σ)
420 5801 727 5878 Tepnrﬁc-
762 5794 950 5850 Forte
976 5790 1226 5859 τηρητῆς.
1252 5794 1402 5850 Em.
