3914 6474
161 486 238 538 ὶΤι
1392 477 1678 532 SCllOLlA
1714 479 1779 533 IN
1816 477 2099 533 CANTICA
2139 473 2402 528 CANTIC.

3366 483 3466 533 2ῖὸ

178 571 522 661 tremulus"
579 576 756 630 κατά
806 585 1024 655 σάρκα
1086 589 1336 660 Χριστὸν,
1373 590 1506 643 ἀλλὰ
1549 590 1638 642 νῦν
1679 591 1845 642 οὐκέτι

1957 589 2342 657 cognoscimus.
2390 586 2500 640 'l'uo
2536 588 2690 656 igitur
2736 605 3015 659 progressu
3053 602 3218 646 tecum
3273 611 3466 650 convo—

195 671 572 744 γινὼόκθμεν
607 667 691 735 τῇ
723 672 806 741 σῇ
829 675 1040 730 τοίνυν
1076 679 1335 747 συνανέϐη
1360 681 1623 748 προκοπῇ,
1670 678 1848 747 φησὶν,

215 748 545 834 χωρησάσης
597 771 709 808 σου
747 762 979 835 ὲνορᾷν
999 807 1015 831 ,
1045 771 1139 821 xui.
1174 769 1363 838 μηκέτι
1410 769 1712 839 περαιτέρω
1755 769 1852 836 τῆς

226 839 533 911 οιὶωομίας
561 845 777 917 ζητεῖν
788 893 802 906 .

252 930 502 1002 τρίχωμά
536 950 668 988 σου
698 939 824 1016 ,ὡς
871 944 1097 1030 aream
1144 947 1258 999 τῶν
1292 945 1488 1016 αιτῶν,
1536 946 1597 1031 ρει
1648 945 1852 1011 ἀνέϐη-

311 1017 428 1058 σαν
453 1002 582 1056 ἀπὸ
609 1022 730 1058 του
767 1011 1063 1064 Falcem?-
1095 1013 1332 1067 ὀδόντες
1371 1029 1504 1067 σου.
1547 1032 1624 1067 mc
1649 1013 1852 1067 ἀγέλαι

311 1017 428 1058 σω·
453 1013 582 1056 arto
609 1013 730 1058 τοῦ
767 1013 1063 1064 Γαλαὰδ·
1095 1013 1332 1078 ὀδόντες
1362 1013 1504 1077 σου,
1547 1015 1624 1079 ὠς
1649 1013 1852 1081 ἀγέλαι

304 1071 433 1149 τῷν
460 1076 885 1149 {anapaestum
911 1082 978 1132 αἳ
1002 1081 1301 1146 ἀνέϐησαν
1326 1083 1441 1134 ἀπὸ
1455 1081 1557 1134 τοῦ
1578 1083 1846 1148 λουτροῦ·

291 1143 380 1206 αι
431 1143 632 1215 πᾶσαι
697 1143 1180 1215 δοδυμεύουσαι,
1221 1151 1315 1202 καί
1364 1150 1695 1204 ἀτεκνοῦσα
1718 1143 1851 1202 ⁷οὐκ

298 1223 501 1273 war
527 1212 602 1264 ἐν
629 1212 883 1279 αὐταῖςῖ.

325 1304 572 1375 Ὲυῖρηται
608 1304 881 1376 δεύτερον
911 1308 1086 1362 ταῦτα
1111 1312 1175 1378 τῇ
1202 1310 1400 1379 νύμφῃ,
1429 1309 1680 1379 πρότερον
1706 1303 1852 1377 οἶμαι

263 1395 497 1463 τοιαύτη
529 1395 769 1464 φανείσῃ
816 1397 964 1449 κατὰ
1012 1399 1072 1450 τὸ
1111 1399 1466 1468 ἐνδεχόμενον,
1498 1398 1652 1466 ἡνίκα
1678 1397 1753 1448 ἔτι
1796 1400 1852 1448 έν

266 1479 359 1549 τῷ
389 1481 483 1550 βίῳ
500 1481 679 1548 τούτῳ
711 1482 1038 1550 ἐτύγχανεν·
1083 1483 1326 1552 δεύτερον
1361 1483 1517 1534 ὁπότε
1551 1478 1708 1551 ἦλθεν
1764 1481 1853 1530 ἐπὶ

259 1569 387 1640 τὴν
418 1570 746 1638 τελειότητα·
768 1571 854 1623 διὸ
885 1573 979 1622 xui
999 1571 1090 1624 νῦν
1112 1573 1268 1641 μόνον
1288 1573 1629 1643 παρῃνίξατο·
1661 1571 1852 1624 Ὀδόν-

265 1675 391 1724 τες
418 1676 530 1713 σου
562 1662 642 1724 ὠς
665 1659 886 1727 ἀγέλαι
929 1661 1047 1714 τῶν
1078 1660 1461 1728 κεκαρμένωνν·
1503 1659 1641 1711 κατὰ
1685 1658 1740 1710 δὲ
1765 1657 1852 1710 τὸν

285 1747 535 1802 Ἀκύλαν
561 1751 653 1801 xui.
677 1749 1000 1819 Σύμμαχον,
1031 1750 1267 1814 ὀδόντες
1294 1765 1405 1801 σου
1427 1750 1503 1812 ὠς
1519 1749 1719 1814 ἀγέλαι
1741 1747 1854 1799 τῶν

270 1840 619 1906 προϐάτοιν,
661 1840 718 1908 ἢ,
749 1839 874 1891 τῶν
911 1839 1204 1907 ἁμνάδων·
1242 1839 1333 1891 xui.
1361 1839 1590 1907 ἔπρεπεν
1613 1838 1852 1908 εἰρῆσθαι

1952 678 2098 740 lavit,
2133 679 2230 741 ait,
2287 693 2404 730 cum
2461 678 2553 731 tibi
2604 679 2885 746 contigerit
2941 695 3183 746 cernere,
3236 687 3462 751 necjam

1950 777 2065 836 post
2095 769 2508 822 incarnationem
2537 783 2791 836 querere.

1952 941 2109 995 Vsus.
2139 942 2203 1014 4,Δ
2251 941 2301 994 5.
2337 939 2524 1008 Capilli
2540 944 2652 1014 _tui
2688 944 2818 995 sicut
2847 958 2990 1014 grex
3025 959 3314 1014 caprarum,
3351 963 3463 1014 quae

2018 1010 2357 1082 ascenderunt
2411 1025 2476 1062 ea:
2529 1009 2768 1063 Galaad:
2823 1009 2993 1082 dentes
3049 1009 3125 1064 tui
3174 1009 3305 1065 sicut
3343 1009 3465 1082 gres:

2017 1079 2234 1152 ουὶιιῃι,Δ
2263 1095 2379 1152 qua:
2425 1083 2759 1152 ascenderunt
2806 1078 2868 1130 de
2912 1081 3135 1152 lauacro,
3165 1078 3466 1152 omnes'ge-

2018 1146 2186 1198 mellis
2206 1145 2412 1212 fetibus,
2442 1156 2488 1198 et
2514 1145 2700 1199 sterilis
2732 1161 2834 1199 non
2865 1154 2941 1198 est
2973 1149 3026 1201 in
3046 1149 3140 1202 eis.

2019 1293 2142 1348 llaec
2175 1296 2350 1348 denuo
2381 1311 2587 1364 sponsa:
2643 1296 2910 1362 dicuntur,
2962 1301 3211 1367 primum,
3241 1312 3300 1356 ut
3348 1305 3463 1372 opi-

1949 1396 2066 1444 nor,
2100 1397 2216 1434 cum
2250 1382 2368 1435 talis
2401 1395 2651 1450 quantum
2689 1384 2835 1437 licuit
2878 1389 3199 1454 apparuerit;
3255 1391 3465 1457 quando

1949 1470 2119 1521 adhuc
2151 1470 2310 1522 fuerit
2340 1472 2389 1521 in
2441 1471 2537 1524 hac
2570 1474 2695 1534 vita,
2726 1489 2910 1528 rursus
2965 1490 3082 1528 cum
3112 1479 3176 1529 ad
3215 1493 3460 1533 consum-

1951 1559 2231 1612 mationem
2283 1562 2521 1625 venerit;
2567 1562 2787 1625 ideoque
2855 1580 2992 1618 nunc
3020 1565 3186 1620 solum
3227 1569 3465 1634 ambigue

1950 1648 2183 1714 loquitur
2219 1663 2234 1700 :
2284 1649 2472 1703 Dentes
2525 1652 2602 1703 tui
2653 1653 2784 1706 sicut
2819 1671 2943 1722 grex
2965 1658 3131 1710 ovium
3165 1669 3463 1722 tonsarum;

1952 1737 2238 1790 secundum
2270 1752 2398 1791 vero
2447 1737 2688 1806 Aquilam
2715 1752 2768 1796 et
2801 1727 3196 1812 Symmachum
3245 1765 3258 1798 :
3293 1749 3466 1800 dentes

1951 1827 2025 1875 tui
2075 1825 2206 1877 sicut
2258 1843 2381 1893 grex
2409 1831 2792 1906 peeorum,ivel
2847 1849 3094 1901 agnorum
3121 1851 3139 1887 .'
3167 1837 3304 1903 quod
3349 1837 3465 1904 qui-

271 1894 471 1982 ταῦτα
495 1929 583 1980 ἐπὶ
733 1894 1086 1998 τελειότητος·
1105 1929 1179 1990 ὡς
1201 1923 1335 1980 εἶναι
1362 1894 1554 1980 τὸιάπὸ
1581 1894 1684 1980 τοῦ
1709 1894 1845 1981 ,λου⁴

1951 1914 2067 1966 dem
2119 1915 2340 1969 decebat
2384 1918 2448 1970 de
2491 1903 2812 1986 perfectione
2844 1894 2968 1977 dici.
3000 1923 3075 1977 De
3131 1894 3333 1978 lauacro
3363 1894 3465 1979 non

263 2018 438 2083 τροῦ
483 2019 581 2069 οὐκ
625 2018 704 2068 ἔτι
755 2017 1047 2087 προτέρου,
1095 2017 1229 2070 ἀλλὰ
1267 2017 1359 2069 τοῦ
1405 2018 1668 2087 δευτέρου·
1702 2017 1852 2069 διδυ-

256 2111 582 2176 ⁴ιιιεύουσαι
600 2109 658 2160 δὲ
683 2109 849 2177 τάχα,
881 2109 957 2170 ὡς
973 2109 1297 2178 τρεφόμεναι
1323 2111 1386 2177 τῇ
1410 2108 1515 2160 τῶν
1544 2108 1742 2177 νοητῶν
1761 2107 1851 2158 xui.

262 2196 563 2266 αίσθητῶν
578 2196 805 2266 θεωρίᾳ·
834 2199 928 2249 καὶ
955 2197 1029 2259 ὡς
1066 2198 1326 2267 μηδεμίαν
1369 2197 1554 2263 ἄγονον
1574 2192 1705 2248 εἶναι
1753 2195 1851 2263 τῆς

268 2286 419 2356 περὶ
444 2286 759 2338 οὑτινοσοῦν
784 2286 944 2351 λόγου
981 2286 1204 2356 τροφῆς.

283 2372 624 2438 Ἐξήκοντά
657 2377 781 2427 εἱσι
806 2375 1167 2441 βασίλισσαι
1203 2375 1300 2427 καὶ
1332 2373 1688 2441 ὀγδοήκοντα
1705 2377 1852 2426 παλ-

371 2437 563 2506 λακαὶ,
595 2443 699 2494 καὶ
736 2442 1006 2506 νεάνιδες
1029 2437 1114 2495 ὧν
1137 2445 1244 2496 οὐκ
1277 2437 1442 2496 ἐστιν
1471 2443 1722 2509 ἀριθμός·
1747 2442 1850 2510 μία

369 2511 426 2564 δέ
447 2511 580 2562 ἐστι
610 2510 935 2578 περιστερά
945 2527 1082 2578 μου.

363 2604 424 2653 Αἱ
455 2600 735 2665 νεάνιδες
773 2601 1022 2668 ἀριθμὸν
1080 2602 1189 2654 οὐκ
1243 2599 1506 2666 ἔχουσαι·
1563 2600 1622 2651 ού
1666 2599 1741 2667 τῷ
1775 2599 1847 2668 μὴ

273 2689 618 2744 ὑποπίπτειν
652 2689 892 2760 ἀριθμῷ,
941 2689 1072 2742 ἀλλὰ
1097 2689 1173 2758 τῷ
1197 2688 1350 2751 ἀξίας
1381 2689 1544 2750 αὐτὰς
1570 2684 1704 2742 εἶναι
1733 2689 1850 2758 ἀρι-

270 2777 587 2850 θμηθῆναι·
626 2781 724 2831 xui
773 2783 913 2847 τάχα
961 2780 1058 2847 τῆς
1085 2779 1249 2848 αὐτῆς
1277 2778 1510 2839 διανοίας
1560 2777 1756 2846 ἔχεται,
1779 2779 1844 2846 τῇ

270 2867 524 2920 ἐνταῦθα
573 2867 813 2936 διαφορᾷ
857 2866 964 2918 τῶν
1005 2865 1252 2918 νεανίδων
1294 2865 1398 2917 τῶν
1427 2863 1847 2932 κοινωνουμένων

273 2955 392 3008 ὑπὸ
426 2955 694 3027 Χριστοῦ,
722 2957 818 3007 xui
843 2956 912 3008 τὰ
939 2954 1088 3024 παρὰ
1113 2953 1427 3007 Ἀποστόλου
1448 2953 1703 3022 λεγόμενα
1723 2953 1847 3022 περὶ

268 3045 639 3108 ἀναστάσεως
671 3044 902 3111 νεκρῶν,
937 3043 1078 3112 λόγῳ
1095 3043 1343 3112 τάγματα
1361 3043 1632 3110 φάσκοντι·
1667 3041 1848 3111 ἐπειδὴ

271 3130 390 3201 γὰρ
414 3132 488 3184 δι’
507 3131 832 3198 ἀνθρώπου
853 3129 1125 3194 θάνατος,
1161 3129 1256 3181 καί
1284 3129 1353 3181 δι’
1368 3129 1670 3194 ἀνθρώπου
1704 3127 1845 3180 ἀνά-

1944 2002 2053 2070 jam
2081 2004 2278 2070 priore,
2321 2005 2411 2058 sed
2461 2008 2725 2074 secundo;
2766 2025 2938 2063 omnes
2986 2012 3210 2079 gemellis
3253 2013 3465 2082 fetibus,

1949 2094 2158 2158 merito,
2199 2095 2346 2148 velut
2388 2096 2704 2164 spiritalium
2763 2109 2817 2153 ct
2861 2102 3184 2156 sensibilium
3231 2114 3467 2158 contem-

1949 2182 2179 2250 platione
2218 2186 2462 2249 nutritae;
2500 2188 2640 2240 nulla
2688 2204 2902 2256 prorsus
2934 2192 3129 2246 sterilis
3167 2193 3266 2246 hoc
3319 2194 3464 2248 verbi

1945 2269 2162 2325 ferculo.

1949 2359 2254 2440 Vens_._7,8.
2280 2363 2557 2440 Sexaginta
2579 2376 2694 2440 sunt
2719 2370 2936 2435 reginw,
2972 2379 3022 2422 et
3051 2373 3303 2440 octoginta
3344 2388 3464 2440 cono

2015 2431 2230 2490 cubinw.
2255 2441 2303 2483 et
2324 2431 2816 2488 adolescentularum
2844 2447 3031 2492 nonest
3060 2431 3316 2492 numerus.
3351 2439 3465 2492 Una

2013 2509 2083 2548 est
2109 2499 2338 2551 columba
2365 2518 2496 2554 mea.

2014 2585 2519 2642 Adolescentularum
2567 2608 2669 2644 non
2719 2603 2791 2646 est
2837 2611 3117 2661 numerus;
3173 2598 3463 2664 non.quod

1946 2689 2168 2728 numero
2212 2677 2488 2733 inferiores
2519 2677 2660 2746 sint,
2685 2670 2790 2736 ’sed
2835 2686 2970 2752 quod
2998 2687 3168 2754 dignae
3213 2689 3319 2740 sint
3351 2703 3466 2756 quae

1946 2776 2314 2824 numerentur.
2342 2769 2512 2836 Atque
2540 2772 2724 2825 eodem
2753 2787 2908 2827 sensu
2940 2775 3181 2843 habetur,
3200 2792 3262 2831 ac
3283 2779 3465 2832 discri-

1947 2869 2065 2907 men
2101 2854 2224 2908 illud
2251 2857 2389 2909 inter
2416 2859 2840 2915 adolescentulus
2869 2875 2900 2914 a
2933 2863 3148 2919 Christo
3169 2880 3461 2934 possessas,

1945 2946 2084 3012 quod
2104 2945 2386 3012 Apostolus
2415 2949 2478 3002 de
2509 2958 2835 3004 mortuorum
2871 2956 3262 3011 resurrectione
3303 2957 3428 3012 dicit
3448 2997 3462 3020 ,

1948 3033 2190 3088 diversos
2236 3035 2450 3091 ordines
2502 3039 2777 3107 assignans
2815 3051 3134 3110 :postquam
3177 3046 3318 3098 enim
3375 3064 3466 3113 per

1945 3123 2197 3176 hominem
2251 3142 2424 3190 mors,
2474 3128 2545 3180 ita
2604 3139 2652 3181 et
2701 3147 2791 3197 per
2836 3131 3089 3185 hominem
3146 3144 3465 3188 mortuorum

267 3194 504 3285 ἀτασις
555 3194 809 3287 νεαρῶν·
862 3219 1063 3286 ὥσπερ
1096 3221 1201 3288 γὰρ
1215 3221 1282 3272 ἐν
1305 3219 1383 3283 τῷ
1425 3218 1588 3286 Ἀδὰμ
1632 3218 1845 3282 πάντες

1950 3213 2273 3264 resurrectio.
2320 3211 2760 3275 Quemadmodum
2790 3218 2920 3269 enim
2959 3218 3012 3269 in
3055 3219 3252 3270 Adams
3295 3235 3464 3273 omnes

269 3309 814 3377 ἀποθνήσκουσιν,
847 3311 999 3363 οὕτω
1043 3311 1136 3362 καὶ
1165 3311 1233 3364 ἐν·
1271 3309 1349 3374 τῷ
1377 3310 1600 3377 Χριστῷ
1630 3309 1844 3374 πάντες

270 3395 850 3468 ζωοποιηθήσονται·
901 3401 1156 3463 ἕκαστος
1195 3399 1264 3450 ἐν
1310 3398 1388 3463 τῷ
1435 3399 1556 3464 ἰδίῳ
1585 3399 1838 3466 τάγματι·

271 3484 308 3536 ὁ
339 3488 451 3557 γὰρ
497 3489 738 3541 ἑκάστου
790 3488 900 3550 βίος
945 3489 1038 3540 xui
1069 3488 1220 3554 λόγος
1253 3488 1343 3539 καὶ
1384 3487 1612 3549 διάθεσις
1637 3489 1842 3558 ποιήσει

275 3579 655 3650 προκριθῆναι
693 3577 925 3630 ἑκάστου
949 3580 1066 3630 κατ’
1091 3577 1265 3641 ἀξίαν.

353 3665 448 3734 Μὴ
476 3665 757 3734 Θαύμαζε,
787 3665 835 3715 εί
860 3666 888 3715 6
912 3662 1140 3731 νυμφίος
1169 3657 1237 3730 ἦν
1259 3660 1390 3729 ἔχων
1418 3659 1581 3729 καλὴν
1608 3659 1839 3728 νύμφην,

274 3754 381 3806 καὶ
407 3756 551 3824 τάχα
586 3755 850 3824 δευτέραν
873 3752 967 3804 xui.
997 3751 1180 3821 τρίτην
1194 3750 1284 3802 xui.
1315 3749 1571 3811 πλείονας·
1606 3747 1696 3802 ἐὰν
1731 3749 1845 3817 νοή·

277 3853 387 3910 cn;
415 3845 584 3898 αὑτοῦ
617 3846 716 3896 καὶ
749 3844 850 3906 τὰς
883 3843 1116 3911 νύμφας,
1152 3842 1210 3892 οὐ
1243 3839 1514 3908 φοϐηθήση
1539 3839 1710 3905 λέγειν
1739 3838 1842 3890 ἀπὸ

275 3934 380 3987 τοῦ
425 3937 730 4006 ’ᾼσματος
797 3929 1119 3997 Ἑξήκοντά
1174 3932 1287 3981 εἱσι
1334 3929 1688 3992 βασίλισσαι
1745 3927 1842 3979 καὶ

277 4019 662 4089 morinos-ta
684 4023 1012 4084 παλλακαὶ,
1043 4021 1138 4073 καὶ
1160 4018 1421 4084 νεάνιδες
1439 4013 1524 4071 ὧν
1544 4020 1650 4071 οὐκ
1679 4017 1842 4070 ἔστιν

277 4107 553 4183 ἀριθμός·
580 4116 694 4183 μία
724 4113 792 4166 δέ
821 4113 954 4164 ἐστι
978 4107 1292 4177 περιστερά
1303 4125 1438 4174 μου·
1463 4107 1612 4174 λόγος
1640 4107 1781 4159 ἐστὶν
1815 4109 1842 4159 6

276 4207 536 4276 νυμφίος·
576 4204 798 4269 λογικὸν
826 4203 962 4265 ζῶον
987 4203 1019 4270 ἡ
1050 4199 1251 4269 νύμφη·
1291 4198 1382 4250 ἐὰν
1411 4198 1574 4267 νοήσῃ
1590 4196 1731 4265 ψυχὴ
1753 4198 1841 4250 καὶ

276 4282 424 4367 λάϐῃ
443 4298 470 4346 ὁ
490 4295 728 4364 νυμφίος
769 4292 869 4361 τὴν
915 4291 1146 4360 νύμφην·
1177 4289 1288 4340 ἀλλ’
1317 4287 1434 4338 ἐπεί
1464 4289 1606 4338 ἐστιν
1635 4289 1662 4339 6
1693 4287 1842 4353 λόγος

288 4378 455 4448 οὗτος,
485 4387 547 4437 οὐ
585 4386 689 4453 μιᾷ
714 4383 861 4451 ψυχῇ
897 4378 1181 4440 κοινωνῶν,
1221 4377 1353 4429 ἀλλὰ
1385 4377 1587 4429 πλείοσι
1617 4377 1709 4429 xui.
1733 4378 1842 4430 δια-

291 4474 488 4543 φόροις,
521 4476 660 4543 τιμῇ
705 4489 811 4523 τινι
859 4468 1103 4539 βασιλικῇ
1144 4468 1233 4518 καὶ
1256 4466 1616 4537 διαφαινούσῃ,
1647 4465 1842 4534 λεγέτω

291 4561 461 4613 τελεία
484 4561 810 4631 περιστερά·
844 4561 962 4618 ταῖς
985 4557 1038 4608 δὲ
1066 4554 1361 4624 βασιλικαῖς
1402 4554 1517 4622 μὲν,
1544 4553 1846 4605 ὑποδεεστέ-

298 4667 407 4722 put;
450 4653 528 4713 δὲ,
565 4651 660 4702 διὰ
687 4649 847 4700 τοῦτο
897 4648 1152 4716 ἐξήκοντα
1189 4643 1508 4710 βασίλισσαι·
1552 4644 1762 4713 ἑτέραις
1788 4643 1842 4694 δὲ

291 4740 480 4809 ψυχαῖς
511 4740 766 4792 κοινωνεῖ
786 4733 1319 4803 παιδαγωγουμέναις
1342 4733 1486 4802 φόϐῳ
1510 4732 1661 4784 Θεοῦ·
1693 4726 1844 4784 αὗταί

296 4833 422 4882 εἰσιν
446 4834 501 4882 αἱ
529 4827 884 4888 παλλακίδες·
920 4826 1022 4877 εἰσί
1049 4841 1188 4886 τινες
1216 4823 1309 4875 καὶ
1339 4821 1490 4875 ἄλλαι
1518 4822 1682 4890 ψυχαὶ
1716 4823 1843 4872 ὑποσ-

297 4918 579 4990 δεέστεραι,
628 4918 892 4970 ἐλάττονα
943 4916 1100 4982 φόϐον
1154 4914 1380 4982 ἔχουσαι·
1429 4907 1582 4964 αὗταί
1624 4914 1754 4965 εἰσιν
1786 4913 1842 4963 ul

298 5011 520 5072 νεάνιδες
545 5005 622 5062 ὧν
655 5010 760 5061 οὐκ
793 5008 940 5058 ἔστιν
965 5005 1208 5076 ἀριθμός·
1237 5007 1264 5056 6
1296 5002 1520 5072 νυμφίος
1544 5002 1716 5054 τοίνυν
1749 5003 1840 5055 καὶ

305 5099 468 5152 ἐνθάδε
493 5099 676 5160 ’καλὰς
710 5097 810 5148 xui.
843 5095 1138 5162 δυναμένας
1174 5092 1318 5160 αὐτῷ
1349 5087 1484 5143 εἶναι
1531 5093 1621 5142 xui.
1658 5108 1840 5143 κοινω-

305 5189 430 5250 νοὺς,
480 5188 708 5256 ἐξῆλθεν
747 5184 860 5238 ἀπὸ
891 5183 982 5235 τοῦ
1012 5181 1213 5234 παστοῦ
1238 5181 1330 5233 τοῦ
1358 5183 1692 5250 ἐπουρανίου,
1731 5199 1838 5234 κοι-

305 5281 446 5330 νωνεῖ
487 5278 741 5345 ἀγγέλοις
784 5275 881 5326 xui.
920 5271 1286 5342 ἀρχαγγέλοις,
1327 5272 1383 5322 αἴ
1429 5279 1568 5334 τινές
1617 5275 1748 5325 εἰσιν
1782 5275 1834 5324 αἱ

307 5366 488 5435 νύμφαι
507 5367 597 5420 τοῦ
628 5367 816 5432 λόγου,
842 5363 936 5414 xui
959 5363 1130 5435 θρόνοι
1159 5365 1249 5414 καὶ
1285 5364 1613 5433 κυριότητες.

304 5460 386 5520 Εἰς
408 5459 604 5526 κῆπον
626 5458 860 5526 καρύας
890 5456 1140 5526 κατέϐην
1157 5453 1388 5526 ἰδεῖν-ἐι·
1410 5455 1719 5526 γεννήματι
1738 5455 1840 5526 τοῦ

359 5522 712 5595 χειμάρῤουί
738 5523 972 5595 ίδεῐνμεί
989 5522 1258 5595 ᾐτςρησεν
1282 5523 1698 5595 ή-ᾰμπε.ζος,μεί
1725 5522 1831 5588 ἢν·

354 5589 634 5663 ῇηᾱ-αῡάὶ
677 5593 842 5659 ῥόαι·
890 5589 1011 5641 ἐκεῖ
1044 5590 1205 5642 δώσω
1247 5589 1385 5654 τοὺς
1412 5592 1670 5658 μαστούς
1718 5608 1832 5657 μου

354 5777 391 5809 ’³
436 5773 454 5826 l
489 5771 617 5827 Cor.
653 5784 744 5832 xv,
773 5766 867 5829 21,
901 5764 986 5817 22.

1950 3300 2258 3360 moriuntur,
2295 3302 2368 3354 sic
2409 3311 2458 3354 et
2505 3305 2558 3356 in
2603 3304 2808 3358 Christo
2854 3321 3024 3358 omnes
3075 3308 3468 3376 viviﬁcabuntur

1951 3392 2296 3457 unusquisque
2339 3393 2394 3444 in
2433 3409 2523 3446 suo
2559 3395 2734 3448 ordine
2765 3395 2806 3424 δ’
2848 3413 2860 3447 :
2891 3397 2994 3449 vita
3041 3399 3180 3450 enim
3213 3401 3464 3453 uniuscu-

1941 3478 2152 3547 jusque,
2184 3491 2238 3535 et
2273 3497 2470 3548 sermo,
2511 3494 2564 3536 et
2592 3485 2778 3553 agendi
2807 3485 2940 3540 ratio
2965 3485 3151 3542 eﬂiciet
3177 3491 3465 3559 utquisque

1947 3581 2046 3633 pro
2075 3569 2278 3624 meritis
2295 3570 2587 3640 iudicetur.

2015 3658 2092 3713 Ne
2147 3661 2355 3714 mireris
2392 3656 2665 3729 sponsum,
2717 3663 2817 3717 sibi
2869 3665 2990 3724 dum
3044 3667 3274 3720 formosa
3328 3678 3468 3722 esset

1946 3764 2156 3817 sponsa,
2180 3750 2351 3804 adhuc
2386 3750 2627 3814 alteram,
2655 3761 2708 3806 et
2729 3755 2937 3808 tertiam
2970 3764 3021 3809 et
3048 3756 3220 3824 plures
3242 3756 3465 3822 habere,

1946 3840 2084 3909 quod
2117 3841 2160 3893 si
2222 3851 2397 3894 mente
2445 3853 2653 3910 reputes
2692 3843 2805 3908 ejus
2851 3859 3093 3912 sponsas,
3130 3848 3346 3902 minime
3391 3850 3469 3902 di-

1947 3943 2068 3982 cere
2114 3931 2325 3984 timebis
2373 3946 2400 3982 a
2428 3929 2646 3985 Cantico
2670 3949 2684 3985 :
2709 3930 2992 4000 Sexaginta
3019 3945 3135 3987 sunt
3181 3938 3389 4005 regina),
3421 3949 3466 3989 et

1947 4022 2200 4089 octoginta
2224 4021 2538 4084 concubinae,
2565 4033 2610 4074 et
2637 4025 3133 4078 adolescentularum
3156 4036 3346 4078 nonest
3370 4045 3467 4079 nu-

1945 4125 2131 4163 merus.
2158 4109 2269 4162 Una
2286 4121 2362 4163 est
2381 4111 2618 4164 columba
2635 4129 2766 4181 mea.
2788 4113 2940 4168 Ratio
2955 4126 3034 4168 est
3047 4131 3289 4181 sponsus,
3307 4122 3468 4170 ratio-

1946 4197 2064 4250 nale
2097 4207 2270 4251 autem
2325 4198 2520 4251 animal
2564 4215 2795 4268 sponsa;
2851 4203 2894 4255 si
2950 4203 3144 4269 cogitet
3194 4205 3369 4257 anima
3415 4218 3470 4258 et

1945 4299 2192 4352 sponsam
2231 4301 2455 4354 sponsus
2498 4289 2742 4352 accipiat.
2795 4287 2922 4342 Cum
2972 4291 3183 4356 quidem
3233 4293 3370 4346 ratio
3398 4293 3467 4345 sit

1945 4375 2054 4439 ille,
2096 4390 2198 4429 non
2233 4391 2387 4429 uuam
2419 4380 2648 4430 animam
2693 4378 3014 4442 inhabitans,
3073 4380 3165 4434 sed
3212 4381 3387 4449 plures
3417 4393 3468 4435 et

1947 4467 2205 4532 diversas,
2241 4466 2468 4534 quodam
2496 4468 2654 4535 regali
2685 4469 3062 4537 splendidoque
3090 4472 3283 4525 decore
3304 4513 3317 4537 ,
3353 4487 3464 4526 me-

1945 4555 2048 4609 rito
2094 4556 2326 4621 perfecta
2379 4557 2570 4609 dicitur
2599 4557 2866 4610 columba.
2917 4558 3130 4626 Reginae
3185 4561 3467 4616 inferiores

1944 4654 2086 4708 sunt,
2113 4647 2230 4700 ideo
2261 4647 2539 4715 sexaginta
2572 4648 2666 4703 ait.
2700 4647 2848 4700 Alias
2875 4663 3002 4702 vero
3029 4651 3229 4704 animas
3256 4653 3465 4706 inhabi-

1946 4749 2044 4802 tat,
2080 4742 2169 4794 Dei
2215 4743 2406 4794 timore
2459 4743 2759 4796 moJeratas
2790 4758 2805 4794 :
2833 4743 2944 4797 haec
2975 4755 3100 4798 sunt
3133 4748 3462 4800 concubinas.

1942 4827 2076 4881 Sunt
2109 4831 2347 4897 quadam
2386 4839 2438 4882 et
2469 4831 2583 4883 alia:
2621 4831 2903 4886 inferiores
2941 4835 3161 4899 animae,
3208 4836 3463 4889 minorem

1943 4919 2195 4972 habentes
2217 4920 2457 4972 timorem
2491 4921 2637 4974 :hazc
2671 4931 2796 4974 sunt
2822 4921 3223 4977 adolescentulus
3239 4939 3462 4992 quarum

1944 5022 2046 5060 non
2084 5019 2166 5060 est
2188 5023 2461 5061 numerus.
2497 5008 2729 5077 Sponsus
2756 5011 2935 5078 igitur,
2961 5026 3080 5064 cum
3117 5012 3214 5080 ipsi
3252 5013 3358 5064 sint
3381 5012 3465 5063 hic

1945 5095 2177 5162 pulchra:
2229 5108 2519 5161 consortes,
2581 5113 2610 5150 e
2649 5097 2848 5152 caelesti
2904 5100 3132 5151 thalamo
3177 5100 3462 5165 egreditur,

1937 5195 2093 5252 atque
2137 5187 2341 5240 habitat
2380 5190 2433 5241 in
2468 5190 2668 5256 angelis
2696 5201 2749 5243 et
2788 5192 3149 5260 arebangelis;
3199 5191 3288 5258 qui
3344 5199 3464 5243 sunt

1937 5274 2078 5326 verbi
2113 5289 2337 5339 sponsae,
2374 5286 2426 5328 et
2462 5278 2654 5342 throni,
2683 5288 2736 5330 et
2761 5279 3164 5331 dominationes.

1950 5455 2105 5509 Vsus.
2151 5455 2235 5515 10,
2272 5457 2356 5508 Η.
2394 5457 2638 5532 Descendi
2681 5459 2732 5509 in
2762 5459 2964 5532 hortum
3002 5460 3288 5532 nummum
3325 5451 3462 5529 vide-

2010 5540 2114 5576 rem
2162 5539 2310 5589 poma
2362 5525 2663 5576 convallium
2707 5537 2751 5578 et
2776 5527 3073 5590 inspicerem
3122 5525 3163 5572 si
3199 5525 3461 5590 [Igrjft’ssc't

2009 5583 2171 5654 vinea,
2218 5601 2263 5644 et
2295 5595 2660 5661 germinassent
2693 5595 2828 5646 mala
2859 5583 3068 5658 punica.
3091 5617 3152 5626 ——
3173 5583 3355 5655 (LXX,
3381 5585 3460 5636 ibi
