  <div class='ocr_page' id='page_1' title='image "/cluster/home/n/w/nwhite01/storage/ocr_20150623/17 (Origenes, pt. 7)/nyp.33433081862348/159.png"; bbox 0 0 3914 6442; ppageno 0'>
   <div class='ocr_carea' id='block_1_1' title="bbox 530 357 554 383">
    <p class='ocr_par' dir='ltr' id='par_1_1' title="bbox 530 357 554 383">
     <span class='ocr_line' id='line_1_1' title="bbox 530 357 554 383; baseline 0 0"><span class='ocrx_word' id='word_1_1' title='bbox 530 357 554 383; x_wconf 56' lang='grc' dir='ltr'><strong>κ</strong></span> 
     </span>
    </p>
   </div>
   <div class='ocr_carea' id='block_1_2' title="bbox 598 415 702 469">
    <p class='ocr_par' dir='ltr' id='par_1_2' title="bbox 598 415 702 469">
     <span class='ocr_line' id='line_1_2' title="bbox 598 415 702 469; baseline -0.01 0"><span class='ocrx_word' id='word_1_2' title='bbox 598 415 702 469; x_wconf 73' lang='grc'><strong>295</strong></span> 
     </span>
    </p>
   </div>
   <div class='ocr_carea' id='block_1_3' title="bbox 1436 377 3722 451">
    <p class='ocr_par' dir='ltr' id='par_1_3' title="bbox 1436 377 3722 451">
     <span class='ocr_line' id='line_1_3' title="bbox 1436 377 3722 451; baseline -0.009 0"><span class='ocrx_word' id='word_1_3' title='bbox 1436 392 1980 451; x_wconf 77' lang='lat' dir='ltr'><strong>SUPPLEMENTUM</strong></span> <span class='ocrx_word' id='word_1_4' title='bbox 2013 391 2100 446; x_wconf 81' lang='lat' dir='ltr'><strong>AD</strong></span> <span class='ocrx_word' id='word_1_5' title='bbox 2132 389 2449 448; x_wconf 80' lang='lat' dir='ltr'><strong>ORICENIS</strong></span> <span class='ocrx_word' id='word_1_6' title='bbox 2479 383 2884 444; x_wconf 74' lang='lat' dir='ltr'><strong>EXEGETICA.</strong></span> <span class='ocrx_word' id='word_1_7' title='bbox 3641 377 3722 432; x_wconf 65' lang='grc' dir='ltr'><strong>ἰθύ</strong></span> 
     </span>
    </p>
   </div>
   <div class='ocr_carea' id='block_1_4' title="bbox 598 495 2140 595">
    <p class='ocr_par' dir='ltr' id='par_1_4' title="bbox 598 511 2121 595">
     <span class='ocr_line' id='line_1_4' title="bbox 598 511 2121 595; baseline -0.009 -16"><span class='ocrx_word' id='word_1_8' title='bbox 598 537 773 595; x_wconf 89' lang='lat' dir='ltr'><strong>ptura,</strong></span> <span class='ocrx_word' id='word_1_9' title='bbox 817 534 932 589; x_wconf 72' lang='lat' dir='ltr'><strong>qum</strong></span> <span class='ocrx_word' id='word_1_10' title='bbox 966 515 1145 569; x_wconf 89' lang='lat' dir='ltr'><strong>multis</strong></span> <span class='ocrx_word' id='word_1_11' title='bbox 1176 514 1410 584; x_wconf 82' lang='lat' dir='ltr'><strong>plantata</strong></span> <span class='ocrx_word' id='word_1_12' title='bbox 1445 523 1528 568; x_wconf 87' lang='lat' dir='ltr'><strong>est.</strong></span> <span class='ocrx_word' id='word_1_13' title='bbox 1568 513 1726 568; x_wconf 86' lang='lat' dir='ltr'><strong>dictis</strong></span> <span class='ocrx_word' id='word_1_14' title='bbox 1769 511 2027 582; x_wconf 79' lang='lat' dir='ltr'><strong>legalibus</strong></span> <span class='ocrx_word' id='word_1_15' title='bbox 2067 522 2121 566; x_wconf 86' lang='lat' dir='ltr'><strong>et</strong></span> 
     </span>
    </p>
   </div>
   <div class='ocr_carea' id='block_1_5' title="bbox 2241 495 3725 595">
    <p class='ocr_par' dir='ltr' id='par_1_5' title="bbox 2241 495 3725 595">
     <span class='ocr_line' id='line_1_5' title="bbox 2241 495 3725 595; baseline -0.011 -34"><span class='ocrx_word' id='word_1_16' title='bbox 2241 512 2427 582; x_wconf 57' lang='grc' dir='ltr'>έραφὴ,</span> <span class='ocrx_word' id='word_1_17' title='bbox 2452 509 2659 569; x_wconf 79' lang='grc' dir='ltr'><strong>πολλοῖς</strong></span> <span class='ocrx_word' id='word_1_18' title='bbox 2685 499 3212 595; x_wconf 79' lang='grc' dir='ltr'>καταπεφυτευμένη</span> <span class='ocrx_word' id='word_1_19' title='bbox 3251 495 3427 595; x_wconf 70' lang='grc' dir='ltr'>ῥητοῖς</span> <span class='ocrx_word' id='word_1_20' title='bbox 3454 497 3661 595; x_wconf 61' lang='grc' dir='ltr'>νομικοῖς</span> 
     </span>
    </p>
   </div>
   <div class='ocr_carea' id='block_1_6' title="bbox 599 602 2119 681">
    <p class='ocr_par' dir='ltr' id='par_1_6' title="bbox 599 602 2119 681">
     <span class='ocr_line' id='line_1_6' title="bbox 599 602 2119 681; baseline -0.01 -13"><span class='ocrx_word' id='word_1_21' title='bbox 599 608 996 681; x_wconf 83' lang='lat' dir='ltr'><strong>scripturalibus</strong></span> <span class='ocrx_word' id='word_1_22' title='bbox 1043 614 1200 672; x_wconf 88' lang='lat' dir='ltr'><strong>atque</strong></span> <span class='ocrx_word' id='word_1_23' title='bbox 1248 604 1541 660; x_wconf 78' lang='lat' dir='ltr'><strong>historicis.</strong></span> <span class='ocrx_word' id='word_1_24' title='bbox 1589 602 1898 658; x_wconf 86' lang='lat' dir='ltr'><strong>Thesaurus</strong></span> <span class='ocrx_word' id='word_1_25' title='bbox 1955 617 2119 664; x_wconf 89' lang='lat' dir='ltr'><strong>vero,</strong></span> 
     </span>
    </p>
   </div>
   <div class='ocr_carea' id='block_1_7' title="bbox 2223 585 3728 672">
    <p class='ocr_par' dir='ltr' id='par_1_7' title="bbox 2223 585 3728 672">
     <span class='ocr_line' id='line_1_7' title="bbox 2223 585 3728 672; baseline -0.013 -15"><span class='ocrx_word' id='word_1_26' title='bbox 2223 607 2316 657; x_wconf 73' lang='grc' dir='ltr'>καὶ</span> <span class='ocrx_word' id='word_1_27' title='bbox 2343 601 2659 672; x_wconf 82' lang='grc' dir='ltr'>γραφικοῖς,</span> <span class='ocrx_word' id='word_1_28' title='bbox 2699 597 2792 650; x_wconf 57' lang='grc' dir='ltr'><strong>καὶ¹</strong></span> <span class='ocrx_word' id='word_1_29' title='bbox 2837 593 3152 663; x_wconf 82' lang='grc' dir='ltr'><strong>ἱστορικοῖς·</strong></span> <span class='ocrx_word' id='word_1_30' title='bbox 3187 586 3454 657; x_wconf 82' lang='grc' dir='ltr'>θησαυρὸς</span> <span class='ocrx_word' id='word_1_31' title='bbox 3481 586 3532 638; x_wconf 81' lang='grc' dir='ltr'>δὲ</span> <span class='ocrx_word' id='word_1_32' title='bbox 3553 585 3613 639; x_wconf 74' lang='grc' dir='ltr'>τὰ</span> <span class='ocrx_word' id='word_1_33' title='bbox 3635 587 3728 641; x_wconf 84' lang='grc' dir='ltr'>τού-</span> 
     </span>
    </p>
   </div>
   <div class='ocr_carea' id='block_1_8' title="bbox 598 676 2140 770">
    <p class='ocr_par' dir='ltr' id='par_1_8' title="bbox 598 676 2122 770">
     <span class='ocr_line' id='line_1_8' title="bbox 598 676 2122 770; baseline -0.005 -19"><span class='ocrx_word' id='word_1_34' title='bbox 598 676 718 770; x_wconf 63' lang='lat' dir='ltr'><strong>quze</strong></span> <span class='ocrx_word' id='word_1_35' title='bbox 746 699 858 752; x_wconf 91' lang='lat' dir='ltr'><strong>istis</strong></span> <span class='ocrx_word' id='word_1_36' title='bbox 890 697 1066 750; x_wconf 91' lang='lat' dir='ltr'><strong>insunt</strong></span> <span class='ocrx_word' id='word_1_37' title='bbox 1102 695 1271 757; x_wconf 88' lang='lat' dir='ltr'><strong>varia,</strong></span> <span class='ocrx_word' id='word_1_38' title='bbox 1317 711 1419 764; x_wconf 82' lang='lat' dir='ltr'><strong>qua</strong></span> <span class='ocrx_word' id='word_1_39' title='bbox 1459 694 1741 748; x_wconf 83' lang='lat' dir='ltr'><strong>manifesta</strong></span> <span class='ocrx_word' id='word_1_40' title='bbox 1771 709 1872 762; x_wconf 90' lang='lat' dir='ltr'><strong>qua</strong></span> <span class='ocrx_word' id='word_1_41' title='bbox 1913 692 2122 747; x_wconf 86' lang='lat' dir='ltr'><strong>occulta</strong></span> 
     </span>
    </p>
   </div>
   <div class='ocr_carea' id='block_1_9' title="bbox 2241 676 3729 770">
    <p class='ocr_par' dir='ltr' id='par_1_9' title="bbox 2241 676 3729 770">
     <span class='ocr_line' id='line_1_9' title="bbox 2241 676 3729 770; baseline -0.018 -24"><span class='ocrx_word' id='word_1_42' title='bbox 2241 710 2333 755; x_wconf 74' lang='grc' dir='ltr'>τοις</span> <span class='ocrx_word' id='word_1_43' title='bbox 2362 691 2577 744; x_wconf 81' lang='grc' dir='ltr'><strong>ποικίλα</strong></span> <span class='ocrx_word' id='word_1_44' title='bbox 2611 687 2795 741; x_wconf 81' lang='grc' dir='ltr'>ὲνόντα</span> <span class='ocrx_word' id='word_1_45' title='bbox 2818 701 2948 754; x_wconf 80' lang='grc' dir='ltr'>φανε</span> <span class='ocrx_word' id='word_1_46' title='bbox 2960 683 3030 752; x_wconf 87' lang='grc' dir='ltr'><strong>ρά</strong></span> <span class='ocrx_word' id='word_1_47' title='bbox 3057 697 3118 732; x_wconf 89' lang='grc' dir='ltr'><strong>τε</strong></span> <span class='ocrx_word' id='word_1_48' title='bbox 3151 679 3245 732; x_wconf 76' lang='grc' dir='ltr'><strong>καὶ</strong></span> <span class='ocrx_word' id='word_1_49' title='bbox 3277 676 3607 770; x_wconf 58' lang='grc' dir='ltr'>κεκρυμμένα</span> <span class='ocrx_word' id='word_1_50' title='bbox 3629 677 3729 770; x_wconf 48' lang='grc' dir='ltr'><strong>νοῇ-</strong></span> 
     </span>
    </p>
   </div>
   <div class='ocr_carea' id='block_1_10' title="bbox 598 782 2126 855">
    <p class='ocr_par' dir='ltr' id='par_1_10' title="bbox 598 782 2126 855">
     <span class='ocr_line' id='line_1_10' title="bbox 598 782 2126 855; baseline -0.005 -11"><span class='ocrx_word' id='word_1_51' title='bbox 598 789 846 855; x_wconf 84' lang='lat' dir='ltr'><strong>cogitata,</strong></span> <span class='ocrx_word' id='word_1_52' title='bbox 880 795 936 838; x_wconf 80' lang='lat' dir='ltr'><strong>et</strong></span> <span class='ocrx_word' id='word_1_53' title='bbox 974 785 1245 847; x_wconf 76' lang='lat' dir='ltr'><strong>Christus,</strong></span> <span class='ocrx_word' id='word_1_54' title='bbox 1274 785 1542 853; x_wconf 90' lang='lat' dir='ltr'><strong>pretiosus</strong></span> <span class='ocrx_word' id='word_1_55' title='bbox 1582 784 1666 837; x_wconf 89' lang='lat' dir='ltr'><strong>ille</strong></span> <span class='ocrx_word' id='word_1_56' title='bbox 1694 783 1984 851; x_wconf 66' lang='lat' dir='ltr'><strong>Scriptura:</strong></span> <span class='ocrx_word' id='word_1_57' title='bbox 2017 782 2126 837; x_wconf 86' lang='lat' dir='ltr'><strong>the-</strong></span> 
     </span>
    </p>
   </div>
   <div class='ocr_carea' id='block_1_11' title="bbox 596 871 2124 944">
    <p class='ocr_par' dir='ltr' id='par_1_11' title="bbox 596 871 2124 944">
     <span class='ocr_line' id='line_1_11' title="bbox 596 871 2124 944; baseline -0.005 -11"><span class='ocrx_word' id='word_1_58' title='bbox 596 890 802 933; x_wconf 86' lang='lat' dir='ltr'><strong>saurus.</strong></span> <span class='ocrx_word' id='word_1_59' title='bbox 840 872 931 928; x_wconf 85' lang='lat' dir='ltr'><strong>Vel</strong></span> <span class='ocrx_word' id='word_1_60' title='bbox 976 888 1106 944; x_wconf 85' lang='lat' dir='ltr'><strong>ager</strong></span> <span class='ocrx_word' id='word_1_61' title='bbox 1147 871 1392 928; x_wconf 79' lang='lat' dir='ltr'><strong>Christus</strong></span> <span class='ocrx_word' id='word_1_62' title='bbox 1434 873 1626 927; x_wconf 82' lang='lat' dir='ltr'><strong>fuerit:</strong></span> <span class='ocrx_word' id='word_1_63' title='bbox 1675 875 1724 926; x_wconf 92' lang='lat' dir='ltr'><strong>i-n</strong></span> <span class='ocrx_word' id='word_1_64' title='bbox 1769 887 1876 940; x_wconf 90' lang='lat' dir='ltr'><strong>quo</strong></span> <span class='ocrx_word' id='word_1_65' title='bbox 1930 871 2124 926; x_wconf 88' lang='lat' dir='ltr'><strong>Paulus</strong></span> 
     </span>
    </p>
   </div>
   <div class='ocr_carea' id='block_1_12' title="bbox 597 959 2125 1026">
    <p class='ocr_par' dir='ltr' id='par_1_12' title="bbox 597 959 2125 1026">
     <span class='ocr_line' id='line_1_12' title="bbox 597 959 2125 1026; baseline -0.003 -11"><span class='ocrx_word' id='word_1_66' title='bbox 597 961 723 1015; x_wconf 90' lang='lat' dir='ltr'><strong>dicit</strong></span> <span class='ocrx_word' id='word_1_67' title='bbox 751 959 1053 1014; x_wconf 88' lang='lat' dir='ltr'><strong>reconditos</strong></span> <span class='ocrx_word' id='word_1_68' title='bbox 1091 974 1210 1013; x_wconf 91' lang='lat' dir='ltr'><strong>esse</strong></span> <span class='ocrx_word' id='word_1_69' title='bbox 1242 959 1486 1013; x_wconf 89' lang='lat' dir='ltr'><strong>occultos</strong></span> <span class='ocrx_word' id='word_1_70' title='bbox 1524 960 1806 1013; x_wconf 86' lang='lat' dir='ltr'><strong>thesauros</strong></span> <span class='ocrx_word' id='word_1_71' title='bbox 1853 959 2125 1026; x_wconf 69' lang='lat' dir='ltr'><strong>sapientia:</strong></span> 
     </span>
    </p>
   </div>
   <div class='ocr_carea' id='block_1_13' title="bbox 489 1047 2124 1119">
    <p class='ocr_par' dir='ltr' id='par_1_13' title="bbox 489 1047 2124 1119">
     <span class='ocr_line' id='line_1_13' title="bbox 489 1047 2124 1119; baseline -0.001 -15"><span class='ocrx_word' id='word_1_72' title='bbox 489 1107 494 1115; x_wconf 63' lang='grc'><strong>,</strong></span> <span class='ocrx_word' id='word_1_73' title='bbox 595 1059 650 1104; x_wconf 89' lang='lat' dir='ltr'><strong>ct</strong></span> <span class='ocrx_word' id='word_1_74' title='bbox 676 1048 990 1115; x_wconf 82' lang='lat' dir='ltr'><strong>cognitionis</strong></span> <span class='ocrx_word' id='word_1_75' title='bbox 1031 1047 1144 1102; x_wconf 90' lang='lat' dir='ltr'><strong>Dei.</strong></span> <span class='ocrx_word' id='word_1_76' title='bbox 1177 1048 1434 1103; x_wconf 74' lang='lat' dir='ltr'><strong>lecstes</strong></span> <span class='ocrx_word' id='word_1_77' title='bbox 1473 1050 1632 1116; x_wconf 82' lang='lat' dir='ltr'><strong>igitur</strong></span> <span class='ocrx_word' id='word_1_78' title='bbox 1673 1064 1791 1114; x_wconf 90' lang='lat' dir='ltr'><strong>res,</strong></span> <span class='ocrx_word' id='word_1_79' title='bbox 1820 1061 1874 1104; x_wconf 91' lang='lat' dir='ltr'><strong>et</strong></span> <span class='ocrx_word' id='word_1_80' title='bbox 1908 1064 2124 1119; x_wconf 79' lang='lat' dir='ltr'><strong>regnum</strong></span> 
     </span>
    </p>
   </div>
   <div class='ocr_carea' id='block_1_14' title="bbox 596 1137 2125 1206">
    <p class='ocr_par' dir='ltr' id='par_1_14' title="bbox 596 1137 2125 1206">
     <span class='ocr_line' id='line_1_14' title="bbox 596 1137 2125 1206; baseline -0.002 -13"><span class='ocrx_word' id='word_1_81' title='bbox 596 1139 886 1202; x_wconf 69' lang='lat' dir='ltr'><strong>caalorum,</strong></span> <span class='ocrx_word' id='word_1_82' title='bbox 944 1147 1193 1206; x_wconf 86' lang='lat' dir='ltr'><strong>tauquam</strong></span> <span class='ocrx_word' id='word_1_83' title='bbox 1242 1137 1295 1190; x_wconf 91' lang='lat' dir='ltr'><strong>in</strong></span> <span class='ocrx_word' id='word_1_84' title='bbox 1350 1137 1581 1206; x_wconf 71' lang='lat' dir='ltr'><strong>imagine</strong></span> <span class='ocrx_word' id='word_1_85' title='bbox 1640 1138 1844 1206; x_wconf 81' lang='lat' dir='ltr'><strong>depicta</strong></span> <span class='ocrx_word' id='word_1_86' title='bbox 1901 1147 2026 1190; x_wconf 89' lang='lat' dir='ltr'><strong>sunt</strong></span> <span class='ocrx_word' id='word_1_87' title='bbox 2072 1138 2125 1190; x_wconf 90' lang='lat' dir='ltr'><strong>iu</strong></span> 
     </span>
    </p>
   </div>
   <div class='ocr_carea' id='block_1_15' title="bbox 597 1227 2128 1298">
    <p class='ocr_par' dir='ltr' id='par_1_15' title="bbox 597 1227 2128 1298">
     <span class='ocr_line' id='line_1_15' title="bbox 597 1227 2128 1298; baseline -0.002 -15"><span class='ocrx_word' id='word_1_88' title='bbox 597 1229 906 1298; x_wconf 86' lang='lat' dir='ltr'><strong>Scripturis,</strong></span> <span class='ocrx_word' id='word_1_89' title='bbox 935 1243 1052 1296; x_wconf 65' lang='lat' dir='ltr'><strong>quae</strong></span> <span class='ocrx_word' id='word_1_90' title='bbox 1083 1236 1206 1280; x_wconf 90' lang='lat' dir='ltr'><strong>sunt</strong></span> <span class='ocrx_word' id='word_1_91' title='bbox 1240 1243 1458 1296; x_wconf 79' lang='lat' dir='ltr'><strong>regnum</strong></span> <span class='ocrx_word' id='word_1_92' title='bbox 1484 1227 1766 1291; x_wconf 60' lang='lat' dir='ltr'><strong>calorum,</strong></span> <span class='ocrx_word' id='word_1_93' title='bbox 1798 1229 1967 1296; x_wconf 91' lang='lat' dir='ltr'><strong>ipsum</strong></span> <span class='ocrx_word' id='word_1_94' title='bbox 2000 1241 2128 1281; x_wconf 89' lang='lat' dir='ltr'><strong>vero</strong></span> 
     </span>
    </p>
   </div>
   <div class='ocr_carea' id='block_1_16' title="bbox 592 1319 2125 1387">
    <p class='ocr_par' dir='ltr' id='par_1_16' title="bbox 592 1319 2125 1387">
     <span class='ocr_line' id='line_1_16' title="bbox 592 1319 2125 1387; baseline -0.003 -13"><span class='ocrx_word' id='word_1_95' title='bbox 592 1329 673 1374; x_wconf 89' lang='lat' dir='ltr'><strong>est</strong></span> <span class='ocrx_word' id='word_1_96' title='bbox 725 1320 976 1374; x_wconf 83' lang='lat' dir='ltr'><strong>idenuuet</strong></span> <span class='ocrx_word' id='word_1_97' title='bbox 1022 1319 1294 1382; x_wconf 85' lang='lat' dir='ltr'><strong>Christus,</strong></span> <span class='ocrx_word' id='word_1_98' title='bbox 1350 1319 1502 1387; x_wconf 82' lang='lat' dir='ltr'><strong>cujus</strong></span> <span class='ocrx_word' id='word_1_99' title='bbox 1559 1319 1794 1387; x_wconf 82' lang='lat' dir='ltr'><strong>cognitio</strong></span> <span class='ocrx_word' id='word_1_100' title='bbox 1841 1319 2125 1373; x_wconf 86' lang='lat' dir='ltr'><strong>secundum</strong></span> 
     </span>
    </p>
   </div>
   <div class='ocr_carea' id='block_1_17' title="bbox 593 1408 2131 1478">
    <p class='ocr_par' dir='ltr' id='par_1_17' title="bbox 593 1408 2131 1478">
     <span class='ocr_line' id='line_1_17' title="bbox 593 1408 2131 1478; baseline -0.001 -18"><span class='ocrx_word' id='word_1_101' title='bbox 593 1411 842 1463; x_wconf 77' lang='lat' dir='ltr'><strong>virtutem</strong></span> <span class='ocrx_word' id='word_1_102' title='bbox 879 1410 930 1462; x_wconf 90' lang='lat' dir='ltr'><strong>in</strong></span> <span class='ocrx_word' id='word_1_103' title='bbox 975 1408 1124 1462; x_wconf 91' lang='lat' dir='ltr'><strong>nobis</strong></span> <span class='ocrx_word' id='word_1_104' title='bbox 1167 1417 1267 1473; x_wconf 86' lang='lat' dir='ltr'><strong>est,</strong></span> <span class='ocrx_word' id='word_1_105' title='bbox 1315 1408 1689 1477; x_wconf 87' lang='lat' dir='ltr'><strong>inveniturque</strong></span> <span class='ocrx_word' id='word_1_106' title='bbox 1725 1425 1818 1478; x_wconf 89' lang='lat' dir='ltr'><strong>per</strong></span> <span class='ocrx_word' id='word_1_107' title='bbox 1850 1408 2004 1461; x_wconf 77' lang='lat' dir='ltr'><strong>[idem</strong></span> <span class='ocrx_word' id='word_1_108' title='bbox 2028 1447 2043 1471; x_wconf 92' lang='lat'><strong>,</strong></span> <span class='ocrx_word' id='word_1_109' title='bbox 2076 1416 2131 1462; x_wconf 88' lang='lat' dir='ltr'><strong>et</strong></span> 
     </span>
    </p>
   </div>
   <div class='ocr_carea' id='block_1_18' title="bbox 593 1495 2128 1564">
    <p class='ocr_par' dir='ltr' id='par_1_18' title="bbox 593 1495 2128 1564">
     <span class='ocr_line' id='line_1_18' title="bbox 593 1495 2128 1564; baseline -0.001 -16"><span class='ocrx_word' id='word_1_110' title='bbox 593 1499 788 1550; x_wconf 88' lang='lat' dir='ltr'><strong>emitur</strong></span> <span class='ocrx_word' id='word_1_111' title='bbox 817 1497 1120 1550; x_wconf 88' lang='lat' dir='ltr'><strong>virtutibus.</strong></span> <span class='ocrx_word' id='word_1_112' title='bbox 1149 1496 1246 1562; x_wconf 87' lang='lat' dir='ltr'><strong>Qui</strong></span> <span class='ocrx_word' id='word_1_113' title='bbox 1285 1497 1443 1564; x_wconf 87' lang='lat' dir='ltr'><strong>igitur</strong></span> <span class='ocrx_word' id='word_1_114' title='bbox 1481 1497 1685 1550; x_wconf 88' lang='lat' dir='ltr'><strong>invenit</strong></span> <span class='ocrx_word' id='word_1_115' title='bbox 1716 1497 1855 1550; x_wconf 90' lang='lat' dir='ltr'><strong>hunc</strong></span> <span class='ocrx_word' id='word_1_116' title='bbox 1896 1497 1946 1549; x_wconf 90' lang='lat' dir='ltr'><strong>in</strong></span> <span class='ocrx_word' id='word_1_117' title='bbox 1981 1495 2128 1549; x_wconf 87' lang='lat' dir='ltr'><strong>Scri-</strong></span> 
     </span>
    </p>
   </div>
   <div class='ocr_carea' id='block_1_19' title="bbox 2227 764 3727 854">
    <p class='ocr_par' dir='ltr' id='par_1_19' title="bbox 2227 764 3727 854">
     <span class='ocr_line' id='line_1_19' title="bbox 2227 764 3727 854; baseline -0.015 -17"><span class='ocrx_word' id='word_1_118' title='bbox 2227 798 2387 854; x_wconf 76' lang='grc' dir='ltr'>ματαο</span> <span class='ocrx_word' id='word_1_119' title='bbox 2433 781 2526 834; x_wconf 74' lang='grc' dir='ltr'>καὶ</span> <span class='ocrx_word' id='word_1_120' title='bbox 2568 777 2794 848; x_wconf 79' lang='grc' dir='ltr'>Χριστὸς</span> <span class='ocrx_word' id='word_1_121' title='bbox 2834 777 2863 827; x_wconf 89' lang='grc' dir='ltr'>ὁ</span> <span class='ocrx_word' id='word_1_122' title='bbox 2895 775 3074 842; x_wconf 83' lang='grc' dir='ltr'>τίμιος</span> <span class='ocrx_word' id='word_1_123' title='bbox 3112 771 3212 840; x_wconf 81' lang='grc' dir='ltr'><strong>τῆς</strong></span> <span class='ocrx_word' id='word_1_124' title='bbox 3249 765 3461 836; x_wconf 78' lang='grc' dir='ltr'>Γραφῆς</span> <span class='ocrx_word' id='word_1_125' title='bbox 3489 764 3727 835; x_wconf 79' lang='grc' dir='ltr'>Θησαυρός.</span> 
     </span>
    </p>
   </div>
   <div class='ocr_carea' id='block_1_20' title="bbox 2227 855 3730 942">
    <p class='ocr_par' dir='ltr' id='par_1_20' title="bbox 2227 855 3730 942">
     <span class='ocr_line' id='line_1_20' title="bbox 2227 855 3730 942; baseline -0.011 -15"><span class='ocrx_word' id='word_1_126' title='bbox 2227 874 2299 926; x_wconf 85' lang='grc' dir='ltr'><strong>Ἢ</strong></span> <span class='ocrx_word' id='word_1_127' title='bbox 2328 871 2492 942; x_wconf 83' lang='grc' dir='ltr'>ἀγρὸς</span> <span class='ocrx_word' id='word_1_128' title='bbox 2524 871 2552 921; x_wconf 89' lang='grc' dir='ltr'>ὁ</span> <span class='ocrx_word' id='word_1_129' title='bbox 2571 867 2822 938; x_wconf 79' lang='grc' dir='ltr'>Χριστὸς,</span> <span class='ocrx_word' id='word_1_130' title='bbox 2849 867 2904 917; x_wconf 84' lang='grc' dir='ltr'>ὲν</span> <span class='ocrx_word' id='word_1_131' title='bbox 2928 857 2972 930; x_wconf 80' lang='grc' dir='ltr'>ᾧ</span> <span class='ocrx_word' id='word_1_132' title='bbox 2999 861 3214 922; x_wconf 77' lang='grc' dir='ltr'><strong>Παῦλος</strong></span> <span class='ocrx_word' id='word_1_133' title='bbox 3245 859 3392 924; x_wconf 80' lang='grc' dir='ltr'><strong>λέγει</strong></span> <span class='ocrx_word' id='word_1_134' title='bbox 3419 855 3730 926; x_wconf 64' lang='grc' dir='ltr'>ὲγκεκρύφθαι</span> 
     </span>
    </p>
   </div>
   <div class='ocr_carea' id='block_1_21' title="bbox 2224 947 3731 1028">
    <p class='ocr_par' dir='ltr' id='par_1_21' title="bbox 2224 947 3731 1028">
     <span class='ocr_line' id='line_1_21' title="bbox 2224 947 3731 1028; baseline -0.003 -16"><span class='ocrx_word' id='word_1_135' title='bbox 2224 964 2348 1024; x_wconf 78' lang='grc' dir='ltr'>τοὺς</span> <span class='ocrx_word' id='word_1_136' title='bbox 2395 958 2740 1028; x_wconf 84' lang='grc' dir='ltr'>ἀποκρύφους</span> <span class='ocrx_word' id='word_1_137' title='bbox 2789 955 3096 1024; x_wconf 78' lang='grc' dir='ltr'>θησαυροὺς</span> <span class='ocrx_word' id='word_1_138' title='bbox 3141 951 3239 1020; x_wconf 77' lang='grc' dir='ltr'>τῆς</span> <span class='ocrx_word' id='word_1_139' title='bbox 3308 947 3490 1015; x_wconf 82' lang='grc' dir='ltr'>σοφίας</span> <span class='ocrx_word' id='word_1_140' title='bbox 3545 947 3731 1017; x_wconf 73' lang='grc' dir='ltr'>καὶτῆς</span> 
     </span>
    </p>
   </div>
   <div class='ocr_carea' id='block_1_22' title="bbox 2225 1038 3730 1122">
    <p class='ocr_par' dir='ltr' id='par_1_22' title="bbox 2225 1038 3730 1122">
     <span class='ocr_line' id='line_1_22' title="bbox 2225 1038 3730 1122; baseline -0.011 -17"><span class='ocrx_word' id='word_1_141' title='bbox 2225 1051 2474 1122; x_wconf 83' lang='grc' dir='ltr'>γνώσεως</span> <span class='ocrx_word' id='word_1_142' title='bbox 2521 1050 2614 1102; x_wconf 91' lang='grc' dir='ltr'><strong>τοῦ</strong></span> <span class='ocrx_word' id='word_1_143' title='bbox 2658 1047 2812 1100; x_wconf 86' lang='grc' dir='ltr'>Θεοῦ.</span> <span class='ocrx_word' id='word_1_144' title='bbox 2854 1046 2936 1098; x_wconf 55' lang='lat' dir='ltr'><strong>Ti</strong></span> <span class='ocrx_word' id='word_1_145' title='bbox 2977 1043 3205 1115; x_wconf 78' lang='grc' dir='ltr'>οὐράνια</span> <span class='ocrx_word' id='word_1_146' title='bbox 3250 1039 3424 1093; x_wconf 79' lang='grc' dir='ltr'>τοίνυν</span> <span class='ocrx_word' id='word_1_147' title='bbox 3467 1038 3730 1108; x_wconf 75' lang='grc' dir='ltr'>πράγματα,</span> 
     </span>
    </p>
   </div>
   <div class='ocr_carea' id='block_1_23' title="bbox 2226 1127 3733 1214">
    <p class='ocr_par' dir='ltr' id='par_1_23' title="bbox 2226 1127 3733 1214">
     <span class='ocr_line' id='line_1_23' title="bbox 2226 1127 3733 1214; baseline -0.013 -19"><span class='ocrx_word' id='word_1_148' title='bbox 2226 1144 2318 1196; x_wconf 69' lang='grc' dir='ltr'>καὶ</span> <span class='ocrx_word' id='word_1_149' title='bbox 2343 1145 2374 1214; x_wconf 83' lang='grc' dir='ltr'><strong>ή</strong></span> <span class='ocrx_word' id='word_1_150' title='bbox 2415 1139 2652 1210; x_wconf 84' lang='grc' dir='ltr'>βασιλεία</span> <span class='ocrx_word' id='word_1_151' title='bbox 2682 1138 2789 1191; x_wconf 84' lang='grc' dir='ltr'>τῶν</span> <span class='ocrx_word' id='word_1_152' title='bbox 2815 1134 3064 1206; x_wconf 78' lang='grc' dir='ltr'>οὐρανῶν</span> <span class='ocrx_word' id='word_1_153' title='bbox 3098 1133 3287 1201; x_wconf 76' lang='grc' dir='ltr'>ὥσπερ</span> <span class='ocrx_word' id='word_1_154' title='bbox 3315 1131 3370 1181; x_wconf 78' lang='grc' dir='ltr'>ὲν</span> <span class='ocrx_word' id='word_1_155' title='bbox 3397 1127 3550 1179; x_wconf 76' lang='grc' dir='ltr'>εἰκόνι</span> <span class='ocrx_word' id='word_1_156' title='bbox 3575 1127 3733 1195; x_wconf 71' lang='grc' dir='ltr'>γέγρα-</span> 
     </span>
    </p>
   </div>
   <div class='ocr_carea' id='block_1_24' title="bbox 2227 1216 3733 1300">
    <p class='ocr_par' dir='ltr' id='par_1_24' title="bbox 2227 1216 3733 1300">
     <span class='ocr_line' id='line_1_24' title="bbox 2227 1216 3733 1300; baseline -0.011 -14"><span class='ocrx_word' id='word_1_157' title='bbox 2227 1251 2355 1286; x_wconf 86' lang='grc' dir='ltr'>πται</span> <span class='ocrx_word' id='word_1_158' title='bbox 2386 1235 2503 1294; x_wconf 87' lang='grc' dir='ltr'>ταῖς</span> <span class='ocrx_word' id='word_1_159' title='bbox 2547 1231 2809 1300; x_wconf 77' lang='grc' dir='ltr'>Γραφαῖς,</span> <span class='ocrx_word' id='word_1_160' title='bbox 2841 1225 3048 1287; x_wconf 81' lang='grc' dir='ltr'>αἵτινές</span> <span class='ocrx_word' id='word_1_161' title='bbox 3080 1226 3185 1276; x_wconf 87' lang='grc' dir='ltr'>εἰσι</span> <span class='ocrx_word' id='word_1_162' title='bbox 3220 1219 3460 1290; x_wconf 83' lang='grc' dir='ltr'>βασιλεία</span> <span class='ocrx_word' id='word_1_163' title='bbox 3493 1216 3588 1270; x_wconf 81' lang='grc' dir='ltr'><strong>τῶν</strong></span> <span class='ocrx_word' id='word_1_164' title='bbox 3608 1219 3733 1286; x_wconf 74' lang='grc' dir='ltr'>ούρα-</span> 
     </span>
    </p>
   </div>
   <div class='ocr_carea' id='block_1_25' title="bbox 2226 1304 3732 1390">
    <p class='ocr_par' dir='ltr' id='par_1_25' title="bbox 2226 1304 3732 1390">
     <span class='ocr_line' id='line_1_25' title="bbox 2226 1304 3732 1390; baseline -0.013 -15"><span class='ocrx_word' id='word_1_165' title='bbox 2226 1322 2352 1376; x_wconf 85' lang='grc' dir='ltr'>νῶν·</span> <span class='ocrx_word' id='word_1_166' title='bbox 2388 1323 2422 1390; x_wconf 82' lang='grc' dir='ltr'>ἡ</span> <span class='ocrx_word' id='word_1_167' title='bbox 2447 1320 2504 1374; x_wconf 79' lang='grc' dir='ltr'>δέ</span> <span class='ocrx_word' id='word_1_168' title='bbox 2536 1322 2682 1372; x_wconf 77' lang='grc' dir='ltr'>ἐστιν</span> <span class='ocrx_word' id='word_1_169' title='bbox 2714 1316 2874 1379; x_wconf 73' lang='grc' dir='ltr'>αὐτὸς</span> <span class='ocrx_word' id='word_1_170' title='bbox 2915 1319 2944 1368; x_wconf 90' lang='grc' dir='ltr'>ὁ</span> <span class='ocrx_word' id='word_1_171' title='bbox 2973 1313 3230 1384; x_wconf 75' lang='grc' dir='ltr'>Χριστὸς,</span> <span class='ocrx_word' id='word_1_172' title='bbox 3265 1304 3323 1362; x_wconf 80' lang='grc' dir='ltr'><strong>οῦ</strong></span> <span class='ocrx_word' id='word_1_173' title='bbox 3355 1312 3384 1378; x_wconf 85' lang='grc' dir='ltr'><strong>ή</strong></span> <span class='ocrx_word' id='word_1_174' title='bbox 3425 1308 3602 1376; x_wconf 77' lang='grc' dir='ltr'>γνῶσις</span> <span class='ocrx_word' id='word_1_175' title='bbox 3629 1307 3732 1358; x_wconf 72' lang='grc' dir='ltr'>κατὰ</span> 
     </span>
    </p>
   </div>
   <div class='ocr_carea' id='block_1_26' title="bbox 2226 1399 3732 1482">
    <p class='ocr_par' dir='ltr' id='par_1_26' title="bbox 2226 1399 3732 1482">
     <span class='ocr_line' id='line_1_26' title="bbox 2226 1399 3732 1482; baseline -0.011 -16"><span class='ocrx_word' id='word_1_176' title='bbox 2226 1413 2450 1482; x_wconf 88' lang='grc' dir='ltr'>δύναμιν</span> <span class='ocrx_word' id='word_1_177' title='bbox 2473 1413 2528 1463; x_wconf 83' lang='grc' dir='ltr'>ὲν</span> <span class='ocrx_word' id='word_1_178' title='bbox 2551 1412 2680 1480; x_wconf 81' lang='grc' dir='ltr'>ἡμῖν</span> <span class='ocrx_word' id='word_1_179' title='bbox 2703 1412 2866 1462; x_wconf 73' lang='grc' dir='ltr'>ἐστιν·</span> <span class='ocrx_word' id='word_1_180' title='bbox 2894 1405 3211 1476; x_wconf 82' lang='grc' dir='ltr'>εὑρίσκεται</span> <span class='ocrx_word' id='word_1_181' title='bbox 3232 1403 3286 1454; x_wconf 79' lang='grc' dir='ltr'>δὲ</span> <span class='ocrx_word' id='word_1_182' title='bbox 3307 1399 3392 1453; x_wconf 79' lang='grc' dir='ltr'><strong>διὰ</strong></span> <span class='ocrx_word' id='word_1_183' title='bbox 3411 1399 3505 1468; x_wconf 82' lang='grc' dir='ltr'>τῆς</span> <span class='ocrx_word' id='word_1_184' title='bbox 3530 1399 3732 1462; x_wconf 83' lang='grc' dir='ltr'>πίστεως,</span> 
     </span>
    </p>
   </div>
   <div class='ocr_carea' id='block_1_27' title="bbox 2228 1486 3734 1574">
    <p class='ocr_par' dir='ltr' id='par_1_27' title="bbox 2228 1486 3734 1574">
     <span class='ocr_line' id='line_1_27' title="bbox 2228 1486 3734 1574; baseline -0.011 -17"><span class='ocrx_word' id='word_1_185' title='bbox 2228 1505 2320 1557; x_wconf 73' lang='grc' dir='ltr'>καὶ</span> <span class='ocrx_word' id='word_1_186' title='bbox 2344 1501 2668 1574; x_wconf 79' lang='grc' dir='ltr'>ἀγοράζεται</span> <span class='ocrx_word' id='word_1_187' title='bbox 2714 1500 2800 1552; x_wconf 85' lang='grc' dir='ltr'><strong>διὰ</strong></span> <span class='ocrx_word' id='word_1_188' title='bbox 2830 1498 2935 1550; x_wconf 84' lang='grc' dir='ltr'><strong>τῶν</strong></span> <span class='ocrx_word' id='word_1_189' title='bbox 2969 1496 3202 1566; x_wconf 83' lang='grc' dir='ltr'>ἀρετῶν.</span> <span class='ocrx_word' id='word_1_190' title='bbox 3241 1491 3427 1562; x_wconf 84' lang='grc' dir='ltr'>Εύρὼν</span> <span class='ocrx_word' id='word_1_191' title='bbox 3458 1486 3541 1542; x_wconf 82' lang='grc' dir='ltr'><strong>οὖν</strong></span> <span class='ocrx_word' id='word_1_192' title='bbox 3579 1507 3646 1552; x_wconf 88' lang='grc' dir='ltr'><strong>τις</strong></span> <span class='ocrx_word' id='word_1_193' title='bbox 3669 1490 3734 1542; x_wconf 67' lang='grc' dir='ltr'><strong>τὸν</strong></span> 
     </span>
    </p>
   </div>
   <div class='ocr_carea' id='block_1_28' title="bbox 595 1577 2140 1660">
    <p class='ocr_par' dir='ltr' id='par_1_28' title="bbox 595 1587 2127 1656">
     <span class='ocr_line' id='line_1_28' title="bbox 595 1587 2127 1656; baseline -0.003 -15"><span class='ocrx_word' id='word_1_194' title='bbox 595 1589 767 1655; x_wconf 91' lang='lat' dir='ltr'><strong>pturis</strong></span> <span class='ocrx_word' id='word_1_195' title='bbox 809 1588 1147 1650; x_wconf 85' lang='lat' dir='ltr'><strong>thesaurum,</strong></span> <span class='ocrx_word' id='word_1_196' title='bbox 1181 1587 1450 1652; x_wconf 85' lang='lat' dir='ltr'><strong>occultat;</strong></span> <span class='ocrx_word' id='word_1_197' title='bbox 1501 1602 1832 1656; x_wconf 85' lang='lat' dir='ltr'><strong>nequaquam</strong></span> <span class='ocrx_word' id='word_1_198' title='bbox 1872 1587 1989 1641; x_wconf 88' lang='lat' dir='ltr'><strong>sine</strong></span> <span class='ocrx_word' id='word_1_199' title='bbox 2035 1600 2127 1653; x_wconf 90' lang='lat' dir='ltr'><strong>pc-</strong></span> 
     </span>
    </p>
   </div>
   <div class='ocr_carea' id='block_1_29' title="bbox 2241 1577 3733 1660">
    <p class='ocr_par' dir='ltr' id='par_1_29' title="bbox 2241 1577 3733 1660">
     <span class='ocr_line' id='line_1_29' title="bbox 2241 1577 3733 1660; baseline -0.011 -16"><span class='ocrx_word' id='word_1_200' title='bbox 2241 1595 2285 1644; x_wconf 71' lang='grc' dir='ltr'>ὲν</span> <span class='ocrx_word' id='word_1_201' title='bbox 2336 1585 2454 1652; x_wconf 77' lang='grc' dir='ltr'>ταῖς</span> <span class='ocrx_word' id='word_1_202' title='bbox 2509 1590 2750 1660; x_wconf 82' lang='grc' dir='ltr'>Γραφαῖς</span> <span class='ocrx_word' id='word_1_203' title='bbox 2803 1585 3076 1657; x_wconf 83' lang='grc' dir='ltr'>θησαυρὸν</span> <span class='ocrx_word' id='word_1_204' title='bbox 3127 1581 3353 1644; x_wconf 85' lang='grc' dir='ltr'>τοῦτον,</span> <span class='ocrx_word' id='word_1_205' title='bbox 3401 1577 3636 1648; x_wconf 78' lang='grc' dir='ltr'>κρύπτει,</span> <span class='ocrx_word' id='word_1_206' title='bbox 3680 1577 3733 1647; x_wconf 70' lang='grc' dir='ltr'><strong>μὴ</strong></span> 
     </span>
    </p>
   </div>
   <div class='ocr_carea' id='block_1_30' title="bbox 595 1667 2140 1745">
    <p class='ocr_par' dir='ltr' id='par_1_30' title="bbox 595 1674 2133 1745">
     <span class='ocr_line' id='line_1_30' title="bbox 595 1674 2133 1745; baseline -0.001 -15"><span class='ocrx_word' id='word_1_207' title='bbox 595 1677 765 1732; x_wconf 90' lang='lat' dir='ltr'><strong>riculo</strong></span> <span class='ocrx_word' id='word_1_208' title='bbox 813 1692 928 1732; x_wconf 89' lang='lat' dir='ltr'><strong>esse</strong></span> <span class='ocrx_word' id='word_1_209' title='bbox 960 1678 1136 1731; x_wconf 90' lang='lat' dir='ltr'><strong>sciens</strong></span> <span class='ocrx_word' id='word_1_210' title='bbox 1163 1677 1409 1743; x_wconf 87' lang='lat' dir='ltr'><strong>vulgares</strong></span> <span class='ocrx_word' id='word_1_211' title='bbox 1447 1691 1689 1745; x_wconf 88' lang='lat' dir='ltr'><strong>quosque</strong></span> <span class='ocrx_word' id='word_1_212' title='bbox 1733 1691 1911 1730; x_wconf 88' lang='lat' dir='ltr'><strong>rerum</strong></span> <span class='ocrx_word' id='word_1_213' title='bbox 1946 1674 2133 1730; x_wconf 71' lang='lat' dir='ltr'><strong>inetia-</strong></span> 
     </span>
    </p>
   </div>
   <div class='ocr_carea' id='block_1_31' title="bbox 2241 1667 3736 1745">
    <p class='ocr_par' dir='ltr' id='par_1_31' title="bbox 2241 1667 3736 1745">
     <span class='ocr_line' id='line_1_31' title="bbox 2241 1667 3736 1745; baseline -0.01 -13"><span class='ocrx_word' id='word_1_214' title='bbox 2241 1679 2503 1732; x_wconf 66' lang='grc' dir='ltr'>ὶκίνδυνον</span> <span class='ocrx_word' id='word_1_215' title='bbox 2543 1676 2695 1739; x_wconf 82' lang='grc' dir='ltr'>εἰδὼς</span> <span class='ocrx_word' id='word_1_216' title='bbox 2738 1677 2846 1728; x_wconf 84' lang='grc' dir='ltr'>τῶν</span> <span class='ocrx_word' id='word_1_217' title='bbox 2879 1675 3210 1745; x_wconf 75' lang='grc' dir='ltr'>ἀπορρήτων</span> <span class='ocrx_word' id='word_1_218' title='bbox 3245 1674 3354 1732; x_wconf 90' lang='grc' dir='ltr'>τοῖς</span> <span class='ocrx_word' id='word_1_219' title='bbox 3381 1667 3586 1738; x_wconf 81' lang='grc' dir='ltr'>τυχοῦσι</span> <span class='ocrx_word' id='word_1_220' title='bbox 3613 1684 3736 1737; x_wconf 73' lang='grc' dir='ltr'>μετα-</span> 
     </span>
    </p>
   </div>
   <div class='ocr_carea' id='block_1_32' title="bbox 595 1758 2140 1837">
    <p class='ocr_par' dir='ltr' id='par_1_32' title="bbox 595 1766 2130 1836">
     <span class='ocr_line' id='line_1_32' title="bbox 595 1766 2130 1836; baseline -0.003 -15"><span class='ocrx_word' id='word_1_221' title='bbox 595 1768 777 1821; x_wconf 87' lang='lat' dir='ltr'><strong>bilium</strong></span> <span class='ocrx_word' id='word_1_222' title='bbox 818 1767 1104 1836; x_wconf 87' lang='lat' dir='ltr'><strong>participes</strong></span> <span class='ocrx_word' id='word_1_223' title='bbox 1137 1766 1333 1820; x_wconf 80' lang='lat' dir='ltr'><strong>facere.</strong></span> <span class='ocrx_word' id='word_1_224' title='bbox 1370 1766 1491 1820; x_wconf 83' lang='lat' dir='ltr'><strong>Abit</strong></span> <span class='ocrx_word' id='word_1_225' title='bbox 1519 1776 1695 1819; x_wconf 89' lang='lat' dir='ltr'><strong>autem</strong></span> <span class='ocrx_word' id='word_1_226' title='bbox 1727 1775 2008 1833; x_wconf 86' lang='lat' dir='ltr'><strong>postquam</strong></span> <span class='ocrx_word' id='word_1_227' title='bbox 2041 1779 2130 1817; x_wconf 87' lang='lat' dir='ltr'><strong>oc-</strong></span> 
     </span>
    </p>
   </div>
   <div class='ocr_carea' id='block_1_33' title="bbox 2241 1758 3735 1837">
    <p class='ocr_par' dir='ltr' id='par_1_33' title="bbox 2241 1758 3735 1837">
     <span class='ocr_line' id='line_1_33' title="bbox 2241 1758 3735 1837; baseline -0.008 -16"><span class='ocrx_word' id='word_1_228' title='bbox 2241 1768 2440 1822; x_wconf 78' lang='grc' dir='ltr'>Ξιδόναι.</span> <span class='ocrx_word' id='word_1_229' title='bbox 2489 1768 2704 1820; x_wconf 82' lang='grc' dir='ltr'>Ἀπεισι</span> <span class='ocrx_word' id='word_1_230' title='bbox 2751 1766 2806 1819; x_wconf 79' lang='grc' dir='ltr'>δὲ</span> <span class='ocrx_word' id='word_1_231' title='bbox 2852 1764 3092 1837; x_wconf 74' lang='grc' dir='ltr'>κρύψας,</span> <span class='ocrx_word' id='word_1_232' title='bbox 3141 1761 3424 1833; x_wconf 80' lang='grc' dir='ltr'>ἀγοράσων</span> <span class='ocrx_word' id='word_1_233' title='bbox 3478 1758 3560 1811; x_wconf 83' lang='grc' dir='ltr'>τὸν</span> <span class='ocrx_word' id='word_1_234' title='bbox 3609 1758 3735 1828; x_wconf 67' lang='grc' dir='ltr'>ἀγρὸν</span> 
     </span>
    </p>
   </div>
   <div class='ocr_carea' id='block_1_34' title="bbox 597 1848 2140 1928">
    <p class='ocr_par' dir='ltr' id='par_1_34' title="bbox 597 1857 2124 1926">
     <span class='ocr_line' id='line_1_34' title="bbox 597 1857 2124 1926; baseline 0.001 -18"><span class='ocrx_word' id='word_1_235' title='bbox 597 1858 840 1924; x_wconf 79' lang='lat' dir='ltr'><strong>cultavit,</strong></span> <span class='ocrx_word' id='word_1_236' title='bbox 877 1867 932 1910; x_wconf 90' lang='lat' dir='ltr'><strong>ut</strong></span> <span class='ocrx_word' id='word_1_237' title='bbox 971 1866 1112 1910; x_wconf 83' lang='lat' dir='ltr'><strong>emat</strong></span> <span class='ocrx_word' id='word_1_238' title='bbox 1144 1873 1331 1926; x_wconf 86' lang='lat' dir='ltr'><strong>agrum</strong></span> <span class='ocrx_word' id='word_1_239' title='bbox 1363 1857 1510 1910; x_wconf 90' lang='lat' dir='ltr'><strong>illum</strong></span> <span class='ocrx_word' id='word_1_240' title='bbox 1567 1857 1998 1926; x_wconf 79' lang='lat' dir='ltr'><strong>qumticunque,</strong></span> <span class='ocrx_word' id='word_1_241' title='bbox 2037 1857 2124 1925; x_wconf 90' lang='lat' dir='ltr'><strong>qui</strong></span> 
     </span>
    </p>
   </div>
   <div class='ocr_carea' id='block_1_35' title="bbox 2241 1848 3735 1928">
    <p class='ocr_par' dir='ltr' id='par_1_35' title="bbox 2241 1848 3735 1928">
     <span class='ocr_line' id='line_1_35' title="bbox 2241 1848 3735 1928; baseline -0.01 -15"><span class='ocrx_word' id='word_1_242' title='bbox 2241 1860 2419 1912; x_wconf 72' lang='grc' dir='ltr'>ἱπόσου</span> <span class='ocrx_word' id='word_1_243' title='bbox 2445 1859 2510 1913; x_wconf 85' lang='grc' dir='ltr'>ἂν</span> <span class='ocrx_word' id='word_1_244' title='bbox 2537 1858 2792 1928; x_wconf 81' lang='grc' dir='ltr'>βούλοιτο·</span> <span class='ocrx_word' id='word_1_245' title='bbox 2827 1857 2886 1909; x_wconf 83' lang='grc' dir='ltr'><strong>ὃν</strong></span> <span class='ocrx_word' id='word_1_246' title='bbox 2921 1855 3168 1925; x_wconf 80' lang='grc' dir='ltr'>Ἑϐραῖοι</span> <span class='ocrx_word' id='word_1_247' title='bbox 3205 1853 3333 1924; x_wconf 72' lang='grc' dir='ltr'>πρὶν</span> <span class='ocrx_word' id='word_1_248' title='bbox 3378 1848 3735 1918; x_wconf 73' lang='grc' dir='ltr'>ἐπιστεύθησαν,</span> 
     </span>
    </p>
   </div>
   <div class='ocr_carea' id='block_1_36' title="bbox 599 1939 2140 2020">
    <p class='ocr_par' dir='ltr' id='par_1_36' title="bbox 599 1945 2133 2014">
     <span class='ocr_line' id='line_1_36' title="bbox 599 1945 2133 2014; baseline -0.001 -14"><span class='ocrx_word' id='word_1_249' title='bbox 599 1946 834 2000; x_wconf 62' lang='lat' dir='ltr'><strong>Hebraeis</strong></span> <span class='ocrx_word' id='word_1_250' title='bbox 873 1947 1100 2014; x_wconf 88' lang='lat' dir='ltr'><strong>primum</strong></span> <span class='ocrx_word' id='word_1_251' title='bbox 1129 1945 1468 1999; x_wconf 88' lang='lat' dir='ltr'><strong>concreditus</strong></span> <span class='ocrx_word' id='word_1_252' title='bbox 1498 1945 1597 1998; x_wconf 83' lang='lat' dir='ltr'><strong>fuit</strong></span> <span class='ocrx_word' id='word_1_253' title='bbox 1636 1963 1651 1998; x_wconf 84' lang='lat'><strong>:</strong></span> <span class='ocrx_word' id='word_1_254' title='bbox 1692 1960 1721 1997; x_wconf 88' lang='lat' dir='ltr'><strong>a</strong></span> <span class='ocrx_word' id='word_1_255' title='bbox 1767 1945 1958 2012; x_wconf 87' lang='lat' dir='ltr'><strong>quibus</strong></span> <span class='ocrx_word' id='word_1_256' title='bbox 1994 1947 2133 1999; x_wconf 92' lang='lat' dir='ltr'><strong>hunc</strong></span> 
     </span>
    </p>
   </div>
   <div class='ocr_carea' id='block_1_37' title="bbox 2241 1939 3737 2020">
    <p class='ocr_par' dir='ltr' id='par_1_37' title="bbox 2241 1939 3737 2020">
     <span class='ocr_line' id='line_1_37' title="bbox 2241 1939 3737 2020; baseline -0.009 -17"><span class='ocrx_word' id='word_1_257' title='bbox 2241 1952 2360 2020; x_wconf 76' lang='grc' dir='ltr'>παρ’</span> <span class='ocrx_word' id='word_1_258' title='bbox 2401 1943 2474 2003; x_wconf 83' lang='grc' dir='ltr'><strong>ὧν</strong></span> <span class='ocrx_word' id='word_1_259' title='bbox 2516 1948 2699 2002; x_wconf 89' lang='grc' dir='ltr'>τοῦτον</span> <span class='ocrx_word' id='word_1_260' title='bbox 2725 1947 2904 2001; x_wconf 78' lang='grc' dir='ltr'>λαϐὼν</span> <span class='ocrx_word' id='word_1_261' title='bbox 2937 1948 3090 2009; x_wconf 85' lang='grc' dir='ltr'>ὅστις</span> <span class='ocrx_word' id='word_1_262' title='bbox 3133 1945 3254 1998; x_wconf 83' lang='grc' dir='ltr'>κατ’</span> <span class='ocrx_word' id='word_1_263' title='bbox 3295 1942 3456 2012; x_wconf 80' lang='grc' dir='ltr'>ἄλλην</span> <span class='ocrx_word' id='word_1_264' title='bbox 3486 1939 3737 2009; x_wconf 75' lang='grc' dir='ltr'>παραϐολὴν</span> 
     </span>
    </p>
   </div>
   <div class='ocr_carea' id='block_1_38' title="bbox 597 2033 2140 2110">
    <p class='ocr_par' dir='ltr' id='par_1_38' title="bbox 597 2033 2124 2107">
     <span class='ocr_line' id='line_1_38' title="bbox 597 2033 2124 2107; baseline -0.003 -17"><span class='ocrx_word' id='word_1_265' title='bbox 597 2038 904 2107; x_wconf 87' lang='lat' dir='ltr'><strong>accipiens,</strong></span> <span class='ocrx_word' id='word_1_266' title='bbox 940 2036 1027 2105; x_wconf 90' lang='lat' dir='ltr'><strong>qui</strong></span> <span class='ocrx_word' id='word_1_267' title='bbox 1072 2037 1222 2105; x_wconf 80' lang='lat' dir='ltr'><strong>juxta</strong></span> <span class='ocrx_word' id='word_1_268' title='bbox 1272 2034 1430 2087; x_wconf 86' lang='lat' dir='ltr'><strong>aliam</strong></span> <span class='ocrx_word' id='word_1_269' title='bbox 1470 2033 1776 2102; x_wconf 88' lang='lat' dir='ltr'><strong>parabolam</strong></span> <span class='ocrx_word' id='word_1_270' title='bbox 1818 2035 1970 2088; x_wconf 91' lang='lat' dir='ltr'><strong>vinea</strong></span> <span class='ocrx_word' id='word_1_271' title='bbox 2017 2043 2124 2099; x_wconf 81' lang='lat' dir='ltr'><strong>est,</strong></span> 
     </span>
    </p>
   </div>
   <div class='ocr_carea' id='block_1_39' title="bbox 2241 2033 3737 2110">
    <p class='ocr_par' dir='ltr' id='par_1_39' title="bbox 2241 2033 3737 2110">
     <span class='ocr_line' id='line_1_39' title="bbox 2241 2033 3737 2110; baseline -0.007 -16"><span class='ocrx_word' id='word_1_272' title='bbox 2241 2041 2486 2110; x_wconf 71' lang='grc' dir='ltr'>ἀμπελών</span> <span class='ocrx_word' id='word_1_273' title='bbox 2535 2041 2703 2105; x_wconf 78' lang='grc' dir='ltr'>ἐστιν,</span> <span class='ocrx_word' id='word_1_274' title='bbox 2758 2039 2887 2092; x_wconf 75' lang='grc' dir='ltr'>ἴδιον</span> <span class='ocrx_word' id='word_1_275' title='bbox 2943 2039 3132 2109; x_wconf 73' lang='grc' dir='ltr'>κτῆμα</span> <span class='ocrx_word' id='word_1_276' title='bbox 3184 2035 3368 2090; x_wconf 90' lang='grc' dir='ltr'>τοῦτον</span> <span class='ocrx_word' id='word_1_277' title='bbox 3412 2036 3562 2098; x_wconf 86' lang='grc' dir='ltr'>ποιεῖ,</span> <span class='ocrx_word' id='word_1_278' title='bbox 3600 2033 3737 2085; x_wconf 73' lang='grc' dir='ltr'>πάντα</span> 
     </span>
    </p>
   </div>
   <div class='ocr_carea' id='block_1_40' title="bbox 596 2119 2140 2200">
    <p class='ocr_par' dir='ltr' id='par_1_40' title="bbox 596 2123 2136 2194">
     <span class='ocr_line' id='line_1_40' title="bbox 596 2123 2136 2194; baseline -0.003 -14"><span class='ocrx_word' id='word_1_279' title='bbox 596 2125 866 2194; x_wconf 87' lang='lat' dir='ltr'><strong>propriam</strong></span> <span class='ocrx_word' id='word_1_280' title='bbox 895 2125 1288 2193; x_wconf 86' lang='lat' dir='ltr'><strong>possessionem</strong></span> <span class='ocrx_word' id='word_1_281' title='bbox 1333 2125 1473 2177; x_wconf 92' lang='lat' dir='ltr'><strong>hunc</strong></span> <span class='ocrx_word' id='word_1_282' title='bbox 1513 2123 1660 2184; x_wconf 83' lang='lat' dir='ltr'><strong>facit,</strong></span> <span class='ocrx_word' id='word_1_283' title='bbox 1694 2123 1922 2177; x_wconf 89' lang='lat' dir='ltr'><strong>venditis</strong></span> <span class='ocrx_word' id='word_1_284' title='bbox 1964 2124 2136 2177; x_wconf 87' lang='lat' dir='ltr'><strong>omni-</strong></span> 
     </span>
    </p>
   </div>
   <div class='ocr_carea' id='block_1_41' title="bbox 2241 2119 3736 2200">
    <p class='ocr_par' dir='ltr' id='par_1_41' title="bbox 2241 2119 3736 2200">
     <span class='ocr_line' id='line_1_41' title="bbox 2241 2119 3736 2200; baseline -0.001 -18"><span class='ocrx_word' id='word_1_285' title='bbox 2241 2129 2527 2200; x_wconf 82' lang='grc' dir='ltr'>πεπρακὼς</span> <span class='ocrx_word' id='word_1_286' title='bbox 2556 2128 2719 2182; x_wconf 81' lang='grc' dir='ltr'>αὑτοῦ</span> <span class='ocrx_word' id='word_1_287' title='bbox 2748 2129 2820 2182; x_wconf 88' lang='grc' dir='ltr'><strong>τά</strong></span> <span class='ocrx_word' id='word_1_288' title='bbox 2866 2129 3204 2199; x_wconf 71' lang='grc' dir='ltr'>ὑπάρχονταο</span> <span class='ocrx_word' id='word_1_289' title='bbox 3239 2127 3403 2180; x_wconf 82' lang='grc' dir='ltr'><strong>κακία</strong></span> <span class='ocrx_word' id='word_1_290' title='bbox 3440 2125 3494 2178; x_wconf 85' lang='grc' dir='ltr'>δὲ</span> <span class='ocrx_word' id='word_1_291' title='bbox 3527 2123 3656 2177; x_wconf 86' lang='grc' dir='ltr'>ταῦτ’</span> <span class='ocrx_word' id='word_1_292' title='bbox 3673 2119 3736 2192; x_wconf 71' lang='grc' dir='ltr'><strong>ἦν.</strong></span> 
     </span>
    </p>
   </div>
   <div class='ocr_carea' id='block_1_42' title="bbox 598 2212 2140 2291">
    <p class='ocr_par' dir='ltr' id='par_1_42' title="bbox 598 2212 2134 2279">
     <span class='ocr_line' id='line_1_42' title="bbox 598 2212 2134 2279; baseline -0.003 -11"><span class='ocrx_word' id='word_1_293' title='bbox 598 2215 697 2268; x_wconf 90' lang='lat' dir='ltr'><strong>bus</strong></span> <span class='ocrx_word' id='word_1_294' title='bbox 740 2215 894 2268; x_wconf 90' lang='lat' dir='ltr'><strong>bouis</strong></span> <span class='ocrx_word' id='word_1_295' title='bbox 939 2214 1081 2273; x_wconf 87' lang='lat' dir='ltr'><strong>suis,</strong></span> <span class='ocrx_word' id='word_1_296' title='bbox 1119 2213 1264 2266; x_wconf 86' lang='lat' dir='ltr'><strong>vitiis</strong></span> <span class='ocrx_word' id='word_1_297' title='bbox 1296 2226 1487 2279; x_wconf 91' lang='lat' dir='ltr'><strong>nempe</strong></span> <span class='ocrx_word' id='word_1_298' title='bbox 1526 2227 1540 2262; x_wconf 89' lang='lat'>:</span> <span class='ocrx_word' id='word_1_299' title='bbox 1589 2226 1696 2279; x_wconf 90' lang='lat' dir='ltr'><strong>quo</strong></span> <span class='ocrx_word' id='word_1_300' title='bbox 1745 2212 1826 2266; x_wconf 89' lang='lat' dir='ltr'><strong>his</strong></span> <span class='ocrx_word' id='word_1_301' title='bbox 1871 2227 1976 2266; x_wconf 92' lang='lat' dir='ltr'><strong>non</strong></span> <span class='ocrx_word' id='word_1_302' title='bbox 2017 2227 2134 2264; x_wconf 84' lang='lat' dir='ltr'><strong>am-</strong></span> 
     </span>
    </p>
   </div>
   <div class='ocr_carea' id='block_1_43' title="bbox 2241 2212 3739 2291">
    <p class='ocr_par' dir='ltr' id='par_1_43' title="bbox 2241 2215 3739 2291">
     <span class='ocr_line' id='line_1_43' title="bbox 2241 2215 3739 2291; baseline -0.005 -18"><span class='ocrx_word' id='word_1_303' title='bbox 2241 2220 2309 2290; x_wconf 83' lang='grc' dir='ltr'>τῷ</span> <span class='ocrx_word' id='word_1_304' title='bbox 2355 2220 2547 2291; x_wconf 78' lang='grc' dir='ltr'>μηκέτι</span> <span class='ocrx_word' id='word_1_305' title='bbox 2580 2221 2678 2290; x_wconf 80' lang='grc' dir='ltr'><strong>ζῇν</strong></span> <span class='ocrx_word' id='word_1_306' title='bbox 2717 2219 2950 2283; x_wconf 85' lang='grc' dir='ltr'>τούτοις,</span> <span class='ocrx_word' id='word_1_307' title='bbox 2996 2218 3337 2289; x_wconf 78' lang='grc' dir='ltr'><strong>νεκρωθῆναι</strong></span> <span class='ocrx_word' id='word_1_308' title='bbox 3379 2217 3433 2270; x_wconf 79' lang='grc' dir='ltr'>δὲ</span> <span class='ocrx_word' id='word_1_309' title='bbox 3479 2215 3553 2286; x_wconf 80' lang='grc' dir='ltr'>τῷ</span> <span class='ocrx_word' id='word_1_310' title='bbox 3593 2215 3739 2282; x_wconf 78' lang='grc' dir='ltr'>κόσμῳ</span> 
     </span>
    </p>
   </div>
   <div class='ocr_carea' id='block_1_44' title="bbox 599 2300 2140 2379">
    <p class='ocr_par' dir='ltr' id='par_1_44' title="bbox 599 2300 2131 2370">
     <span class='ocr_line' id='line_1_44' title="bbox 599 2300 2131 2370; baseline 0 -15"><span class='ocrx_word' id='word_1_311' title='bbox 599 2303 738 2370; x_wconf 91' lang='lat' dir='ltr'><strong>plius</strong></span> <span class='ocrx_word' id='word_1_312' title='bbox 770 2305 934 2367; x_wconf 88' lang='lat' dir='ltr'><strong>vivat,</strong></span> <span class='ocrx_word' id='word_1_313' title='bbox 979 2303 1074 2357; x_wconf 89' lang='lat' dir='ltr'><strong>sed</strong></span> <span class='ocrx_word' id='word_1_314' title='bbox 1107 2301 1462 2356; x_wconf 84' lang='lat' dir='ltr'><strong>mortiﬁcetur</strong></span> <span class='ocrx_word' id='word_1_315' title='bbox 1491 2301 1687 2356; x_wconf 84' lang='lat' dir='ltr'><strong>mundo</strong></span> <span class='ocrx_word' id='word_1_316' title='bbox 1724 2302 1820 2356; x_wconf 90' lang='lat' dir='ltr'><strong>toti</strong></span> <span class='ocrx_word' id='word_1_317' title='bbox 1856 2310 1910 2356; x_wconf 89' lang='lat' dir='ltr'><strong>et</strong></span> <span class='ocrx_word' id='word_1_318' title='bbox 1942 2300 2131 2356; x_wconf 82' lang='lat' dir='ltr'><strong>volun-</strong></span> 
     </span>
    </p>
   </div>
   <div class='ocr_carea' id='block_1_45' title="bbox 2241 2300 3508 2379">
    <p class='ocr_par' dir='ltr' id='par_1_45' title="bbox 2241 2308 3508 2379">
     <span class='ocr_line' id='line_1_45' title="bbox 2241 2308 3508 2379; baseline 0.001 -17"><span class='ocrx_word' id='word_1_319' title='bbox 2241 2312 2394 2364; x_wconf 72' lang='grc' dir='ltr'>παντὶ</span> <span class='ocrx_word' id='word_1_320' title='bbox 2420 2309 2511 2363; x_wconf 70' lang='grc' dir='ltr'>καὶ</span> <span class='ocrx_word' id='word_1_321' title='bbox 2537 2308 2801 2379; x_wconf 83' lang='grc' dir='ltr'>Θελήμασι</span> <span class='ocrx_word' id='word_1_322' title='bbox 2824 2308 2920 2362; x_wconf 89' lang='grc' dir='ltr'><strong>τοῦ</strong></span> <span class='ocrx_word' id='word_1_323' title='bbox 2947 2309 3136 2363; x_wconf 69' lang='grc' dir='ltr'>αὑτοῦ.</span> <span class='ocrx_word' id='word_1_324' title='bbox 3503 2341 3508 2344; x_wconf 56' lang='grc' dir='ltr'>ν</span> 
     </span>
    </p>
   </div>
   <div class='ocr_carea' id='block_1_46' title="bbox 604 2395 970 2462">
    <p class='ocr_par' dir='ltr' id='par_1_46' title="bbox 604 2395 970 2462">
     <span class='ocr_line' id='line_1_46' title="bbox 604 2395 970 2462; baseline 0.003 -13"><span class='ocrx_word' id='word_1_325' title='bbox 604 2395 804 2449; x_wconf 85' lang='lat' dir='ltr'><strong>tatibus</strong></span> <span class='ocrx_word' id='word_1_326' title='bbox 838 2395 970 2462; x_wconf 76' lang='lat' dir='ltr'><strong>eius.</strong></span> 
     </span>
    </p>
   </div>
   <div class='ocr_carea' id='block_1_47' title="bbox 672 2483 2138 2554">
    <p class='ocr_par' dir='ltr' id='par_1_47' title="bbox 672 2483 2138 2554">
     <span class='ocr_line' id='line_1_47' title="bbox 672 2483 2138 2554; baseline 0.001 -20"><span class='ocrx_word' id='word_1_327' title='bbox 672 2484 772 2550; x_wconf 86' lang='lat' dir='ltr'><strong>Qui</strong></span> <span class='ocrx_word' id='word_1_328' title='bbox 822 2486 888 2538; x_wconf 81' lang='lat' dir='ltr'><strong>de</strong></span> <span class='ocrx_word' id='word_1_329' title='bbox 936 2487 1239 2554; x_wconf 88' lang='lat' dir='ltr'><strong>margaritis</strong></span> <span class='ocrx_word' id='word_1_330' title='bbox 1283 2485 1641 2554; x_wconf 87' lang='lat' dir='ltr'><strong>scripserunt,</strong></span> <span class='ocrx_word' id='word_1_331' title='bbox 1697 2483 1844 2537; x_wconf 87' lang='lat' dir='ltr'><strong>aiunt</strong></span> <span class='ocrx_word' id='word_1_332' title='bbox 1880 2496 1974 2536; x_wconf 79' lang='lat' dir='ltr'><strong>sex</strong></span> <span class='ocrx_word' id='word_1_333' title='bbox 2019 2495 2138 2536; x_wconf 76' lang='lat' dir='ltr'><strong>esse</strong></span> 
     </span>
    </p>
   </div>
   <div class='ocr_carea' id='block_1_48' title="bbox 604 2571 2135 2642">
    <p class='ocr_par' dir='ltr' id='par_1_48' title="bbox 604 2571 2135 2642">
     <span class='ocr_line' id='line_1_48' title="bbox 604 2571 2135 2642; baseline -0.001 -14"><span class='ocrx_word' id='word_1_334' title='bbox 604 2588 788 2628; x_wconf 84' lang='lat' dir='ltr'><strong>earum</strong></span> <span class='ocrx_word' id='word_1_335' title='bbox 820 2574 1174 2629; x_wconf 84' lang='lat' dir='ltr'><strong>dill&#39;erentias:</strong></span> <span class='ocrx_word' id='word_1_336' title='bbox 1210 2591 1273 2629; x_wconf 77' lang='lat' dir='ltr'><strong>ex</strong></span> <span class='ocrx_word' id='word_1_337' title='bbox 1308 2578 1499 2641; x_wconf 87' lang='lat' dir='ltr'><strong>quibus</strong></span> <span class='ocrx_word' id='word_1_338' title='bbox 1536 2574 1749 2642; x_wconf 66' lang='lat' dir='ltr'><strong>optimae</strong></span> <span class='ocrx_word' id='word_1_339' title='bbox 1776 2582 1898 2627; x_wconf 91' lang='lat' dir='ltr'><strong>sunt</strong></span> <span class='ocrx_word' id='word_1_340' title='bbox 1925 2571 2135 2637; x_wconf 68' lang='lat' dir='ltr'><strong>Indicas,</strong></span> 
     </span>
    </p>
   </div>
   <div class='ocr_carea' id='block_1_49' title="bbox 607 2663 2140 2732">
    <p class='ocr_par' dir='ltr' id='par_1_49' title="bbox 607 2663 2140 2732">
     <span class='ocr_line' id='line_1_49' title="bbox 607 2663 2140 2732; baseline -0.001 -15"><span class='ocrx_word' id='word_1_341' title='bbox 607 2679 726 2732; x_wconf 84' lang='lat' dir='ltr'><strong>quae</strong></span> <span class='ocrx_word' id='word_1_342' title='bbox 760 2665 938 2718; x_wconf 92' lang='lat' dir='ltr'><strong>insunt</strong></span> <span class='ocrx_word' id='word_1_343' title='bbox 959 2666 1178 2720; x_wconf 91' lang='lat' dir='ltr'><strong>conchis</strong></span> <span class='ocrx_word' id='word_1_344' title='bbox 1210 2681 1273 2720; x_wconf 79' lang='lat' dir='ltr'><strong>ex</strong></span> <span class='ocrx_word' id='word_1_345' title='bbox 1307 2680 1428 2720; x_wconf 89' lang='lat' dir='ltr'><strong>rore</strong></span> <span class='ocrx_word' id='word_1_346' title='bbox 1460 2666 1689 2720; x_wconf 65' lang='lat' dir='ltr'><strong>caeleti.</strong></span> <span class='ocrx_word' id='word_1_347' title='bbox 1721 2664 2007 2732; x_wconf 89' lang='lat' dir='ltr'><strong>Sequiores</strong></span> <span class='ocrx_word' id='word_1_348' title='bbox 2039 2663 2140 2732; x_wconf 83' lang='lat' dir='ltr'><strong>igi-</strong></span> 
     </span>
    </p>
   </div>
   <div class='ocr_carea' id='block_1_50' title="bbox 605 2749 2140 2826">
    <p class='ocr_par' dir='ltr' id='par_1_50' title="bbox 605 2755 2140 2825">
     <span class='ocr_line' id='line_1_50' title="bbox 605 2755 2140 2825; baseline 0.001 -19"><span class='ocrx_word' id='word_1_349' title='bbox 605 2763 695 2806; x_wconf 86' lang='lat' dir='ltr'><strong>tur</strong></span> <span class='ocrx_word' id='word_1_350' title='bbox 727 2755 1025 2823; x_wconf 71' lang='lat' dir='ltr'><strong>margaritm</strong></span> <span class='ocrx_word' id='word_1_351' title='bbox 1059 2767 1181 2808; x_wconf 88' lang='lat' dir='ltr'><strong>sunt</strong></span> <span class='ocrx_word' id='word_1_352' title='bbox 1228 2755 1359 2825; x_wconf 82' lang='lat' dir='ltr'><strong>legis</strong></span> <span class='ocrx_word' id='word_1_353' title='bbox 1402 2765 1457 2809; x_wconf 84' lang='lat' dir='ltr'><strong>et</strong></span> <span class='ocrx_word' id='word_1_354' title='bbox 1503 2755 1876 2824; x_wconf 86' lang='lat' dir='ltr'><strong>prophetarum</strong></span> <span class='ocrx_word' id='word_1_355' title='bbox 1908 2769 1972 2808; x_wconf 89' lang='lat' dir='ltr'><strong>ac</strong></span> <span class='ocrx_word' id='word_1_356' title='bbox 2014 2755 2140 2808; x_wconf 84' lang='lat' dir='ltr'><strong>reli-</strong></span> 
     </span>
    </p>
   </div>
   <div class='ocr_carea' id='block_1_51' title="bbox 2241 2749 3740 2826">
    <p class='ocr_par' dir='ltr' id='par_1_51' title="bbox 2241 2749 3740 2826">
     <span class='ocr_line' id='line_1_51' title="bbox 2241 2749 3740 2826; baseline -0.005 -18"><span class='ocrx_word' id='word_1_357' title='bbox 2241 2757 2299 2808; x_wconf 83' lang='lat' dir='ltr'><strong>Oi</strong></span> <span class='ocrx_word' id='word_1_358' title='bbox 2333 2755 2525 2825; x_wconf 77' lang='grc' dir='ltr'>ἥττους</span> <span class='ocrx_word' id='word_1_359' title='bbox 2565 2754 2696 2822; x_wconf 87' lang='grc' dir='ltr'>γοῦν</span> <span class='ocrx_word' id='word_1_360' title='bbox 2731 2755 3071 2826; x_wconf 77' lang='grc' dir='ltr'>μαργαρῖται</span> <span class='ocrx_word' id='word_1_361' title='bbox 3114 2758 3252 2808; x_wconf 83' lang='grc' dir='ltr'>εἰσιν</span> <span class='ocrx_word' id='word_1_362' title='bbox 3285 2756 3340 2808; x_wconf 83' lang='grc' dir='ltr'>αἱ</span> <span class='ocrx_word' id='word_1_363' title='bbox 3371 2753 3460 2807; x_wconf 89' lang='grc' dir='ltr'><strong>τοῦ</strong></span> <span class='ocrx_word' id='word_1_364' title='bbox 3503 2753 3644 2822; x_wconf 86' lang='grc' dir='ltr'>νόμου</span> <span class='ocrx_word' id='word_1_365' title='bbox 3672 2749 3740 2803; x_wconf 76' lang='grc' dir='ltr'>καὶ</span> 
     </span>
    </p>
   </div>
   <div class='ocr_carea' id='block_1_52' title="bbox 605 2841 2140 2917">
    <p class='ocr_par' dir='ltr' id='par_1_52' title="bbox 605 2843 2140 2914">
     <span class='ocr_line' id='line_1_52' title="bbox 605 2843 2140 2914; baseline 0.003 -20"><span class='ocrx_word' id='word_1_366' title='bbox 605 2858 726 2911; x_wconf 83' lang='lat' dir='ltr'><strong>quae</strong></span> <span class='ocrx_word' id='word_1_367' title='bbox 752 2843 1042 2913; x_wconf 63' lang='lat' dir='ltr'><strong>Scriptura!</strong></span> <span class='ocrx_word' id='word_1_368' title='bbox 1067 2844 1406 2913; x_wconf 80' lang='lat' dir='ltr'><strong>quaestiones,</strong></span> <span class='ocrx_word' id='word_1_369' title='bbox 1434 2860 1571 2914; x_wconf 86' lang='lat' dir='ltr'><strong>quas</strong></span> <span class='ocrx_word' id='word_1_370' title='bbox 1593 2846 1681 2914; x_wconf 91' lang='lat' dir='ltr'><strong>qui</strong></span> <span class='ocrx_word' id='word_1_371' title='bbox 1709 2845 1976 2898; x_wconf 86' lang='lat' dir='ltr'><strong>laboriose</strong></span> <span class='ocrx_word' id='word_1_372' title='bbox 2002 2858 2140 2912; x_wconf 65' lang='lat' dir='ltr'><strong>quat-</strong></span> 
     </span>
    </p>
   </div>
   <div class='ocr_carea' id='block_1_53' title="bbox 2241 2841 3741 2917">
    <p class='ocr_par' dir='ltr' id='par_1_53' title="bbox 2241 2841 3741 2917">
     <span class='ocr_line' id='line_1_53' title="bbox 2241 2841 3741 2917; baseline -0.003 -20"><span class='ocrx_word' id='word_1_373' title='bbox 2241 2845 2343 2898; x_wconf 85' lang='grc' dir='ltr'>τῶν</span> <span class='ocrx_word' id='word_1_374' title='bbox 2375 2845 2684 2916; x_wconf 74' lang='grc' dir='ltr'>προφητῶν,</span> <span class='ocrx_word' id='word_1_375' title='bbox 2719 2847 2816 2898; x_wconf 77' lang='grc' dir='ltr'>καὶ</span> <span class='ocrx_word' id='word_1_376' title='bbox 2838 2847 2940 2916; x_wconf 85' lang='grc' dir='ltr'>τῆς</span> <span class='ocrx_word' id='word_1_377' title='bbox 2963 2846 3132 2917; x_wconf 77' lang='grc' dir='ltr'>ἄλλης</span> <span class='ocrx_word' id='word_1_378' title='bbox 3162 2847 3380 2917; x_wconf 80' lang='grc' dir='ltr'>Γραφῆς</span> <span class='ocrx_word' id='word_1_379' title='bbox 3406 2844 3648 2916; x_wconf 82' lang='grc' dir='ltr'>ζητήσεις,</span> <span class='ocrx_word' id='word_1_380' title='bbox 3671 2841 3697 2894; x_wconf 75' lang='grc' dir='ltr'>ἃ</span> <span class='ocrx_word' id='word_1_381' title='bbox 3719 2842 3741 2893; x_wconf 77' lang='grc' dir='ltr'><strong>ὁ</strong></span> 
     </span>
    </p>
   </div>
   <div class='ocr_carea' id='block_1_54' title="bbox 610 2931 2140 3004">
    <p class='ocr_par' dir='ltr' id='par_1_54' title="bbox 610 2933 2140 2998">
     <span class='ocr_line' id='line_1_54' title="bbox 610 2933 2140 2998; baseline 0.001 -13"><span class='ocrx_word' id='word_1_382' title='bbox 610 2933 702 2998; x_wconf 88' lang='lat' dir='ltr'><strong>rit,</strong></span> <span class='ocrx_word' id='word_1_383' title='bbox 731 2933 957 2987; x_wconf 88' lang='lat' dir='ltr'><strong>venditis</strong></span> <span class='ocrx_word' id='word_1_384' title='bbox 983 2934 1270 2998; x_wconf 85' lang='lat' dir='ltr'><strong>mercibus,</strong></span> <span class='ocrx_word' id='word_1_385' title='bbox 1303 2934 1578 2989; x_wconf 90' lang='lat' dir='ltr'><strong>meliorem</strong></span> <span class='ocrx_word' id='word_1_386' title='bbox 1612 2935 1696 2990; x_wconf 90' lang='lat' dir='ltr'><strong>his</strong></span> <span class='ocrx_word' id='word_1_387' title='bbox 1720 2935 1968 2988; x_wconf 89' lang='lat' dir='ltr'><strong>omnibus</strong></span> <span class='ocrx_word' id='word_1_388' title='bbox 1997 2948 2140 2986; x_wconf 86' lang='lat' dir='ltr'><strong>mar-</strong></span> 
     </span>
    </p>
   </div>
   <div class='ocr_carea' id='block_1_55' title="bbox 2241 2931 3743 3004">
    <p class='ocr_par' dir='ltr' id='par_1_55' title="bbox 2241 2931 3743 3004">
     <span class='ocr_line' id='line_1_55' title="bbox 2241 2931 3743 3004; baseline -0.004 -18"><span class='ocrx_word' id='word_1_389' title='bbox 2241 2933 2482 3003; x_wconf 72' lang='grc' dir='ltr'>ὲμπόνως</span> <span class='ocrx_word' id='word_1_390' title='bbox 2506 2932 2701 3003; x_wconf 78' lang='grc' dir='ltr'>ζητῶν,</span> <span class='ocrx_word' id='word_1_391' title='bbox 2729 2934 3006 3004; x_wconf 73' lang='grc' dir='ltr'>ἐμπορίας</span> <span class='ocrx_word' id='word_1_392' title='bbox 3039 2935 3434 3004; x_wconf 82' lang='grc' dir='ltr'>ἀποδιδόμενος,</span> <span class='ocrx_word' id='word_1_393' title='bbox 3457 2935 3540 2986; x_wconf 82' lang='grc' dir='ltr'><strong>τὸν</strong></span> <span class='ocrx_word' id='word_1_394' title='bbox 3564 2931 3743 3001; x_wconf 78' lang='grc' dir='ltr'>κρείττω</span> 
     </span>
    </p>
   </div>
   <div class='ocr_carea' id='block_1_56' title="bbox 2305 2480 3740 2557">
    <p class='ocr_par' dir='ltr' id='par_1_56' title="bbox 2305 2480 3740 2557">
     <span class='ocr_line' id='line_1_56' title="bbox 2305 2480 3740 2557; baseline -0.005 -19"><span class='ocrx_word' id='word_1_395' title='bbox 2305 2486 2382 2556; x_wconf 89' lang='lat'><strong>(7)</strong></span> <span class='ocrx_word' id='word_1_396' title='bbox 2409 2486 2475 2538; x_wconf 82' lang='grc' dir='ltr'><strong>Οἵ</strong></span> <span class='ocrx_word' id='word_1_397' title='bbox 2500 2501 2563 2554; x_wconf 89' lang='grc' dir='ltr'><strong>γε</strong></span> <span class='ocrx_word' id='word_1_398' title='bbox 2601 2485 2705 2555; x_wconf 85' lang='grc' dir='ltr'><strong>μὴν</strong></span> <span class='ocrx_word' id='word_1_399' title='bbox 2733 2485 2864 2556; x_wconf 73' lang='grc' dir='ltr'>περὶ</span> <span class='ocrx_word' id='word_1_400' title='bbox 2895 2483 3255 2557; x_wconf 80' lang='grc' dir='ltr'>μαργαριτῶν</span> <span class='ocrx_word' id='word_1_401' title='bbox 3289 2483 3595 2554; x_wconf 82' lang='grc' dir='ltr'>γράψαντες,</span> <span class='ocrx_word' id='word_1_402' title='bbox 3619 2480 3740 2550; x_wconf 65' lang='grc' dir='ltr'>φασιν</span> 
     </span>
    </p>
   </div>
   <div class='ocr_carea' id='block_1_57' title="bbox 2235 2567 3739 2643">
    <p class='ocr_par' dir='ltr' id='par_1_57' title="bbox 2235 2567 3739 2643">
     <span class='ocr_line' id='line_1_57' title="bbox 2235 2567 3739 2643; baseline -0.005 -17"><span class='ocrx_word' id='word_1_403' title='bbox 2235 2575 2296 2642; x_wconf 71' lang='grc' dir='ltr'><strong>ἐξ</strong></span> <span class='ocrx_word' id='word_1_404' title='bbox 2327 2572 2461 2628; x_wconf 75' lang='grc' dir='ltr'>εἶναι</span> <span class='ocrx_word' id='word_1_405' title='bbox 2500 2573 2598 2636; x_wconf 85' lang='grc' dir='ltr'>τὰς</span> <span class='ocrx_word' id='word_1_406' title='bbox 2627 2574 2832 2628; x_wconf 90' lang='grc' dir='ltr'>τούτων</span> <span class='ocrx_word' id='word_1_407' title='bbox 2861 2574 3147 2643; x_wconf 82' lang='grc' dir='ltr'>διαφορὰς,</span> <span class='ocrx_word' id='word_1_408' title='bbox 3184 2567 3258 2625; x_wconf 81' lang='grc' dir='ltr'><strong>ὧν</strong></span> <span class='ocrx_word' id='word_1_409' title='bbox 3291 2572 3556 2643; x_wconf 79' lang='grc' dir='ltr'>κρείττους</span> <span class='ocrx_word' id='word_1_410' title='bbox 3582 2571 3624 2622; x_wconf 78' lang='lat' dir='ltr'><strong>oi</strong></span> <span class='ocrx_word' id='word_1_411' title='bbox 3653 2569 3739 2620; x_wconf 84' lang='grc' dir='ltr'>κατ’</span> 
     </span>
    </p>
   </div>
   <div class='ocr_carea' id='block_1_58' title="bbox 2248 2659 3738 2735">
    <p class='ocr_par' dir='ltr' id='par_1_58' title="bbox 2248 2659 3738 2735">
     <span class='ocr_line' id='line_1_58' title="bbox 2248 2659 3738 2735; baseline -0.004 -18"><span class='ocrx_word' id='word_1_412' title='bbox 2248 2665 2434 2718; x_wconf 78' lang='grc' dir='ltr'><strong>Ἰνδίαν</strong></span> <span class='ocrx_word' id='word_1_413' title='bbox 2461 2665 2519 2716; x_wconf 81' lang='grc' dir='ltr'><strong>ὲν</strong></span> <span class='ocrx_word' id='word_1_414' title='bbox 2541 2664 2763 2733; x_wconf 84' lang='grc' dir='ltr'>κόγχαις</span> <span class='ocrx_word' id='word_1_415' title='bbox 2787 2665 3076 2734; x_wconf 85' lang='grc' dir='ltr'>γενόμενοι</span> <span class='ocrx_word' id='word_1_416' title='bbox 3100 2667 3165 2717; x_wconf 80' lang='grc' dir='ltr'>ὲκ</span> <span class='ocrx_word' id='word_1_417' title='bbox 3191 2663 3379 2735; x_wconf 79' lang='grc' dir='ltr'>δρόσου</span> <span class='ocrx_word' id='word_1_418' title='bbox 3404 2663 3498 2731; x_wconf 85' lang='grc' dir='ltr'><strong>τῆς</strong></span> <span class='ocrx_word' id='word_1_419' title='bbox 3519 2659 3738 2731; x_wconf 78' lang='grc' dir='ltr'>οὐρανίας.</span> 
     </span>
    </p>
   </div>
   <div class='ocr_carea' id='block_1_59' title="bbox 609 3022 2140 3093">
    <p class='ocr_par' dir='ltr' id='par_1_59' title="bbox 609 3022 2140 3093">
     <span class='ocr_line' id='line_1_59' title="bbox 609 3022 2140 3093; baseline -0.001 -17"><span class='ocrx_word' id='word_1_420' title='bbox 609 3024 835 3093; x_wconf 76' lang='lat' dir='ltr'><strong>garitam</strong></span> <span class='ocrx_word' id='word_1_421' title='bbox 866 3022 1136 3077; x_wconf 88' lang='lat' dir='ltr'><strong>Christum</strong></span> <span class='ocrx_word' id='word_1_422' title='bbox 1171 3026 1404 3092; x_wconf 66' lang='lat' dir='ltr'><strong>quaerit:</strong></span> <span class='ocrx_word' id='word_1_423' title='bbox 1447 3027 1624 3080; x_wconf 87' lang='lat' dir='ltr'><strong>omnia</strong></span> <span class='ocrx_word' id='word_1_424' title='bbox 1672 3025 1785 3078; x_wconf 69' lang='lat' dir='ltr'><strong>haec</strong></span> <span class='ocrx_word' id='word_1_425' title='bbox 1813 3033 1867 3077; x_wconf 88' lang='lat' dir='ltr'><strong>et</strong></span> <span class='ocrx_word' id='word_1_426' title='bbox 1905 3036 2140 3093; x_wconf 61' lang='lat' dir='ltr'><strong>praesen-</strong></span> 
     </span>
    </p>
   </div>
   <div class='ocr_carea' id='block_1_60' title="bbox 613 3115 2137 3184">
    <p class='ocr_par' dir='ltr' id='par_1_60' title="bbox 613 3115 2137 3184">
     <span class='ocr_line' id='line_1_60' title="bbox 613 3115 2137 3184; baseline -0.001 -16"><span class='ocrx_word' id='word_1_427' title='bbox 613 3117 681 3168; x_wconf 89' lang='lat' dir='ltr'><strong>tia</strong></span> <span class='ocrx_word' id='word_1_428' title='bbox 718 3115 854 3169; x_wconf 85' lang='lat' dir='ltr'><strong>bona</strong></span> <span class='ocrx_word' id='word_1_429' title='bbox 883 3115 1132 3168; x_wconf 90' lang='lat' dir='ltr'><strong>damnum</strong></span> <span class='ocrx_word' id='word_1_430' title='bbox 1167 3125 1420 3184; x_wconf 87' lang='lat' dir='ltr'><strong>reputans</strong></span> <span class='ocrx_word' id='word_1_431' title='bbox 1448 3126 1496 3170; x_wconf 90' lang='lat' dir='ltr'><strong>et</strong></span> <span class='ocrx_word' id='word_1_432' title='bbox 1532 3125 1767 3170; x_wconf 88' lang='lat' dir='ltr'><strong>stercora</strong></span> <span class='ocrx_word' id='word_1_433' title='bbox 1811 3129 1917 3180; x_wconf 71' lang='lat' dir='ltr'><strong>pra:</strong></span> <span class='ocrx_word' id='word_1_434' title='bbox 1954 3115 2137 3183; x_wconf 86' lang='lat' dir='ltr'><strong>cogni-</strong></span> 
     </span>
    </p>
   </div>
   <div class='ocr_carea' id='block_1_61' title="bbox 612 3206 1008 3261">
    <p class='ocr_par' dir='ltr' id='par_1_61' title="bbox 612 3206 1008 3261">
     <span class='ocr_line' id='line_1_61' title="bbox 612 3206 1008 3261; baseline 0 -1"><span class='ocrx_word' id='word_1_435' title='bbox 612 3208 756 3261; x_wconf 85' lang='lat' dir='ltr'><strong>tione</strong></span> <span class='ocrx_word' id='word_1_436' title='bbox 786 3206 1008 3260; x_wconf 90' lang='lat' dir='ltr'><strong>Christi.</strong></span> 
     </span>
    </p>
   </div>
   <div class='ocr_carea' id='block_1_62' title="bbox 682 3293 2142 3364">
    <p class='ocr_par' dir='ltr' id='par_1_62' title="bbox 682 3293 2142 3364">
     <span class='ocr_line' id='line_1_62' title="bbox 682 3293 2142 3364; baseline -0.001 -14"><span class='ocrx_word' id='word_1_437' title='bbox 682 3297 967 3356; x_wconf 64' lang='lat' dir='ltr'><strong>Praeterea,</strong></span> <span class='ocrx_word' id='word_1_438' title='bbox 995 3308 1194 3364; x_wconf 86' lang='lat' dir='ltr'><strong>sagena</strong></span> <span class='ocrx_word' id='word_1_439' title='bbox 1231 3305 1313 3348; x_wconf 89' lang='lat' dir='ltr'><strong>est</strong></span> <span class='ocrx_word' id='word_1_440' title='bbox 1341 3293 1647 3362; x_wconf 84' lang='lat' dir='ltr'><strong>complexus</strong></span> <span class='ocrx_word' id='word_1_441' title='bbox 1669 3305 1908 3350; x_wconf 82' lang='lat' dir='ltr'><strong>veterum</strong></span> <span class='ocrx_word' id='word_1_442' title='bbox 1937 3310 2142 3350; x_wconf 77' lang='lat' dir='ltr'><strong>sermo—</strong></span> 
     </span>
    </p>
   </div>
   <div class='ocr_carea' id='block_1_63' title="bbox 610 3382 2143 3453">
    <p class='ocr_par' dir='ltr' id='par_1_63' title="bbox 610 3382 2143 3453">
     <span class='ocr_line' id='line_1_63' title="bbox 610 3382 2143 3453; baseline 0.001 -15"><span class='ocrx_word' id='word_1_443' title='bbox 610 3401 734 3438; x_wconf 87' lang='lat' dir='ltr'><strong>num</strong></span> <span class='ocrx_word' id='word_1_444' title='bbox 755 3385 1252 3453; x_wconf 68' lang='lat' dir='ltr'><strong>Scriptura),quem,</strong></span> <span class='ocrx_word' id='word_1_445' title='bbox 1283 3397 1402 3436; x_wconf 90' lang='lat' dir='ltr'><strong>cum</strong></span> <span class='ocrx_word' id='word_1_446' title='bbox 1431 3382 1774 3452; x_wconf 81' lang='lat' dir='ltr'><strong>imperfectus</strong></span> <span class='ocrx_word' id='word_1_447' title='bbox 1804 3398 1920 3439; x_wconf 89' lang='lat' dir='ltr'><strong>esse</strong></span> <span class='ocrx_word' id='word_1_448' title='bbox 1939 3385 2143 3440; x_wconf 84' lang='lat' dir='ltr'><strong>videre-</strong></span> 
     </span>
    </p>
   </div>
   <div class='ocr_carea' id='block_1_64' title="bbox 624 3472 2142 3542">
    <p class='ocr_par' dir='ltr' id='par_1_64' title="bbox 624 3472 2142 3542">
     <span class='ocr_line' id='line_1_64' title="bbox 624 3472 2142 3542; baseline 0.001 -16"><span class='ocrx_word' id='word_1_449' title='bbox 624 3484 734 3536; x_wconf 90' lang='lat' dir='ltr'><strong>tur,</strong></span> <span class='ocrx_word' id='word_1_450' title='bbox 757 3473 1002 3527; x_wconf 88' lang='lat' dir='ltr'><strong>Christus</strong></span> <span class='ocrx_word' id='word_1_451' title='bbox 1020 3473 1307 3526; x_wconf 88' lang='lat' dir='ltr'><strong>adveniens</strong></span> <span class='ocrx_word' id='word_1_452' title='bbox 1323 3472 1562 3542; x_wconf 83' lang='lat' dir='ltr'><strong>perfecit.</strong></span> <span class='ocrx_word' id='word_1_453' title='bbox 1576 3473 1626 3527; x_wconf 92' lang='lat' dir='ltr'><strong>ls</strong></span> <span class='ocrx_word' id='word_1_454' title='bbox 1641 3473 1692 3526; x_wconf 93' lang='lat' dir='ltr'><strong>in</strong></span> <span class='ocrx_word' id='word_1_455' title='bbox 1712 3474 1864 3542; x_wconf 84' lang='lat' dir='ltr'><strong>hujus</strong></span> <span class='ocrx_word' id='word_1_456' title='bbox 1880 3474 1999 3528; x_wconf 66' lang='lat' dir='ltr'><strong>vitae</strong></span> <span class='ocrx_word' id='word_1_457' title='bbox 2015 3488 2142 3542; x_wconf 86' lang='lat' dir='ltr'><strong>pro-</strong></span> 
     </span>
    </p>
   </div>
   <div class='ocr_carea' id='block_1_65' title="bbox 611 3559 2141 3630">
    <p class='ocr_par' dir='ltr' id='par_1_65' title="bbox 611 3559 2141 3630">
     <span class='ocr_line' id='line_1_65' title="bbox 611 3559 2141 3630; baseline -0.001 -15"><span class='ocrx_word' id='word_1_458' title='bbox 611 3563 785 3630; x_wconf 79' lang='lat' dir='ltr'><strong>iectus</strong></span> <span class='ocrx_word' id='word_1_459' title='bbox 833 3575 1000 3625; x_wconf 81' lang='lat' dir='ltr'><strong>mare,</strong></span> <span class='ocrx_word' id='word_1_460' title='bbox 1037 3575 1139 3613; x_wconf 85' lang='lat' dir='ltr'><strong>non</strong></span> <span class='ocrx_word' id='word_1_461' title='bbox 1187 3559 1390 3628; x_wconf 88' lang='lat' dir='ltr'><strong>colligit</strong></span> <span class='ocrx_word' id='word_1_462' title='bbox 1442 3560 1771 3615; x_wconf 88' lang='lat' dir='ltr'><strong>diversarum</strong></span> <span class='ocrx_word' id='word_1_463' title='bbox 1827 3571 2141 3615; x_wconf 87' lang='lat' dir='ltr'><strong>naturarum</strong></span> 
     </span>
    </p>
   </div>
   <div class='ocr_carea' id='block_1_66' title="bbox 615 3647 2143 3718">
    <p class='ocr_par' dir='ltr' id='par_1_66' title="bbox 615 3647 2143 3718">
     <span class='ocr_line' id='line_1_66' title="bbox 615 3647 2143 3718; baseline 0.002 -17"><span class='ocrx_word' id='word_1_464' title='bbox 615 3650 801 3718; x_wconf 78' lang='lat' dir='ltr'><strong>pisces,</strong></span> <span class='ocrx_word' id='word_1_465' title='bbox 835 3647 927 3701; x_wconf 84' lang='lat' dir='ltr'><strong>sed</strong></span> <span class='ocrx_word' id='word_1_466' title='bbox 959 3647 1340 3702; x_wconf 87' lang='lat' dir='ltr'><strong>sententiarum</strong></span> <span class='ocrx_word' id='word_1_467' title='bbox 1369 3649 1656 3702; x_wconf 84' lang='lat' dir='ltr'><strong>liberarum</strong></span> <span class='ocrx_word' id='word_1_468' title='bbox 1687 3661 1741 3704; x_wconf 91' lang='lat' dir='ltr'><strong>et</strong></span> <span class='ocrx_word' id='word_1_469' title='bbox 1779 3650 2143 3715; x_wconf 81' lang='lat' dir='ltr'><strong>voluntatum;</strong></span> 
     </span>
    </p>
   </div>
   <div class='ocr_carea' id='block_1_67' title="bbox 621 3735 2149 3806">
    <p class='ocr_par' dir='ltr' id='par_1_67' title="bbox 621 3735 2149 3806">
     <span class='ocr_line' id='line_1_67' title="bbox 621 3735 2149 3806; baseline 0.001 -18"><span class='ocrx_word' id='word_1_470' title='bbox 621 3738 753 3789; x_wconf 90' lang='lat' dir='ltr'><strong>adeo</strong></span> <span class='ocrx_word' id='word_1_471' title='bbox 790 3744 847 3788; x_wconf 90' lang='lat' dir='ltr'><strong>ut</strong></span> <span class='ocrx_word' id='word_1_472' title='bbox 876 3735 945 3789; x_wconf 85' lang='lat' dir='ltr'><strong>sit</strong></span> <span class='ocrx_word' id='word_1_473' title='bbox 974 3736 1112 3802; x_wconf 85' lang='lat' dir='ltr'><strong>quod</strong></span> <span class='ocrx_word' id='word_1_474' title='bbox 1142 3751 1206 3789; x_wconf 80' lang='lat' dir='ltr'><strong>ea:</strong></span> <span class='ocrx_word' id='word_1_475' title='bbox 1235 3737 1371 3788; x_wconf 87' lang='lat' dir='ltr'><strong>omni</strong></span> <span class='ocrx_word' id='word_1_476' title='bbox 1407 3752 1590 3805; x_wconf 87' lang='lat' dir='ltr'><strong>genere</strong></span> <span class='ocrx_word' id='word_1_477' title='bbox 1616 3747 1976 3806; x_wconf 79' lang='lat' dir='ltr'><strong>congregatur,</strong></span> <span class='ocrx_word' id='word_1_478' title='bbox 2002 3752 2149 3791; x_wconf 84' lang='lat' dir='ltr'><strong>com-</strong></span> 
     </span>
    </p>
   </div>
   <div class='ocr_carea' id='block_1_68' title="bbox 623 3824 2148 3893">
    <p class='ocr_par' dir='ltr' id='par_1_68' title="bbox 623 3824 2148 3893">
     <span class='ocr_line' id='line_1_68' title="bbox 623 3824 2148 3893; baseline -0.001 -13"><span class='ocrx_word' id='word_1_479' title='bbox 623 3825 949 3880; x_wconf 88' lang='lat' dir='ltr'><strong>mendabiles</strong></span> <span class='ocrx_word' id='word_1_480' title='bbox 988 3833 1080 3877; x_wconf 90' lang='lat' dir='ltr'><strong>aut</strong></span> <span class='ocrx_word' id='word_1_481' title='bbox 1115 3824 1497 3892; x_wconf 87' lang='lat' dir='ltr'><strong>vituperabiles</strong></span> <span class='ocrx_word' id='word_1_482' title='bbox 1541 3826 1781 3879; x_wconf 84' lang='lat' dir='ltr'><strong>homines</strong></span> <span class='ocrx_word' id='word_1_483' title='bbox 1811 3827 1982 3893; x_wconf 81' lang='lat' dir='ltr'><strong>quoad</strong></span> <span class='ocrx_word' id='word_1_484' title='bbox 2024 3840 2148 3892; x_wconf 86' lang='lat' dir='ltr'><strong>pro-</strong></span> 
     </span>
    </p>
   </div>
   <div class='ocr_carea' id='block_1_69' title="bbox 621 3893 2150 3984">
    <p class='ocr_par' dir='ltr' id='par_1_69' title="bbox 621 3893 2150 3984">
     <span class='ocr_line' id='line_1_69' title="bbox 621 3893 2150 3984; baseline -0.002 -14"><span class='ocrx_word' id='word_1_485' title='bbox 621 3915 908 3984; x_wconf 88' lang='lat' dir='ltr'><strong>pensiones</strong></span> <span class='ocrx_word' id='word_1_486' title='bbox 938 3916 990 3967; x_wconf 89' lang='lat' dir='ltr'><strong>in</strong></span> <span class='ocrx_word' id='word_1_487' title='bbox 1023 3914 1230 3982; x_wconf 87' lang='lat' dir='ltr'><strong>species</strong></span> <span class='ocrx_word' id='word_1_488' title='bbox 1258 3915 1513 3967; x_wconf 90' lang='lat' dir='ltr'><strong>virtutum</strong></span> <span class='ocrx_word' id='word_1_489' title='bbox 1544 3921 1633 3967; x_wconf 89' lang='lat' dir='ltr'><strong>aut</strong></span> <span class='ocrx_word' id='word_1_490' title='bbox 1656 3893 1934 3967; x_wconf 42' lang='lat' dir='ltr'><strong>lvitiorum.</strong></span> <span class='ocrx_word' id='word_1_491' title='bbox 1970 3913 2150 3968; x_wconf 86' lang='lat' dir='ltr'><strong>Potest</strong></span> 
     </span>
    </p>
   </div>
   <div class='ocr_carea' id='block_1_70' title="bbox 621 4004 2152 4074">
    <p class='ocr_par' dir='ltr' id='par_1_70' title="bbox 621 4004 2152 4074">
     <span class='ocr_line' id='line_1_70' title="bbox 621 4004 2152 4074; baseline -0.001 -16"><span class='ocrx_word' id='word_1_492' title='bbox 621 4013 878 4074; x_wconf 66' lang='lat' dir='ltr'><strong>praeterea</strong></span> <span class='ocrx_word' id='word_1_493' title='bbox 908 4004 1042 4072; x_wconf 77' lang='lat' dir='ltr'><strong>quod</strong></span> <span class='ocrx_word' id='word_1_494' title='bbox 1078 4019 1142 4057; x_wconf 83' lang='lat' dir='ltr'><strong>ea:</strong></span> <span class='ocrx_word' id='word_1_495' title='bbox 1171 4004 1308 4057; x_wconf 79' lang='lat' dir='ltr'><strong>omni</strong></span> <span class='ocrx_word' id='word_1_496' title='bbox 1349 4019 1529 4071; x_wconf 80' lang='lat' dir='ltr'><strong>genere</strong></span> <span class='ocrx_word' id='word_1_497' title='bbox 1576 4012 1919 4073; x_wconf 84' lang='lat' dir='ltr'><strong>congregatur</strong></span> <span class='ocrx_word' id='word_1_498' title='bbox 1951 4004 2152 4074; x_wconf 71' lang='lat' dir='ltr'><strong>signiﬁ-</strong></span> 
     </span>
    </p>
   </div>
   <div class='ocr_carea' id='block_1_71' title="bbox 625 4092 2152 4162">
    <p class='ocr_par' dir='ltr' id='par_1_71' title="bbox 625 4092 2152 4162">
     <span class='ocr_line' id='line_1_71' title="bbox 625 4092 2152 4162; baseline 0.001 -14"><span class='ocrx_word' id='word_1_499' title='bbox 625 4109 748 4148; x_wconf 88' lang='lat' dir='ltr'><strong>care</strong></span> <span class='ocrx_word' id='word_1_500' title='bbox 776 4094 1110 4148; x_wconf 86' lang='lat' dir='ltr'><strong>vocationem</strong></span> <span class='ocrx_word' id='word_1_501' title='bbox 1137 4109 1202 4148; x_wconf 81' lang='lat' dir='ltr'><strong>ex</strong></span> <span class='ocrx_word' id='word_1_502' title='bbox 1233 4103 1346 4148; x_wconf 92' lang='lat' dir='ltr'><strong>toto</strong></span> <span class='ocrx_word' id='word_1_503' title='bbox 1389 4107 1599 4162; x_wconf 87' lang='lat' dir='ltr'><strong>genere.</strong></span> <span class='ocrx_word' id='word_1_504' title='bbox 1634 4092 1747 4146; x_wconf 83' lang='lat' dir='ltr'><strong>Non</strong></span> <span class='ocrx_word' id='word_1_505' title='bbox 1779 4094 1997 4148; x_wconf 83' lang='lat' dir='ltr'><strong>trahunt</strong></span> <span class='ocrx_word' id='word_1_506' title='bbox 2025 4109 2152 4149; x_wconf 90' lang='lat' dir='ltr'><strong>vero</strong></span> 
     </span>
    </p>
   </div>
   <div class='ocr_carea' id='block_1_72' title="bbox 626 4183 2152 4254">
    <p class='ocr_par' dir='ltr' id='par_1_72' title="bbox 626 4183 2152 4254">
     <span class='ocr_line' id='line_1_72' title="bbox 626 4183 2152 4254; baseline 0 -15"><span class='ocrx_word' id='word_1_507' title='bbox 626 4199 873 4254; x_wconf 83' lang='lat' dir='ltr'><strong>sagenam</strong></span> <span class='ocrx_word' id='word_1_508' title='bbox 909 4185 959 4237; x_wconf 91' lang='lat' dir='ltr'><strong>iu</strong></span> <span class='ocrx_word' id='word_1_509' title='bbox 994 4183 1158 4246; x_wconf 89' lang='lat' dir='ltr'><strong>littus,</strong></span> <span class='ocrx_word' id='word_1_510' title='bbox 1188 4184 1299 4237; x_wconf 89' lang='lat' dir='ltr'><strong>sive</strong></span> <span class='ocrx_word' id='word_1_511' title='bbox 1329 4198 1414 4237; x_wconf 90' lang='lat' dir='ltr'><strong>res</strong></span> <span class='ocrx_word' id='word_1_512' title='bbox 1451 4191 1600 4236; x_wconf 82' lang='lat' dir='ltr'><strong>extra</strong></span> <span class='ocrx_word' id='word_1_513' title='bbox 1635 4184 1771 4238; x_wconf 88' lang='lat' dir='ltr'><strong>hanc</strong></span> <span class='ocrx_word' id='word_1_514' title='bbox 1811 4187 1994 4249; x_wconf 87' lang='lat' dir='ltr'><strong>vitam,</strong></span> <span class='ocrx_word' id='word_1_515' title='bbox 2056 4200 2152 4239; x_wconf 87' lang='lat' dir='ltr'><strong>au-</strong></span> 
     </span>
    </p>
   </div>
   <div class='ocr_carea' id='block_1_73' title="bbox 627 4273 2150 4344">
    <p class='ocr_par' dir='ltr' id='par_1_73' title="bbox 627 4273 2150 4344">
     <span class='ocr_line' id='line_1_73' title="bbox 627 4273 2150 4344; baseline 0.001 -16"><span class='ocrx_word' id='word_1_516' title='bbox 627 4275 752 4342; x_wconf 84' lang='lat' dir='ltr'><strong>geli,</strong></span> <span class='ocrx_word' id='word_1_517' title='bbox 792 4289 895 4327; x_wconf 90' lang='lat' dir='ltr'><strong>non</strong></span> <span class='ocrx_word' id='word_1_518' title='bbox 928 4273 1184 4342; x_wconf 87' lang='lat' dir='ltr'><strong>repletam</strong></span> <span class='ocrx_word' id='word_1_519' title='bbox 1231 4273 1560 4342; x_wconf 84' lang='lat' dir='ltr'><strong>plenitudine</strong></span> <span class='ocrx_word' id='word_1_520' title='bbox 1601 4275 1871 4343; x_wconf 88' lang='lat' dir='ltr'><strong>gentium:</strong></span> <span class='ocrx_word' id='word_1_521' title='bbox 1906 4276 1999 4329; x_wconf 91' lang='lat' dir='ltr'><strong>sed</strong></span> <span class='ocrx_word' id='word_1_522' title='bbox 2041 4278 2150 4344; x_wconf 86' lang='lat' dir='ltr'><strong>ple-</strong></span> 
     </span>
    </p>
   </div>
   <div class='ocr_carea' id='block_1_74' title="bbox 2238 3019 3744 3093">
    <p class='ocr_par' dir='ltr' id='par_1_74' title="bbox 2238 3019 3744 3093">
     <span class='ocr_line' id='line_1_74' title="bbox 2238 3019 3744 3093; baseline -0.003 -19"><span class='ocrx_word' id='word_1_523' title='bbox 2238 3021 2436 3074; x_wconf 86' lang='grc' dir='ltr'>τούτων</span> <span class='ocrx_word' id='word_1_524' title='bbox 2468 3021 2719 3074; x_wconf 73' lang='grc' dir='ltr'>ἁπάντων</span> <span class='ocrx_word' id='word_1_525' title='bbox 2770 3022 3126 3092; x_wconf 79' lang='grc' dir='ltr'>μαργαρίτην</span> <span class='ocrx_word' id='word_1_526' title='bbox 3168 3021 3400 3093; x_wconf 80' lang='grc' dir='ltr'>Χριστὸν</span> <span class='ocrx_word' id='word_1_527' title='bbox 3425 3023 3582 3091; x_wconf 77' lang='grc' dir='ltr'>ζητεῖ,</span> <span class='ocrx_word' id='word_1_528' title='bbox 3611 3019 3744 3070; x_wconf 73' lang='grc' dir='ltr'>πάντα</span> 
     </span>
    </p>
   </div>
   <div class='ocr_carea' id='block_1_75' title="bbox 2239 3107 3744 3182">
    <p class='ocr_par' dir='ltr' id='par_1_75' title="bbox 2239 3107 3744 3182">
     <span class='ocr_line' id='line_1_75' title="bbox 2239 3107 3744 3182; baseline -0.002 -20"><span class='ocrx_word' id='word_1_529' title='bbox 2239 3110 2407 3163; x_wconf 88' lang='grc' dir='ltr'>ταῦτα</span> <span class='ocrx_word' id='word_1_530' title='bbox 2434 3111 2526 3163; x_wconf 74' lang='grc' dir='ltr'><strong>καὶ</strong></span> <span class='ocrx_word' id='word_1_531' title='bbox 2557 3110 2798 3181; x_wconf 85' lang='grc' dir='ltr'>παρόντα</span> <span class='ocrx_word' id='word_1_532' title='bbox 2831 3111 2977 3164; x_wconf 79' lang='grc' dir='ltr'><strong>καλά</strong></span> <span class='ocrx_word' id='word_1_533' title='bbox 3010 3111 3216 3182; x_wconf 78' lang='grc' dir='ltr'>ζημίας</span> <span class='ocrx_word' id='word_1_534' title='bbox 3238 3112 3524 3182; x_wconf 81' lang='grc' dir='ltr'>ἡγούμενος</span> <span class='ocrx_word' id='word_1_535' title='bbox 3548 3111 3628 3163; x_wconf 75' lang='grc' dir='ltr'><strong>καὶ</strong></span> <span class='ocrx_word' id='word_1_536' title='bbox 3649 3107 3744 3160; x_wconf 77' lang='grc' dir='ltr'>σκύο</span> 
     </span>
    </p>
   </div>
   <div class='ocr_carea' id='block_1_76' title="bbox 2166 3179 3315 3275">
    <p class='ocr_par' dir='ltr' id='par_1_76' title="bbox 2166 3179 3315 3275">
     <span class='ocr_line' id='line_1_76' title="bbox 2166 3179 3315 3275; baseline 0.008 -25"><span class='ocrx_word' id='word_1_537' title='bbox 2166 3179 2208 3236; x_wconf 75' lang='lat' dir='ltr'><strong>C</strong></span> <span class='ocrx_word' id='word_1_538' title='bbox 2240 3200 2376 3254; x_wconf 81' lang='grc' dir='ltr'>ϐαλα</span> <span class='ocrx_word' id='word_1_539' title='bbox 2403 3200 2536 3271; x_wconf 84' lang='grc' dir='ltr'>πρὸς</span> <span class='ocrx_word' id='word_1_540' title='bbox 2565 3179 2661 3270; x_wconf 82' lang='grc' dir='ltr'>τὴν</span> <span class='ocrx_word' id='word_1_541' title='bbox 2685 3200 2895 3268; x_wconf 84' lang='grc' dir='ltr'>γνῶσιν</span> <span class='ocrx_word' id='word_1_542' title='bbox 2923 3202 3017 3255; x_wconf 88' lang='grc' dir='ltr'><strong>τοῦ</strong></span> <span class='ocrx_word' id='word_1_543' title='bbox 3053 3179 3315 3275; x_wconf 50' lang='grc' dir='ltr'>Χριστοῦ.</span> 
     </span>
    </p>
   </div>
   <div class='ocr_carea' id='block_1_77' title="bbox 2311 3289 3745 3364">
    <p class='ocr_par' dir='ltr' id='par_1_77' title="bbox 2311 3289 3745 3364">
     <span class='ocr_line' id='line_1_77' title="bbox 2311 3289 3745 3364; baseline -0.001 -21"><span class='ocrx_word' id='word_1_544' title='bbox 2311 3289 2385 3359; x_wconf 85' lang='grc'><strong>(8)</strong></span> <span class='ocrx_word' id='word_1_545' title='bbox 2414 3291 2531 3342; x_wconf 86' lang='grc' dir='ltr'><strong>Ἔτι</strong></span> <span class='ocrx_word' id='word_1_546' title='bbox 2555 3293 2763 3362; x_wconf 87' lang='grc' dir='ltr'>σαγήνη</span> <span class='ocrx_word' id='word_1_547' title='bbox 2794 3292 2952 3346; x_wconf 66' lang='grc' dir='ltr'>ἐστὶν</span> <span class='ocrx_word' id='word_1_548' title='bbox 2988 3294 3024 3364; x_wconf 83' lang='grc' dir='ltr'>ἠ</span> <span class='ocrx_word' id='word_1_549' title='bbox 3049 3294 3115 3347; x_wconf 80' lang='grc' dir='ltr'>ὲκ</span> <span class='ocrx_word' id='word_1_550' title='bbox 3139 3294 3247 3347; x_wconf 84' lang='grc' dir='ltr'>τῶν</span> <span class='ocrx_word' id='word_1_551' title='bbox 3274 3293 3506 3348; x_wconf 84' lang='grc' dir='ltr'>παλαιῶν</span> <span class='ocrx_word' id='word_1_552' title='bbox 3531 3294 3618 3362; x_wconf 83' lang='grc' dir='ltr'>τῆς</span> <span class='ocrx_word' id='word_1_553' title='bbox 3643 3289 3745 3359; x_wconf 85' lang='grc' dir='ltr'>Γρα-</span> 
     </span>
    </p>
   </div>
   <div class='ocr_carea' id='block_1_78' title="bbox 2242 3379 3750 3456">
    <p class='ocr_par' dir='ltr' id='par_1_78' title="bbox 2242 3379 3750 3456">
     <span class='ocr_line' id='line_1_78' title="bbox 2242 3379 3750 3456; baseline -0.007 -13"><span class='ocrx_word' id='word_1_554' title='bbox 2242 3380 2346 3450; x_wconf 81' lang='grc' dir='ltr'><strong>φῆς</strong></span> <span class='ocrx_word' id='word_1_555' title='bbox 2387 3379 2554 3444; x_wconf 85' lang='grc' dir='ltr'>λόγων</span> <span class='ocrx_word' id='word_1_556' title='bbox 2596 3381 2800 3452; x_wconf 83' lang='grc' dir='ltr'>πλοκὴ,</span> <span class='ocrx_word' id='word_1_557' title='bbox 2866 3384 2936 3454; x_wconf 84' lang='grc' dir='ltr'><strong>ἢν</strong></span> <span class='ocrx_word' id='word_1_558' title='bbox 2987 3385 3150 3456; x_wconf 85' lang='grc' dir='ltr'>ἀτελῆ</span> <span class='ocrx_word' id='word_1_559' title='bbox 3202 3385 3455 3440; x_wconf 87' lang='grc' dir='ltr'>δοκοῦσαν</span> <span class='ocrx_word' id='word_1_560' title='bbox 3503 3387 3530 3436; x_wconf 85' lang='grc' dir='ltr'>ὁ</span> <span class='ocrx_word' id='word_1_561' title='bbox 3572 3381 3750 3452; x_wconf 72' lang='grc' dir='ltr'>Χριστὸς</span> 
     </span>
    </p>
   </div>
   <div class='ocr_carea' id='block_1_79' title="bbox 2243 3465 3750 3546">
    <p class='ocr_par' dir='ltr' id='par_1_79' title="bbox 2243 3465 3750 3546">
     <span class='ocr_line' id='line_1_79' title="bbox 2243 3465 3750 3546; baseline 0.001 -28"><span class='ocrx_word' id='word_1_562' title='bbox 2243 3465 2408 3519; x_wconf 81' lang='grc' dir='ltr'>ἐλθὼν</span> <span class='ocrx_word' id='word_1_563' title='bbox 2452 3466 2828 3524; x_wconf 86' lang='grc' dir='ltr'>τετελείωκεν.</span> <span class='ocrx_word' id='word_1_564' title='bbox 2885 3471 3061 3544; x_wconf 81' lang='grc' dir='ltr'>Αὕτη,</span> <span class='ocrx_word' id='word_1_565' title='bbox 3115 3478 3196 3540; x_wconf 87' lang='grc' dir='ltr'><strong>είς</strong></span> <span class='ocrx_word' id='word_1_566' title='bbox 3243 3477 3341 3546; x_wconf 77' lang='grc' dir='ltr'>τὴν</span> <span class='ocrx_word' id='word_1_567' title='bbox 3383 3474 3525 3528; x_wconf 82' lang='grc' dir='ltr'>τοῦδε</span> <span class='ocrx_word' id='word_1_568' title='bbox 3553 3471 3631 3524; x_wconf 85' lang='grc' dir='ltr'><strong>τοῦ</strong></span> <span class='ocrx_word' id='word_1_569' title='bbox 3669 3467 3750 3538; x_wconf 82' lang='grc' dir='ltr'>βίου</span> 
     </span>
    </p>
   </div>
   <div class='ocr_carea' id='block_1_80' title="bbox 2245 3556 3750 3635">
    <p class='ocr_par' dir='ltr' id='par_1_80' title="bbox 2245 3556 3750 3635">
     <span class='ocr_line' id='line_1_80' title="bbox 2245 3556 3750 3635; baseline 0.004 -28"><span class='ocrx_word' id='word_1_570' title='bbox 2245 3556 2612 3628; x_wconf 75' lang='grc' dir='ltr'>ἐμϐαλλομένη</span> <span class='ocrx_word' id='word_1_571' title='bbox 2659 3559 2961 3628; x_wconf 85' lang='grc' dir='ltr'>θάλασσαν,</span> <span class='ocrx_word' id='word_1_572' title='bbox 3003 3567 3065 3618; x_wconf 86' lang='grc' dir='ltr'><strong>οὐ</strong></span> <span class='ocrx_word' id='word_1_573' title='bbox 3113 3567 3328 3635; x_wconf 80' lang='grc' dir='ltr'>φύσεων</span> <span class='ocrx_word' id='word_1_574' title='bbox 3375 3566 3575 3633; x_wconf 86' lang='grc' dir='ltr'>συνάγει</span> <span class='ocrx_word' id='word_1_575' title='bbox 3611 3558 3750 3627; x_wconf 83' lang='grc' dir='ltr'>διαφό-</span> 
     </span>
    </p>
   </div>
   <div class='ocr_carea' id='block_1_81' title="bbox 2248 3644 3746 3726">
    <p class='ocr_par' dir='ltr' id='par_1_81' title="bbox 2248 3644 3746 3726">
     <span class='ocr_line' id='line_1_81' title="bbox 2248 3644 3746 3726; baseline 0.002 -29"><span class='ocrx_word' id='word_1_576' title='bbox 2248 3661 2376 3714; x_wconf 86' lang='grc' dir='ltr'>ρων,</span> <span class='ocrx_word' id='word_1_577' title='bbox 2417 3644 2552 3697; x_wconf 83' lang='grc' dir='ltr'>ἀλλά</span> <span class='ocrx_word' id='word_1_578' title='bbox 2595 3649 2832 3718; x_wconf 85' lang='grc' dir='ltr'>γνωμῶν</span> <span class='ocrx_word' id='word_1_579' title='bbox 2875 3653 3241 3717; x_wconf 79' lang='grc' dir='ltr'>αύτεξουσίων</span> <span class='ocrx_word' id='word_1_580' title='bbox 3289 3657 3381 3709; x_wconf 84' lang='grc' dir='ltr'><strong>καὶ</strong></span> <span class='ocrx_word' id='word_1_581' title='bbox 3425 3651 3746 3726; x_wconf 67' lang='grc' dir='ltr'>προαιρέσεων</span> 
     </span>
    </p>
   </div>
   <div class='ocr_carea' id='block_1_82' title="bbox 2247 3729 3750 3815">
    <p class='ocr_par' dir='ltr' id='par_1_82' title="bbox 2247 3729 3750 3815">
     <span class='ocr_line' id='line_1_82' title="bbox 2247 3729 3750 3815; baseline 0.004 -30"><span class='ocrx_word' id='word_1_582' title='bbox 2247 3735 2322 3796; x_wconf 86' lang='grc' dir='ltr'><strong>ὡς</strong></span> <span class='ocrx_word' id='word_1_583' title='bbox 2342 3729 2475 3787; x_wconf 76' lang='grc' dir='ltr'>εἶναι</span> <span class='ocrx_word' id='word_1_584' title='bbox 2494 3736 2558 3787; x_wconf 88' lang='grc' dir='ltr'>τὸ</span> <span class='ocrx_word' id='word_1_585' title='bbox 2575 3736 2644 3789; x_wconf 82' lang='grc' dir='ltr'>ἐκ</span> <span class='ocrx_word' id='word_1_586' title='bbox 2663 3741 2894 3806; x_wconf 79' lang='grc' dir='ltr'>παντὸς</span> <span class='ocrx_word' id='word_1_587' title='bbox 2907 3743 3125 3812; x_wconf 76' lang='grc' dir='ltr'>γένους</span> <span class='ocrx_word' id='word_1_588' title='bbox 3146 3747 3566 3815; x_wconf 73' lang='grc' dir='ltr'>συναγόμενον,</span> <span class='ocrx_word' id='word_1_589' title='bbox 3585 3745 3750 3794; x_wconf 58' lang='lat' dir='ltr'><strong>statva-</strong></span> 
     </span>
    </p>
   </div>
   <div class='ocr_carea' id='block_1_83' title="bbox 2249 3825 3749 3906">
    <p class='ocr_par' dir='ltr' id='par_1_83' title="bbox 2249 3825 3749 3906">
     <span class='ocr_line' id='line_1_83' title="bbox 2249 3825 3749 3906; baseline 0.009 -31"><span class='ocrx_word' id='word_1_590' title='bbox 2249 3825 2375 3886; x_wconf 81' lang='grc' dir='ltr'>τοὺς</span> <span class='ocrx_word' id='word_1_591' title='bbox 2405 3825 2499 3877; x_wconf 77' lang='grc' dir='ltr'>καὶ</span> <span class='ocrx_word' id='word_1_592' title='bbox 2539 3825 2771 3894; x_wconf 76' lang='grc' dir='ltr'>ψεκτοὺς</span> <span class='ocrx_word' id='word_1_593' title='bbox 2802 3830 2862 3883; x_wconf 80' lang='grc' dir='ltr'>ἐν</span> <span class='ocrx_word' id='word_1_594' title='bbox 2903 3837 3026 3896; x_wconf 88' lang='grc' dir='ltr'>ταῖς</span> <span class='ocrx_word' id='word_1_595' title='bbox 3055 3836 3192 3905; x_wconf 86' lang='grc' dir='ltr'>πρὸς</span> <span class='ocrx_word' id='word_1_596' title='bbox 3220 3837 3287 3890; x_wconf 84' lang='grc' dir='ltr'><strong>τά</strong></span> <span class='ocrx_word' id='word_1_597' title='bbox 3311 3837 3422 3906; x_wconf 73' lang='grc' dir='ltr'>εἴδη</span> <span class='ocrx_word' id='word_1_598' title='bbox 3449 3835 3548 3889; x_wconf 86' lang='grc' dir='ltr'>τῶν</span> <span class='ocrx_word' id='word_1_599' title='bbox 3571 3829 3749 3903; x_wconf 69' lang='grc' dir='ltr'>ἀρετῶν,</span> 
     </span>
    </p>
   </div>
   <div class='ocr_carea' id='block_1_84' title="bbox 2249 3914 3750 3998">
    <p class='ocr_par' dir='ltr' id='par_1_84' title="bbox 2249 3914 3750 3998">
     <span class='ocr_line' id='line_1_84' title="bbox 2249 3914 3750 3998; baseline 0.005 -32"><span class='ocrx_word' id='word_1_600' title='bbox 2249 3915 2282 3985; x_wconf 80' lang='grc' dir='ltr'>ἢ</span> <span class='ocrx_word' id='word_1_601' title='bbox 2311 3914 2415 3967; x_wconf 87' lang='grc' dir='ltr'>τῶν</span> <span class='ocrx_word' id='word_1_602' title='bbox 2445 3918 2646 3970; x_wconf 80' lang='grc' dir='ltr'>κακιῶν</span> <span class='ocrx_word' id='word_1_603' title='bbox 2673 3920 3081 3991; x_wconf 79' lang='grc' dir='ltr'>ὲπιρῤεπείαις.</span> <span class='ocrx_word' id='word_1_604' title='bbox 3109 3928 3340 3982; x_wconf 90' lang='grc' dir='ltr'>Δύναται</span> <span class='ocrx_word' id='word_1_605' title='bbox 3366 3929 3420 3981; x_wconf 72' lang='grc' dir='ltr'>δὲ</span> <span class='ocrx_word' id='word_1_606' title='bbox 3452 3928 3576 3998; x_wconf 78' lang='grc' dir='ltr'>πρὸς</span> <span class='ocrx_word' id='word_1_607' title='bbox 3594 3924 3750 3982; x_wconf 84' lang='grc' dir='ltr'>τούτοις</span> 
     </span>
    </p>
   </div>
   <div class='ocr_carea' id='block_1_85' title="bbox 2251 4003 3752 4089">
    <p class='ocr_par' dir='ltr' id='par_1_85' title="bbox 2251 4003 3752 4089">
     <span class='ocr_line' id='line_1_85' title="bbox 2251 4003 3752 4089; baseline 0.007 -33"><span class='ocrx_word' id='word_1_608' title='bbox 2251 4003 2316 4056; x_wconf 84' lang='grc' dir='ltr'>τὸ</span> <span class='ocrx_word' id='word_1_609' title='bbox 2338 4005 2406 4058; x_wconf 84' lang='grc' dir='ltr'>ἐκ</span> <span class='ocrx_word' id='word_1_610' title='bbox 2439 4008 2660 4072; x_wconf 74' lang='grc' dir='ltr'>παντὸς</span> <span class='ocrx_word' id='word_1_611' title='bbox 2678 4006 2899 4076; x_wconf 76' lang='grc' dir='ltr'>γένους</span> <span class='ocrx_word' id='word_1_612' title='bbox 2920 4019 3341 4087; x_wconf 68' lang='grc' dir='ltr'>συναγόμενον</span> <span class='ocrx_word' id='word_1_613' title='bbox 3362 4017 3541 4089; x_wconf 88' lang='grc' dir='ltr'>δηλοῦν</span> <span class='ocrx_word' id='word_1_614' title='bbox 3572 4015 3653 4085; x_wconf 83' lang='grc' dir='ltr'><strong>τήν</strong></span> <span class='ocrx_word' id='word_1_615' title='bbox 3675 4009 3752 4064; x_wconf 70' lang='grc' dir='ltr'>ἀπὸ</span> 
     </span>
    </p>
   </div>
   <div class='ocr_carea' id='block_1_86' title="bbox 2255 4095 3755 4180">
    <p class='ocr_par' dir='ltr' id='par_1_86' title="bbox 2255 4095 3755 4180">
     <span class='ocr_line' id='line_1_86' title="bbox 2255 4095 3755 4180; baseline 0.01 -34"><span class='ocrx_word' id='word_1_616' title='bbox 2255 4095 2449 4157; x_wconf 83' lang='grc' dir='ltr'>παντὸς</span> <span class='ocrx_word' id='word_1_617' title='bbox 2477 4095 2662 4164; x_wconf 80' lang='grc' dir='ltr'>γένους</span> <span class='ocrx_word' id='word_1_618' title='bbox 2684 4097 2900 4170; x_wconf 78' lang='grc' dir='ltr'>κλῆσιν.</span> <span class='ocrx_word' id='word_1_619' title='bbox 2930 4107 3044 4160; x_wconf 87' lang='grc' dir='ltr'>Ούκ</span> <span class='ocrx_word' id='word_1_620' title='bbox 3073 4108 3138 4161; x_wconf 86' lang='grc' dir='ltr'>ἂν</span> <span class='ocrx_word' id='word_1_621' title='bbox 3171 4111 3229 4162; x_wconf 82' lang='grc' dir='ltr'>δὲ</span> <span class='ocrx_word' id='word_1_622' title='bbox 3269 4110 3365 4180; x_wconf 81' lang='grc' dir='ltr'>τὴν</span> <span class='ocrx_word' id='word_1_623' title='bbox 3392 4109 3609 4179; x_wconf 82' lang='grc' dir='ltr'>σαγήνην</span> <span class='ocrx_word' id='word_1_624' title='bbox 3639 4099 3755 4155; x_wconf 72' lang='grc' dir='ltr'><strong>ἑλκῦ·</strong></span> 
     </span>
    </p>
   </div>
   <div class='ocr_carea' id='block_1_87' title="bbox 2255 4188 3754 4268">
    <p class='ocr_par' dir='ltr' id='par_1_87' title="bbox 2255 4188 3754 4268">
     <span class='ocr_line' id='line_1_87' title="bbox 2255 4188 3754 4268; baseline 0.009 -32"><span class='ocrx_word' id='word_1_625' title='bbox 2255 4201 2417 4240; x_wconf 87' lang='grc' dir='ltr'>σωσιν</span> <span class='ocrx_word' id='word_1_626' title='bbox 2441 4188 2530 4239; x_wconf 77' lang='grc' dir='ltr'>ἐπὶ</span> <span class='ocrx_word' id='word_1_627' title='bbox 2553 4188 2644 4240; x_wconf 83' lang='grc' dir='ltr'>τὸν</span> <span class='ocrx_word' id='word_1_628' title='bbox 2688 4191 2962 4260; x_wconf 72' lang='grc' dir='ltr'>αἰγιαλὸν,</span> <span class='ocrx_word' id='word_1_629' title='bbox 3001 4199 3120 4268; x_wconf 77' lang='grc' dir='ltr'>ἦτοι</span> <span class='ocrx_word' id='word_1_630' title='bbox 3163 4200 3232 4254; x_wconf 76' lang='grc' dir='ltr'>τὰ</span> <span class='ocrx_word' id='word_1_631' title='bbox 3265 4201 3368 4265; x_wconf 79' lang='grc' dir='ltr'><strong>ἔξω</strong></span> <span class='ocrx_word' id='word_1_632' title='bbox 3398 4201 3541 4253; x_wconf 81' lang='grc' dir='ltr'>τοῦδε</span> <span class='ocrx_word' id='word_1_633' title='bbox 3568 4197 3647 4251; x_wconf 84' lang='grc' dir='ltr'><strong>τοῦ</strong></span> <span class='ocrx_word' id='word_1_634' title='bbox 3670 4192 3754 4264; x_wconf 75' lang='grc' dir='ltr'>βίον</span> 
     </span>
    </p>
   </div>
   <div class='ocr_carea' id='block_1_88' title="bbox 2254 4276 3757 4364">
    <p class='ocr_par' dir='ltr' id='par_1_88' title="bbox 2254 4276 3757 4364">
     <span class='ocr_line' id='line_1_88' title="bbox 2254 4276 3757 4364; baseline 0.011 -37"><span class='ocrx_word' id='word_1_635' title='bbox 2254 4276 2567 4347; x_wconf 85' lang='grc' dir='ltr'>πράγματα,</span> <span class='ocrx_word' id='word_1_636' title='bbox 2597 4280 2645 4331; x_wconf 84' lang='grc' dir='ltr'>οἱ</span> <span class='ocrx_word' id='word_1_637' title='bbox 2674 4279 2922 4351; x_wconf 80' lang='grc' dir='ltr'>ἄγγελοι,</span> <span class='ocrx_word' id='word_1_638' title='bbox 2963 4290 3036 4360; x_wconf 80' lang='grc' dir='ltr'><strong>μὴ</strong></span> <span class='ocrx_word' id='word_1_639' title='bbox 3081 4292 3186 4362; x_wconf 90' lang='grc' dir='ltr'>πλη</span> <span class='ocrx_word' id='word_1_640' title='bbox 3195 4294 3452 4364; x_wconf 79' lang='grc' dir='ltr'>ρωθεῖσαν</span> <span class='ocrx_word' id='word_1_641' title='bbox 3484 4293 3553 4363; x_wconf 77' lang='grc' dir='ltr'>τῷ</span> <span class='ocrx_word' id='word_1_642' title='bbox 3589 4287 3757 4360; x_wconf 80' lang='grc' dir='ltr'>πληρώ-</span> 
     </span>
    </p>
   </div>
   <div class='ocr_carea' id='block_1_89' title="bbox 629 4362 2140 4448">
    <p class='ocr_par' dir='ltr' id='par_1_89' title="bbox 629 4362 2140 4435">
     <span class='ocr_line' id='line_1_89' title="bbox 629 4362 2140 4435; baseline 0.003 -19"><span class='ocrx_word' id='word_1_643' title='bbox 629 4379 748 4416; x_wconf 86' lang='lat' dir='ltr'><strong>natu</strong></span> <span class='ocrx_word' id='word_1_644' title='bbox 779 4363 1031 4427; x_wconf 84' lang='lat' dir='ltr'><strong>educunt,</strong></span> <span class='ocrx_word' id='word_1_645' title='bbox 1059 4373 1112 4418; x_wconf 92' lang='lat' dir='ltr'><strong>et</strong></span> <span class='ocrx_word' id='word_1_646' title='bbox 1143 4377 1405 4433; x_wconf 88' lang='lat' dir='ltr'><strong>quemque</strong></span> <span class='ocrx_word' id='word_1_647' title='bbox 1443 4362 1704 4417; x_wconf 87' lang='lat' dir='ltr'><strong>bonorum</strong></span> <span class='ocrx_word' id='word_1_648' title='bbox 1735 4364 1874 4419; x_wconf 89' lang='lat' dir='ltr'><strong>intra</strong></span> <span class='ocrx_word' id='word_1_649' title='bbox 1901 4379 2140 4435; x_wconf 82' lang='lat' dir='ltr'><strong>sagenarr</strong></span> 
     </span>
    </p>
   </div>
   <div class='ocr_carea' id='block_1_90' title="bbox 2241 4362 3757 4448">
    <p class='ocr_par' dir='ltr' id='par_1_90' title="bbox 2260 4362 3757 4448">
     <span class='ocr_line' id='line_1_90' title="bbox 2260 4362 3757 4448; baseline 0.012 -33"><span class='ocrx_word' id='word_1_650' title='bbox 2260 4383 2386 4434; x_wconf 84' lang='grc' dir='ltr'>ματι</span> <span class='ocrx_word' id='word_1_651' title='bbox 2428 4367 2536 4419; x_wconf 88' lang='grc' dir='ltr'>τῶν</span> <span class='ocrx_word' id='word_1_652' title='bbox 2568 4368 2759 4423; x_wconf 79' lang='grc' dir='ltr'><strong>ἐθνῶν·</strong></span> <span class='ocrx_word' id='word_1_653' title='bbox 2817 4376 3152 4447; x_wconf 82' lang='grc' dir='ltr'>πλησθεῖσαν</span> <span class='ocrx_word' id='word_1_654' title='bbox 3193 4362 3250 4436; x_wconf 85' lang='grc' dir='ltr'>δὲ</span> <span class='ocrx_word' id='word_1_655' title='bbox 3295 4362 3664 4448; x_wconf 68' lang='grc' dir='ltr'>ἀναϐιϐάζουσι,</span> <span class='ocrx_word' id='word_1_656' title='bbox 3691 4378 3757 4433; x_wconf 82' lang='grc' dir='ltr'>καὶ</span> 
     </span>
    </p>
   </div>
   <div class='ocr_carea' id='block_1_91' title="bbox 630 4450 2140 4543">
    <p class='ocr_par' dir='ltr' id='par_1_91' title="bbox 630 4450 2140 4524">
     <span class='ocr_line' id='line_1_91' title="bbox 630 4450 2140 4524; baseline 0.003 -21"><span class='ocrx_word' id='word_1_657' title='bbox 630 4451 683 4504; x_wconf 87' lang='lat' dir='ltr'><strong>ln</strong></span> <span class='ocrx_word' id='word_1_658' title='bbox 738 4450 908 4515; x_wconf 86' lang='lat' dir='ltr'><strong>littus,</strong></span> <span class='ocrx_word' id='word_1_659' title='bbox 948 4452 1060 4506; x_wconf 87' lang='lat' dir='ltr'><strong>sive</strong></span> <span class='ocrx_word' id='word_1_660' title='bbox 1086 4468 1172 4508; x_wconf 88' lang='lat' dir='ltr'><strong>res</strong></span> <span class='ocrx_word' id='word_1_661' title='bbox 1211 4462 1361 4507; x_wconf 78' lang='lat' dir='ltr'><strong>extra</strong></span> <span class='ocrx_word' id='word_1_662' title='bbox 1405 4454 1543 4506; x_wconf 90' lang='lat' dir='ltr'><strong>hanc</strong></span> <span class='ocrx_word' id='word_1_663' title='bbox 1576 4453 1764 4518; x_wconf 89' lang='lat' dir='ltr'><strong>vitam,</strong></span> <span class='ocrx_word' id='word_1_664' title='bbox 1795 4455 2008 4524; x_wconf 89' lang='lat' dir='ltr'><strong>angeli,</strong></span> <span class='ocrx_word' id='word_1_665' title='bbox 2054 4470 2140 4508; x_wconf 85' lang='lat' dir='ltr'><strong>nor</strong></span> 
     </span>
    </p>
   </div>
   <div class='ocr_carea' id='block_1_92' title="bbox 2241 4450 3756 4543">
    <p class='ocr_par' dir='ltr' id='par_1_92' title="bbox 2257 4455 3756 4543">
     <span class='ocr_line' id='line_1_92' title="bbox 2257 4455 3756 4543; baseline 0.005 -31"><span class='ocrx_word' id='word_1_666' title='bbox 2257 4455 2478 4510; x_wconf 74' lang='grc' dir='ltr'>ἕκαστον</span> <span class='ocrx_word' id='word_1_667' title='bbox 2504 4457 2612 4510; x_wconf 83' lang='grc' dir='ltr'>τῶν</span> <span class='ocrx_word' id='word_1_668' title='bbox 2630 4459 2753 4513; x_wconf 63' lang='grc' dir='ltr'><strong>ιὺπὸ</strong></span> <span class='ocrx_word' id='word_1_669' title='bbox 2791 4465 2890 4535; x_wconf 77' lang='grc' dir='ltr'>τὴν</span> <span class='ocrx_word' id='word_1_670' title='bbox 2935 4474 3178 4543; x_wconf 77' lang='grc' dir='ltr'>σαγήνην</span> <span class='ocrx_word' id='word_1_671' title='bbox 3213 4475 3408 4539; x_wconf 83' lang='grc' dir='ltr'>καλῶν,</span> <span class='ocrx_word' id='word_1_672' title='bbox 3433 4480 3507 4538; x_wconf 86' lang='grc' dir='ltr'><strong>είς</strong></span> <span class='ocrx_word' id='word_1_673' title='bbox 3536 4475 3589 4526; x_wconf 77' lang='grc' dir='ltr'>τὸ</span> <span class='ocrx_word' id='word_1_674' title='bbox 3607 4473 3756 4526; x_wconf 72' lang='grc' dir='ltr'>οἰκεῖον</span> 
     </span>
    </p>
   </div>
   <div class='ocr_carea' id='block_1_93' title="bbox 630 4522 2140 4636">
    <p class='ocr_par' dir='ltr' id='par_1_93' title="bbox 630 4522 2132 4611">
     <span class='ocr_line' id='line_1_93' title="bbox 630 4522 2132 4611; baseline 0.003 -17"><span class='ocrx_word' id='word_1_675' title='bbox 630 4540 882 4608; x_wconf 87' lang='lat' dir='ltr'><strong>repletam</strong></span> <span class='ocrx_word' id='word_1_676' title='bbox 911 4541 1232 4609; x_wconf 87' lang='lat' dir='ltr'><strong>plenitudine</strong></span> <span class='ocrx_word' id='word_1_677' title='bbox 1259 4545 1516 4610; x_wconf 88' lang='lat' dir='ltr'><strong>gentium:</strong></span> <span class='ocrx_word' id='word_1_678' title='bbox 1542 4532 1635 4598; x_wconf 80' lang='lat' dir='ltr'><strong>sed</strong></span> <span class='ocrx_word' id='word_1_679' title='bbox 1662 4522 2132 4611; x_wconf 20' lang='lat' dir='ltr'><strong>pleuamveducunt</strong></span> 
     </span>
    </p>
   </div>
   <div class='ocr_carea' id='block_1_94' title="bbox 2241 4522 3756 4636">
    <p class='ocr_par' dir='ltr' id='par_1_94' title="bbox 2258 4522 3756 4636">
     <span class='ocr_line' id='line_1_94' title="bbox 2258 4522 3756 4636; baseline -0.041 27"><span class='ocrx_word' id='word_1_680' title='bbox 2258 4546 2441 4615; x_wconf 65' lang='grc' dir='ltr'><strong>τάγμα</strong></span> <span class='ocrx_word' id='word_1_681' title='bbox 2467 4522 3000 4624; x_wconf 58' lang='grc' dir='ltr'><strong>ἀποκαταστήέονται</strong></span> <span class='ocrx_word' id='word_1_682' title='bbox 3017 4522 3028 4538; x_wconf 49' lang='grc'><strong><em>⁸</em></strong></span> <span class='ocrx_word' id='word_1_683' title='bbox 3695 4561 3756 4611; x_wconf 79' lang='grc' dir='ltr'><strong>ὲν-</strong></span> 
     </span>
    </p>
   </div>
   <div class='ocr_carea' id='block_1_95' title="bbox 629 4632 2140 4729">
    <p class='ocr_par' dir='ltr' id='par_1_95' title="bbox 629 4632 2140 4703">
     <span class='ocr_line' id='line_1_95' title="bbox 629 4632 2140 4703; baseline 0.004 -21"><span class='ocrx_word' id='word_1_684' title='bbox 629 4639 684 4683; x_wconf 78' lang='lat' dir='ltr'><strong>et</strong></span> <span class='ocrx_word' id='word_1_685' title='bbox 716 4645 975 4699; x_wconf 85' lang='lat' dir='ltr'><strong>quemque</strong></span> <span class='ocrx_word' id='word_1_686' title='bbox 1017 4632 1274 4686; x_wconf 87' lang='lat' dir='ltr'><strong>bonorum</strong></span> <span class='ocrx_word' id='word_1_687' title='bbox 1314 4633 1452 4687; x_wconf 90' lang='lat' dir='ltr'><strong>intra</strong></span> <span class='ocrx_word' id='word_1_688' title='bbox 1490 4647 1761 4702; x_wconf 87' lang='lat' dir='ltr'><strong>sagenam,</strong></span> <span class='ocrx_word' id='word_1_689' title='bbox 1797 4633 1850 4687; x_wconf 91' lang='lat' dir='ltr'><strong>in</strong></span> <span class='ocrx_word' id='word_1_690' title='bbox 1882 4636 2140 4703; x_wconf 82' lang='lat' dir='ltr'><strong>propriuu</strong></span> 
     </span>
    </p>
   </div>
   <div class='ocr_carea' id='block_1_96' title="bbox 2241 4632 3756 4729">
    <p class='ocr_par' dir='ltr' id='par_1_96' title="bbox 2260 4632 3756 4729">
     <span class='ocr_line' id='line_1_96' title="bbox 2260 4632 3756 4729; baseline 0.012 -38"><span class='ocrx_word' id='word_1_691' title='bbox 2260 4639 2430 4694; x_wconf 86' lang='grc' dir='ltr'>ταῦθα</span> <span class='ocrx_word' id='word_1_692' title='bbox 2462 4641 2638 4696; x_wconf 82' lang='grc' dir='ltr'>αὐτῶν</span> <span class='ocrx_word' id='word_1_693' title='bbox 2661 4643 2892 4714; x_wconf 86' lang='grc' dir='ltr'>ἀγγεῖα,</span> <span class='ocrx_word' id='word_1_694' title='bbox 2921 4653 2992 4706; x_wconf 88' lang='grc' dir='ltr'>τὰ</span> <span class='ocrx_word' id='word_1_695' title='bbox 3017 4655 3074 4708; x_wconf 85' lang='grc' dir='ltr'>δὲ</span> <span class='ocrx_word' id='word_1_696' title='bbox 3110 4659 3292 4729; x_wconf 86' lang='grc' dir='ltr'>σαπρά</span> <span class='ocrx_word' id='word_1_697' title='bbox 3334 4632 3433 4726; x_wconf 76' lang='grc' dir='ltr'>ἔξω</span> <span class='ocrx_word' id='word_1_698' title='bbox 3472 4632 3679 4728; x_wconf 81' lang='grc' dir='ltr'>βαλοῦσι.</span> <span class='ocrx_word' id='word_1_699' title='bbox 3703 4649 3756 4703; x_wconf 83' lang='grc' dir='ltr'>Τδ</span> 
     </span>
    </p>
   </div>
   <div class='ocr_carea' id='block_1_97' title="bbox 631 4720 2140 4821">
    <p class='ocr_par' dir='ltr' id='par_1_97' title="bbox 631 4720 2126 4803">
     <span class='ocr_line' id='line_1_97' title="bbox 631 4720 2126 4803; baseline 0.005 -33"><span class='ocrx_word' id='word_1_700' title='bbox 631 4720 868 4772; x_wconf 82' lang='lat' dir='ltr'><strong>ordinem</strong></span> <span class='ocrx_word' id='word_1_701' title='bbox 907 4720 1224 4803; x_wconf 38' lang='lat' dir='ltr'><strong>Orestituent,</strong></span> <span class='ocrx_word' id='word_1_702' title='bbox 1261 4724 1558 4776; x_wconf 89' lang='lat' dir='ltr'><strong>secundum</strong></span> <span class='ocrx_word' id='word_1_703' title='bbox 1605 4723 1871 4777; x_wconf 86' lang='lat' dir='ltr'><strong>nominata</strong></span> <span class='ocrx_word' id='word_1_704' title='bbox 1928 4724 2016 4779; x_wconf 90' lang='lat' dir='ltr'><strong>hic</strong></span> <span class='ocrx_word' id='word_1_705' title='bbox 2065 4739 2126 4778; x_wconf 91' lang='lat' dir='ltr'><strong>eo</strong></span> 
     </span>
    </p>
   </div>
   <div class='ocr_carea' id='block_1_98' title="bbox 2241 4720 3757 4821">
    <p class='ocr_par' dir='ltr' id='par_1_98' title="bbox 2261 4720 3757 4821">
     <span class='ocr_line' id='line_1_98' title="bbox 2261 4720 3757 4821; baseline 0.01 -28"><span class='ocrx_word' id='word_1_706' title='bbox 2261 4729 2318 4821; x_wconf 44' lang='grc' dir='ltr'><strong>δὲ</strong></span> <span class='ocrx_word' id='word_1_707' title='bbox 2357 4730 2471 4795; x_wconf 69' lang='grc' dir='ltr'><strong>ἔξω</strong></span> <span class='ocrx_word' id='word_1_708' title='bbox 2514 4734 2548 4803; x_wconf 76' lang='grc' dir='ltr'><strong>ἡ</strong></span> <span class='ocrx_word' id='word_1_709' title='bbox 2586 4733 2815 4804; x_wconf 84' lang='grc' dir='ltr'>κάμινός</span> <span class='ocrx_word' id='word_1_710' title='bbox 2858 4743 2974 4797; x_wconf 77' lang='grc' dir='ltr'>ἐστι</span> <span class='ocrx_word' id='word_1_711' title='bbox 3019 4747 3112 4800; x_wconf 86' lang='grc' dir='ltr'><strong>τοῦ</strong></span> <span class='ocrx_word' id='word_1_712' title='bbox 3164 4720 3551 4821; x_wconf 40' lang='grc' dir='ltr'>πύρὸς,’καόώς</span> <span class='ocrx_word' id='word_1_713' title='bbox 3591 4744 3757 4818; x_wconf 69' lang='grc' dir='ltr'><strong>φησινδ</strong></span> 
     </span>
    </p>
   </div>
   <div class='ocr_carea' id='block_1_99' title="bbox 635 4807 2140 4909">
    <p class='ocr_par' dir='ltr' id='par_1_99' title="bbox 635 4807 2124 4884">
     <span class='ocr_line' id='line_1_99' title="bbox 635 4807 2124 4884; baseline 0.007 -25"><span class='ocrx_word' id='word_1_714' title='bbox 635 4822 751 4860; x_wconf 87' lang='lat' dir='ltr'><strong>rum</strong></span> <span class='ocrx_word' id='word_1_715' title='bbox 788 4821 934 4870; x_wconf 88' lang='lat' dir='ltr'><strong>vasa,</strong></span> <span class='ocrx_word' id='word_1_716' title='bbox 972 4807 1137 4863; x_wconf 89' lang='lat' dir='ltr'><strong>malos</strong></span> <span class='ocrx_word' id='word_1_717' title='bbox 1177 4823 1303 4865; x_wconf 87' lang='lat' dir='ltr'><strong>vero</strong></span> <span class='ocrx_word' id='word_1_718' title='bbox 1348 4812 1494 4866; x_wconf 77' lang='lat' dir='ltr'><strong>foras</strong></span> <span class='ocrx_word' id='word_1_719' title='bbox 1533 4814 1761 4867; x_wconf 86' lang='lat' dir='ltr'><strong>mittent.</strong></span> <span class='ocrx_word' id='word_1_720' title='bbox 1805 4813 1945 4869; x_wconf 86' lang='lat' dir='ltr'><strong>Istud</strong></span> <span class='ocrx_word' id='word_1_721' title='bbox 1984 4815 2124 4884; x_wconf 79' lang='lat' dir='ltr'><strong>foras</strong></span> 
     </span>
    </p>
   </div>
   <div class='ocr_carea' id='block_1_100' title="bbox 2241 4807 3757 4909">
    <p class='ocr_par' dir='ltr' id='par_1_100' title="bbox 2264 4807 3757 4909">
     <span class='ocr_line' id='line_1_100' title="bbox 2264 4807 3757 4909; baseline 0.005 -28"><span class='ocrx_word' id='word_1_722' title='bbox 2264 4820 2449 4909; x_wconf 66' lang='grc' dir='ltr'>Σωτὴρ</span> <span class='ocrx_word' id='word_1_723' title='bbox 2489 4822 2547 4873; x_wconf 69' lang='grc' dir='ltr'><strong>ἐν</strong></span> <span class='ocrx_word' id='word_1_724' title='bbox 2577 4825 2686 4886; x_wconf 86' lang='grc' dir='ltr'>τοῖς</span> <span class='ocrx_word' id='word_1_725' title='bbox 2729 4825 2880 4898; x_wconf 74' lang='grc' dir='ltr'>ἑξῆς·</span> <span class='ocrx_word' id='word_1_726' title='bbox 2907 4834 2956 4884; x_wconf 80' lang='grc' dir='ltr'>οἱ</span> <span class='ocrx_word' id='word_1_727' title='bbox 2997 4836 3098 4904; x_wconf 84' lang='grc' dir='ltr'>μὲν</span> <span class='ocrx_word' id='word_1_728' title='bbox 3129 4807 3252 4909; x_wconf 47' lang='grc' dir='ltr'>γὰρ.</span> <span class='ocrx_word' id='word_1_729' title='bbox 3273 4807 3453 4909; x_wconf 70' lang='grc' dir='ltr'>φαῦλοι</span> <span class='ocrx_word' id='word_1_730' title='bbox 3482 4807 3578 4892; x_wconf 70' lang='grc' dir='ltr'>τιῦν</span> <span class='ocrx_word' id='word_1_731' title='bbox 3602 4807 3757 4907; x_wconf 50' lang='grc' dir='ltr'>ίγθύων</span> 
     </span>
    </p>
   </div>
   <div class='ocr_carea' id='block_1_101' title="bbox 633 4892 2140 5000">
    <p class='ocr_par' dir='ltr' id='par_1_101' title="bbox 633 4892 2132 4966">
     <span class='ocr_line' id='line_1_101' title="bbox 633 4892 2132 4966; baseline 0.007 -20"><span class='ocrx_word' id='word_1_732' title='bbox 633 4903 710 4946; x_wconf 89' lang='lat' dir='ltr'><strong>est</strong></span> <span class='ocrx_word' id='word_1_733' title='bbox 758 4892 943 4945; x_wconf 79' lang='lat' dir='ltr'><strong>fornax</strong></span> <span class='ocrx_word' id='word_1_734' title='bbox 992 4893 1158 4962; x_wconf 89' lang='lat' dir='ltr'><strong>ignis,</strong></span> <span class='ocrx_word' id='word_1_735' title='bbox 1199 4896 1334 4950; x_wconf 87' lang='lat' dir='ltr'><strong>sicut</strong></span> <span class='ocrx_word' id='word_1_736' title='bbox 1369 4899 1443 4950; x_wconf 90' lang='lat' dir='ltr'><strong>ait</strong></span> <span class='ocrx_word' id='word_1_737' title='bbox 1494 4898 1736 4953; x_wconf 85' lang='lat' dir='ltr'><strong>Salvator</strong></span> <span class='ocrx_word' id='word_1_738' title='bbox 1777 4902 2040 4966; x_wconf 87' lang='lat' dir='ltr'><strong>deinceps.</strong></span> <span class='ocrx_word' id='word_1_739' title='bbox 2092 4903 2132 4956; x_wconf 85' lang='lat' dir='ltr'><strong>A</strong></span> 
     </span>
    </p>
   </div>
   <div class='ocr_carea' id='block_1_102' title="bbox 2241 4892 3759 5000">
    <p class='ocr_par' dir='ltr' id='par_1_102' title="bbox 2266 4892 3759 5000">
     <span class='ocr_line' id='line_1_102' title="bbox 2266 4892 3759 5000; baseline 0.013 -40"><span class='ocrx_word' id='word_1_740' title='bbox 2266 4908 2369 4974; x_wconf 74' lang='grc' dir='ltr'><strong>ἔξω</strong></span> <span class='ocrx_word' id='word_1_741' title='bbox 2398 4909 2728 4980; x_wconf 83' lang='grc' dir='ltr'>ριπτοῦνται,</span> <span class='ocrx_word' id='word_1_742' title='bbox 2767 4892 2826 4968; x_wconf 41' lang='grc' dir='ltr'>οἱ.</span> <span class='ocrx_word' id='word_1_743' title='bbox 2845 4892 2907 4972; x_wconf 78' lang='grc' dir='ltr'>δὲ</span> <span class='ocrx_word' id='word_1_744' title='bbox 2951 4892 3062 4978; x_wconf 63' lang='grc' dir='ltr'>τιῦν</span> <span class='ocrx_word' id='word_1_745' title='bbox 3090 4892 3388 5000; x_wconf 73' lang='grc' dir='ltr'>ἀνθρώπων</span> <span class='ocrx_word' id='word_1_746' title='bbox 3425 4933 3500 4994; x_wconf 86' lang='grc' dir='ltr'><strong>είς</strong></span> <span class='ocrx_word' id='word_1_747' title='bbox 3525 4892 3759 5000; x_wconf 38' lang='grc' dir='ltr'>τήνικάμι-</span> 
     </span>
    </p>
   </div>
   <div class='ocr_carea' id='block_1_103' title="bbox 635 4983 2804 5076">
    <p class='ocr_par' dir='ltr' id='par_1_103' title="bbox 635 4983 2804 5076">
     <span class='ocr_line' id='line_1_103' title="bbox 635 4983 2804 5076; baseline 0.01 -41"><span class='ocrx_word' id='word_1_748' title='bbox 635 4983 1021 5076; x_wconf 28' lang='lat' dir='ltr'><strong>mali‘quid‘cm-</strong></span> <span class='ocrx_word' id='word_1_749' title='bbox 1047 4985 1217 5050; x_wconf 84' lang='lat' dir='ltr'><strong>pisces</strong></span> <span class='ocrx_word' id='word_1_750' title='bbox 1261 4987 1404 5042; x_wconf 79' lang='lat' dir='ltr'><strong>foras</strong></span> <span class='ocrx_word' id='word_1_751' title='bbox 1436 4988 1820 5060; x_wconf 84' lang='lat' dir='ltr'><strong>projiciuntur,</strong></span> <span class='ocrx_word' id='word_1_752' title='bbox 1855 4991 1980 5045; x_wconf 90' lang='lat' dir='ltr'><strong>mali</strong></span> <span class='ocrx_word' id='word_1_753' title='bbox 2030 5006 2158 5046; x_wconf 89' lang='lat' dir='ltr'><strong>vero</strong></span> <span class='ocrx_word' id='word_1_754' title='bbox 2262 5017 2350 5054; x_wconf 87' lang='grc' dir='ltr'><strong>νον</strong></span> <span class='ocrx_word' id='word_1_755' title='bbox 2382 5000 2474 5053; x_wconf 85' lang='grc' dir='ltr'><strong>τοῦ</strong></span> <span class='ocrx_word' id='word_1_756' title='bbox 2504 5004 2672 5073; x_wconf 87' lang='grc' dir='ltr'>πυρός</span> <span class='ocrx_word' id='word_1_757' title='bbox 2707 5005 2804 5076; x_wconf 89' lang='lat'><strong>(9).</strong></span> 
     </span>
    </p>
   </div>
   <div class='ocr_carea' id='block_1_104' title="bbox 638 5071 1482 5145">
    <p class='ocr_par' dir='ltr' id='par_1_104' title="bbox 638 5071 1482 5145">
     <span class='ocr_line' id='line_1_104' title="bbox 638 5071 1482 5145; baseline 0.008 -19"><span class='ocrx_word' id='word_1_758' title='bbox 638 5071 880 5127; x_wconf 85' lang='lat' dir='ltr'><strong>homines</strong></span> <span class='ocrx_word' id='word_1_759' title='bbox 908 5071 958 5124; x_wconf 93' lang='lat' dir='ltr'><strong>in</strong></span> <span class='ocrx_word' id='word_1_760' title='bbox 997 5071 1262 5127; x_wconf 78' lang='lat' dir='ltr'><strong>fornacem</strong></span> <span class='ocrx_word' id='word_1_761' title='bbox 1303 5078 1482 5145; x_wconf 49' lang='lat' dir='ltr'><strong>ignis,</strong></span> 
     </span>
    </p>
   </div>
   <div class='ocr_carea' id='block_1_105' title="bbox 646 5158 2162 5250">
    <p class='ocr_par' dir='ltr' id='par_1_105' title="bbox 646 5158 2162 5250">
     <span class='ocr_line' id='line_1_105' title="bbox 646 5158 2162 5250; baseline 0.009 -39"><span class='ocrx_word' id='word_1_762' title='bbox 646 5237 654 5244; x_wconf 32' lang='lat'><strong><em>&#39;</em></strong></span> <span class='ocrx_word' id='word_1_763' title='bbox 708 5161 771 5213; x_wconf 84' lang='lat' dir='ltr'><strong>V.</strong></span> <span class='ocrx_word' id='word_1_764' title='bbox 806 5162 893 5214; x_wconf 73' lang='grc'><strong>47.</strong></span> <span class='ocrx_word' id='word_1_765' title='bbox 938 5158 1385 5250; x_wconf 34' lang='lat' dir='ltr'><strong>IterumLLSirnile</strong></span> <span class='ocrx_word' id='word_1_766' title='bbox 1429 5179 1501 5250; x_wconf 65' lang='lat' dir='ltr'><strong>est</strong></span> <span class='ocrx_word' id='word_1_767' title='bbox 1549 5186 1756 5239; x_wconf 83' lang='lat' dir='ltr'><strong>regnum</strong></span> <span class='ocrx_word' id='word_1_768' title='bbox 1803 5169 2045 5224; x_wconf 69' lang='lat' dir='ltr'><strong>calorum</strong></span> <span class='ocrx_word' id='word_1_769' title='bbox 2079 5187 2162 5224; x_wconf 74' lang='lat' dir='ltr'><strong>sa-</strong></span> 
     </span>
    </p>
   </div>
   <div class='ocr_carea' id='block_1_106' title="bbox 1082 5245 1708 5298">
    <p class='ocr_par' dir='ltr' id='par_1_106' title="bbox 1082 5245 1708 5298">
     <span class='ocr_line' id='line_1_106' title="bbox 1082 5245 1708 5298; baseline 0.022 -16"><span class='ocrx_word' id='word_1_770' title='bbox 1082 5245 1223 5298; x_wconf 77' lang='lat' dir='ltr'><strong>genaz</strong></span> <span class='ocrx_word' id='word_1_771' title='bbox 1253 5251 1419 5289; x_wconf 72' lang='lat' dir='ltr'><strong>unua:</strong></span> <span class='ocrx_word' id='word_1_772' title='bbox 1452 5245 1507 5291; x_wconf 75' lang='lat' dir='ltr'><strong>in</strong></span> <span class='ocrx_word' id='word_1_773' title='bbox 1545 5255 1708 5296; x_wconf 88' lang='lat' dir='ltr'><strong>mare.</strong></span> 
     </span>
    </p>
   </div>
   <div class='ocr_carea' id='block_1_107' title="bbox 708 5315 2163 5391">
    <p class='ocr_par' dir='ltr' id='par_1_107' title="bbox 708 5315 2163 5391">
     <span class='ocr_line' id='line_1_107' title="bbox 708 5315 2163 5391; baseline 0.005 -18"><span class='ocrx_word' id='word_1_774' title='bbox 708 5319 923 5389; x_wconf 76' lang='lat' dir='ltr'><strong>Sagena:</strong></span> <span class='ocrx_word' id='word_1_775' title='bbox 949 5315 1133 5386; x_wconf 76' lang='lat' dir='ltr'><strong>plexus</strong></span> <span class='ocrx_word' id='word_1_776' title='bbox 1167 5319 1559 5391; x_wconf 88' lang='lat' dir='ltr'><strong>intellectualis,</strong></span> <span class='ocrx_word' id='word_1_777' title='bbox 1594 5335 1677 5383; x_wconf 88' lang='lat' dir='ltr'><strong>est</strong></span> <span class='ocrx_word' id='word_1_778' title='bbox 1722 5336 1874 5382; x_wconf 85' lang='lat' dir='ltr'><strong>vetus</strong></span> <span class='ocrx_word' id='word_1_779' title='bbox 1920 5342 1984 5382; x_wconf 84' lang='lat' dir='ltr'><strong>ac</strong></span> <span class='ocrx_word' id='word_1_780' title='bbox 2030 5341 2163 5381; x_wconf 79' lang='lat' dir='ltr'><strong>nova</strong></span> 
     </span>
    </p>
   </div>
   <div class='ocr_carea' id='block_1_108' title="bbox 640 5407 2166 5480">
    <p class='ocr_par' dir='ltr' id='par_1_108' title="bbox 640 5407 2166 5480">
     <span class='ocr_line' id='line_1_108' title="bbox 640 5407 2166 5480; baseline 0.005 -17"><span class='ocrx_word' id='word_1_781' title='bbox 640 5409 911 5477; x_wconf 87' lang='lat' dir='ltr'><strong>Scriptura</strong></span> <span class='ocrx_word' id='word_1_782' title='bbox 941 5407 1206 5460; x_wconf 85' lang='lat' dir='ltr'><strong>variorum</strong></span> <span class='ocrx_word' id='word_1_783' title='bbox 1238 5412 1579 5479; x_wconf 82' lang='lat' dir='ltr'><strong>cogitatuum.</strong></span> <span class='ocrx_word' id='word_1_784' title='bbox 1610 5415 1776 5480; x_wconf 81' lang='lat' dir='ltr'><strong>Mare,</strong></span> <span class='ocrx_word' id='word_1_785' title='bbox 1809 5425 1890 5472; x_wconf 88' lang='lat' dir='ltr'><strong>est</strong></span> <span class='ocrx_word' id='word_1_786' title='bbox 1923 5417 2037 5471; x_wconf 85' lang='lat' dir='ltr'><strong>vita</strong></span> <span class='ocrx_word' id='word_1_787' title='bbox 2068 5417 2166 5472; x_wconf 87' lang='lat' dir='ltr'><strong>bo-</strong></span> 
     </span>
    </p>
   </div>
   <div class='ocr_carea' id='block_1_109' title="bbox 632 5497 2164 5572">
    <p class='ocr_par' dir='ltr' id='par_1_109' title="bbox 632 5497 2164 5572">
     <span class='ocr_line' id='line_1_109' title="bbox 632 5497 2164 5572; baseline 0.007 -23"><span class='ocrx_word' id='word_1_788' title='bbox 632 5501 839 5570; x_wconf 41' lang='lat' dir='ltr'><strong>‘tuiuutn</strong></span> <span class='ocrx_word' id='word_1_789' title='bbox 891 5502 1206 5550; x_wconf 71' lang='lat' dir='ltr'><strong>cxznstuans.</strong></span> <span class='ocrx_word' id='word_1_790' title='bbox 1244 5497 1404 5554; x_wconf 82' lang='lat' dir='ltr'><strong>Omne</strong></span> <span class='ocrx_word' id='word_1_791' title='bbox 1441 5519 1622 5572; x_wconf 75' lang='lat' dir='ltr'><strong>genus,</strong></span> <span class='ocrx_word' id='word_1_792' title='bbox 1666 5515 1748 5560; x_wconf 90' lang='lat' dir='ltr'><strong>est</strong></span> <span class='ocrx_word' id='word_1_793' title='bbox 1789 5505 2019 5561; x_wconf 75' lang='lat' dir='ltr'><strong>varietas</strong></span> <span class='ocrx_word' id='word_1_794' title='bbox 2071 5519 2164 5560; x_wconf 83' lang='lat' dir='ltr'><strong>vo-</strong></span> 
     </span>
    </p>
   </div>
   <div class='ocr_carea' id='block_1_110' title="bbox 709 5606 1586 5681">
    <p class='ocr_par' dir='ltr' id='par_1_110' title="bbox 709 5606 1586 5681">
     <span class='ocr_line' id='line_1_110' title="bbox 709 5606 1586 5681; baseline 0.006 -21"><span class='ocrx_word' id='word_1_795' title='bbox 709 5608 782 5681; x_wconf 64' lang='grc' dir='ltr'><strong>(ἶ)</strong></span> <span class='ocrx_word' id='word_1_796' title='bbox 809 5607 1050 5681; x_wconf 61' lang='lat' dir='ltr'><strong>Pertinet</strong></span> <span class='ocrx_word' id='word_1_797' title='bbox 1071 5606 1135 5658; x_wconf 89' lang='lat' dir='ltr'><strong>ad</strong></span> <span class='ocrx_word' id='word_1_798' title='bbox 1165 5613 1467 5681; x_wconf 65' lang='lat' dir='ltr'><strong>versus‘5,</strong></span> <span class='ocrx_word' id='word_1_799' title='bbox 1498 5615 1586 5672; x_wconf 79' lang='grc'><strong>46.</strong></span> 
     </span>
    </p>
   </div>
   <div class='ocr_carea' id='block_1_111' title="bbox 710 5677 1407 5741">
    <p class='ocr_par' dir='ltr' id='par_1_111' title="bbox 710 5677 1407 5741">
     <span class='ocr_line' id='line_1_111' title="bbox 710 5677 1407 5741; baseline 0.006 -11"><span class='ocrx_word' id='word_1_800' title='bbox 710 5679 783 5741; x_wconf 73' lang='grc' dir='ltr'>(δι)</span> <span class='ocrx_word' id='word_1_801' title='bbox 809 5677 964 5730; x_wconf 86' lang='lat' dir='ltr'><strong>llet‘er</strong></span> <span class='ocrx_word' id='word_1_802' title='bbox 988 5677 1051 5729; x_wconf 83' lang='lat' dir='ltr'><strong>ad</strong></span> <span class='ocrx_word' id='word_1_803' title='bbox 1077 5690 1284 5732; x_wconf 84' lang='lat' dir='ltr'><strong>versum</strong></span> <span class='ocrx_word' id='word_1_804' title='bbox 1319 5680 1407 5734; x_wconf 78' lang='grc'><strong>47.</strong></span> 
     </span>
    </p>
   </div>
   <div class='ocr_carea' id='block_1_112' title="bbox 2265 5171 3759 5262">
    <p class='ocr_par' dir='ltr' id='par_1_112' title="bbox 2265 5171 3759 5262">
     <span class='ocr_line' id='line_1_112' title="bbox 2265 5171 3759 5262; baseline 0.013 -35"><span class='ocrx_word' id='word_1_805' title='bbox 2265 5171 2353 5225; x_wconf 80' lang='grc' dir='ltr'><strong>Στ.</strong></span> <span class='ocrx_word' id='word_1_806' title='bbox 2373 5174 2478 5262; x_wconf 71' lang='lat'><strong>.</strong></span> <span class='ocrx_word' id='word_1_807' title='bbox 2492 5175 2688 5262; x_wconf 13' lang='lat'><strong>7114.10&quot;</strong></span> <span class='ocrx_word' id='word_1_808' title='bbox 2700 5193 2713 5206; x_wconf 84' lang='lat'><strong>&#39;</strong></span> <span class='ocrx_word' id='word_1_809' title='bbox 2730 5180 2937 5262; x_wconf 61' lang='grc' dir='ltr'>Ὁμοία</span> <span class='ocrx_word' id='word_1_810' title='bbox 2953 5187 3127 5262; x_wconf 60' lang='grc' dir='ltr'>ἐστὶν</span> <span class='ocrx_word' id='word_1_811' title='bbox 3148 5195 3187 5262; x_wconf 73' lang='grc' dir='ltr'>ἡ</span> <span class='ocrx_word' id='word_1_812' title='bbox 3207 5195 3484 5258; x_wconf 72' lang='grc' dir='ltr'>,Βασιλεία</span> <span class='ocrx_word' id='word_1_813' title='bbox 3502 5195 3607 5248; x_wconf 78' lang='grc' dir='ltr'><strong>τῶν</strong></span> <span class='ocrx_word' id='word_1_814' title='bbox 3621 5193 3759 5258; x_wconf 75' lang='grc' dir='ltr'>οὐρα-</span> 
     </span>
    </p>
   </div>
   <div class='ocr_carea' id='block_1_113' title="bbox 2381 5245 3664 5332">
    <p class='ocr_par' dir='ltr' id='par_1_113' title="bbox 2381 5245 3664 5332">
     <span class='ocr_line' id='line_1_113' title="bbox 2381 5245 3664 5332; baseline 0.013 -35"><span class='ocrx_word' id='word_1_815' title='bbox 2381 5245 2502 5296; x_wconf 76' lang='grc' dir='ltr'><strong>νῶν</strong></span> <span class='ocrx_word' id='word_1_816' title='bbox 2521 5245 2755 5315; x_wconf 77' lang='grc' dir='ltr'>σαγήνῃ</span> <span class='ocrx_word' id='word_1_817' title='bbox 2772 5245 3080 5326; x_wconf 72' lang='grc' dir='ltr'>,Βληθείσῃ</span> <span class='ocrx_word' id='word_1_818' title='bbox 3111 5245 3664 5332; x_wconf 57' lang='grc' dir='ltr'><strong>εὲξὲἧῖὖᾶᾱάὶτᾶαν.</strong></span> 
     </span>
    </p>
   </div>
   <div class='ocr_carea' id='block_1_114' title="bbox 2335 5331 3757 5422">
    <p class='ocr_par' dir='ltr' id='par_1_114' title="bbox 2335 5331 3757 5422">
     <span class='ocr_line' id='line_1_114' title="bbox 2335 5331 3757 5422; baseline 0.006 -23"><span class='ocrx_word' id='word_1_819' title='bbox 2335 5331 2448 5422; x_wconf 65' lang='grc' dir='ltr'><strong>(10)Δ</strong></span> <span class='ocrx_word' id='word_1_820' title='bbox 2462 5333 2706 5405; x_wconf 82' lang='grc' dir='ltr'>Σαγήνης</span> <span class='ocrx_word' id='word_1_821' title='bbox 2724 5339 2902 5414; x_wconf 81' lang='grc' dir='ltr'>πλοκὴ</span> <span class='ocrx_word' id='word_1_822' title='bbox 2933 5350 3097 5421; x_wconf 78' lang='grc' dir='ltr'>νοητὴ</span> <span class='ocrx_word' id='word_1_823' title='bbox 3123 5353 3156 5422; x_wconf 87' lang='grc' dir='ltr'><strong>ή</strong></span> <span class='ocrx_word' id='word_1_824' title='bbox 3180 5355 3243 5406; x_wconf 80' lang='grc' dir='ltr'>ὲκ</span> <span class='ocrx_word' id='word_1_825' title='bbox 3267 5331 3510 5409; x_wconf 88' lang='grc' dir='ltr'>ποικίλων</span> <span class='ocrx_word' id='word_1_826' title='bbox 3526 5357 3757 5421; x_wconf 74' lang='grc' dir='ltr'>νοημάτων</span> 
     </span>
    </p>
   </div>
   <div class='ocr_carea' id='block_1_115' title="bbox 2266 5419 3757 5512">
    <p class='ocr_par' dir='ltr' id='par_1_115' title="bbox 2266 5419 3757 5512">
     <span class='ocr_line' id='line_1_115' title="bbox 2266 5419 3757 5512; baseline 0.012 -41"><span class='ocrx_word' id='word_1_827' title='bbox 2266 5419 2465 5512; x_wconf 75' lang='grc' dir='ltr'>παλαιά</span> <span class='ocrx_word' id='word_1_828' title='bbox 2488 5422 2580 5474; x_wconf 76' lang='grc' dir='ltr'>καὶ</span> <span class='ocrx_word' id='word_1_829' title='bbox 2609 5425 2767 5512; x_wconf 81' lang='grc' dir='ltr'>καινὴ</span> <span class='ocrx_word' id='word_1_830' title='bbox 2791 5428 2980 5503; x_wconf 79' lang='grc' dir='ltr'>Γραφή</span> <span class='ocrx_word' id='word_1_831' title='bbox 3002 5451 3017 5467; x_wconf 80' lang='grc' dir='ltr'><strong><em>ο</em></strong></span> <span class='ocrx_word' id='word_1_832' title='bbox 3065 5419 3354 5498; x_wconf 58' lang='grc' dir='ltr'><strong>ὸάξιασσα</strong></span> <span class='ocrx_word' id='word_1_833' title='bbox 3371 5484 3385 5507; x_wconf 69' lang='grc'><em>,</em></span> <span class='ocrx_word' id='word_1_834' title='bbox 3416 5447 3444 5496; x_wconf 70' lang='grc' dir='ltr'>ὁ</span> <span class='ocrx_word' id='word_1_835' title='bbox 3471 5419 3757 5512; x_wconf 64' lang='grc' dir='ltr'>κυμάτούμε-</span> 
     </span>
    </p>
   </div>
   <div class='ocr_carea' id='block_1_116' title="bbox 2272 5509 3756 5603">
    <p class='ocr_par' dir='ltr' id='par_1_116' title="bbox 2272 5509 3756 5603">
     <span class='ocr_line' id='line_1_116' title="bbox 2272 5509 3756 5603; baseline 0.012 -43"><span class='ocrx_word' id='word_1_836' title='bbox 2272 5524 2359 5571; x_wconf 91' lang='grc' dir='ltr'><strong>νος</strong></span> <span class='ocrx_word' id='word_1_837' title='bbox 2397 5509 2502 5562; x_wconf 87' lang='grc' dir='ltr'>τῶν</span> <span class='ocrx_word' id='word_1_838' title='bbox 2537 5511 2833 5582; x_wconf 82' lang='grc' dir='ltr'>ἀνθρώπων</span> <span class='ocrx_word' id='word_1_839' title='bbox 2872 5520 3004 5591; x_wconf 86' lang='grc' dir='ltr'>βίος.</span> <span class='ocrx_word' id='word_1_840' title='bbox 3048 5525 3124 5582; x_wconf 82' lang='grc' dir='ltr'><strong>Τὸ</strong></span> <span class='ocrx_word' id='word_1_841' title='bbox 3147 5531 3268 5584; x_wconf 76' lang='grc' dir='ltr'><strong>πᾶν</strong></span> <span class='ocrx_word' id='word_1_842' title='bbox 3296 5533 3464 5603; x_wconf 72' lang='grc' dir='ltr'>γένος</span> <span class='ocrx_word' id='word_1_843' title='bbox 3484 5509 3551 5585; x_wconf 27' lang='grc' dir='ltr'><strong>τὸ-</strong></span> <span class='ocrx_word' id='word_1_844' title='bbox 3568 5526 3756 5583; x_wconf 80' lang='grc' dir='ltr'>ποικίλον</span> 
     </span>
    </p>
   </div>
   <div class='ocr_carea' id='block_1_117' title="bbox 2339 5616 3056 5693">
    <p class='ocr_par' dir='ltr' id='par_1_117' title="bbox 2339 5616 3056 5693">
     <span class='ocr_line' id='line_1_117' title="bbox 2339 5616 3056 5693; baseline 0.029 -21"><span class='ocrx_word' id='word_1_845' title='bbox 2339 5621 2415 5693; x_wconf 80' lang='lat'><strong>(9)</strong></span> <span class='ocrx_word' id='word_1_846' title='bbox 2432 5616 2698 5693; x_wconf 79' lang='lat' dir='ltr'><strong>Hactenus</strong></span> <span class='ocrx_word' id='word_1_847' title='bbox 2721 5631 2840 5683; x_wconf 87' lang='lat' dir='ltr'><strong>cod.</strong></span> <span class='ocrx_word' id='word_1_848' title='bbox 2867 5649 3056 5693; x_wconf 75' lang='lat' dir='ltr'><strong>xxvrtt.</strong></span> 
     </span>
    </p>
   </div>
   <div class='ocr_carea' id='block_1_118' title="bbox 2338 5691 3753 5780">
    <p class='ocr_par' dir='ltr' id='par_1_118' title="bbox 2338 5691 3753 5780">
     <span class='ocr_line' id='line_1_118' title="bbox 2338 5691 3753 5780; baseline 0.018 -39"><span class='ocrx_word' id='word_1_849' title='bbox 2338 5691 2446 5757; x_wconf 85' lang='lat' dir='ltr'><strong>(l0)</strong></span> <span class='ocrx_word' id='word_1_850' title='bbox 2473 5692 2626 5747; x_wconf 81' lang='lat' dir='ltr'><strong>Conl&#39;.</strong></span> <span class='ocrx_word' id='word_1_851' title='bbox 2667 5696 2798 5759; x_wconf 75' lang='lat' dir='ltr'><strong>llue,</strong></span> <span class='ocrx_word' id='word_1_852' title='bbox 2833 5711 2962 5758; x_wconf 81' lang='lat' dir='ltr'><strong>lout.</strong></span> <span class='ocrx_word' id='word_1_853' title='bbox 2998 5691 3081 5775; x_wconf 85' lang='lat' dir='ltr'><strong>tu,</strong></span> <span class='ocrx_word' id='word_1_854' title='bbox 3110 5711 3212 5764; x_wconf 62' lang='lat'><strong>453</strong></span> <span class='ocrx_word' id='word_1_855' title='bbox 3241 5713 3299 5776; x_wconf 86' lang='lat' dir='ltr'><strong>E,</strong></span> <span class='ocrx_word' id='word_1_856' title='bbox 3328 5721 3379 5768; x_wconf 91' lang='lat' dir='ltr'><strong>et</strong></span> <span class='ocrx_word' id='word_1_857' title='bbox 3406 5713 3433 5780; x_wconf 64' lang='lat' dir='ltr'><strong>y</strong></span> <span class='ocrx_word' id='word_1_858' title='bbox 3461 5711 3753 5778; x_wconf 69' lang='lat' dir='ltr'><strong>superum</strong></span> 
     </span>
    </p>
   </div>
  </div>
