3914 6416
550 441 652 495 9.99

1385 425 1928 483 SUPPLEMENTUM
1968 428 2059 481 AD
2093 427 2408 482 ORIGENIS
2447 425 2848 483 EXEGETICA.
3652 439 3738 494 ὅθί]

550 564 602 606 et
637 549 846 618 spiritus
883 544 1101 596 invicem
1143 556 1246 595 non
1288 541 1612 610 pugnantia:
1645 545 1882 610 subjecto
1914 543 2060 596 vide-

2174 557 2237 609 μα
2269 541 2360 593 καὶ
2387 539 2596 610 πνεῦμα
2617 579 2632 605 ,
2666 540 2737 610 μὴ
2769 539 3320 611 ἀντιστρατευόμενα
3340 553 3353 565 °
3386 537 3740 611 ὑποταγέντες

551 643 668 694 licet
711 649 948 702 corpore,
983 631 1168 699 spiritu
1210 639 1384 684 autem
1414 632 1837 686 eommunicante
1883 634 1930 686 ei
1982 635 2063 685 di-

549 730 720 781 vinam
761 723 923 775 vitam
959 739 974 786 ;
1019 732 1118 775 tres
1165 730 1367 784 autem,
1419 721 1557 788 quod
1587 734 1671 776 est
1711 731 1877 776 totum
1926 724 2064 776 inte-

547 829 718 884 grum,
762 813 1000 880 spiritus,
1045 812 1252 875 anima,
1304 827 1535 880 corpus.
1583 823 1760 866 servat
1816 814 2063 867 adventui

551 901 768 956 Christi.
805 899 898 954 Vel
927 899 1032 952 duo
1064 898 1261 952 fuerint
1307 900 1409 952 duo
1439 909 1774 964 testamenta,
1803 916 1925 954 cum
1955 901 2066 955 col-

552 991 717 1043 lector
764 1004 947 1044 eorum
997 989 1225 1056 Spiritus
1268 999 1484 1043 sanctus
1529 991 1579 1043 in
1623 990 1752 1059 ipsis
1801 991 1911 1054 sit;
1965 999 2065 1042 tres

545 1092 670 1132 vero
711 1077 986 1147 (indicare
1024 1076 1276 1145 possunt)
1301 1076 1503 1146 ,lcgem,
1542 1079 1844 1146 prophetas,
1904 1077 2067 1130 Evan-

550 1168 743 1234 gelium
775 1180 787 1214 :
823 1166 904 1220 vel
943 1168 1199 1228 animum,
1240 1168 1738 1234 concupiscentiam,
1761 1169 2018 1220 rationem
2049 1183 2064 1230 ;

547 1255 630 1308 vel
676 1256 1038 1320 vocationem,
1088 1268 1141 1309 et
1191 1255 1524 1319 electionem,
1575 1266 1629 1310 et
1677 1258 1954 1310 nobiscum
2001 1257 2065 1308 ad

543 1344 770 1412 primum
803 1343 1057 1396 honorem
1091 1353 1390 1396 revocatum
1420 1359 1584 1411 genus
1611 1345 1920 1398 humanum.
1961 1342 2067 1396 Ob-

543 1448 696 1488 serva
743 1446 925 1499 porro,
968 1446 1086 1484 eum
1133 1447 1236 1487 non
1278 1433 1489 1499 dixisse,
1537 1449 1645 1497 ero,
1691 1433 1782 1486 sed
1817 1448 1950 1485 sum.
2001 1431 2068 1486 Ut

544 1521 684 1574 Deus
712 1522 853 1575 enim
888 1521 1082 1588 ubique
1114 1523 1394 1588 exsistens,
1430 1524 1480 1575 in
1517 1524 1689 1576 medio
1719 1533 1799 1577 est
1842 1538 2022 1577 eorum
2049 1563 2065 1585 ,

542 1612 632 1679 qui
664 1626 757 1680 per
787 1611 1032 1679 pietatem
1064 1613 1475 1681 coniunguntur.
1521 1612 1760 1668 Potentia
1791 1616 1930 1668 enim
1973 1615 2065 1668 Dei

541 1703 775 1756 orituium
827 1717 1005 1755 rerum
1056 1702 1368 1771 iuspectrix,
1417 1704 1640 1758 indivise
1683 1705 1849 1758 divisa
1901 1704 1960 1757 lit
2003 1705 2068 1757 iis

542 1791 628 1858 qui
662 1790 802 1859 digni
847 1800 988 1845 sunt.

611 1878 1041 1948 Quandoquidem
1067 1881 1502 1936 remittendarum
1522 1883 1574 1936 in
1593 1896 1690 1936 nos
1714 1881 2064 1936 olfensionum

543 1984 645 2024 nos
705 1970 904 2024 domini
945 1986 1144 2039 sumus,
1180 1986 1359 2025 earum
1389 1987 1516 2026 vero
1547 1988 1661 2041 qua:
1705 1973 1755 2025 in
1795 1972 1956 2027 Deum
1989 1974 2066 2027 le-

540 2069 747 2124 runtur,
800 2075 901 2113 non
955 2061 1090 2115 alius
1137 2062 1240 2114 nisi
1287 2062 1424 2114 Deus
1473 2063 1728 2130 ipsemet;
1783 2073 2062 2131 propterea

539 2149 672 2203 dixit
718 2149 906 2204 Petrus
951 2151 1099 2213 illud,
1143 2152 1197 2202 in
1229 2165 1329 2202 me.
1371 2150 1703 2220 Interrogans
1732 2153 1896 2214 enim,
1931 2167 2066 2221 quo-

541 2255 708 2307 usque
735 2251 978 2308 oporteat
1004 2242 1312 2309 injuriarum
1345 2256 1447 2294 non
1477 2255 1594 2295 esse
1624 2255 1903 2300 memores.
1949 2251 2066 2294 tan-

540 2341 697 2394 quam
731 2328 929 2395 grande
965 2329 1088 2396 quid
1116 2330 1356 2397 apposuit
1383 2329 1508 2383 illud
1537 2329 1736 2397 septies.
1772 2329 1839 2381 At
1886 2328 2066 2381 Domi~

543 2431 641 2469 nus
685 2417 854 2470 nullos
883 2431 1001 2470 esse
1047 2418 1243 2472 debere
1281 2419 1478 2471 limites
1529 2417 1822 2471 clementia:
1857 2415 2061 2486 signiﬁ-'

542 2519 688 2568 cans,
737 2506 810 2558 ait
847 2506 993 2571 illud,
1039 2509 1324 2577 septuagies
1357 2516 1581 2574 septem:
1631 2507 1729 2560 hoc
1781 2515 1882 2572 est,
1931 2521 2062 2574 quo-

2167 630 2262 700 μὲν
2291 630 2382 683 τοῦ
2415 629 2674 699 σώματος,
2696 629 2786 681 τοῦ
2817 630 2874 681 δὲ
2906 630 3232 699 πνεύματος
3261 627 3651 698 μεταδιδόντος
3670 639 3749 692 αὺ-

2162 721 2238 790 τῷ
2268 721 2414 783 θείας
2447 721 2605 789 ζωῆς·
2637 720 2792 787 τρεῖς
2820 719 2877 771 δέ
2902 737 2966 771 τε
2996 719 3115 790 (15)
3146 718 3491 788 ὁλόκληρον,
3535 725 3755 798 πνεῦμα,

2161 807 2330 877 ψυχὴ,
2362 807 2537 876 σῶμα,
2564 811 2715 877 τηρεῖ
2742 810 2808 877 τῇ
2845 807 3137 877 παρουσίᾳ
3177 805 3445 876 Χριστοῦ⁶
3530 814 3596 865 Ἦ
3619 819 3667 867 αἱ
3685 820 3761 874 δύο

2162 897 2428 968 διαθῆκαι,
2461 899 2585 950 ὅταν
2628 900 2656 950 6
2689 899 3045 965 συναγωγεὺς
3088 895 3280 948 αὐτῶν
3327 897 3389 948 τὸ
3434 898 3685 972 Πνεῦμα
3712 911 3760 962 τὸ

2164 988 2316 1054 ἅγιον
2337 991 2393 1039 ἐν
2420 989 2605 1051 αὐταῖς
2687 1006 2699 1018 ο
2726 988 2885 1056 τρεῖς
2909 989 2991 1052 δὲ,
3023 989 3216 1058 νόμον,
3250 989 3763 1066 προφήτας,Εὺαγ-

2163 1076 2336 1143 γέλιον
2356 1093 2368 1104 ·
2401 1078 2432 1148 ἢ
2455 1077 2616 1146 Θυμὸν
2644 1081 2737 1130 καὶ
2764 1076 3087 1146 ἐπιθυμίαν,
3114 1077 3210 1128 καὶ
3240 1075 3552 1144 λογισμόν
3578 1096 3591 1108 ·
3635 1083 3760 1157 ἢτὴν

2165 1164 2352 1234 κλῆσιν
2394 1168 2483 1218 καὶ
2516 1167 2740 1237 ἐκλογὴν
2760 1210 2774 1232 ,
2807 1168 2903 1220 καὶ
2950 1167 3015 1218 τὸ
3051 1168 3133 1228 εἰς
3165 1165 3394 1236 πρώτην
3427 1171 3634 1243 τιμὴν
3658 1191 3767 1230 tua-

2166 1254 2385 1323 σύμενον
2413 1255 2564 1322 γένος
2595 1257 2710 1325 μεθ’
2732 1257 2908 1326 ἡμῶν.
2929 1259 3011 1327 Τή
3022 1274 3105 1326 ρει
3130 1256 3211 1319 δὲ,
3231 1257 3428 1308 ὅτιούκ
3445 1257 3646 1319 εἶπεν
3664 1268 3775 1325 ἔσο.

2159 1360 2263 1410 μαι
2284 1382 2298 1407 ,
2336 1343 2446 1396 ἀλλ’
2470 1347 2603 1413 εἰμί.
2623 1347 2707 1408 Ὠς
2735 1346 2867 1409 Θεὸς
2899 1347 3014 1416 γὰρ
3048 1345 3334 1414 πανταχοῦ
3375 1345 3470 1398 ὢν
3513 1396 3537 1421 η
3581 1360 3632 1411 ἐν
3657 1362 3777 1431 μέσῳ

2164 1433 2276 1525 ἐστὶ
2317 1434 2421 1484 τῶν
2452 1434 2518 1486 δι’
2539 1435 2815 1498 εὐσεϐείας
2857 1434 3318 1505 συναπτομένων.
3357 1436 3421 1488 Ἠ
3525 1416 3628 1525 λίάρ
3657 1416 3774 1510 Σπανί

2166 1521 2566 1616 επῑσκοποςῂτοῦ
2595 1524 2728 1577 Θεοῦ
2751 1524 2985 1594 δύναμις
3014 1524 3323 1594 ἀμέριστος
3349 1521 3632 1616 μερλιστξ),
3657 1550 3772 1614 γίνε.

2164 1627 2252 1662 ται
2280 1613 2390 1674 τοῖς
2421 1611 2606 1677 ἀξίοις.

2247 1881 2457 1951 Ἐπειδὴ
2500 1880 2606 1933 τῶν
2643 1883 2721 1944 εἰς
2765 1884 2912 1952 ἡμᾶς
2951 1884 3320 1953 πταισμάτων
3365 1886 3523 1956 ἡμεῖς
3563 1888 3717 1959 κύριοί

2099 1939 2140 1992 ¹³
2168 1939 2844 2043 έσμεντοίσυγχωρεένλθ
2872 1939 2947 2044 μὴ
2967 1939 3214 2044 (14)
3248 1976 3329 2037 είς
3367 1939 3719 2046 eatea...

2166 2077 2270 2112 των
2289 2062 2335 2111 εἰ
2365 2061 2436 2130 μὴ
2459 2062 2616 2124 αὐτὸς
2640 2064 2668 2114 6
2688 2064 2821 2126 Θεός
2840 2079 2856 2095 °
2884 2063 2974 2116 διὰ
3000 2063 3164 2115 τοῦτο
3188 2059 3344 2117 εἶπεν
3376 2067 3402 2116 6
3433 2066 3626 2135 Πέτρος
3646 2065 3713 2128 τὸ,

2166 2153 2250 2215 εὶς
2263 2150 2380 2218 ἐμέ.
2399 2151 2451 2203 Ἐ
2460 2152 2638 2222 ρωτῶν
2654 2153 2781 2222 γὰρ,
2799 2153 2905 2214 ’έως
2918 2153 3070 2214 τίνος
3085 2152 3247 2223 χρεία
3269 2153 3343 2223 μὴ
3364 2157 3716 2224 μνησικακεῖν.

2166 2239 2239 2301 ὡς
2275 2239 2410 2308 μέγα
2449 2240 2750 2311 προσέθηκε
2796 2240 2879 2305 τὸ,
2916 2241 3190 2308 ἑπτάκις.
3244 2244 3302 2295 Ὁ
3331 2245 3384 2296 δὲ
3411 2241 3640 2309 Κύριος,
3669 2240 3720 2290 τὸ

2168 2327 2383 2396 ἄπέιρον
2407 2329 2680 2398 σημαίνων
2716 2330 2818 2399 τῆς
2852 2331 3214 2396 ἀνεξικακίας
3234 2371 3248 2394 ,
3283 2329 3441 2385 εἶπεν
3474 2329 3558 2390 τὸ,
3584 2329 3726 2381 ἑϐδο-

2159 2417 2517 2485 μηκοντάκις
2565 2419 2746 2471 ἐπτάο
2785 2421 3104 2474 τουτέστιν·
3152 2423 3382 2488 Ὁσάκις
3421 2419 3642 2488 ἁμάρτῃ
3669 2419 3736 2478 εὶς

2168 2507 2256 2572 σὲ,
2287 2506 2382 2559 ἐὰν
2412 2511 2637 2578 μετανοῇ
2660 2547 2674 2573 ,
2703 2509 2837 2579 ἄφες
2861 2510 3034 2581 αὐτῷ.

543 2595 857 2663 tiescunque
915 2604 1096 2664 peccet
1147 2597 1197 2649 in
1257 2605 1346 2662 te,
1403 2596 1446 2650 si
1499 2611 1616 2649 eum
1670 2595 1929 2664 paenitet,
1984 2595 2188 2647 dimitte
2219 2596 2288 2647 ei.

607 2690 864 2756 Quoniam
914 2689 965 2742 in
1014 2690 1487 2743 excommunicatis
1537 2703 1837 2742 mensuram
1888 2690 2059 2741 deter-

539 2778 762 2833 minavit
801 2777 1044 2830 Christus
1073 2777 1205 2846 (l2),
1241 2793 1343 2830 non
1368 2778 1492 2831 item
1521 2777 1680 2828 etiam
1713 2777 1764 2829 in
1811 2776 2061 2845 paeniten-

541 2865 698 2930 tibus,
730 2866 918 2918 merito
949 2866 1242 2933 interrogat
1270 2865 1473 2926 Petrus,
1515 2880 1792 2934 quousque
1818 2871 2061 2931 oporteat

541 2956 807 3022 suscipere
845 2955 1211 3022 ptenitentem.
1262 2955 1490 3008 Attende
1533 2970 1714 3021 porro,
1747 2955 1788 3008 si
1826 2954 1937 3006 licri
1970 2967 2061 3022 po-

537 3052 671 3096 test:
715 3043 973 3108 Quoniam
1027 3057 1277 3096 numerus
1332 3043 1574 3096 senarius
1616 3044 1950 3109 Operatorius
1981 3049 2060 3094 est

2247 2687 2454 2758 Ἐπειδὴ
2495 2690 2585 2741 ἐπὶ
2626 2690 2734 2742 τῶν
2767 2689 3190 2764 ἁφοριζομένων
3229 2677 3477 2769 μέτρον
3523 2691 3709 2765 ὥρισεν
3744 2694 3769 2746 ὁ

2162 2778 2389 2848 Χριστὸς
2407 2818 2421 2840 ,
2452 2778 2512 2830 οὐ
2549 2779 2652 2848 μὴν
2687 2781 2779 2832 καὶ
2807 2783 2900 2833 ἐπὶ
2923 2783 3036 2835 τῶν
3067 2787 3556 2854 μετανοούντων,
3581 2784 3776 2846 εἰκότως

2163 2866 2336 2937 ἐρωτᾷ
2367 2867 2395 2918 6
2431 2867 2632 2936 Πέτρος
2679 2867 2769 2918 τό·
2809 2868 2957 2931 Ἕως
3008 2871 3185 2923 πόσου
3235 2872 3325 2924 δεῖ
3369 2870 3667 2940 δέχεσθαι
3708 2871 3784 2924 τὸν

2167 2956 2554 3026 μετανοοῦντα;
2597 2958 2736 3028 Ὅρα
2769 2959 2828 3011 δὲ
2865 2961 2914 3012 εἰ
2963 2961 3236 3014 δύναται·
3297 2963 3514 3020 Ἐπεὶ
3552 2965 3582 3016 6
3624 2965 3716 3034 μὲν
3740 2965 3789 3028 ἓξ

2163 3045 2386 3115 ἀριθμὸς
2417 3047 2698 3116 ἐργατικὸς
2732 3050 2824 3102 καὶ
2848 3051 2907 3102 ἐν
2941 3053 3162 3118 γενέσει
3200 3057 3401 3128 κόσμο
3417 3075 3504 3120 ευ,
3546 3058 3575 3110 6
3597 3057 3654 3111 δὲ
3673 3058 3796 3112 ἐπτᾶ

541 3135 700 3188 etiam
733 3135 782 3186 in
814 3133 1160 3201 productione
1188 3131 1393 3194 mundi,
1433 3131 1770 3198 septenarius
1813 3145 1938 3180 vero
1976 3145 2059 3184 re-

2174 3136 2508 3198 ὶναπαύσεως
2533 3154 2544 3165 ·
2579 3139 2608 3188 ὁ
2655 3139 2753 3207 μὲν
2797 3139 2866 3192 τὰ
2913 3142 3010 3194 τοῦ
3046 3145 3261 3216 κόσμου
3298 3150 3450 3201 καὶ.
3491 3146 3653 3202 ὑλικά
3680 3152 3798 3217 ἀγα-

540 3224 768 3291 quietem
803 3222 1002 3284 habet;
1052 3221 1096 3275 is
1132 3220 1222 3288 qui
1267 3220 1530 3272 mundana
1569 3228 1622 3270 et
1665 3219 1955 3272 materialia
1989 3221 2063 3272 di-

542 3314 675 3381 ligit,
728 3325 968 3379 peccans,
1040 3309 1194 3362 linem
1254 3309 1414 3362 habet
1467 3308 1844 3360 hebdomadam
1880 3323 1892 3357 :
1923 3309 2060 3376 quod

543 3400 838 3467 recogitans
873 3397 1078 3461 Petrus,
1112 3397 1382 3464 indulgere
1429 3396 1538 3448 vult
1585 3397 1806 3462 septies.
1858 3397 1924 3448 At
1961 3398 2062 3451 Do-

543 3487 713 3540 minus
759 3485 996 3540 extendit
1039 3485 1140 3537 hoc
1189 3485 1373 3537 eodem
1428 3485 1603 3545 modo,
1653 3484 1816 3536 relata
1861 3485 2062 3538 unitate

544 3591 662 3630 cum
698 3577 1038 3644 proportione
1065 3576 1130 3628 ad
1166 3573 1390 3628 decedas
1420 3583 1473 3626 et
1508 3574 1811 3627 centurias:
1845 3575 1976 3628 adeo
2007 3585 2063 3628 ut

540 3667 628 3735 qui
678 3667 944 3720 mundana
1005 3667 1370 3726 transcendit,
1444 3679 1546 3717 non
1599 3664 1822 3734 amplius
1872 3664 2063 3720 habeat.

544 3757 906 3811 remissionem
955 3767 1314 3825 peccatorum.
1362 3755 1626 3810 [tenuissio
1662 3755 1801 3808 enim
1837 3754 1925 3808 hic
1977 3754 2057 3819 ﬁt,

538 3848 650 3904 sive
681 3850 854 3903 serius
883 3849 993 3903 sive
1021 3849 1180 3902 citius
1215 3848 1371 3918 (12‘).

1129 3937 1276 3991 CAP.
1321 3936 1456 3989 XXI.

544 4027 602 4081 ν.
634 4028 721 4081 33.
754 4027 919 4080 Homo
961 4035 1070 4078 erat
1111 4025 1519 4093 paterfamilias,
1564 4025 1650 4092 qui
1689 4024 1938 4091 plantavit
1988 4025 2062 4078 vi-

610 4113 777 4156 neam,
824 4106 869 4148 et
917 4112 1081 4162 sepem
1137 4095 1182 4146 ei
1221 4093 1618 4162 circumposuit,
1653 4104 1698 4145 et
1740 4094 1873 4160 fodit
1905 4095 1959 4144 in
2001 4110 2060 4145 ea

605 4165 853 4225 torcular,
887 4174 932 4216 et
973 4161 1245 4227 ludificari!
1288 4163 1490 4221 turrim,
1525 4172 1570 4212 et
1603 4161 1783 4214 locavit
1825 4177 1937 4214 eam
1970 4177 2058 4214 co-

605 4234 761 4297 lonis,
801 4242 846 4284 et
878 4248 1083 4300 peregre
1126 4230 1382 4298 profectus
1416 4238 1513 4292 est,
1544 4238 1650 4281 etc.

607 4389 730 4442 Haec
767 4388 1016 4456 parabola
1047 4385 1472 4455 patremfamilias
1510 4358 1778 4452 nuncupat
1811 4384 1972 4438 Deum
2008 4393 2062 4436 et

2166 3225 2299 3289 πῶν,
2333 3226 2713 3297 ἐξαμαρτάνων
2751 3229 2902 3293 τέλος
2951 3232 3069 3301 ἔχει
3110 3237 3212 3306 τὴν
3257 3238 3417 3292 ὲϐδο
3455 3238 3636 3308 μὰδα’
3681 3242 3800 3313 ὅπερ

2164 3318 2354 3386 νοήσας
2380 3319 2407 3368 6
2437 3318 2655 3387 Πέτρος,
2687 3325 2990 3392 συγχωρεῖν
3021 3325 3172 3378 ϐέλει
3207 3328 3268 3380 ἐν
3297 3329 3386 3399 τῷ
3464 3333 3628 3391 ἑπτά.
3677 3334 3728 3388 Ὀ
3749 3334 3796 3388 δὲ

2164 3405 2359 3497 Κ-ύριος
2383 3406 2632 3497 ἐπιτεῦνει
2655 3407 2810 3460 τοῦτο
2837 3411 2894 3462 ἐν
2925 3412 3008 3482 τῷ
3034 3415 3190 3485 αὐτῷ
3215 3418 3465 3496 mese-na,
3483 3468 3500 3492 ,
3533 3427 3794 3497 ἀναλόγως

2163 3494 2266 3563 γὰρ
2301 3493 2517 3562 μονάδος
2544 3495 2677 3564 πρὸς
2707 3497 2937 3564 δεκάδας
2978 3504 3076 3556 καὶ
3119 3493 3554 3580 ἑκατοντέδας,
3588 3520 3669 3580 ὡς
3698 3493 3778 3569 τὸν

2164 3582 2467 3652 ὑπερϐάντα
2506 3583 2574 3636 τὰ
2643 3587 2881 3656 κοσμικὰ
2937 3593 3146 3660 μηκέτι
3201 3596 3347 3666 ἔχειν
3399 3604 3608 3668 ἄφεσιν
3648 3606 3747 3655 τῶν

2165 3673 2565 3763 αμαρτημάτων
2585 3690 2598 3702 ·
2630 3677 2664 3744 ἡ
2691 3675 2798 3748 γὰρ
2830 3677 3028 3746 ἄφεσις
3053 3684 3151 3736 ἐπὶ
3193 3688 3264 3739 τὰ
3295 3690 3420 3758 τῇδε
3452 3691 3571 3744 εἴτε
3621 3693 3744 3763 βραο

2163 3760 2223 3814 δὺ
2253 3761 2360 3831 (15)
2382 3799 2396 3825 ,
2424 3761 2531 3814 εἴτε
2565 3763 2766 3834 τάχιον.

2766 3944 2923 3998 ΚΕΦ.
2961 3948 3100 4002 KA'.

2165 4029 2415 4099 Στὶχ.λγ’.
2440 4031 2773 4110 ’ᾼνθρωπξος
2799 4029 2879 4102 ἦν
2905 4038 3377 4110 οἰκοδεσπότης,
3417 4043 3604 4108 ὅστις
3626 4044 3760 4110 ἐξεύ-

2233 4116 2446 4182 reversa:
2471 4100 2804 4182 άμπελῶνςα,
2825 4100 3261 4182 καὶοφρατμὸν
3284 4100 3459 4182 ἀίξτῷ
3494 4100 3764 4182 περιέθη-

2231 4185 2324 4251 κε’,
2355 4167 2450 4219 καὶ
2475 4166 2791 4251 ὤροξςτοξν
2815 4166 3232 4251 αὐτῷ’ίζηῶὖν,
3275 4178 3391 4251 καὶ
3404 4166 3766 4251 ᾧκοδᾏμηὰε

2231 4236 2472 4303 πύργον,
2503 4236 2596 4287 καὶ
2623 4236 2858 4299 ἐξέδοτο
2897 4236 3095 4298 οιύτὸἰρ
3128 4236 3467 4318 γεωρτοῒς’,
3503 4236 3632 4302 καί
3661 4236 3768 4303 ἁπ-

2232 4303 2508 4356 εδήαησε.
2534 4321 2588 4356 κ.
2620 4321 2670 4356 τ.
2699 4306 2746 4356 λ.

2232 4320 2508 4371 εοημησε.
2534 4321 2588 4356 κ.
2620 4321 2670 4357 τ.
2700 4320 2746 4357 Α.

2241 4395 2304 4444 Ἡ
2345 4392 2617 4462 παραϐολὴ
2649 4395 3091 4468 οἰκοδεσπότην
3130 4405 3286 4476 λέγει
3338 4404 3441 4459 τὸν
3497 4407 3641 4459 Θεὸν
3683 4403 3773 4457 καὶ

537 4489 764 4544 patrem,
804 4479 892 4544 qui
926 4477 1142 4530 multam
1171 4476 1559 4545 providentiam
1589 4474 1655 4526 ab
1704 4461 1855 4525 initio
1887 4473 1938 4526 in
1967 4471 2059 4526 Ju-

2174 4482 2393 4550 πατέρα,
2424 4461 2512 4532 τὸν
2545 4461 2736 4551 πολλὴν
2764 4461 3109 4555 πρόνοιανῖἐξ
3136 4461 3322 4567 ἀρ’χῆς
3349 4496 3444 4556 εἰς
3477 4497 3615 4556 τοὺς
3654 4494 3776 4544 ’1ου-

537 4569 678 4620 deos
722 4567 972 4620 ostendit.
1003 4564 1184 4627 Vinea,
1209 4564 1521 4633 simpliciter
1557 4563 1766 4630 quidem
1799 4571 1880 4614 est
1920 4564 2061 4629 prior

539 4657 783 4724 populus,
815 4655 974 4708 lsrael
1011 4656 1273 4718 videlicet,
1299 4657 1571 4725 plantatus
1614 4667 1644 4705 a
1690 4652 1794 4706 Deo
1834 4652 1885 4705 in
1923 4663 2060 4705 terra

539 4741 923 4812 promissionis.
972 4739 1144 4806 Sepes,
1192 4752 1276 4795 est
1321 4745 1402 4795 lex
1447 4757 1563 4810 qua:
1607 4755 1708 4792 non
1741 4740 1946 4793 sinebat
1972 4756 2063 4794 eos

539 4831 872 4900 commisceri
920 4832 1184 4897 gentibus.
1241 4830 1522 4891 Torcular,
1571 4841 1653 4883 est
1709 4830 1896 4892 altare,
1950 4831 2063 4885 sive

539 4921 688 4973 locus
734 4918 1067 4972 libaminum.
1123 4917 1324 4982 Turris,
1376 4929 1458 4972 est
1501 4919 1651 4980 Sion,
1708 4918 1790 4971 vel
1845 4919 2059 4972 caelum.

539 5009 742 5070 Coloni,
795 5018 920 5061 sunt
968 5010 1204 5061 seniores
1253 5009 1426 5077 populi
1471 5021 1518 5062 et
1556 5011 1843 5076 sapientes,
1879 5019 1930 5062 et
1972 5011 2060 5076 qui

538 5116 634 5168 per
664 5111 902 5167 tempora
952 5096 1100 5150 fuere
1145 5100 1412 5151 doctores.
1451 5097 1668 5166 Peregre
1697 5099 1955 5165 profectus
1989 5108 2062 5150 est

538 5201 714 5244 autem
744 5187 1143 5258 paterfamilias,
1195 5190 1406 5254 quando
1436 5204 1536 5242 non
1575 5189 1803 5256 amplius
1832 5187 2061 5240 interdiu

539 5283 592 5335 in
626 5280 870 5335 columna
907 5277 1076 5342 nubis,
1117 5287 1169 5330 et
1201 5290 1354 5332 noctu
1402 5281 1530 5348 ipsis
1557 5280 1607 5332 in
1656 5280 1896 5335 columna
1924 5277 2061 5345 ignis

539 5372 804 5442 apparuit.
852 5367 945 5422 Vel
992 5367 1226 5422 iuuuitur
1256 5371 1344 5425 Dei
1385 5371 1777 5440 longanimitas,
1817 5383 1932 5436 qua:
1957 5383 2060 5421 non

603 5528 714 5598 (l2)
734 5528 953 5598 Videtur
978 5526 1161 5598 referri
1190 5530 1250 5580 ad
1285 5530 1468 5582 Matth.
1492 5545 1640 5588 xvut.
1683 5529 1772 5582 l7.

606 5596 740 5667 (12⁸)
769 5596 880 5650 Non
917 5597 1159 5667 omnibus
1185 5601 1325 5651 enim
1349 5600 1602 5666 aequalem
1635 5612 1934 5667 mensuram
1964 5596 2060 5648 mi-

539 5665 828 5735 sericordia
862 5665 1116 5735 assignat,
1163 5683 1321 5734 quam
1372 5665 1423 5721 si
1461 5668 1582 5735 quis
1625 5666 2058 5735 supergrediatur

541 5734 674 5786 Deus
694 5749 795 5789 non
822 5733 1044 5802 amplius
1071 5735 1324 5806 indulget,
1363 5733 1525 5792 sediu
1564 5733 1912 5802 peccato’suo
1958 5733 2055 5788 ho-

2163 4572 2337 4633 δαίους
2355 4569 2763 4640 ἐπιδειξάμενον.
2793 4574 3113 4643 Ἀμπελὼν
3131 4585 3191 4636 δὲ
3216 4583 3422 4646 ἁπλῶς
3451 4586 3561 4652 μὲν
3581 4587 3610 4637 6
3634 4581 3775 4653 πρῶ-

2162 4676 2251 4720 τος
2265 4659 2407 4721 λαὸς,
2427 4659 2696 4711 τουτέστιν
2720 4663 2748 4714 ὁ
2774 4661 3012 4736 Ἰσραὴλ,
3036 4675 3340 4738 φυτευθεὶς
3362 4673 3483 4723 ὑπὸ
3511 4673 3613 4725 τοῦ
3644 4669 3770 4723 Θεοῦ

2164 4751 2219 4800 ἐν
2249 4751 2313 4819 τῇ
2350 4750 2418 4818 γῇ
2457 4747 2553 4817 τῆς
2581 4749 2927 4817 ἐπαγγελίας.
2969 4761 3252 4829 Φραγμός
3278 4763 3339 4816 δὲ
3375 4762 3409 4813 6
3443 4764 3639 4832 νόμος,
3675 4763 3768 4815 οὐκ

2165 4837 2264 4890 ἐῶν
2313 4839 2503 4898 αὐτοὺς
2557 4837 2779 4906 μιγῆναι
2823 4845 2938 4909 τοῖς
2979 4846 3182 4919 ἔθνεσι.
3225 4849 3439 4918 Ana-6g-
3474 4853 3540 4904 τὸ
3586 4852 3765 4903 θυσια-

2167 4929 2399 4998 στήριον,
2426 4927 2540 4996 ἤτοι
2567 4929 2595 4979 ὁ
2620 4927 2779 4992 τόπος
2801 4933 2916 4987 τῶν
2949 4940 3215 4995 σπονδῶν.
3247 4940 3500 5009 Πύρτο(
3535 4945 3568 5012 ἡ
3601 4941 3752 5003 Σιὼν,

2166 5018 2198 5087 ἦ
2231 5019 2258 5068 ὁ
2288 5015 2526 5087 οὐρανός.
2567 5019 2616 5068 Γ
2617 5021 2825 5087 εωρτοὶ
2871 5027 2922 5078 οἱ
2963 5031 3340 5104 πρεσϐύτεροι
3374 5030 3481 5080 τοῦ
3510 5031 3648 5083 λαοῦ
3678 5030 3768 5080 κο).

2165 5107 2212 5156 οἱ
2242 5107 2408 5173 σοφοὶ,
2443 5107 2535 5159 καὶ
2577 5109 2627 5159 οἱ
2669 5111 2814 5165 κατὰ
2849 5123 3081 5191 καιροὺς
3116 5117 3492 5181 διδάσκαλοι·
3539 5118 3778 5182 Ἀπεδῆ-

2159 5209 2316 5291 μηαε
2344 5193 2399 5246 δὲ
2427 5197 2455 5246 6
2481 5196 2868 5291 οἰκοδεσπότης
2885 5247 2901 5271 ν
2941 5211 3031 5265 ὅτε
3059 5216 3245 5272 οὐκέτι
3273 5204 3519 5291 ﬂeet);
3541 5208 3602 5256 ὲκ,
3631 5205 3790 5270 στδιιιρ

2166 5283 2386 5352 νεφέλης
2412 5284 2503 5336 καὶ
2531 5288 2722 5351 νυκτὸς
2752 5295 2944 5364 αὐτοῖς
2979 5305 3036 5357 ἐν
3069 5309 3252 5367 suum
3283 5283 3536 5367 ,‘It'éapbq,
3554 5291 3815 5356 ἐπιφαὶνε-

2164 5389 2268 5424 ται.
2300 5375 2368 5426 Ἢ
2396 5375 2428 5444 ὴ
2460 5374 2550 5426 τοῦ
2585 5376 2748 5459 Θεοῦ.
2761 5394 3129 5469 μακροθυμία
3154 5442 3170 5467 ,
3213 5365 3248 5477 ᾗ
3482 5380 3628 5454 παρὰ
3662 5377 3803 5442 πόδας

2165 5531 2337 5582 mines
2367 5532 2690 5591 moriuntur.

2232 5599 2340 5683 ea
2379 5599 2616 5683 εῖοξιεεβὲ
2657 5609 2721 5661 τά

2905 5703 2971 5751 ω’
3004 5703 3175 5770 ιτειυιο
3209 5693 3450 5765 ίιιίὙ²⁶
3482 5679 3644 5734 Enn'
