3914 6418
191 395 274 450 30!

1350 373 1629 432 scaeua
1667 371 1734 426 lN
1773 350 2205 427 nummum.

3233 363 3336 418 502

198 501 466 558 ἀπαιτοῦσα
494 500 614 560 τοὺς
654 496 941 559 Ἰουδαίους
988 494 1084 563 τὴν
1107 493 1212 545 τῶν
1252 490 1597 560 πταισμάτων
1631 504 1713 538 τι-

1833 484 1993 538 statim
2022 481 2201 548 exegit
2226 481 2292 534 ab
2325 478 2519 534 Iudaeis
2550 475 2834 532 criminum
2881 488 3082 543 pinnas.
3115 474 3334 530 Exaetio

200 593 403 665 μωρίαν.
441 587 776 653 Ἀπαίτησις
795 586 854 638 δὲ
873 583 1124 653 καρπῶν
1138 585 1166 635 ό
1185 581 1399 651 ἔννομος
1419 579 1528 648 βίος
1547 594 1560 607 ·
1587 579 1717 665 Και-

193 664 289 750 ρός
317 677 552 746 minori;
581 675 890 746 προφητικὴ
925 672 1235 741 ἀπαίτησις·
1278 669 1483 722 Δοῦλοι
1517 664 1713 736 πρῶτοι

200 773 280 825 καὶ
299 768 519 838 δεύτεροι
539 765 801 827 παθόντες
824 763 1045 826 ἄτοπον,
1062 763 1109 812 οἱ
1131 759 1266 813 κατὰ
1292 758 1572 828 διαφόρους
1595 771 1714 807 και-

204 863 312 932 ροὺς
324 857 699 918 ἀποσταλέντες
717 854 1018 925 προφῆται,
1036 847 1114 914 οἷς
1133 851 1264 918 (15⁸)
1280 849 1372 900 τὸν
1393 848 1485 917 μὲν
1495 845 1582 915 ἕδη
1590 860 1707 914 ραν,

199 953 264 1014 ὡς
285 948 523 1018 Μιχαίαν,
546 945 886 1010 πατάξαντος
901 944 994 995 ὲπὶ
1021 941 1240 1007 σιαγόνα
1261 937 1502 990 Σεδεκίου
1519 950 1532 963 '
1560 934 1647 986 τὸν
1661 933 1717 984 δὲ

201 1039 511 1097 ἀπέκτειναν,
542 1034 617 1096 ὡς
653 1032 932 1102 Ζαχαρίαν
951 1070 966 1093 ,
1005 1027 1200 1099 μεταξὺ
1229 1025 1319 1078 τοῦ
1353 1023 1478 1078 ναοῦ
1509 1023 1600 1074 καὶ
1626 1019 1716 1071 τοῦ

201 1124 548 1193 θυσιαστηρίου
568 1140 581 1152 ·
622 1121 712 1172 τὸν
738 1120 799 1172 δὲ
844 1118 1220 1186 ἐλιθοϐόλησαν
1239 1157 1254 1181 ,
1284 1115 1357 1177 ὡς
1391 1113 1584 1183 Ζαριοὺ
1608 1110 1718 1161 υἱὸν

211 1216 367 1270 ἰωδαὲ
400 1215 485 1265 τὸν
521 1212 689 1282 ἱερέα.
727 1209 884 1278 Τάχα
912 1207 1283 1276 δὲάμπελὼν,
1310 1205 1343 1274 ἢ
1369 1204 1479 1273 (16)
1511 1204 1544 1272 ἡ
1571 1199 1720 1269 βασι-

202 1308 304 1359 λεία
322 1304 407 1356 τοῦ
433 1303 561 1355 Θεοῦ
581 1339 596 1364 ,
628 1303 724 1354 καὶ
761 1300 832 1352 τὰ
867 1302 1140 1370 μυστήρια
1171 1296 1332 1350 αὑτοῦ
1369 1297 1424 1347 ὲν
1456 1294 1602 1362 νόμῳ
1631 1291 1722 1343 καὶ

200 1397 492 1466 προφήταις,
517 1392 609 1445 καὶ
639 1394 704 1461 τῇ
730 1390 870 1462 ἄλλῃ
916 1389 1246 1458 φυσιολογίᾳ.
1273 1384 1493 1452 Καρποὶ
1512 1383 1570 1435 δὲ
1591 1383 1618 1434 ό
1641 1383 1724 1432 ὲν-

198 1489 363 1558 άρετος
391 1487 442 1536 ὲν
472 1481 622 1552 ἤθεσι
650 1480 787 1550 βίος.
827 1478 1103 1547 Φραγμός
1126 1480 1153 1530 ὁ
1173 1475 1383 1543 λογικὸς
1409 1473 1566 1533 τόπος
1583 1510 1598 1534 ,
1632 1469 1725 1522 καὶ

197 1577 251 1628 τὸ
269 1575 496 1644 γράμμα,
521 1574 594 1636 ὡς
627 1570 702 1641 μὴ
731 1569 1130 1623 κατοπτεύοιτο
1148 1569 1256 1628 τοῖς
1285 1563 1385 1630 ἔξω
1407 1562 1473 1615 τὰ
1491 1576 1724 1629 κεκρυμ-

202 1668 323 1738 μένα
354 1665 624 1734 μυστήρια.
659 1659 864 1727 Ληνὸς
902 1659 963 1711 τὸ
996 1657 1151 1728 βάθος
1176 1656 1274 1723 τῆς
1298 1653 1583 1723 δεχομένης
1603 1650 1726 1738 τοῦς

204 1737 420 1824 καρποὺς
453 1754 569 1814 τοὺς
604 1753 704 1820 τῆς
743 1750 934 1818 ψυχῆς
955 1789 969 1812 ,
1002 1748 1106 1799 πᾶν
1139 1745 1230 1797 ἐπὶ
1255 1743 1482 1810 πόλεμον
1508 1737 1724 1791 ἐπιϐαλ-

1813 574 2093 642 fructuum,
2128 579 2207 625 est
2262 571 2372 623 vita
2423 568 2674 637 legitima.
2729 564 2946 632 Tempus
2987 579 3162 618 eorum
3192 603 3208 631 ,
3253 574 3336 619 est

1813 663 2118 732 prophetica
2175 661 2404 734 exactio.
2469 659 2616 713 Servi
2662 655 2819 725 primi
2877 664 2931 709 et
2979 656 3194 722 secundi
3247 656 3333 719 qui

1813 751 2193 806 contumeliose
2232 747 2438 815 excepti
2489 744 2724 807 fuerunt,
2766 751 2889 796 sunt
2931 742 3201 809 prophetas
3246 743 3332 808 qui

1815 842 1938 896 aliis
1968 851 2128 909 atque
2175 839 2292 893 aliis
2323 835 2652 904 temporibus
2683 833 2831 887 missi
2880 831 3064 886 fuere:
3113 847 3176 884 ex
3221 830 3337 898 qui-

1815 933 1914 986 bus
1961 930 2120 984 alium
2151 929 2474 991 ceciderunt,
2506 936 2565 980 ut
2608 924 2903 986 Michaeam,
2950 935 3105 991 quem
3150 921 3201 974 in
3250 935 3339 988 ge-

1818 1036 1938 1077 nam
1979 1020 2240 1090 percussit
2273 1018 2562 1073 Sedecias:
2597 1015 2758 1069 alium
2788 1012 3119 1076 occiderunt,
3160 1019 3217 1063 ut
3243 1008 3341 1063 Za-

1818 1112 2074 1172 chariam,
2125 1110 2263 1162 inter
2291 1106 2542 1172 templum
2589 1115 2643 1158 et
2688 1103 2893 1166 altare;
2937 1101 3096 1155 alium
3142 1101 3340 1170 lapida-

1820 1211 2026 1264 verunt,
2075 1209 2133 1252 ut
2180 1197 2341 1251 Zariu
2390 1197 2552 1249 lilium
2591 1194 2735 1249 Joda:
2780 1193 3126 1247 sacerdotem.
3167 1191 3343 1244 Facile

1819 1292 1978 1346 etiam
2024 1289 2185 1343 Vinea
2219 1289 2280 1342 ﬁt
2328 1302 2546 1356 regnum
2583 1285 2709 1348 Dei,
2750 1293 2804 1336 et
2861 1282 3108 1350 mysteria
3145 1281 3257 1350 ejus
3291 1281 3343 1336 in

1820 1382 1933 1451 lege
1961 1390 2013 1434 et
2042 1379 2337 1449 prophetis,
2368 1393 2429 1432 ac
2459 1376 2661 1444 reliqua
2689 1383 2890 1427 naturae
2912 1371 3170 1426 doctrina.
3208 1369 3345 1424 Fru-

1821 1481 1956 1533 ctus,
1991 1469 2227 1521 virtuosa
2270 1467 2504 1520 moribus
2541 1465 2671 1518 vita.
2716 1463 2895 1531 Sepes,
2936 1461 3084 1514 locus
3113 1461 3346 1513 rationa-

1823 1561 1888 1614 lis
1928 1569 1980 1612 et
2030 1559 2255 1626 ipsamet
2286 1558 2485 1620 littera,
2521 1563 2580 1608 ut
2618 1567 2724 1607 non
2751 1559 2990 1620 paterent
3032 1551 3096 1604 iis
3133 1550 3225 1618 qui
3254 1563 3347 1602 ex-

1825 1649 1962 1702 terni
1994 1655 2166 1710 crant,
2201 1643 2410 1699 occulta
2454 1643 2724 1712 mysteria.
2775 1639 3048 1703 Torcular,
3079 1638 3348 1708 profundi-

1828 1747 1908 1791 tas
1934 1737 2125 1789 anima:
2169 1735 2371 1787 fructus
2412 1732 2785 1798 suscipientis,
2831 1730 3008 1784 omnia
3056 1730 3106 1783 in
3154 1729 3347 1783 bellum

203 1808 418 1912 λούσης..
438 1808 792 1906 Πύργοςνκαὶ
824 1808 1172 1908 ’δίηρημένος
1217 1832 1343 1902 περὶ
1382 1808 1512 1881 Θεοῦ
1551 1825 1720 1912 λόγος.

1833 1824 2163 1880 eﬁ'undentis.
2197 1823 2377 1876 Turris
2415 1821 2574 1874 etiam
2602 1820 2880 1874 distinctus
2908 1819 2974 1871 de
3011 1818 3118 1870 Deo
3149 1832 3346 1872 sermo.

204 1911 502 2000 Ναὸςμὲνή
530 1927 620 1980 τοῦ
650 1929 708 1978 ὲν
743 1923 908 1994 αὐτῷ
935 1923 1076 1976 θείου
1111 1919 1236 1974 ναοῦ
1255 1911 1645 1988 (mrem-ot
1675 1911 1724 1962 οἱ

203 2021 386 2090 πρῶτοι
412 2017 776 2077 πιστευθέντες
802 2014 884 2066 τὰ
917 2013 1071 2081 λόγια
1101 2011 1192 2063 τοῦ
1225 2006 1356 2061 Θεοῦ
1377 2025 1388 2036 ·
1423 2001 1502 2068 οἷς
1528 2005 1725 2090 ἀποδηέ

204 2088 282 2178 psi
304 2109 377 2170 εἰς
403 2107 493 2176 τὴν
523 2104 685 2158 αὑτοῦ
732 2105 1027 2174 περισπεῖν
1057 2099 1188 2169 (l8),
1230 2097 1349 2158 δοὺς
1375 2091 1638 2164 ἀφορμὴν,
1669 2088 1729 2152 ἐξ

202 2195 266 2254 ὧν
299 2201 446 2262 αὐτὸς
487 2201 785 2268 ἐφύτευσε,
832 2193 1092 2267 φραγμόν
1140 2209 1196 2244 τε
1243 2189 1464 2259 ἔθηκεν,
1497 2183 1728 2256 ὤρυξεν,

203 2293 501 2362 ᾠκοδόμησε,
529 2289 620 2342 τοῦ
651 2289 844 2359 φέρειν
885 2285 1117 2356 καρπόν.
1148 2281 1358 2348 Καιρός
1388 2275 1642 2345 καρπῶις,
1671 2275 1730 2326 ὃν
1758 2287 1763 2302 ‘

205 2359 326 2432 οἶδεν
349 2359 713 2446 οἰκοδεσπότης
733 2417 748 2439 ,
783 2375 934 2442 τάχα
969 2373 1065 2440 οὐχ
1101 2371 1179 2422 ὅτι
1218 2365 1432 2435 ἐκφύειν
1462 2360 1660 2431 φύλλα,
1693 2359 1727 2428 ἢ

206 2471 476 2541 κυπρίζειν,
497 2467 529 2538 ἢ
551 2461 962 2537 όμφακίζειν,ἢ
985 2457 1301 2530 τρυγᾶσθαι·
1327 2449 1434 2507 οἷον
1449 2453 1496 2505 οἱ
1637 2466 1731 2541 νη-

209 2537 448 2628 πιότητος,
482 2537 525 2624 ἣν
543 2555 644 2624 τῆς
680 2549 1135 2621 συμπληρώσεως
1162 2543 1252 2596 τοῦ
1279 2542 1433 2609 λόγου
1451 2578 1464 2601 ,
1496 2539 1528 2608 ἢ
1560 2539 1608 2590 οἱ

207 2652 257 2701 ὲν
278 2627 430 2719 ἀρετῇ
455 2643 759 2716 προκοπῆς,
796 2641 831 2711 ἦ
866 2640 1040 2709 ἀρχῆς
1063 2654 1074 2667 ·
1109 2638 1156 2688 οἱ
1183 2635 1236 2686 δὲ
1264 2634 1361 2701 τῆς
1383 2631 1614 2699 ἀγάπης,
1642 2627 1734 2679 καὶ

204 2740 371 2809 χαρᾶς,
404 2735 493 2788 καὶ
524 2735 769 2803 είρήνης,
804 2730 910 2783 καὶ
930 2728 1035 2780 τῶν
1063 2724 1279 2779 λοιπῶν.
1307 2722 1511 2774 Δοῦλοι
1532 2721 1580 2771 οἱ
1608 2733 1737 2787 προ-

205 2823 426 2894 φῆταιτά
455 2819 802 2892 πνευματικὰ
835 2814 1177 2887 καρπώματα
1207 2811 1549 2871 ἀπαιτοῦντες
1576 2821 1737 2876 προσ-

205 2915 334 2980 άγειν
361 2915 429 2975 ὡς
460 2913 620 2981 ἱερεῖς
652 2909 732 2977 τῷ
764 2905 950 2977 Θεῷ.”
1001 2977 1004 2979 Α

811 3173 970 3226 ΚΕΦ.
1011 3172 1133 3223 KA'.

209 3270 336 3340 Στίχ.
363 3270 459 3340 με’.
484 3269 587 3340 κΤίς
608 3266 727 3340 ἄρα
749 3262 934 3318 ἐστὶν
970 3256 1231 3340 smsz
1250 3254 1470 3340 δοῦλος
1485 3252 1591 3340 est}
1605 3253 1743 3340 φρρέ

267 3322 541 3407 ν’ῖμὸς,ὃν
564 3322 957 3412 nario-graia“
984 3332 1017 3382 ό
1062 3328 1258 3393 κύριος
1293 3322 1474 3376 αὐτοῦ
1499 3322 1596 3374 ἐπὶ
1635 3322 1742 3388 τῆς

265 3407 559 3460 θεοαπείαρ
589 3407 784 3457 αὐτου
805 3417 828 3460 ;

295 3417 559 3474 εραπείας
589 3417 784 3457 αὐτου
805 3417 828 3462 ;

269 3496 371 3564 (19)
387 3496 533 3565 Τάχα
559 3491 888 3564 παροξύνων
918 3488 998 3548 εἰς
1016 3483 1074 3537 τὸ
1101 3483 1327 3554 ζητῆσαι
1349 3482 1444 3534 ἕνα
1469 3480 1584 3534 τινὰ
1607 3478 1741 3532 σπά-

207 3604 322 3642 νιον.
349 3589 420 3656 Τῇ
450 3585 559 3656 γὰρ
589 3582 686 3636 τοῦ
721 3580 846 3648 ἄρα
885 3574 1179 3646 ἀμφιϐολίᾳ
1221 3573 1282 3623 τὸ
1329 3570 1545 3622 σπάνιον
1577 3565 1743 3630 ἔδειξε

208 3675 291 3728 τοῦ
316 3674 546 3726 τοιούτου
574 3669 895 3739 οἰκονόμου,
928 3664 1020 3716 καὶ¹
1045 3663 1141 3714 οὐκ
1168 3660 1322 3714 ἄλλον
1354 3656 1513 3712 αὑτοῦ
1539 3657 1628 3708 τὸν
1654 3673 1744 3707 πι-

209 3757 316 3810 στὸν
363 3759 453 3810 καὶ
489 3757 758 3828 φρόνιμον
801 3749 1079 3817 οἰκονόμον
1102 3745 1283 3808 εἰδὼς,
1313 3741 1746 3812 κατασταθμαζό-

215 3863 353 3915 μενον
391 3849 481 3900 ἐπὶ
515 3849 630 3907 τοῖς
669 3842 769 3896 τοῦ
815 3837 1028 3908 Πατρὸς
1055 3836 1266 3907 ἔργοις,
1299 3833 1439 3900 λέγω
1477 3832 1532 3884 δὲ
1568 3833 1656 3884 ἐπὶ
1680 3833 1744 3900 τῇ

209 3938 583 4008 ἀνθρωπότητι.
623 3936 715 3997 Ὧς
738 3931 852 4001 γὰρ
873 3929 1000 3998 περὶ
1022 3926 1206 3996 ἐτέρου
1235 3923 1396 3990 λέγει,
1429 3921 1748 3982 ὲπισκιάζων

209 4005 322 4080 αὑτό
351 4031 416 4097 τῇ
449 4005 731 4097 ὑπερϐολῇ
763 4021 864 4090 τῆς
895 4017 1102 4085 σοφίας.
1134 4013 1322 4066 Δοῦλον
1343 4013 1398 4064 δὲ
1424 4010 1608 4064 ἑαυτὸν
1631 4005 1748 4061 εἷπε

207 4113 282 4168 διὰ
312 4115 368 4167 τὸ
401 4115 616 4184 μορφὴν
643 4110 837 4164 δούλου
870 4106 1070 4160 λαϐεῖν.
1104 4103 1242 4170 Ὅρα
1273 4101 1329 4153 δὲ
1359 4101 1404 4151 εἰ
1433 4098 1504 4169 μὴ
1533 4097 1751 4150 τοιαῦτα

207 4207 625 4276 ὲγχειρισθέντας
667 4200 1000 4260 ἐπισκόπους
1035 4196 1126 4248 καὶ
1151 4193 1490 4254 διδασκάλους
1519 4191 1752 4242 δυσωπεῖ

205 4300 232 4351 ό
258 4299 403 4366 λόγος
428 4297 714 4368 φρονίμως
741 4291 956 4358 ἑκάστῳ
973 4287 1040 4339 τὰ
1065 4288 1182 4340 κατ’
1206 4284 1355 4348 ἀξίαν
1384 4283 1632 4353 χρῆσθαι,
1660 4281 1750 4332 καὶ

206 4390 566 4458 ἐπιστημόνως
626 4383 733 4445 τὰς
792 4374 1160 4446 πνευματικὰς
1207 4373 1508 4426 διατάσσειν
1553 4370 1751 4441 τροφὰς

209 4455 726 4548 καιρῷηποσότητος,
761 4468 1059 4537 ποιότητος.
1094 4463 1165 4515 Τὸ
1187 4462 1264 4525 δὲ,
1305 4463 1398 4548 Τίς
1421 4460 1552 4528 ἄρα,
1583 4455 1752 4524 εἶπεν,

206 4546 389 4633 οὺχ-ὧς
419 4561 658 4630 ἀγνοῶν,
693 4556 808 4610 ἀλλ’
840 4556 926 4607 ἴνα
957 4552 1030 4622 μὴ
1059 4547 1532 4620 περιεργάζωνται.
1567 4546 1729 4615 Ἀρμό

211 4653 280 4718 ζει
320 4654 375 4706 δὲ
407 4654 435 4704 ὁ
465 4653 631 4718 λόγος
665 4649 758 4702 καὶ
795 4643 934 4698 κατὰ
961 4641 1155 4703 παντὸς
1191 4638 1282 4691 τοῦ
1318 4635 1756 4706 ὲμπιστευθέντος

207 4759 256 4793 τι
279 4741 422 4812 παρὰ
465 4739 564 4793 τοῦ
600 4735 742 4789 Θεοῦ
765 4774 780 4798 ,
819 4734 924 4785 είτε
951 4730 1203 4800 χρήματα
1226 4764 1240 4789 ,
1280 4727 1387 4777 εἴτε
1419 4724 1620 4793 ἀρχὴν,
1651 4723 1755 4774 εἴτε

207 4831 512 4884 δυναστείαν
548 4829 722 4896 ἄλλην
747 4823 886 4876 τινά.
927 4819 1182 4888 Δεύτερον
1208 4815 1263 4868 δὲ
1295 4815 1593 4866 ἁπαιτεῖται
1624 4815 1652 4864 ό
1681 4814 1755 4865 οἰ·-

212 4923 428 4991 κονόμος
458 4921 650 4972 πίστιν
687 4915 777 4968 καὶ
802 4911 1084 4981 φρόνησιν,
1118 4909 1204 4960 ἵνα
1233 4907 1364 4974 μήτε
1392 4901 1559 4974 κλέψῃ
1580 4902 1647 4954 τὰ
1670 4902 1752 4954 δε-

213 5011 452 5073 σποτικὰ,
484 5008 628 5063 ἀλλὰ
665 5007 759 5058 καὶ
791 5002 1012 5063 δεόντως
1045 4997 1180 5054 αὐτὰ
1210 4994 1552 5062 οίκονομήσῃ.
1575 4995 1643 5045 Ἦ
1665 4993 1753 5045 τὸν

213 5101 390 5170 ἔχοντα
435 5099 577 5169 πρὸς
623 5095 758 5146 Θεὸν
807 5088 1007 5158 ἀγαθὴν
1042 5086 1356 5154 συνείδησιν,
1417 5083 1507 5133 καὶ
1545 5081 1618 5152 μὴ
1656 5082 1755 5149 ἀφ-

216 5191 488 5258 ιστάμενόν
523 5201 678 5246 τινος
699 5181 807 5234 τῶν
849 5179 1085 5232 δεόντων.
1133 5177 1239 5231 Καὶ
1283 5175 1370 5226 τὸν
1415 5171 1583 5240 ὀρθῶς
1618 5171 1756 5224 διδά-

219 5297 406 5332 σκοντα
434 5278 588 5345 λέγει
631 5272 844 5326 πιστόν.
875 5269 1128 5338 Φρόνιμον
1161 5266 1215 5317 δὲ
1251 5265 1338 5316 τὸν
1365 5262 1437 5331 μὴ
1455 5262 1756 5332 παραφερό-

221 5389 370 5440 μενον
399 5375 520 5432 ταῖς
553 5367 670 5420 τῶν
696 5360 976 5432 αἱρετικιῖΝ
1013 5359 1377 5428 μωρολογίαις,
1400 5353 1532 5407 ἀλλὰ
1556 5354 1757 5423 διακρί-

219 5479 366 5516 νοντα
407 5460 471 5513 τὸ
518 5454 751 5526 ἀκριϐὲς
794 5449 886 5502 τοῦ
926 5448 1174 5518 λόγου,ἢ
1215 5447 1300 5498 τὸν
1341 5442 1416 5512 μὴ
1445 5444 1755 5513 πειρόμενον

285 5578 417 5646 (15⁴)
442 5572 576 5646 νΟῘς.
613 5572 779 5646 [torte
807 5560 898 5626 ὢν,
932 5565 1011 5618 vel
1038 5566 1091 5617 ἐν
1117 5560 1214 5626 οἷς.
1246 5562 1400 5616 Eutr.

289 5637 410 5716 (ιω
437 5637 605 5716 Forte
813 5703 846 5716 υ

289 5703 402 5785 (17)
435 5712 617 5768 Locus
638 5703 716 5765 ἷιιι
725 5703 948 5774 peditus.

1825 1916 2099 1986 Templum
2147 1914 2396 1983 quidem,
2458 1926 2574 1980 quae
2601 1912 2654 1964 in
2684 1911 2798 1980 ipso
2843 1908 3113 1981 [‘stelletta
3165 1907 3348 1986 sensa]

1825 1983 2152 2062 nota'divini
2192 2004 2388 2072 templi.
2432 2003 2633 2066 Coloni,
2672 2003 2826 2070 primi
2874 2002 2946 2056 illi
2995 1983 3189 2070 quibus
3235 2016 3352 2055 cre-

1827 2098 1936 2152 dita
1972 2104 2095 2150 sunt
2136 2095 2345 2163 eloquia
2390 2093 2525 2147 Dei:
2570 2093 2760 2162 quibus
2796 2106 3014 2160 peregre
3061 2091 3351 2159 proﬁcisci-

1827 2197 1913 2241 tur
1943 2186 1994 2240 in
2025 2185 2293 2253 speculam
2343 2199 2516 2248 suam,
2549 2198 2728 2238 ansam
2759 2183 3020 2252 prabens,
3055 2197 3116 2234 ex
3149 2181 3212 2236 iis
3237 2195 3354 2250 qua:

1829 2276 1942 2343 ipse
1977 2275 2331 2342 plantaverat,
2359 2287 2535 2341 sepem
2562 2273 3037 2339 circumposuerat,
3071 2269 3351 2333 effuderat,

1829 2364 2205 2425 :ediﬁcaverat,
2251 2363 2480 2416 fructum
2533 2360 2761 2416 ferendi.
2805 2360 3021 2429 Tempus
3069 2360 3353 2429 fructuum,

1831 2469 1984 2522 quem
2019 2454 2231 2508 notavit
2258 2451 2663 2521 paterfamilias,
2693 2452 2807 2506 sine
2836 2451 2996 2506 dubio
3020 2466 3124 2505 non
3153 2460 3272 2506 erat
3299 2460 3358 2503 ut

1831 2543 1952 2597 folia
1997 2543 2319 2609 produceret
2366 2539 2450 2594 vel
2495 2539 2671 2603 ﬁores,
2727 2549 2816 2593 aut
2855 2549 3092 2606 turgeret
3139 2541 3192 2592 in
3245 2553 3358 2591 om-

1832 2629 2101 2697 phacium.
2153 2637 2243 2680 aut
2287 2626 2750 2680 vindemiaretur:
2799 2627 2924 2694 quin
2967 2627 3140 2692 potius
3205 2634 3358 2679 erant

1834 2721 2038 2773 fructus
2089 2717 2466 2785 simplicitatis,
2497 2715 2890 2783 adimpletionis
2920 2716 3089 2778 verbi,
3119 2724 3210 2768 aut
3237 2730 3359 2783 pro-

1834 2807 2004 2862 fectus
2049 2808 2098 2859 in
2131 2807 2420 2860 virtutibus
2450 2803 2535 2856 vel
2565 2803 2700 2857 initii
2727 2820 2740 2856 :
2771 2802 2974 2857 fructus
3011 2804 3135 2857 item
3177 2803 3358 2861 chari-

1789 2937 1793 2946 .
1837 2899 1980 2961 tatis,
2028 2895 2244 2966 gaudii,
2291 2895 2456 2963 pacis,
2498 2903 2553 2948 et
2594 2893 2802 2961 reliqui.
2852 2893 3030 2956 Servi,
3079 2903 3203 2947 sunt
3241 2907 3359 2962 pro-

1791 2977 2028 3057 'phette,
2066 2987 2154 3055 qui
2207 2983 2510 3052 spirituales
2566 2983 2770 3037 fructus
2839 2981 3122 3051 exigebant
3169 2982 3362 3039 oﬂ‘erre
3443 2987 3446 2994 '

1764 3139 1810 3199 C

1840 3088 2088 3147 tanquam
2139 3075 2441 3130 sacerdotes
2473 3073 2598 3128 Deo.

2416 3159 2565 3214 CAP.
2594 3159 2780 3215 XXIV.

1839 3257 1907 3314 ν.
1931 3257 2019 3311 45.
2053 3255 2185 3333 Quis.
2208 3270 2328 3333 ergo
2360 3262 2436 3333 est
2464 3252 2633 3332 ﬁdelis
2656 3269 2830 3307 seruus
2857 3265 2904 3307 et
2937 3255 3194 3333 prudens,“
3213 3270 3363 3324 quem

1947 3325 2210 3379 constituit
2232 3324 2470 3376 dominus
2498 3324 2608 3388 ejus
2645 3339 2798 3390 super
2817 3324 3023 3378 servitio
3053 3339 3145 3375 suo
3170 3324 3194 3376 Ρ

1906 3439 2065 3494 Forte
2103 3437 2223 3508 (hoc
2254 3436 2570 3506 interrogat)
2603 3436 2880 3490 stimulans
2915 3436 2979 3488 ad
3025 3435 3364 3502 quaerendum

1839 3547 2000 3585 unum
2028 3530 2257 3598 aliquem
2277 3543 2456 3583 rarum
2485 3527 2770 3584 hominem.
2796 3526 3054 3593 Ambigua
3077 3525 3218 3578 enim
3246 3539 3367 3593 par-

1842 3621 1998 3675 ticula
2026 3637 2166 3689 ergo,
2192 3623 2470 3676 raritatem
2496 3619 2726 3674 ostendit
2748 3617 3014 3672 mconomi
3042 3613 3367 3683 huiusmodi,
3397 3619 3401 3632 '

1843 3726 1940 3766 nec
1960 3711 2117 3764 alium
2166 3726 2322 3779 quam
2366 3725 2423 3764 se
2469 3709 2674 3762 ﬁdelem
2709 3723 2772 3761 ac
2815 3707 3124 3774 prudentem
3153 3717 3371 3760 oecono-

1843 3817 1985 3854 mum
2011 3802 2201 3864 sciens,
2233 3798 2536 3869 praefectum
2562 3797 2809 3867 operibus
2831 3796 3023 3861 Patris,
3052 3794 3370 3849 humanitati

1845 3891 2079 3958 inquam.
2128 3889 2400 3958 Tanquam
2429 3889 2574 3941 enim
2623 3887 2688 3940 de
2716 3887 2882 3941 altero
2915 3886 3166 3953 loquitur,
3193 3885 3373 3938 obum-

1845 3985 2007 4037 brans
2040 3983 2091 4035 id
2141 3981 2336 4036 eximia
2389 3980 2668 4049 sapientia.
2701 3978 2924 4033 Vocavit
2957 3991 3114 4046 porro
3159 3991 3370 4031 servum

1845 4087 1963 4127 sese
1993 4081 2207 4140 pr0pter
2226 4079 2550 4139 assumptam
2581 4069 2717 4123 servi
2744 4069 2990 4122 formam.
3013 4065 3143 4121 Vide
3170 4081 3298 4120 vero
3325 4067 3373 4120 si

1848 4179 1950 4218 non
1992 4163 2271 4232 episcopos
2305 4171 2359 4214 et
2386 4162 2632 4214 doctores
2661 4158 2854 4224 quibus
2905 4156 3030 4209 talia
3066 4156 3371 4210 concredita

1849 4256 1991 4319 suiit’,
2029 4261 2242 4307 moneat
2271 4252 2458 4315 oratio,
2493 4260 2549 4304 ut
2590 4249 2878 4319 prudenter
2905 4248 3027 4316 quis
3050 4261 3146 4316 pro
3194 4247 3372 4316 cujus-

1848 4356 1948 4408 que
1977 4341 2234 4408 dignitate
2272 4347 2472 4400 utatur,
2521 4350 2583 4390 ac
2612 4337 2744 4391 scite
2784 4335 3085 4403 spirituales
3125 4335 3374 4404 diSponat

1784 4461 1827 4514 Β
1854 4433 2001 4486 cibos
2026 4429 2338 4498 tempestiva
2367 4428 2658 4497 quantitate
2674 4435 2727 4480 et
2752 4425 3031 4495 qualitate.
3058 4423 3214 4490 Illud,
3243 4423 3373 4490 Quis

1854 4539 1993 4592 ergo,
2023 4524 2156 4576 dixit
2194 4537 2295 4575 non
2329 4530 2577 4586 tanquam
2622 4519 2890 4586 ignorans,
2928 4520 3018 4572 sed
3063 4527 3121 4570 ut
3145 4531 3245 4571 non
3275 4530 3374 4570 cu-

1856 4618 1994 4670 riose
2019 4614 2378 4669 sciscitentur.
2402 4611 2655 4678 Congruit
2685 4609 2844 4662 etiam
2873 4609 3042 4662 oratio
3079 4617 3131 4661 et
3157 4608 3375 4661 cuicun-
3414 4592 3421 4600 ’

1853 4721 1955 4774 que
1980 4704 2236 4758 creditum
2259 4711 2340 4754 est
2361 4701 2629 4768 quidpiam
2659 4714 2690 4752 a
2712 4697 2840 4760 Deo,
2871 4698 2982 4752 sive
3002 4711 3130 4765 opes
3159 4695 3372 4760 fuerint,

1855 4795 1965 4848 sive
1995 4792 2356 4862 magistratus,
2394 4789 2504 4842 sive
2537 4796 2770 4855 potestas
2821 4787 2998 4856 aliqua
3030 4787 3152 4840 alia.
3181 4785 3376 4840 Deinde

1856 4885 2083 4951 exigitur
2112 4882 2178 4936 ab
2207 4893 2484 4936 (nconomo
2512 4879 2642 4932 ﬁdes
2673 4888 2726 4933 et
2748 4877 3044 4947 prudentia,
3080 4887 3258 4930 utnec
3288 4874 3374 4927 fu-

1855 4987 2001 5032 retur
2027 4974 2234 5034 herilis,
2255 4973 2379 5040 quin
2407 4971 2661 5038 potius,ut
2685 4967 2995 5037 parest,illa
3022 4966 3371 5020 adininistret.

1857 5066 1949 5120 Vel
1981 5063 2186 5118 ﬁdelem
2214 5063 2341 5116 dicit
2373 5076 2515 5123 cum,
2541 5060 2628 5128 qui
2670 5061 2736 5112 ad
2775 5058 2936 5111 Deum
2970 5057 3163 5109 bonam
3216 5053 3376 5106 habet

1857 5157 2255 5218 conscientiam,
2290 5167 2387 5207 nec
2415 5151 2640 5206 discedit
2661 5161 2967 5219 aquaquam
2988 5159 3167 5200 carum
3203 5153 3374 5194 rerum

1858 5265 1989 5319 quas
2015 5247 2126 5302 ﬁeri
2158 5254 2387 5313 oportet,
2447 5245 2678 5310 itemque
2705 5254 2824 5293 eum
2849 5237 2940 5304 qui
2971 5243 3117 5288 recte
3170 5231 3373 5283 doceat.

1857 5342 2177 5397 Prudentem
2197 5352 2323 5392 vero
2343 5336 2492 5398 dicit,
2515 5333 2604 5402 qui
2634 5345 2737 5384 non
2763 5337 3095 5383 transversus
3115 5320 3288 5388 agitur
3314 5314 3379 5365 ab

1859 5433 2228 5494 haereticorum
2293 5428 2453 5483 fatuis
2511 5421 2914 5484 assertionibus,
2973 5414 3068 5469 sed
3127 5406 3376 5477 diiudicat

1927 5554 2035 5624 (18)
2061 5553 2218 5624 Forte
2240 5547 2566 5624 περιωπῄν..

1937 5617 2047 5694 (Ψ)
2073 5622 2269 5679 Confer
2291 5617 2430 5678 e'dita
2456 5617 2660 5670 Latina.
