3914 6470
177 484 215 550 ὦ

73 526 420 731 {etiam

107 732 202 808 si

112 778 128 809 τι

204 713 230 748 ’θ
409 706 482 801 τξλ
500 713 708 801 Δφῶμεν.
731 759 748 784 ,
781 727 948 781 κατά
1099 698 1208 782 τοῦ,
1227 698 1432 801 Κυρίου⁸
1459 698 1632 797 λόγον.
1664 732 1726 782 Ai

131 785 321 902 :54???
347 792 646 902 lambant
677 809 794 880 τὴν
820 814 1079 887 ἐπιμελῆ
1105 785 1330 888 σπουδὴν
1351 818 1481 888 πρὸς
1499 785 1594 888 τὴν
1623 817 1728 870 τῶν

150 882 338 965 MM”
377 886 666 960 ἐργασίαν
720 882 1025 972 φρόνιμοι
1044 882 1150 958 ’ναί
1181 905 1237 958 δὲ
1271 882 1485 974 ἀμελεῖς
1511 882 1726 972 μωραὶ,

179 998 240 1044 πῃ
259 980 603 1050 προσήκοντα
631 989 847 1058 καιρὸν
872 992 1222 1047 ἀναλώσασαι
1244 996 1322 1056 είς
1350 995 1446 1063 τὴν
1482 992 1588 1045 τῶν
1623 1009 1725 1063 μα-

183 1078 310 1134 ταίων
362 1073 624 1145 σπουδήν.
672 1077 756 1130 Τὸ
799 1079 894 1144 δὲ,
945 1081 1283 1140 ἐκάθευδον.
1334 1082 1430 1152 τὴν
1481 1081 1726 1151 κοίμησιν

189 1169 255 1224 τοῦ
305 1167 525 1223 θανάτου
574 1165 770 1237 λέγει’
833 1171 899 1224 τὸ
962 1172 1302 1241 μεσονύκτιον
1349 1173 1424 1238 δὲ,
1455 1172 1513 1225 τὸ
1553 1172 1727 1239 αἰφνί-

183 1265 280 1316 διον
295 1261 440 1332 δηλοῖ
464 1262 560 1314 καὶ
585 1260 647 1312 τὸ
683 1261 1118 1330 ἀπροσδόκητον,
1141 1260 1254 1330 ἃμα
1288 1262 1378 1313 καὶ
1408 1261 1466 1312 τὸ
1488 1260 1724 1330 φοϐερόν.

181 1355 274 1407 Καὶ
306 1352 432 1418 ταῖς
464 1352 564 1421 μὲν
602 1349 1059 1416 ἑξαγαστάσαις
1090 1351 1343 1419 πάρεστιν
1376 1349 1411 1402 ἃ.
1441 1350 1726 1402 ὲπόνεσαν⁶

172 1443 259 1512 τὴν
285 1443 345 1494 δὲ
373 1440 643 1511 ῥᾳθυμίαν
670 1439 783 1510 (27)
809 1441 934 1510 περὶ
956 1440 1052 1509 τὴν
1066 1439 1336 1492 εὐσέϐειαν
1369 1439 1525 1508 μηδὲν
1547 1440 1727 1506 ὲπιφε-

1360 530 1638 588 SCHOLIA
1680 531 1746 585 lN
1784 528 2210 586 MATTHEUM.

3234 541 3332 598 30"

468 616 798 716 ὀφθαλμὸν
834 633 1210 710 διατηροῦσα,
1245 642 1379 696 ὥστε
1408 639 1724 710 φωτίζεσθαι

1826 641 1915 695 fiat
1941 651 2108 695 totum
2133 654 2325 708 corpus
2345 649 2599 708 nostrum,
2622 642 2768 712 juxta
2790 643 2991 700 Domini
3016 658 3328 716 sermonem.

1824 732 1947 795 Qua
1975 731 2134 798 igitur
2155 730 2388 800 virgines
2429 733 2666 803 diligenti
2707 735 2884 789 studio
2913 749 3021 790 usa:
3069 746 3193 791 sunt
3239 754 3334 808 pro

1823 819 2166 874 exsecutione
2219 823 2624 886 mandatorum,
2689 823 2966 889 prudentes
3026 833 3189 879 sunt:
3221 839 3334 894 qum

1823 919 1952 960 vero
1991 906 2270 962 incuriose
2302 908 2534 973 fuerunt,
2562 910 2755 978 fama,
2786 926 3074 979 congruum
3129 921 3335 982 tempus

1824 992 2190 1061 impendentes’
2226 997 2275 1049 in
2301 998 2530 1050 studium
2570 1013 2749 1052 rerum
2776 999 3033 1053 inanium.
3067 1000 3194 1054 illud
3215 1001 3336 1053 dor-

1822 1085 2062 1150 mierunt,
2096 1085 2463 1142 dormitionem
2490 1088 2676 1141 mortis
2707 1087 2878 1141 innuit
2906 1107 2922 1142 :
2956 1090 3330 1144 medinoctinm

1825 1188 1969 1237 vero,
2008 1176 2336 1244 repentinum
2367 1185 2571 1245 tempus
2601 1177 2858 1240 declarat,
2910 1193 2972 1232 ac
3000 1179 3331 1248 inexspecta-

1825 1274 1956 1329 tum,
1978 1264 2237 1332 simulque
2269 1265 2520 1320 terribile.
2547 1266 2623 1319 Ac
2643 1267 2966 1334 surgentibus
2987 1268 3196 1334 quidem
3224 1269 3334 1320 fru-

1824 1362 1938 1406 ctus
1965 1353 2115 1407 adest
2143 1352 2378 1407 laborum
2405 1368 2653 1408 suorum:
2688 1357 2986 1410 socordium
3012 1371 3156 1420 vero,
3177 1358 3334 1411 nihil-

1824 1455 1926 1508 que
1947 1441 2087 1495 circa
2111 1442 2361 1508 pietatem
2391 1455 2787 1512 occupatarum,
2834 1444 3018 1512 incipit
3049 1444 3338 1499 dormitare

172 1530 413 1600 ρομένων
437 1531 666 1599 ἄρχεται
691 1528 1068 1597 στυγνάζεινὴ
1095 1526 1256 1596 ψυχὴ,
1284 1527 1377 1580 καὶ
1395 1527 1549 1579 οἱονεὶ
1576 1542 1729 1578 καταο

165 1615 514 1679 σϐέννυσθαι,
539 1616 634 1668 καὶ
661 1617 742 1678 είς
769 1613 1190 1685 παραφροσύνην
1217 1615 1428 1683 χωρεῖν,
1454 1612 1588 1664 ὥστε
1613 1614 1726 1682 οίη-

162 1706 330 1773 θῆναι
359 1705 531 1767 αὐτὰς
554 1704 644 1757 διὰ
674 1705 776 1773 τῆς
806 1704 1004 1774 ἐτέρων
1044 1703 1257 1772 ἀρετῆς.
1293 1702 1380 1754 Διὸ
1410 1701 1729 1770 ἀποδοκιμά-

156 1794 379 1858 ζονται,
393 1793 658 1860 λεγόντων
687 1792 933 1853 ἐκείνων,
950 1789 1188 1856 Μήποτε
1210 1793 1317 1844 οὐκ
1339 1791 1572 1857 ἀρκέσει
1591 1790 1729 1858 ἡμῖν

155 1879 265 1931 καὶ
301 1880 465 1947 ὑμῖν.
496 1879 774 1933 Πωλοῦσι
806 1879 865 1931 δὲ
895 1880 955 1932 τό
982 1879 1154 1932 ἔλαιον
1178 1880 1227 1931 ol
1267 1879 1594 1941 διδάσκοντες
1636 1896 1724 1948 μι-

155 1967 300 2022 όθοῦ
321 1969 666 2040 προσεδρείᾳ,
699 1971 973 2040 προσοχῆς
996 2007 1011 2034 ,
1039 1969 1380 2038 φιλομαθίας,
1402 1969 1720 2038 φιλοπονίας.

151 2057 228 2109 ’Ἡ
255 2058 614 2122 πωλοῦντές
638 2059 747 2110 είσι
770 2058 1040 2128 προφῆται
1065 2097 1079 2120 ,
1102 2056 1414 2120 ἀπόστολοι,
1451 2057 1723 2124 εὐαγγελι-

154 2147 283 2200 erat
299 2184 316 2210 ,
360 2148 435 2200 δι’
457 2142 534 2201 ὧν
549 2165 634 2211 τις
654 2148 1011 2218 μαθητευθεὶς
1026 2148 1120 2217 τὴν
1142 2147 1335 2218 ἀρετὴν
1366 2147 1663 2218 ἐργάζεται.

810 2237 968 2290 ΚΕΦ.
1007 2238 1110 2289 ΚΖ¹

154 2325 311 2395 Στιχ.
349 2325 441 2379 ta’.
484 2324 599 2395 Kal
642 2325 1026 2395 ἐπηρώτησεν
1063 2323 1309 2395 αὐτὸν-ὀ
1337 2325 1581 2395 ἡγεμὼν,
1623 2325 1722 2379 λέ-

329 2412 487 2459 των·
519 2394 605 2446 Σὺ
638 2391 695 2446 εἴ
725 2390 1069 2457 δ’βασιλεὺς
1099 2390 1214 2444 τῶν
1251 2390 1565 2454 Ἰουδαίων;

239 2483 331 2546 Ὠς
383 2483 480 2535 ἐπὶ
519 2483 764 2552 δημοσίῳ
808 2483 1107 2551 ἐγκλήματι
1149 2482 1533 2550 κατακριθέντα
1569 2482 1724 2535 αὑτὸν

1894 2482 2168 2552 Tanquam
2213 2485 2278 2539 de
2304 2486 2528 2541 crimine
2572 2488 2784 2555 publico
2828 2489 3128 2545 damnatum
3160 2491 3327 2546 inter.

157 2572 342 2642 ἐρωτᾷ
373 2571 616 2634 Πιλᾶτος
644 2571 820 2638 λέγων
841 2589 855 2602 ο
892 2572 973 2625 Σὺ
1005 2568 1063 2624 εἷ
1080 2573 1112 2624 ό
1133 2571 1424 2635 ,βασιλεὺς
1448 2571 1564 2624 τῶν
1595 2573 1724 2626 Ἰου-

1823 2584 1970 2645 rogat
2003 2588 2122 2628 eum
2161 2573 2384 2641 Pilatus,
2408 2575 2586 2630 dicens
2615 2593 2630 2630 :
2660 2576 2736 2631 Tu
2779 2594 2830 2632 es
2861 2595 2951 2632 rea;
2984 2579 3287 2634 Judworum
3309 2582 3334 2634 1'

158 2662 385 2724 datur;
438 2663 613 2731 Ζητεῖ
675 2660 1051 2732 μυκτηρίζων,
1103 2659 1135 2729 ἢ
1175 2660 1516 2729 ἀμφιϐάλλων
1560 2660 1724 2723 οὕτως

1823 2659 2018 2726 Quaerit
2047 2661 2396 2725 subsannans,
2419 2663 2504 2715 vel
2530 2663 2776 2719 dubitans
2807 2665 2885 2719 sic
2910 2667 3216 2736 interrogat.
3238 2666 3329 2723 Je-

159 2752 362 2822 ἐρωτᾷ.
412 2751 473 2802 '0
503 2751 564 2802 δὲ
603 2748 810 2818 Ἰησοῦς
831 2749 1038 2819 ἡρέμα,
1066 2747 1496 2816 ὑπαινιττόμενος
1521 2748 1580 2800 τὸ
1606 2749 1722 2811 ναὶ,

1823 2763 1912 2802 sus
1937 2761 2064 2803 vero
2093 2749 2370 2817 tranquille
2399 2750 2720 2803 subinnuens
2741 2751 3166 2817 alﬁrmationem,
3210 2765 3330 2808 tan-

158 2840 240 2902 ὡς
270 2842 489 2894 πάντων
527 2838 832 2910 ἀνθρώπων
867 2837 1131 2907 βασιλεὺς,
1166 2836 1267 2906 ἔφη
1298 2837 1376 2900 τὸ,
1409 2836 1489 2889 Σὺ
1515 2835 1721 2904 λέγεις.

1823 2851 1979 2904 quam
1999 2838 2234 2890 omnium
2261 2837 2527 2890 hominum
2561 2853 2675 2904 rex,
2704 2839 2813 2894 ait:
2848 2839 2923 2893 Τιι
2951 2841 3104 2896 dicis.
3153 2840 3332 2910 Siqui-

174 2931 327 2983 Ἐπεὶ
371 2933 400 2983 ὁ
451 2931 557 2999 μὲν
605 2929 893 2998 ἀρχιερεὺς
934 2926 1254 2990 δικαστικῶς
1308 2925 1488 2995 ἠρώτα
1533 2925 1720 2992 λέγων’

1823 2925 1938 2979 dem
1965 2924 2200 2994 pontifex
2250 2924 2476 2994 juridico
2516 2941 2661 2980 more
2697 2927 3074 2997 interrogabat,
3104 2932 3284 2985 dicens
3313 2946 3329 2984 :

163 3019 310 3071 Εἰπὲ
351 3019 506 3088 ἡμῖν
547 3020 604 3071 εὶ
645 3017 728 3073 σὺ
761 3012 819 3069 εἴ
849 3019 882 3070 ό
906 3014 1232 3081 βασιλεὺς,
1265 3014 1486 3076 Πιλάτος
1512 3013 1566 3066 δὲ
1593 3015 1724 3066 ἀπο-

1828 3009 1920 3068 Dic
1941 3015 2104 3080 nobis,
2131 3015 2176 3067 si
2198 3023 2252 3066 tu
2267 3030 2318 3068 es
2339 3029 2428 3067 rea:
2453 3014 2496 3046 “
2522 3029 2538 3079 ;
2571 3023 2626 3068 at
2645 3015 2846 3071 Pilatus
2887 3031 2982 3085 per
3033 3019 3328 3086 simplicem

165 3109 462 3176 φαντικῶς.
510 3108 661 3177 Ὅρα
711 3105 767 3157 δὲ
817 3106 865 3157 εί
903 3105 976 3175 μὴ
1020 3105 1079 3157 τὸ
1124 3105 1250 3174 μὲν,
1289 3102 1370 3156 Σὺ
1405 3104 1601 3168 εἴπας,
1651 3101 1724 3171 τῷ

1823 3103 2252 3158 enuntiationem.
2300 3103 2432 3158 Vide
2465 3117 2658 3172 porro,
2711 3105 2754 3160 si
2790 3121 2892 3158 non
2927 3105 3066 3159 aliud
3098 3117 3152 3159 ιιι
3194 3107 3332 3160 dixi-

166 3197 408 3268 ἑρχιερεῖ
453 3197 792 3265 λεγόμενον,
831 3193 922 3246 τὸν
964 3193 1249 3260 δισταγμὸν
1291 3191 1448 3245 αὐτοῦ
1474 3191 1724 3263 λεληθότα

1823 3194 1890 3246 sti
1920 3193 1984 3256 ι’,
2019 3192 2154 3260 quod
2178 3191 2416 3260 pontifici
2459 3207 2765 3279 responsum
2810 3204 2912 3261 est,
2947 3195 3328 3250 dubitationem

1827 3277 1934 3302 ΑΞ.--
1974 3279 2275 3302 ..1.12..2--,.....
2306 3279 2534 3302 -..---.-:.
2558 3297 2570 3302 -
2602 3278 2729 3302 811--)
2753 3294 2873 3302 ---Α
2923 3279 2997 3302 η’-.
3032 3282 3150 3302 .1:_:_
3195 3297 3288 3302 .._-_
3317 3283 3328 3302 I

165 3284 372 3355 ἐλέγχει
397 3303 412 3317 ο
462 3285 530 3336 τὸ
570 3283 662 3347 δὲ,
692 3283 775 3335 Σὺ
808 3281 1031 3349 λέγεις,
1073 3281 1148 3350 τῷ
1181 3280 1421 3350 Πιλάτῳ,
1453 3280 1548 3351 τὴν
1591 3279 1724 3333 ἀπό-

1823 3277 1937 3345 ejus
1971 3279 2277 3334 obliviosam
2303 3277 2572 3348 coarguit:
2602 3278 2731 3334 illud
2753 3294 2898 3345 vero,
2923 3279 3000 3334 Tu
3024 3282 3173 3346 dicis,
3189 3283 3328 3350 quod

1824 1533 2016 1594 anima,
2048 1540 2102 1584 et
2132 1532 2517 1600 quodammodo
2559 1533 2822 1602 exstingui
2852 1547 2914 1587 ac
2966 1534 3020 1586 in
3069 1533 3338 1603 desipien-

1825 1619 1948 1672 tiam
1979 1621 2177 1685 venire,
2203 1623 2332 1676 adeo
2355 1630 2414 1675 ut
2442 1622 2816 1690 suspicandum
2847 1623 2912 1677 de
2938 1622 3041 1677 illis
3065 1623 3334 1677 videretur

1823 1715 2037 1775 propter
2059 1707 2279 1763 aliarum
2305 1709 2574 1762 virtutem.
2605 1707 2779 1774 Quare
2813 1711 3197 1778 reprobantur,
3255 1711 3334 1763 di-

1824 1794 2063 1848 centibus
2083 1795 2218 1849 illis:
2245 1794 2327 1849 Ne
2345 1797 2480 1864 forte
2511 1813 2614 1850 non
2628 1798 2843 1866 sufﬁciat
2870 1797 3014 1850 nobis
3042 1807 3089 1849 et
3112 1797 3250 1850 vobis
3267 1798 3330 1852 ¹⁵.

1827 1883 1989 1936 Porro
2005 1885 2223 1936 vendunt
2248 1885 2420 1937 oleum
2451 1885 2510 1948 ii,
2533 1886 2623 1955 qui
2664 1886 2856 1940 docent
2899 1887 2967 1941 ob
3027 1887 3324 1940 mercedem

1822 1971 2160 2039 praelationis,
2195 1975 2524 2040 attentionis,
2550 1975 2883 2038 eruditionis,
2901 1975 3198 2030 industriae.
3225 1978 3332 2030 Aut

1820 2061 2102 2114 venditores
2129 2071 2250 2115 sunt
2279 2064 2562 2131 prophetae,
2588 2065 2828 2132 apostoli,
2851 2064 3210 2135 evangelista,
3241 2078 3333 2134 per

1819 2162 1949 2217 quos
1971 2149 2092 2217 quis
2121 2151 2362 2205 eruditus
2392 2153 2640 2205 virtutem
2670 2164 2900 2208 exercet.

2379 2240 2525 2295 CAP.
2553 2240 2760 2296 XXVII.

1823 2327 1884 2383 V.
1917 2329 2001 2383 ii.
2035 2327 2100 2380 Et
2135 2329 2858 2453 interrogfgtlztgzmprm’es,
2905 2333 3074 2388 dicens
3095 2346 3115 2387 .'
3173 2331 3249 2386 Tu
3280 2349 3332 2387 es

2673 2416 2752 2451 um

1753 1945 1794 1998 Β

166 3392 324 3442 φασιν
349 3374 520 3428 αὑτοῦ
563 3375 748 3444 κυροῖ.
785 3367 894 3424 Ἦν
923 3371 1031 3440 γὰρ
1065 3370 1309 3438 βασιλεὺς
1346 3368 1438 3422 τοῦ
1482 3369 1720 3440 Ἰσραὴλ,

171 3463 306 3532 μήτε
329 3462 506 3516 είπὼν
537 3462 666 3524 ναὶ,
703 3461 790 3513 ἵνα
820 3459 894 3530 μὴ
921 3459 992 3529 δῷ
1019 3457 1230 3527 εὔλογον
1254 3458 1498 3530 ἀφορμὴν
1528 3459 1602 3528 τῷ
1623 3461 1720 3511 Πι-

164 3549 309 3618 λάτῳ
339 3548 758 3612 καταδικάζειν.

242 3639 347 3711 (28)
393 3640 500 3693 Διά
532 3640 597 3692 τὸ
635 3637 1045 3708 ἀμετάτρεπτον
1080 3635 1254 3689 αὐτῶν
1284 3636 1398 3690 οὐδὲ
1423 3636 1598 3700 αὐτοῖς
1627 3637 1718 3689 ἀν-

161 3729 550 3797 τιφθέγγεται,
585 3727 787 3790 Καλῶς
817 3727 874 3779 δὲ
919 3726 1038 3779 οὐδὲ
1073 3725 1149 3794 τῷ
1189 3725 1398 3794 Πιλάτῳ
1433 3725 1717 3796 ἀπεκρίθη,

1823 3365 1995 3420 Pilato
2010 3365 2300 3435 respondit,
2323 3365 2740 3423 enuntiationem
2761 3364 2876 3432 ejus
2891 3366 3186 3420 confirmat.
3206 3366 3331 3418 Erat

1824 3467 2054 3519 namque
2075 3467 2164 3506 rex
2201 3452 2360 3506 Israel
2386 3470 2399 3505 :
2433 3459 2608 3506 etnon
2630 3451 2762 3505 dixit
2785 3467 2884 3516 nae,
2915 3463 2972 3505 ut
2999 3467 3102 3506 non
3133 3453 3330 3521 praebe-

1827 3547 1912 3593 ret
1942 3539 2107 3595 Pilato
2130 3540 2425 3608 speciosam
2446 3551 2625 3590 ansam
2653 3535 2797 3590 illum
2825 3537 3133 3591 damnandi.

1895 3625 2179 3694 Propterea
2210 3626 2347 3694 quod
2379 3626 2634 3693 ejusmodi
2663 3635 2816 3681 erant
2839 3626 2926 3694 qui
2952 3625 3185 3680 converti
3217 3625 3328 3678 nol~

1823 3717 1954 3780 ient,
1983 3715 2112 3770 nihil
2139 3715 2267 3785 ipsis
2293 3716 2583 3784 respondit.
2603 3713 2829 3769 Pulchre
2871 3723 3048 3768 autem
3075 3730 3138 3769 ne
3164 3714 3332 3768 Pilato

163 3817 256 3867 ὅτι
287 3817 616 3887 ἀμφιϐάλλει
652 3817 702 3868 εί
732 3815 836 3884 χρὴ
863 3814 1022 3868 αὐτὸν
1047 3814 1179 3884 πρὸς
1209 3813 1303 3876 τὰς
1328 3813 1535 3876 ἀδίκους
1561 3831 1721 3882 κατη-

1826 3805 2034 3875 quidem
2067 3804 2352 3872 respondit,
2397 3805 2519 3872 quia
2568 3804 2774 3860 dubitat
2807 3807 2850 3859 sl
2883 3812 3126 3874 Oporteat
3161 3806 3326 3872 ipsum

161 3906 357 3974 γορίας
390 3905 814 3974 ἀπολογεῖσθαι,
842 3904 936 3957 καὶ
963 3904 1043 3956 ὅτι
1083 3903 1421 3971 διχογνωμῶν
1456 3905 1566 3955 ἐστι
1598 3903 1721 3972 περὶ

1825 3907 2008 3950 contra
2030 3894 2250 3961 injustas
2271 3895 2632 3948 accusationes
2659 3908 2718 3948 se
2737 3909 2984 3963 purgare,
3010 3903 3063 3948 et
3091 3895 3210 3962 quia
3235 3907 3322 3946 an-

166 3996 369 4050 αὐτῶν.
409 3997 582 4066 Δῆλον
620 3995 732 4064 γὰρ
769 3989 868 4064 ἦν,
908 3995 1016 4057 ὃτι,
1043 3995 1090 4045 εἰ
1113 3991 1474 4061 ἀπελογήσατο
1500 3992 1590 4045 καὶ
1621 4008 1724 4046 πα-

1823 4002 1947 4056 ceps
1974 3997 2056 4041 est
2110 3986 2178 4041 de
2229 3986 2354 4039 illis.
2387 3984 2724 4039 Manifestum
2773 3987 2912 4041 enim
2947 3996 3083 4050 erat,
3111 3985 3232 4053 quia
3283 3987 3324 4040 si

169 4085 435 4157 ρέστησεν
469 4085 664 4138 ἑαυτὸν
687 4083 860 4136 οὐδενὶ
877 4082 984 4152 (29)
1017 4081 1192 4150 ἔνοχον
1226 4080 1388 4149 ὲγκλή
1398 4097 1578 4150 ματος,
1617 4082 1721 4132 άπ-

1823 4083 2096 4146 purgasset
2131 4089 2210 4138 se,
2244 4088 2406 4142 seque
2456 4075 2701 4128 evicisset
2745 4074 2873 4126 nulli
2906 4073 3190 4126 obnoxium
3222 4073 3326 4127 cri-

173 4175 363 4228 Θωσεν
403 4177 469 4230 ἂν
503 4179 532 4229 6
568 4175 831 4243 δικαστὴς
861 4173 1037 4236 αὐτὸν,
1081 4171 1252 4224 λαϐὼν
1275 4171 1386 4224 ὁδὸν
1406 4169 1496 4222 τοῦ
1522 4169 1724 4240 χρηστά

1824 4164 1973 4228 mini,
2002 4163 2287 4216 dimisisset
2307 4162 2486 4229 utique
2513 4159 2655 4214 illum
2675 4159 2859 4227 judex,
2891 4161 3030 4212 viam
3060 4158 3318 4228 arripiens

175 4265 316 4332 περὶ
335 4265 491 4317 αὐτοῦ
524 4260 924 4332 ἀποφήνασθαι.
959 4261 1113 4315 Ὅθεν
1143 4261 1234 4314 καὶ
1273 4262 1300 4313 ὁ
1325 4257 1540 4328 ἡγεμὼν
1565 4258 1721 4310 ἐθαύ-

1823 4251 2007 4304 bonam
2044 4250 2110 4304 de
2160 4249 2250 4304 illo
2299 4250 2441 4303 ferre
2504 4248 2842 4303 sententiam.
2885 4249 3238 4314 Quamobrem
3267 4261 3320 4303 et

179 4352 354 4416 μαζεν
384 4353 563 4415 αὑτὸν,
599 4353 720 4413 πῶς
743 4391 758 4413 ,
795 4350 1082 4419 δυνάμενος
1107 4349 1276 4401 εἰπεῖν
1307 4346 1500 4408 πολλὰς
1532 4346 1721 4399 ἀπολο-

1823 4355 2014 4409 ρηθεειι
2040 4339 2403 4393 admirabatur
2424 4351 2568 4400 eum,
2600 4337 2862 4404 quomodo
2885 4350 3004 4390 cum
3027 4345 3206 4404 posset
3231 4350 3325 4403 pro

177 4435 346 4500 τίσι,
390 4438 614 4492 ὲσιώπα.
665 4438 758 4490 Διὸ
792 4438 884 4489 καὶ
920 4437 994 4498 ὼς
1035 4434 1197 4488 θέλων
1243 4433 1400 4486 αὑτὸν
1440 4431 1719 4496 ἀπολῦσαι,

1823 4445 1878 4486 se
1899 4429 2089 4483 multas
2138 4425 2325 4481 afferre
2375 4425 2631 4488 rationes,
2667 4433 2888 4498 taceret.
2923 4424 3123 4479 Idcirco
3169 4422 3323 4479 etiam

176 4527 277 4586 εἰς
304 4529 438 4582 τοῦτο
459 4530 619 4583 αὐτὸν
633 4526 999 4597 προετρέπετο
1015 4524 1142 4592 (50)⁶
1167 4524 1244 4576 ὅτι
1268 4520 1372 4590 γὰρ
1393 4521 1564 4590 φθόνῳ
1587 4537 1722 4591 παρ-

1823 4516 1968 4585 quasi
1999 4515 2180 4569 volens
2208 4513 2351 4566 illum
2384 4511 2675 4573 absolvere,
2709 4509 2775 4562 ad
2804 4510 2906 4564 hoc
2949 4510 3094 4564 illum
3137 4525 3327 4579 provo-

176 4613 374 4684 εδὸθη,
426 4620 518 4671 καὶ
557 4617 779 4684 Πιλάτῳ
815 4613 968 4684 δῆλον
997 4609 1084 4683 ἦν.
1137 4613 1244 4680 Οὐχ
1283 4610 1461 4673 ἁπλῶς
1493 4609 1548 4661 δὲ
1593 4609 1719 4661 θαυ-

1823 4607 1994 4660 cabat.
2039 4604 2172 4669 Quia
2205 4605 2345 4658 enim
2377 4601 2572 4655 invidia
2607 4599 2830 4654 traditus
2853 4599 3046 4683 fuerat,
3078 4602 3126 4653 id
3158 4600 3322 4655 Pilato

178 4700 384 4769 βιάζει,
426 4706 556 4759 ἀλλὰ
595 4707 690 4760 καὶ
726 4705 878 4756 λίαν·
920 4701 1059 4770 τάχα
1101 4701 1195 4770 μὲν
1236 4698 1324 4752 διὰ
1364 4699 1424 4750 τὸ
1468 4698 1723 4768 ἄτρεπτον

1823 4692 2156 4747 manifestum
2199 4699 2332 4745 erat.
2361 4689 2474 4743 Non
2509 4689 2816 4756 simpliciter
2840 4703 2968 4741 vero
3015 4688 3326 4752 mirabatur,

174 4789 303 4840 καὶ
325 4792 572 4865 ἀτάραχον
603 4793 770 4848 αὑτοῦ
796 4797 932 4862 πρὸς
951 4791 1188 4853 θάνατον,
1216 4789 1306 4841 καὶ
1327 4790 1383 4840 ὲν
1411 4786 1612 4848 τούτοις
1630 4802 1724 4852 γα-

1823 4780 1909 4835 sed
1935 4787 1988 4833 ct
2016 4783 2349 4833 vehementer.
2381 4776 2604 4830 Fortean
2637 4786 2856 4844 propter
2887 4777 3238 4830 constantiam
3274 4777 3340 4828 et'

173 4879 358 4948 ληνὸν
377 4885 463 4938 τοῦ
489 4885 782 4956 προσώπου
806 4899 820 4913 ο
856 4882 890 4951 ἢ
915 4881 1006 4934 καὶ
1035 4878 1130 4950 τὴν
1166 4879 1300 4947 ὑπὲρ
1324 4876 1594 4946 ἄνθρωπον
1625 4875 1722 4927 αὐ-

171 4969 295 5022 τεῦ
329 4975 684 5046 μακροθυμίαν
714 4968 1044 5040 ἐθαύμαζεν.

1821 4867 2397 4936 imperturbabilitatem
2435 4863 2549 4930 ejus
2575 4867 2828 4920 adversus
2853 4873 3098 4928 mortem,
3124 4879 3186 4918 ac
3206 4879 3328 4933 pro.

1821 4965 2002 5023 pterea
2026 4955 2094 5010 ob
2118 4954 2454 5010 serenitatem
2487 4954 2685 5008 vultus.
2713 4953 2805 5008 Vel
2831 4953 2989 5007 etiam
3013 4952 3327 5020 longanimi-

1824 5053 1984 5098 tatem
2016 5043 2130 5110 ejus
2155 5042 2425 5110 plusquam
2453 5040 2734 5095 humanam
2767 5040 3147 5095 admirabatur.

259 5139 419 5208 Εἰκὸς
447 5148 564 5217 ἄρτι
589 5143 941 5198 ὑποσπόνδων
967 5140 1260 5208 γενομένων
1294 5134 1573 5204 Ῥωμαίοις
1605 5135 1724 5186 ’1ου-

1892 5130 2099 5195 Merito,
2125 5143 2242 5182 cum
2268 5143 2452 5183 recens
2479 5127 2726 5183 Romanis
2744 5128 2940 5184 foedere
2963 5129 3132 5196 juncti
3153 5137 3329 5182 essent

160 5225 392 5296 δειεων,
436 5235 494 5287 τὸ
535 5232 930 5304 κεχαρισμένον
969 5228 1145 5311 αὐτοῖς
1187 5225 1347 5295 ᾧοντο
1377 5226 1435 5276 ὲν
1476 5222 1728 5311 τῇηὲορτῇ

161 5325 604 5392 συγχωρεῖσθαι.
649 5323 760 5374 Καὶ
796 5317 967 5372 Σαοὺλ
1004 5317 1091 5378 δὲ,
1121 5314 1468 5383 συγχωρήσας
1507 5310 1582 5378 τῷ
1620 5310 1730 5379 λαῷ

153 5402 290 5456 τὸν
333 5411 593 5476 Ἰωνάθαν,
621 5412 770 5481 δηλοί
796 5408 922 5478 πρὶν
941 5405 1116 5466 αὐτοῖς
1138 5404 1227 5455 καὶ
1252 5401 1502 5454 τοιοῦτον.
1541 5399 1624 5460 Ὠς
1644 5415 1728 5449 νο·-

1823 5218 2009 5282 .ludaei,
2041 5217 2176 5284 quod
2207 5226 2411 5284 gratum
2444 5215 2570 5284 ipsis
2614 5226 2790 5282 esset,
2825 5215 3081 5284 putabant
3109 5215 3162 5266 in
3196 5216 3330 5265 festo

1824 5305 2227 5362 concedendum.
2254 5304 2374 5357 Saul
2409 5305 2565 5358 etiam
2610 5305 2906 5360 concedens
2935 5303 3124 5370 popqu
3174 5300 3331 5352 Jona-

1827 5398 1972 5458 tban,
2003 5395 2110 5464 jam
2141 5393 2337 5463 pridem
2365 5393 2561 5462 aliquid
2593 5391 2895 5464 hujusmodi
2918 5388 3091 5443 innuit
3117 5386 3242 5438 illis.
3264 5382 3332 5435 Ut

261 5560 323 5590 "
343 5563 518 5620 Matth.
539 5579 667 5627 xxv,
684 5564 743 5617 9.
817 5559 860 5590 ¹⁸
883 5557 1067 5611 Matth.
1092 5571 1230 5621 xxvr,
1257 5555 1340 5610 65.
1441 5556 1481 5585 ⁸⁷
1527 5553 1653 5608 ibid.
1678 5555 1766 5608 64.

257 5671 388 5742 (27)
417 5678 592 5730 Locus
611 5673 902 5742 deficiens.
1243 5735 1254 5742 _
1600 5732 1640 5742 ..

1889 5667 1995 5742 (ἓεξ)
2031 5668 2112 5742 ἕρ
2145 5666 2368 5742 οΰδβνεεςο
2498 5733 2518 5742 -
2783 5729 2806 5742 .

257 5671 388 5742 (97)
417 5678 592 5730 Locus
611 5673 891 5727 deﬁciens.
1907 5667 1995 5730 ‘29)
2033 5668 2112 5720 An
2145 5667 2368 5728 οὐδενός.
2895 5725 2908 5740 ⁹

251 5737 384 5810 ζῖὃ)
420 5745 630 5797 Nullum
649 5808 660 5810 _
680 5738 996 5810 _ascribitur
1064 5735 1286 5789 auctoris
1343 5749 1550 5790 nomen.
1600 5732 1720 5789 lla‘c
1880 5667 2005 5810 jac)
2030 5735 2123 5788 Hic
2147 5746 2200 5788 et
2228 5734 2364 5810 infra
2392 5733 2574 5810 confer
2605 5734 2742 5788 edita
2783 5729 3001 5784 Latina,
3022 5723 3077 5768 et
3107 5708 3356 5778 quaedam

159 5801 439 5866 rcfer’ad
466 5825 606 5865 vers.
641 5807 731 5860 η.
1825 5801 1980 5858 etiam
2013 5803 2273 5858 contraria
2306 5801 2386 5856 his
2407 5803 2656 5870 reperies.
