3914 6450
201 459 289 512 309

1367 463 1646 520 SCHGLlA
1687 462 1750 515 IN
1788 464 2210 523 MATTHASUM.

3253 475 3354 528 310

199 579 354 646 ζητεῖ,
379 578 466 630 καὶ
507 576 636 646 ἑξῆς
654 593 668 606 ο
696 581 815 644 καὶ,
847 581 1037 635 Ὅταν
1061 583 1336 652 ὑψώσητε
1355 586 1458 640 τὸν
1477 585 1606 638 Υῖὸν
1626 585 1718 639 τοί

1829 589 1995 651 saetis,
2025 589 2144 656 quia
2185 604 2274 656 ego
2308 604 2424 640 sum
2464 589 2529 638 “.
2566 587 2698 642 Erat
2737 586 2928 654 quippe
2952 586 3102 654 longe
3129 590 3352 641 admira-

197 666 482 734 ἀνθρώπου
515 668 651 719 τότε
679 671 1029 737 γνώσεσθε,
1061 673 1145 726 ὅτι
1172 673 1281 743 ἐγώ
1316 679 1450 743 εἰμι.
1482 676 1586 727 Καὶ
1629 676 1735 747 γὰρ

197 757 355 827 πολλῷ
377 756 816 828 θαυμαστότερον
846 762 943 812 ἐπὶ
969 762 1061 814 τοῦ
1102 763 1327 834 σταυροῦ
1371 765 1735 835 προσηλουμέ-

197 867 276 902 νου
297 848 456 901 ταῦτα
486 848 743 916 γενέσθαι
771 849 806 920 ἢ
839 855 938 906 ἐπὶ
963 854 1065 923 γῆς
1106 854 1417 922 βαδίζοντος.
1463 856 1535 908 Οὐ
1569 857 1736 928 ταύτῃ

197 939 246 991 δὲ
278 937 422 1008 μόνον
444 937 504 989 τὸ
528 938 835 1007 παράδοξον
862 937 954 1012 ἦν,
983 942 1093 995 ἀλλ’
1119 944 1197 995 ὅτι
1226 945 1318 997 καὶ
1365 947 1428 997 ὲκ
1454 945 1546 998 τοῦ
1573 947 1733 1016 οὑρα-
1756 1003 1758 1006 ,

198 1028 276 1080 νοῦ
312 1027 520 1095 γέγονεν
558 1030 700 1100 ὅπερ
731 1029 967 1102 ἐζήτουν
985 1073 1000 1099 ,
1039 1034 1134 1087 καὶ
1163 1034 1259 1086 ἐπὶ
1287 1033 1488 1088 πᾶσαν
1511 1035 1624 1103 τὴν
1649 1040 1732 1089 οὶ-

198 1116 490 1185 κουμένην,
514 1118 652 1189 ὅπερ
679 1119 806 1171 οὐδὲ
839 1121 1104 1193 πρότερον
1130 1124 1344 1194 συνέϐη,
1368 1125 1478 1177 ἀλλ’
1495 1126 1549 1177 ὲν
1571 1125 1732 1192 Αίγύ-

198 1222 299 1274 πτῳ
342 1207 530 1275 μόνον,
572 1209 662 1259 ὅτε
692 1209 792 1261 καὶ
850 1211 914 1264 τὸ
956 1211 1145 1280 Πάσχα
1194 1214 1444 1266 ἐτελεῖτο·
1499 1216 1591 1267 καὶ
1627 1215 1733 1285 γὰρ

198 1296 355 1347 ἐκεῖνα
384 1296 545 1358 τύπος
581 1292 650 1366 ἦν
673 1298 909 1355 τούτων.
938 1303 1050 1354 Ἵνα
1073 1302 1179 1372 γὰρ
1220 1303 1292 1373 μὴ
1322 1305 1540 1358 εῐπωσιν
1565 1305 1734 1357 ἐκλει-

196 1386 274 1452 ψιν
295 1381 503 1437 εἶναιτὸ
547 1387 948 1457 γεγενημένον,
979 1390 1064 1442 διὰ
1096 1391 1250 1443 τοῦτο
1291 1395 1356 1460 τῇ
1399 1393 1458 1444 ιδ’
1497 1393 1728 1460 γίνεται,

196 1475 271 1527 ὅτε
289 1473 510 1543 ἔκλειψιν
539 1493 600 1527 συ
610 1475 820 1546 μϐῆναι
847 1479 1144 1548 ἀμήχανον.
1184 1481 1269 1534 Ἐν
1296 1481 1430 1551 μέσῃ
1453 1482 1509 1533 δὲ
1533 1482 1727 1552 ἡμέρᾳ,

197 1565 271 1616 ἵνα
295 1566 479 1628 πάντες
504 1566 552 1618 οἱ
577 1565 680 1635 τὴν
707 1567 817 1636 γῆν
853 1569 1123 1632 οἰκοῦντες
1150 1570 1403 1639 μάθωσιν,
1433 1572 1510 1622 ὅτι
1536 1587 1730 1624 παντα-

194 1655 278 1724 χοῦ
310 1655 401 1724 τῆς
430 1656 755 1726 οἰκουμένης
805 1658 992 1729 ἡμέρα
1035 1655 1120 1729 ἦν.
1162 1660 1268 1712 Καὶ
1304 1659 1511 1727 Φλέγων
1551 1661 1605 1712 δέ
1645 1678 1727 1723 τις

195 1744 310 1812 παρ’
358 1744 565 1814 Ἕλλησι
604 1743 909 1816 φιλόσοφος
944 1748 1204 1818 μέμνηται
1243 1748 1428 1800 τούτου
1469 1748 1561 1800 τοῦ
1601 1751 1720 1801 σκόο

193 1847 338 1894 τους,
375 1832 443 1895 ὡς
472 1833 788 1903 παραδόξως
830 1837 1195 1908 γεγενημένου
1221 1839 1278 1889 ὲν
1317 1840 1380 1907 τῇ
1418 1839 1476 1889 ιδ’
1500 1838 1596 1906 τῆς
1643 1856 1724 1890 σε-

1839 675 1992 730 bilius
2017 677 2059 729 si
2099 676 2209 729 haac
2245 676 2434 730 fierent
2455 690 2516 729 eo
2543 676 2687 729 cruci
2738 674 2946 737 sulIixo,
2987 689 3142 742 quam
3195 691 3348 744 super

1837 777 1975 820 terra
2003 765 2301 819 incedente.
2328 763 2441 818 Non
2475 765 2574 818 hac
2605 773 2807 818 tantum
2845 765 3047 817 ratione
3085 778 3208 816 vero
3239 775 3349 816 stu-

1831 856 2056 923 pendum
2086 865 2219 916 erat,
2251 857 2340 908 sed
2365 855 2486 923 quia
2511 855 2670 908 etiam
2697 855 2760 909 de
2781 855 2918 908 coelo
2939 853 3186 922 fuitquod
3217 870 3348 922 qua:-

1833 946 2039 1008 rebaut,
2070 955 2115 996 et
2145 960 2296 1011 super
2317 946 2602 998 universam
2630 957 2844 1007 terram,
2875 944 3017 1012 quod
3081 958 3346 1011 nunquam

1832 1043 1986 1086 antea
2021 1034 2270 1102 contigit;
2303 1035 2395 1086 sed
2442 1033 2493 1086 in
2527 1032 2760 1103 Egyplo
2813 1035 3091 1098 duntaxat,
3139 1035 3350 1102 quando

1829 1131 1882 1176 et
1904 1123 2099 1190 pascha
2129 1124 2513 1177 celebrabatur.
2544 1124 2633 1177 Illa
2681 1123 2820 1177 enim
2871 1132 3021 1191 typus
3050 1132 3198 1178 erant
3255 1127 3351 1177 ho-

1831 1225 1969 1264 rum.
2004 1209 2072 1263 Ut
2096 1226 2160 1264 ne
2181 1212 2320 1264 enim
2357 1213 2592 1266 dicereut
2637 1212 2854 1279 eclipsin
2897 1212 3056 1265 fuisse
3095 1213 3236 1280 quod
3259 1227 3350 1265 ac-

1828 1300 2047 1363 ciderat,
2075 1311 2355 1368 prapterea
2395 1302 2600 1355 decima
2645 1311 2830 1369 quarta
2862 1301 3104 1368 conligit,
3135 1304 3349 1368 quando

1828 1387 1954 1441 solis
1993 1388 2274 1456 deliquium
2318 1391 2624 1459 contingere
2676 1390 3001 1458 impossibile
3051 1391 3343 1444 estchdia

1828 1476 1948 1528 item
1988 1476 2108 1540 die,
2149 1488 2409 1531 utomnes
2449 1479 2628 1532 orbem
2663 1478 3016 1532 inhabitantes
3041 1479 3342 1544 discerent,

1827 1566 2022 1634 ubique
2049 1574 2310 1619 terrarum
2335 1567 2474 1621 diem
2509 1567 2692 1621 fuisse.
2727 1566 2950 1632 Quidam
2987 1567 3145 1618 etiam
3190 1564 3344 1618 Phle-

1824 1669 1924 1720 gon
1952 1655 2160 1723 gentilis
2181 1653 2524 1725 philosophus
2549 1657 2736 1708 harum
2763 1655 3098 1708 tenebrarum
3124 1656 3346 1708 mentio-

1824 1759 1942 1798 nem
1975 1745 2120 1808 facit,
2163 1755 2410 1814 tanquam
2463 1762 2578 1815 quae
2639 1757 2827 1815 praeter
2857 1747 3010 1800 [idem
3055 1748 3346 1801 acciderint

1822 1831 1944 1884 luna
1967 1833 2168 1886 decima
2187 1841 2394 1901 quarta,
2421 1835 2639 1902 quando
2667 1846 2858 1888 natura
2888 1850 2994 1888 non
3022 1835 3123 1887 fert
3148 1847 3202 1888 ut
3225 1851 3346 1889 cono

196 1921 377 1991 λήνηςο
415 1923 495 1974 ὅτε
527 1923 584 1974 οὐ
609 1923 872 1991 πέφυκεν
913 1925 1147 1994 ἔκλειψις
1176 1926 1430 1993 γίνεσθαι,
1469 1928 1554 1978 ὅτε
1594 1927 1718 1979 πολὺ

1825 1921 2132 1989 tingatsolis
2149 1922 2437 1991 deliquium
2463 1939 2479 1988 ;
2513 1926 2725 1992 quando
2752 1924 2904 1991 longe
2937 1925 3084 1978 abest
3112 1925 3238 1978 solis
3265 1925 3344 1977 tli-

194 2009 365 2078 ἁπέχει
402 2011 458 2062 τό
486 2012 574 2063 τοῦ
617 2012 780 2082 ἡλίου
826 2014 1133 2086 διάστημα,
1165 2017 1284 2068 ὅσον
1315 2017 1406 2069 ἀπ’
1442 2017 1610 2086 ἀρχῆς
1631 2017 1718 2069 τοῦ

1822 2012 2037 2075 stantia,
2068 2022 2319 2080 quantum
2348 2013 2582 2067 abinitio
2615 2015 2680 2067 ad
2709 2015 2991 2068 terminum
3026 2014 3169 2069 caeli.
3192 2013 3339 2067 Tunc

193 2103 397 2172 ούρανοῦ
428 2104 528 2168 ἕως
563 2104 777 2169 τέλους.
825 2107 963 2160 Τότε
1005 2107 1110 2177 γὰρ
1157 2107 1386 2175 γίνονται
1428 2107 1686 2176 ἐκλείψεις
1706 2146 1720 2171 ,

193 2192 300 2245 ὅταν
338 2193 701 2263 πλησιάσωσιν
741 2195 999 2266 ἀλλήλοις
1041 2198 1089 2248 οἱ
1115 2196 1208 2248 δύο
1244 2191 1383 2248 οὗτοι
1425 2198 1718 2266 φωστῆρες.

194 2282 380 2335 Γίνεται
399 2283 502 2354 γὰρ
522 2283 768 2354 ἔκλειψις
799 2287 954 2356 ἡλίου
997 2286 1281 2350 συνοδικῶς
1320 2288 1722 2359 ὑποδραμούσης

193 2372 334 2425 αὑτὸν
358 2374 604 2444 σελήνης,
640 2377 704 2428 ού
739 2377 1082 2448 πανσελήνῳ,
1105 2378 1192 2430 ὅτε
1215 2377 1494 2448 διάμετρός
1515 2381 1625 2431 ὲστι
1653 2381 1717 2448 τῇ

197 2460 387 2531 σελήνῃ.
412 2462 578 2514 Τοῦτο
602 2463 660 2515 δὲ
681 2466 939 2532 γέγονεν,
961 2466 1036 2527 ὡς
1060 2466 1350 2530 πενθούσης
1374 2467 1472 2535 τῆς
1498 2468 1719 2530 κτίσεως

195 2549 272 2601 ἐπὶ
297 2549 365 2618 τῷ
391 2554 669 2619 γεγονότι,
713 2555 815 2608 καὶ
848 2555 935 2607 διὰ
973 2554 1130 2607 τοῦτο
1167 2553 1450 2624 δηλούσης,
1480 2555 1590 2617 ὅτι,
1624 2557 1719 2624 τῆς

193 2639 442 2709 παροινίας
472 2641 676 2712 ταύτης
720 2643 1058 2714 πραχθείσης
1092 2643 1151 2707 ἐξ
1193 2643 1481 2707 Ἰουδαίων,
1514 2644 1718 2696 ἐσκοτί-

195 2728 277 2795 σθη
314 2729 480 2782 αὐτῶν
517 2733 546 2784 6
589 2731 751 2795 νοῦς,
781 2733 880 2786 καὶ⁵
921 2733 1126 2803 ἀπέστη
1159 2733 1248 2784 ἀπ’
1273 2731 1445 2784 αὐτῶν
1477 2734 1504 2784 6
1537 2733 1718 2801 νοητὸς

190 2815 334 2885 ἥλιος.
377 2819 497 2872 Εἴτε
537 2819 648 2891 γὰρ
694 2821 866 2874 αὐτὸν
905 2822 1145 2890 ἐνόμιζον
1175 2818 1327 2871 τοῦτο
1353 2821 1714 2890 πεποιηκέναι,

191 2906 280 2958 ἔδει
308 2908 582 2962 πιστεῦσαι
605 2909 704 2962 καὶ
729 2911 1060 2980 φοᾶηθῆναι·
1095 2908 1201 2961 εἴτε
1239 2909 1334 2960 οὐκ
1366 2908 1552 2972 αὑτὸν,
1586 2908 1716 2962 ἀλλὰ

189 2997 262 3050 τὸν
285 2999 513 3069 Πατέρα,
548 3001 646 3054 καὶ
676 3002 745 3053 ὲκ
774 3001 963 3054 τούτου
995 3001 1101 3052 ἔδει
1126 3002 1504 3071 κατανυγῆναι.
1545 3001 1718 3071 Ὀργι-

190 3087 388 3156 ζομένου
405 3089 511 3159 γὰρ
531 3085 599 3159 ἦν
625 3091 689 3143 τὸ
714 3091 910 3153 σκότος
935 3092 1127 3152 ἐκεῖνο,
1151 3090 1243 3141 καὶ¹
1268 3090 1458 3158 δεῖγμα
1475 3088 1566 3141 τοῦ
1589 3089 1715 3158 μέλ-

190 3175 344 3242 λοντος
371 3177 544 3232 λαϐεῖν
569 3182 699 3242 τοὺς
728 3180 1034 3249 Θεομάχους
1052 3195 1110 3230 τε
1135 3179 1225 3230 καὶ
1261 3179 1585 3248 μιαιφόνους.
1621 3178 1715 3232 Διὰ

190 3266 322 3319 τοῦτο
343 3268 444 3340 γὰρ
467 3270 604 3338 μετὰ
630 3271 857 3322 πάντων
877 3269 972 3360 τῆς
1002 3268 1108 3338 (56)
1133 3269 1409 3338 παροινίας
1443 3268 1599 3360 -τθῦῖο
1628 3269 1712 3336 γε’
1739 3305 1779 3360 C

190 3371 338 3416 νεται,
369 3357 451 3409 ὅτε
475 3358 634 3428 κόρος
656 3358 823 3411 ελαδε
841 3357 946 3410 τῶν
981 3360 1335 3427 σκωμμάτων,
1373 3358 1465 3410 καὶ
1505 3357 1712 3411 πάντων

189 3443 482 3513 ὲφθέγξαντο
509 3447 610 3500 ὃσα
643 3448 820 3518 ηθέλη
829 3464 946 3503 σαν.

784 3537 938 3589 ΚΕΦ.
978 3537 1105 3590 κη’.

189 3618 315 3692 Σκτίχ.
365 3631 449 3695 ιη’.
501 3624 716 3693 Ἐδόθη
748 3642 850 3744 μσς
877 3624 1076 3746 gaioli.
1104 3625 1348 3690 ἐξουσία
1379 3629 1446 3681 ἐν
1485 3629 1710 3696 οὐρανῷ

752 3709 828 3745 κα
909 3709 952 3744 π
1002 3712 1132 3746 me.

752 3709 849 3745 και
877 3709 973 3746 em
1002 3712 1132 3762 της.

247 3780 328 3843 Τδ,
371 3783 566 3850 Ἐδόθη
587 3801 694 3852 μοι
722 3782 889 3837 πᾶσα
929 3783 1195 3848 ἐξουσία,
1217 3785 1308 3838 καὶ
1334 3785 1477 3855 ἑξῆς,
1510 3787 1587 3850 εἰς
1613 3789 1710 3858 τὴν

191 3870 569 3943 ὲνανθρώπησιν
611 3875 748 3926 νόει.
788 3875 850 3925 Et
892 3874 948 3925 δὲ
982 3874 1075 3926 καὶ
1114 3875 1192 3936 είς
1227 3875 1322 3943 τὴν
1351 3875 1704 3944 θεότητα......

190 3959 386 4032 θεωρεῖν
403 3963 538 4032 (⁸57),
569 3965 667 4017 καὶ
698 3962 840 4015 οὕτω
867 3963 1009 4034 λήψῃ
1030 3962 1090 4014 τὸ
1105 3961 1304 4029 Ἐδόθη
1322 3981 1418 4030 μοι
1443 3965 1704 4027 ἐξουσία,

189 4050 291 4102 ἀντὶ
336 4051 426 4103 τοῦ
466 4053 788 4120 Ἐχωρήθη.
825 4051 1030 4118 Ἐδόθη
1051 4091 1065 4115 ,
1098 4051 1292 4122 ἠνέχθη
1325 4069 1432 4121 μοι,
1461 4053 1585 4121 περὶ
1615 4051 1705 4104 τοῦ

188 4140 502 4206 αὑτεξουσίου
537 4141 886 4210 ἐπιστεύθην.
925 4138 1119 4210 Χώραν
1160 4140 1312 4208 έσχεν
1352 4141 1384 4209 ἡ
1415 4139 1522 4210 ζωὴ
1563 4140 1707 4210 πρῶ-

185 4242 262 4278 τον
289 4231 377 4298 μὲν
408 4233 463 4282 ὲν
487 4233 602 4292 τοῖς
635 4230 769 4292 ἄνω,
793 4223 909 4280 εἶτα
937 4226 1029 4280 νῦν
1060 4228 1152 4279 καὶ
1174 4230 1229 4279 ὲν
1279 4230 1389 4290 τοῖς
1430 4228 1593 4281 κάτω·
1616 4227 1706 4290 οὒς

187 4314 485 4387 θαρροῦντες
516 4320 815 4389 βαπτίσατε
850 4320 928 4381 είς
958 4316 1018 4369 τὸ
1044 4317 1210 4386 ὄνομα
1236 4317 1326 4369 τοῦ
1355 4317 1587 4387 Πατρὸς,
1614 4318 1706 4370 καὶ

185 4407 265 4457 τοῦ
295 4409 417 4460 Υίοῦ
437 4449 452 4471 ,
487 4410 585 4462 καὶ⁵
619 4409 714 4461 τοῦ
763 4407 918 4475 ἁγίου
950 4405 1277 4476 Πνεύματος.
1311 4400 1405 4468 Εἷς
1442 4407 1471 4456 6
1502 4405 1702 4468 σώζων,

189 4495 270 4563 μία
305 4497 338 4566 η
378 4499 638 4568 σωτηρία.
677 4493 773 4559 Εἷς
815 4499 844 4549 6
883 4495 988 4558 ζῶν
1019 4495 1235 4565 Πατὴρ,
1269 4495 1296 4547 6
1338 4494 1492 4558 Υἱὸς,
1525 4495 1617 4548 καὶ
1645 4493 1704 4547 τὺ

186 4581 316 4646 ἆγιον
343 4583 582 4653 Πνεῦμα.
629 4581 723 4646 Εἷς
768 4587 910 4636 ἐστιν
953 4583 1012 4634 ού
1054 4582 1334 4651 συναλοιφῇ
1374 4581 1477 4634 τῶν
1503 4584 1698 4653 τριῶν,
1731 4601 1774 4655 D

184 4668 283 4720 ἀλλ’
309 4673 460 4743 οὐσία
484 4675 586 4743 μιᾷ
603 4690 618 4704 ο
647 4677 795 4744 τρεῖς
819 4672 874 4725 δὲ
901 4673 1216 4733 ὑποστάσεις
1237 4671 1432 4723 τέλειαι
1463 4673 1520 4723 ὲν
1544 4673 1693 4737 πᾶσι,

184 4762 265 4813 καὶ
295 4764 631 4833 κατάλληλοι.
666 4763 824 4816 Κατὰ
873 4761 1028 4830 φύσιν
1076 4761 1356 4829 ἐγέννησεν
1397 4761 1425 4812 6
1473 4760 1690 4830 Πατήρ·

183 4849 349 4922 διόπερ
388 4854 667 4922 ὀμοούσιος
715 4851 992 4920 ἐγεννήθη.
1047 4851 1118 4903 Οὐ
1170 4849 1324 4919 σῶμα
1374 4850 1402 4901 6
1445 4847 1695 4910 Θεός·διὰ

182 4939 320 4992 τοῦτο
347 4943 440 4995 ούκ
454 4943 778 5012 ἀσταρεῦσιν
804 4940 912 5010 (58)
938 4939 971 5009 ἢ
1002 4939 1224 5008 κίνησιν,
1253 4938 1285 5008 ἦ
1313 4954 1363 4988 τι
1394 4936 1499 4988 τῶν
1521 4936 1692 4988 τοιού-

182 5041 294 5089 των,
313 5027 349 5080 ἃ.
373 5030 430 5081 ὲν
460 5032 574 5092 τοῖς
607 5028 816 5096 σώμασι
854 5025 1147 5093 θεωρεῖται,
1192 5025 1218 5075 6
1259 5021 1386 5082 Θεὸς
1416 5021 1444 5071 6
1475 5019 1692 5088 ἀσώμα-

183 5130 259 5176 τος
292 5117 589 5186 ἑγέννησεκι.
635 5115 1018 5174 Ἐνυπόστατος
1055 5115 1088 5182 ἡ
1123 5111 1404 5179 γέννησις*
1425 5107 1687 5178 ἀπτέχθη

183 5201 239 5254 ὲκ
265 5203 354 5271 τῆς
385 5205 569 5268 οὐσίας
594 5205 684 5258 τοῦ
718 5203 924 5272 Πατρὸς
948 5203 977 5253 6
1004 5201 1145 5263 Υἱός.

238 5421 339 5488 ('56)
370 5425 528 5478 Forte
549 5427 667 5488 τάς.

241 5491 342 5561 (37)
376 5495 470 5548 Ms.
501 5495 720 5564 χώρης.

1820 2101 1960 2153 enim
1994 2101 2125 2154 ﬁunt
2153 2102 2400 2170 eclipses,
2428 2104 2641 2171 quando
2675 2106 2740 2156 ad
2774 2119 2830 2157 se
2857 2117 3040 2157 mutuo
3086 2105 3341 2158 accedant

1822 2191 1930 2244 haec
1955 2190 2056 2243 duo
2087 2190 2386 2244 luminaria.
2413 2191 2496 2244 Fit
2521 2193 2658 2246 enim
2694 2192 2819 2246 solis
2842 2194 3056 2260 eclipsis
3106 2193 3224 2246 luna
3275 2194 3340 2246 il-

1819 2279 1923 2331 lum
1952 2279 2204 2348 synodice
2232 2280 2512 2343 subeunte,
2547 2298 2649 2334 non
2683 2282 2734 2334 in
2776 2282 3084 2350 pleniluuio,
3127 2283 3340 2350 quando

1818 2367 1892 2420 sol
1927 2383 1956 2421 e
1993 2370 2249 2424 diametro
2307 2371 2519 2439 respicit
2558 2372 2756 2426 lunam.
2792 2373 2900 2426 Hoc
2939 2387 3098 2441 porro
3132 2374 3336 2451 factum

1818 2468 1918 2521 est,
1945 2474 2038 2512 ceu
2071 2460 2443 2527 ingemiscente
2468 2472 2708 2516 creatura
2737 2464 2804 2516 ob
2829 2463 2877 2516 id
2901 2465 3041 2532 quod
3069 2475 3337 2531 evenerat,

1816 2561 1879 2599 ac
1913 2558 2186 2616 propterea
2219 2551 2550 2614 ostendente,
2587 2553 2724 2618 quod
2747 2561 3048 2619 perpetrato
3074 2552 3175 2607 hoc
3211 2569 3339 2608 con-

1819 2636 2097 2690 tumelioso
2117 2638 2354 2692 facinore
2390 2643 2455 2693 ab
2484 2639 2696 2706 Iudaeis,
2718 2642 3064 2697 obtenebrata
3081 2653 3163 2698 cst
3189 2660 3336 2700 mens

1817 2725 2049 2790 illorum,
2081 2734 2134 2780 et
2161 2729 2376 2782 recessit
2400 2731 2465 2782 ab
2500 2730 2575 2784 eis
2608 2730 2683 2783 sol
2701 2731 3009 2798 spiritualis.
3044 2733 3165 2786 Sive
3192 2737 3332 2788 enim

1816 2815 1962 2868 illum
2008 2827 2337 2885 reputasscnt
2384 2819 2486 2872 hoc
2520 2818 2728 2880 fecisse,
2756 2832 2809 2872 et
2864 2822 3182 2876 credendum
3218 2833 3335 2877 erat

1815 2907 1917 2962 illis
1938 2916 2093 2975 atque
2107 2909 2439 2961 metuendum
2471 2928 2484 2962 :
2516 2909 2627 2962 sive
2650 2924 2752 2962 non
2781 2909 2946 2974 illum,
2967 2911 3058 2963 sed
3085 2910 3330 2976 Patrem;

1814 3006 1865 3048 et
1891 2996 1970 3050 vel
1994 3011 2058 3050 ex
2097 2997 2196 3049 boc
2227 2995 2506 3063 compungi
2542 2997 2819 3052 debebant.
2863 2998 3146 3054 Irascentis
3176 3011 3335 3056 erant

1816 3088 2042 3140 tenebrae
2075 3085 2196 3152 illze,
2223 3093 2273 3138 et
2299 3087 2567 3151 specimen
2597 3091 2710 3154 ejus
2728 3089 2864 3154 quod
2889 3101 3333 3156 superventurum

1812 3183 1927 3228 erat
1956 3175 2105 3228 hisce
2134 3175 2222 3228 Dei
2238 3175 2476 3228 hostibus
2491 3185 2542 3228 et
2561 3176 2856 3232 homicidis.
2877 3177 3162 3247 Propterea
3189 3181 3332 3235 enim

1813 3274 1928 3333 post
1953 3266 2187 3318 omnium
2213 3265 2435 3320 insullus
2463 3267 2597 3320 istud
2625 3267 2864 3334 contigit,
2890 3279 3165 3337 postquam
3189 3284 3335 3325 satu.

1812 3354 1910 3406 rati
1945 3363 2066 3407 sunt
2093 3355 2406 3423 opprobriis,
2442 3364 2495 3409 et
2534 3357 2784 3411 universa
2826 3357 3131 3413 effutierunt
3177 3376 3331 3429 quae-

1809 3458 2013 3514 cunque
2035 3444 2298 3499 volebant.

2360 3536 2506 3591 CAP.
2549 3537 2778 3595 XXVIII.

1811 3621 1990 3676 v.18.
2041 3623 2180 3677 Data
2225 3635 2298 3678 est
2346 3628 2471 3679 mihi
2524 3628 2686 3680 omnis
2729 3636 2954 3694 potestas
3009 3631 3063 3682 in
3107 3630 3340 3696 uelo,“

2393 3711 2547 3764 super
2577 3706 2733 3750 terra.

1873 3779 1984 3834 Hoc
2024 3783 2146 3835 data
2195 3791 2266 3835 est
2306 3785 2430 3836 mihi
2473 3787 2635 3838 omm’s
2677 3795 2922 3853 potestas.
2951 3796 3078 3850 etc.,
3122 3789 3186 3842 de
3232 3789 3330 3842 bu—

1807 3869 2058 3921 manitate
2084 3868 2334 3938 intellige.
2360 3870 2508 3935 Quod
2540 3874 2582 3926 si
2617 3874 2773 3925 etiam
2804 3875 2867 3928 de
2893 3876 3168 3929 divinitate
3195 3879 3330 3932 velis

1804 3956 2166 4020 considerare,
2218 3959 2300 4010 vel
2353 3960 2430 4013 sic
2469 3962 2704 4028 accipies
2734 3963 2898 4017 illud:
2923 3965 3058 4017 Data
3094 3978 3164 4018 est
3200 3970 3326 4021 mihi

1801 4054 2045 4110 potestas,
2080 4059 2174 4111 pro
2192 4061 2428 4100 concessa
2453 4059 2545 4104 est.
2572 4037 2706 4104 Dato
2729 4064 2801 4105 est
2825 4071 2844 4108 :
2874 4055 3042 4108 delata
3070 4067 3150 4110 est
3173 4057 3325 4120 mihi,

1805 4149 1866 4186 ex
1906 4135 2074 4189 libero
2105 4137 2326 4191 arbitrio
2353 4141 2554 4193 credita
2602 4155 2684 4196 est
2714 4142 2862 4196 mibi.
2893 4144 3092 4198 Locum
3138 4146 3324 4199 babuit

1806 4226 1930 4286 vita,
1961 4226 2187 4292 primum
2228 4228 2441 4296 quidem
2483 4229 2534 4282 in
2575 4231 2836 4298 supernis,
2867 4232 3052 4286 deinde
3084 4250 3222 4287 nunc
3270 4244 3324 4288 et

1804 4312 1855 4364 in
1892 4313 2263 4371 inferioribus:
2291 4333 2424 4385 quos
2447 4319 2771 4374 confidentes
2794 4321 3069 4389 baptizare
3120 4323 3173 4376 in
3231 4339 3322 4378 no-

1804 4399 1943 4452 mine
1971 4399 2166 4467 Patris,
2189 4413 2244 4456 et
2265 4403 2384 4458 Filii
2406 4415 2457 4459 et
2484 4405 2714 4474 Spiritus
2747 4409 2936 4462 sancti.
2965 4408 3106 4465 Unus
3125 4414 3319 4481 estqui

1801 4487 1988 4550 salvat,
2025 4505 2126 4542 uua
2157 4502 2239 4546 est
2267 4494 2428 4546 salus.
2463 4493 2606 4548 Unus
2640 4496 2822 4549 vivens
2863 4497 3042 4560 Pater,
3075 4500 3240 4555 Filius
3266 4513 3320 4554 et

1802 4575 2031 4642 Spiritus
2055 4587 2287 4633 sanctus.
2316 4579 2460 4634 Unus
2489 4592 2570 4635 est
2601 4599 2701 4636 non
2751 4584 2977 4638 coitione
3009 4588 3184 4650 trium,
3224 4592 3317 4642 sed

1803 4668 1958 4720 unica
2001 4670 2230 4724 essentia
2261 4688 2276 4726 :
2308 4681 2416 4726 tres
2455 4688 2581 4729 vero
2622 4675 2933 4744 bypostases
2981 4680 3222 4747 perfectae
3261 4682 3314 4733 iu

1800 4757 2042 4812 omnibus
2071 4769 2125 4812 et
2153 4761 2218 4813 ad
2245 4774 2302 4814 se
2331 4762 2554 4816 invicem
2587 4767 2783 4819 relatae.
2815 4767 3110 4821 Secundum
3164 4779 3316 4821 uatu-

1800 4863 1911 4901 ram
1974 4850 2153 4916 genuit
2197 4849 2372 4915 Pater,
2419 4863 2798 4921 proptereaque
2852 4856 3312 4910 consubstantialis

1799 4933 2011 5000 genitus
2039 4944 2139 4988 est.
2167 4935 2280 4989 Non
2327 4945 2407 4991 est
2439 4953 2632 5006 corpus
2664 4942 2837 4996 Deus:
2868 4955 3146 5010 propterea
3186 4961 3310 5012 ergo

1797 5037 1899 5075 non
1931 5022 2305 5088 deﬂuxionem,
2337 5042 2439 5080 non
2473 5038 2670 5082 motum
2707 5031 2787 5085 vel
2831 5033 3095 5102 quidpiam
3127 5035 3310 5101 hujus-

1797 5109 1955 5175 modi,
1988 5125 2102 5178 qua:
2132 5113 2182 5165 in
2214 5110 2527 5182 corporibus
2554 5130 2860 5185 cernuntur,
2892 5121 3030 5175 Deus
3064 5123 3306 5190 incorpo-

1797 5212 1916 5252 reus
1943 5201 2140 5266 genuit.
2171 5201 2471 5260 Personalis
2521 5218 2604 5264 est
2653 5211 2922 5266 nativitas.
2957 5212 3031 5265 De
3057 5210 3304 5280 _esseutia

1794 5285 1968 5345 Patris
1996 5299 2150 5347 natus
2174 5301 2257 5348 est
2284 5294 2467 5351 Filius.

1857 5424 1964 5495 (58)
1997 5426 2154 5485 Forte
2178 5429 2282 5499 ἄρα
2303 5430 2499 5499 ρεῦσιν.
