  <div class='ocr_page' id='page_1' title='image "/cluster/home/n/w/nwhite01/storage/ocr_20150623/17 (Origenes, pt. 7)/nyp.33433081862348/167.png"; bbox 0 0 3914 6474; ppageno 0'>
   <div class='ocr_carea' id='block_1_1' title="bbox 540 455 634 510">
    <p class='ocr_par' dir='ltr' id='par_1_1' title="bbox 540 455 634 510">
     <span class='ocr_line' id='line_1_1' title="bbox 540 455 634 510; baseline -0.043 0"><span class='ocrx_word' id='word_1_1' title='bbox 540 455 634 510; x_wconf 74' lang='grc'><strong>511</strong></span> 
     </span>
    </p>
   </div>
   <div class='ocr_carea' id='block_1_2' title="bbox 1363 441 3707 498">
    <p class='ocr_par' dir='ltr' id='par_1_2' title="bbox 1363 441 3707 498">
     <span class='ocr_line' id='line_1_2' title="bbox 1363 441 3707 498; baseline -0.001 -1"><span class='ocrx_word' id='word_1_2' title='bbox 1363 442 1920 498; x_wconf 80' lang='lat' dir='ltr'><strong>SUPPLEMENTUM</strong></span> <span class='ocrx_word' id='word_1_3' title='bbox 1954 441 2046 495; x_wconf 83' lang='lat' dir='ltr'><strong>AD</strong></span> <span class='ocrx_word' id='word_1_4' title='bbox 2079 441 2397 497; x_wconf 76' lang='lat' dir='ltr'><strong>ORIGENIS</strong></span> <span class='ocrx_word' id='word_1_5' title='bbox 2435 441 2840 496; x_wconf 76' lang='lat' dir='ltr'><strong>EXEGETICA.</strong></span> <span class='ocrx_word' id='word_1_6' title='bbox 3617 442 3707 496; x_wconf 66' lang='lat' dir='ltr'><strong>Eli</strong></span> 
     </span>
    </p>
   </div>
   <div class='ocr_carea' id='block_1_3' title="bbox 580 568 3703 610">
    <p class='ocr_par' dir='ltr' id='par_1_3' title="bbox 580 568 3703 610">
     <span class='ocr_line' id='line_1_3' title="bbox 580 568 3703 610; baseline -0.005 0"><span class='ocrx_word' id='word_1_7' title='bbox 580 568 3703 610; x_wconf 41' lang='grc' dir='ltr'><em>Μ</em></span> 
     </span>
    </p>
   </div>
   <div class='ocr_carea' id='block_1_4' title="bbox 1006 983 3222 1074">
    <p class='ocr_par' dir='ltr' id='par_1_4' title="bbox 1006 983 3222 1074">
     <span class='ocr_line' id='line_1_4' title="bbox 1006 983 3222 1074; baseline -0.006 0"><span class='ocrx_word' id='word_1_8' title='bbox 1006 991 1174 1074; x_wconf 89' lang='grc' dir='ltr'><strong>ΕΙΣ</strong></span> <span class='ocrx_word' id='word_1_9' title='bbox 1245 992 1390 1074; x_wconf 88' lang='grc' dir='ltr'><strong>ΤΟ</strong></span> <span class='ocrx_word' id='word_1_10' title='bbox 1461 983 1750 1074; x_wconf 84' lang='grc' dir='ltr'><strong>ΚΑΤΑ</strong></span> <span class='ocrx_word' id='word_1_11' title='bbox 1821 985 2270 1072; x_wconf 85' lang='grc' dir='ltr'><strong>ΛΟΥΚΑΝ</strong></span> <span class='ocrx_word' id='word_1_12' title='bbox 2342 984 3029 1071; x_wconf 86' lang='grc' dir='ltr'><strong>ΕΥΑΓΓΕΛΙΟΝ</strong></span> <span class='ocrx_word' id='word_1_13' title='bbox 3068 1001 3222 1071; x_wconf 82' lang='grc'><strong>(39).</strong></span> 
     </span>
    </p>
   </div>
   <div class='ocr_carea' id='block_1_5' title="bbox 1675 1315 2552 1438">
    <p class='ocr_par' dir='ltr' id='par_1_5' title="bbox 1675 1315 2552 1438">
     <span class='ocr_line' id='line_1_5' title="bbox 1675 1315 2552 1438; baseline -0.014 -1"><span class='ocrx_word' id='word_1_14' title='bbox 1675 1318 1870 1438; x_wconf 86' lang='lat' dir='ltr'><strong>EX.</strong></span> <span class='ocrx_word' id='word_1_15' title='bbox 1943 1315 2552 1431; x_wconf 81' lang='lat' dir='ltr'><strong>ORIGENE</strong></span> 
     </span>
    </p>
   </div>
   <div class='ocr_carea' id='block_1_6' title="bbox 1043 1549 3234 1659">
    <p class='ocr_par' dir='ltr' id='par_1_6' title="bbox 1043 1549 3234 1659">
     <span class='ocr_line' id='line_1_6' title="bbox 1043 1549 3234 1659; baseline -0.005 -14"><span class='ocrx_word' id='word_1_16' title='bbox 1043 1559 1167 1646; x_wconf 86' lang='lat' dir='ltr'><strong>IN</strong></span> <span class='ocrx_word' id='word_1_17' title='bbox 1241 1553 2008 1648; x_wconf 88' lang='lat' dir='ltr'><strong>EVANGELIUM</strong></span> <span class='ocrx_word' id='word_1_18' title='bbox 2082 1551 2713 1640; x_wconf 86' lang='lat' dir='ltr'><strong>SECUNDUM</strong></span> <span class='ocrx_word' id='word_1_19' title='bbox 2790 1549 3234 1659; x_wconf 85' lang='lat' dir='ltr'><strong>LUCAM.</strong></span> 
     </span>
    </p>
   </div>
   <div class='ocr_carea' id='block_1_7' title="bbox 1424 1739 2788 1815">
    <p class='ocr_par' dir='ltr' id='par_1_7' title="bbox 1424 1739 2788 1815">
     <span class='ocr_line' id='line_1_7' title="bbox 1424 1739 2788 1815; baseline -0.001 -20"><span class='ocrx_word' id='word_1_20' title='bbox 1424 1741 1769 1815; x_wconf 77' lang='lat' dir='ltr'><strong>(Bibliotheca</strong></span> <span class='ocrx_word' id='word_1_21' title='bbox 1800 1739 2165 1803; x_wconf 86' lang='lat' dir='ltr'><strong>Gallandiana,</strong></span> <span class='ocrx_word' id='word_1_22' title='bbox 2201 1755 2265 1794; x_wconf 79' lang='lat' dir='ltr'><strong>ex</strong></span> <span class='ocrx_word' id='word_1_23' title='bbox 2300 1741 2419 1794; x_wconf 90' lang='lat' dir='ltr'><strong>cod.</strong></span> <span class='ocrx_word' id='word_1_24' title='bbox 2457 1741 2644 1796; x_wconf 75' lang='lat' dir='ltr'><strong>Venet.</strong></span> <span class='ocrx_word' id='word_1_25' title='bbox 2674 1739 2788 1810; x_wconf 74' lang='lat'><strong>28.)</strong></span> 
     </span>
    </p>
   </div>
   <div class='ocr_carea' id='block_1_8' title="bbox 1177 2007 1411 2063">
    <p class='ocr_par' dir='ltr' id='par_1_8' title="bbox 1177 2007 1411 2063">
     <span class='ocr_line' id='line_1_8' title="bbox 1177 2007 1411 2063; baseline -0.021 0"><span class='ocrx_word' id='word_1_26' title='bbox 1177 2007 1323 2063; x_wconf 82' lang='lat' dir='ltr'><strong>CAP.</strong></span> <span class='ocrx_word' id='word_1_27' title='bbox 1368 2009 1411 2059; x_wconf 84' lang='grc' dir='ltr'><strong>Ι.</strong></span> 
     </span>
    </p>
   </div>
   <div class='ocr_carea' id='block_1_9' title="bbox 540 2093 2067 2166">
    <p class='ocr_par' dir='ltr' id='par_1_9' title="bbox 540 2093 2067 2166">
     <span class='ocr_line' id='line_1_9' title="bbox 540 2093 2067 2166; baseline -0.007 -12"><span class='ocrx_word' id='word_1_28' title='bbox 540 2102 582 2154; x_wconf 73' lang='lat' dir='ltr'><strong>V</strong></span> <span class='ocrx_word' id='word_1_29' title='bbox 641 2101 690 2154; x_wconf 80' lang='lat' dir='ltr'><strong>l.</strong></span> <span class='ocrx_word' id='word_1_30' title='bbox 726 2101 986 2166; x_wconf 78' lang='lat' dir='ltr'><strong>Quoniam</strong></span> <span class='ocrx_word' id='word_1_31' title='bbox 1015 2097 1164 2151; x_wconf 81' lang='lat' dir='ltr'><strong>multi</strong></span> <span class='ocrx_word' id='word_1_32' title='bbox 1198 2098 1427 2165; x_wconf 74' lang='lat' dir='ltr'><strong>aggressi</strong></span> <span class='ocrx_word' id='word_1_33' title='bbox 1456 2104 1573 2148; x_wconf 82' lang='lat' dir='ltr'><strong>sunt</strong></span> <span class='ocrx_word' id='word_1_34' title='bbox 1606 2093 1907 2166; x_wconf 76' lang='lat' dir='ltr'><strong>reordinare</strong></span> <span class='ocrx_word' id='word_1_35' title='bbox 1943 2109 2067 2166; x_wconf 75' lang='lat' dir='ltr'><strong>uar-</strong></span> 
     </span>
    </p>
   </div>
   <div class='ocr_carea' id='block_1_10' title="bbox 575 2163 2028 2236">
    <p class='ocr_par' dir='ltr' id='par_1_10' title="bbox 575 2163 2028 2236">
     <span class='ocr_line' id='line_1_10' title="bbox 575 2163 2028 2236; baseline -0.005 -15"><span class='ocrx_word' id='word_1_36' title='bbox 575 2163 828 2224; x_wconf 69' lang='lat' dir='ltr'><strong>rationem</strong></span> <span class='ocrx_word' id='word_1_37' title='bbox 853 2171 914 2223; x_wconf 86' lang='lat' dir='ltr'><strong>de</strong></span> <span class='ocrx_word' id='word_1_38' title='bbox 939 2169 1107 2231; x_wconf 83' lang='lat' dir='ltr'><strong>rebus,</strong></span> <span class='ocrx_word' id='word_1_39' title='bbox 1139 2163 1324 2236; x_wconf 77' lang='lat' dir='ltr'><strong>quibus</strong></span> <span class='ocrx_word' id='word_1_40' title='bbox 1361 2175 1498 2217; x_wconf 89' lang='lat' dir='ltr'><strong>certa</strong></span> <span class='ocrx_word' id='word_1_41' title='bbox 1527 2175 1598 2216; x_wconf 86' lang='lat' dir='ltr'><strong>est</strong></span> <span class='ocrx_word' id='word_1_42' title='bbox 1629 2164 1772 2215; x_wconf 85' lang='lat' dir='ltr'><strong>nobis</strong></span> <span class='ocrx_word' id='word_1_43' title='bbox 1795 2163 2028 2214; x_wconf 82' lang='lat' dir='ltr'><strong>scientia.</strong></span> 
     </span>
    </p>
   </div>
   <div class='ocr_carea' id='block_1_11' title="bbox 612 2313 2070 2390">
    <p class='ocr_par' dir='ltr' id='par_1_11' title="bbox 612 2313 2070 2390">
     <span class='ocr_line' id='line_1_11' title="bbox 612 2313 2070 2390; baseline -0.003 -19"><span class='ocrx_word' id='word_1_44' title='bbox 612 2321 876 2387; x_wconf 78' lang='lat' dir='ltr'><strong>Quoniam</strong></span> <span class='ocrx_word' id='word_1_45' title='bbox 932 2321 1116 2390; x_wconf 82' lang='lat' dir='ltr'><strong>ingens</strong></span> <span class='ocrx_word' id='word_1_46' title='bbox 1161 2325 1278 2372; x_wconf 89' lang='lat' dir='ltr'><strong>erat</strong></span> <span class='ocrx_word' id='word_1_47' title='bbox 1335 2324 1623 2378; x_wconf 88' lang='lat' dir='ltr'><strong>tentamen,</strong></span> <span class='ocrx_word' id='word_1_48' title='bbox 1659 2324 1716 2368; x_wconf 91' lang='lat' dir='ltr'><strong>ut</strong></span> <span class='ocrx_word' id='word_1_49' title='bbox 1761 2315 1851 2382; x_wconf 90' lang='lat' dir='ltr'><strong>qui</strong></span> <span class='ocrx_word' id='word_1_50' title='bbox 1907 2313 2070 2367; x_wconf 87' lang='lat' dir='ltr'><strong>homo</strong></span> 
     </span>
    </p>
   </div>
   <div class='ocr_carea' id='block_1_12' title="bbox 540 2402 2070 2470">
    <p class='ocr_par' dir='ltr' id='par_1_12' title="bbox 540 2402 2070 2470">
     <span class='ocr_line' id='line_1_12' title="bbox 540 2402 2070 2470; baseline -0.007 -7"><span class='ocrx_word' id='word_1_51' title='bbox 540 2420 681 2464; x_wconf 83' lang='lat' dir='ltr'><strong>esset</strong></span> <span class='ocrx_word' id='word_1_52' title='bbox 713 2410 804 2463; x_wconf 86' lang='lat' dir='ltr'><strong>Dei</strong></span> <span class='ocrx_word' id='word_1_53' title='bbox 855 2409 1150 2462; x_wconf 92' lang='lat' dir='ltr'><strong>doctrinam</strong></span> <span class='ocrx_word' id='word_1_54' title='bbox 1203 2421 1262 2458; x_wconf 83' lang='lat' dir='ltr'><strong>ac</strong></span> <span class='ocrx_word' id='word_1_55' title='bbox 1309 2405 1472 2458; x_wconf 83' lang='lat' dir='ltr'><strong>verba</strong></span> <span class='ocrx_word' id='word_1_56' title='bbox 1523 2403 1904 2463; x_wconf 85' lang='lat' dir='ltr'><strong>conscriberet,</strong></span> <span class='ocrx_word' id='word_1_57' title='bbox 1951 2402 2070 2470; x_wconf 87' lang='lat' dir='ltr'><strong>jure</strong></span> 
     </span>
    </p>
   </div>
   <div class='ocr_carea' id='block_1_13' title="bbox 539 2495 2070 2568">
    <p class='ocr_par' dir='ltr' id='par_1_13' title="bbox 539 2495 2070 2568">
     <span class='ocr_line' id='line_1_13' title="bbox 539 2495 2070 2568; baseline -0.006 -11"><span class='ocrx_word' id='word_1_58' title='bbox 539 2512 762 2558; x_wconf 78' lang='lat' dir='ltr'><strong>excusat</strong></span> <span class='ocrx_word' id='word_1_59' title='bbox 789 2502 840 2554; x_wconf 89' lang='lat' dir='ltr'><strong>in</strong></span> <span class='ocrx_word' id='word_1_60' title='bbox 886 2501 1162 2568; x_wconf 66' lang='lat' dir='ltr'><strong>prooemio.</strong></span> <span class='ocrx_word' id='word_1_61' title='bbox 1194 2496 1651 2565; x_wconf 83' lang='lat' dir='ltr'><strong>Quemadmodum</strong></span> <span class='ocrx_word' id='word_1_62' title='bbox 1685 2506 1859 2548; x_wconf 88' lang='lat' dir='ltr'><strong>autem</strong></span> <span class='ocrx_word' id='word_1_63' title='bbox 1892 2495 1943 2547; x_wconf 92' lang='lat' dir='ltr'><strong>in</strong></span> <span class='ocrx_word' id='word_1_64' title='bbox 1977 2509 2070 2548; x_wconf 81' lang='lat' dir='ltr'><strong>ve-</strong></span> 
     </span>
    </p>
   </div>
   <div class='ocr_carea' id='block_1_14' title="bbox 545 2586 2072 2660">
    <p class='ocr_par' dir='ltr' id='par_1_14' title="bbox 545 2586 2072 2660">
     <span class='ocr_line' id='line_1_14' title="bbox 545 2586 2072 2660; baseline -0.005 -15"><span class='ocrx_word' id='word_1_65' title='bbox 545 2593 645 2646; x_wconf 83' lang='lat' dir='ltr'><strong>teri</strong></span> <span class='ocrx_word' id='word_1_66' title='bbox 680 2591 873 2660; x_wconf 87' lang='lat' dir='ltr'><strong>p0pulo</strong></span> <span class='ocrx_word' id='word_1_67' title='bbox 905 2589 1052 2642; x_wconf 88' lang='lat' dir='ltr'><strong>multi</strong></span> <span class='ocrx_word' id='word_1_68' title='bbox 1100 2589 1430 2658; x_wconf 87' lang='lat' dir='ltr'><strong>prophetiam</strong></span> <span class='ocrx_word' id='word_1_69' title='bbox 1477 2586 1892 2655; x_wconf 81' lang='lat' dir='ltr'><strong>proﬁtebantur,</strong></span> <span class='ocrx_word' id='word_1_70' title='bbox 1923 2594 1976 2639; x_wconf 84' lang='lat' dir='ltr'><strong>at</strong></span> <span class='ocrx_word' id='word_1_71' title='bbox 2005 2599 2072 2638; x_wconf 78' lang='lat' dir='ltr'><strong>ex</strong></span> 
     </span>
    </p>
   </div>
   <div class='ocr_carea' id='block_1_15' title="bbox 544 2675 2070 2748">
    <p class='ocr_par' dir='ltr' id='par_1_15' title="bbox 544 2675 2070 2748">
     <span class='ocr_line' id='line_1_15' title="bbox 544 2675 2070 2748; baseline -0.006 -13"><span class='ocrx_word' id='word_1_72' title='bbox 544 2682 631 2735; x_wconf 89' lang='lat' dir='ltr'><strong>his</strong></span> <span class='ocrx_word' id='word_1_73' title='bbox 674 2683 888 2748; x_wconf 87' lang='lat' dir='ltr'><strong>quidam</strong></span> <span class='ocrx_word' id='word_1_74' title='bbox 928 2688 1080 2733; x_wconf 88' lang='lat' dir='ltr'><strong>erant</strong></span> <span class='ocrx_word' id='word_1_75' title='bbox 1123 2676 1242 2730; x_wconf 81' lang='lat' dir='ltr'><strong>falsi</strong></span> <span class='ocrx_word' id='word_1_76' title='bbox 1299 2678 1592 2746; x_wconf 62' lang='lat' dir='ltr'><strong>prophetae,</strong></span> <span class='ocrx_word' id='word_1_77' title='bbox 1622 2675 1836 2744; x_wconf 87' lang='lat' dir='ltr'><strong>quidam</strong></span> <span class='ocrx_word' id='word_1_78' title='bbox 1886 2688 2070 2728; x_wconf 80' lang='lat' dir='ltr'><strong>revera</strong></span> 
     </span>
    </p>
   </div>
   <div class='ocr_carea' id='block_1_16' title="bbox 545 2766 2069 2840">
    <p class='ocr_par' dir='ltr' id='par_1_16' title="bbox 545 2766 2069 2840">
     <span class='ocr_line' id='line_1_16' title="bbox 545 2766 2069 2840; baseline -0.003 -18"><span class='ocrx_word' id='word_1_79' title='bbox 545 2773 850 2840; x_wconf 54' lang='lat' dir='ltr'><strong>prophetas;</strong></span> <span class='ocrx_word' id='word_1_80' title='bbox 880 2783 932 2824; x_wconf 89' lang='lat' dir='ltr'><strong>et</strong></span> <span class='ocrx_word' id='word_1_81' title='bbox 968 2780 1084 2824; x_wconf 89' lang='lat' dir='ltr'><strong>erat</strong></span> <span class='ocrx_word' id='word_1_82' title='bbox 1115 2771 1308 2823; x_wconf 91' lang='lat' dir='ltr'><strong>donum</strong></span> <span class='ocrx_word' id='word_1_83' title='bbox 1358 2767 1616 2822; x_wconf 82' lang='lat' dir='ltr'><strong>discretio</strong></span> <span class='ocrx_word' id='word_1_84' title='bbox 1669 2766 1976 2834; x_wconf 80' lang='lat' dir='ltr'><strong>spirituum,</strong></span> <span class='ocrx_word' id='word_1_85' title='bbox 2003 2779 2069 2818; x_wconf 77' lang='lat' dir='ltr'><strong>ex</strong></span> 
     </span>
    </p>
   </div>
   <div class='ocr_carea' id='block_1_17' title="bbox 541 2855 2069 2934">
    <p class='ocr_par' dir='ltr' id='par_1_17' title="bbox 541 2855 2069 2934">
     <span class='ocr_line' id='line_1_17' title="bbox 541 2855 2069 2934; baseline -0.003 -22"><span class='ocrx_word' id='word_1_86' title='bbox 541 2878 646 2932; x_wconf 84' lang='lat' dir='ltr'><strong>quo</strong></span> <span class='ocrx_word' id='word_1_87' title='bbox 677 2863 816 2915; x_wconf 87' lang='lat' dir='ltr'><strong>dono</strong></span> <span class='ocrx_word' id='word_1_88' title='bbox 842 2861 1241 2915; x_wconf 85' lang='lat' dir='ltr'><strong>discernebatur</strong></span> <span class='ocrx_word' id='word_1_89' title='bbox 1284 2874 1440 2912; x_wconf 86' lang='lat' dir='ltr'><strong>verus</strong></span> <span class='ocrx_word' id='word_1_90' title='bbox 1481 2858 1764 2934; x_wconf 33' lang='lat' dir='ltr'><strong>propheta.</strong></span> <span class='ocrx_word' id='word_1_91' title='bbox 1788 2866 1839 2909; x_wconf 92' lang='lat' dir='ltr'><strong>et</strong></span> <span class='ocrx_word' id='word_1_92' title='bbox 1875 2855 2069 2920; x_wconf 82' lang='lat' dir='ltr'><strong>falsus;</strong></span> 
     </span>
    </p>
   </div>
   <div class='ocr_carea' id='block_1_18' title="bbox 539 2947 2071 3014">
    <p class='ocr_par' dir='ltr' id='par_1_18' title="bbox 539 2947 2071 3014">
     <span class='ocr_line' id='line_1_18' title="bbox 539 2947 2071 3014; baseline -0.004 -10"><span class='ocrx_word' id='word_1_93' title='bbox 539 2952 680 3004; x_wconf 81' lang='lat' dir='ltr'><strong>haud</strong></span> <span class='ocrx_word' id='word_1_94' title='bbox 704 2966 860 3005; x_wconf 89' lang='lat' dir='ltr'><strong>secus</strong></span> <span class='ocrx_word' id='word_1_95' title='bbox 883 2960 932 3005; x_wconf 91' lang='lat' dir='ltr'><strong>et</strong></span> <span class='ocrx_word' id='word_1_96' title='bbox 961 2966 1102 3004; x_wconf 87' lang='lat' dir='ltr'><strong>nunc</strong></span> <span class='ocrx_word' id='word_1_97' title='bbox 1133 2951 1184 3003; x_wconf 92' lang='lat' dir='ltr'><strong>in</strong></span> <span class='ocrx_word' id='word_1_98' title='bbox 1216 2964 1352 3004; x_wconf 89' lang='lat' dir='ltr'><strong>novo</strong></span> <span class='ocrx_word' id='word_1_99' title='bbox 1379 2949 1601 3012; x_wconf 63' lang='lat' dir='ltr'><strong>findere,</strong></span> <span class='ocrx_word' id='word_1_100' title='bbox 1625 2947 1897 3014; x_wconf 88' lang='lat' dir='ltr'><strong>evangelia</strong></span> <span class='ocrx_word' id='word_1_101' title='bbox 1922 2947 2071 3000; x_wconf 91' lang='lat' dir='ltr'><strong>multi</strong></span> 
     </span>
    </p>
   </div>
   <div class='ocr_carea' id='block_1_19' title="bbox 544 3033 2073 3110">
    <p class='ocr_par' dir='ltr' id='par_1_19' title="bbox 544 3033 2073 3110">
     <span class='ocr_line' id='line_1_19' title="bbox 544 3033 2073 3110; baseline -0.004 -14"><span class='ocrx_word' id='word_1_102' title='bbox 544 3033 778 3098; x_wconf 72' lang='lat' dir='ltr'><strong>scribere</strong></span> <span class='ocrx_word' id='word_1_103' title='bbox 828 3047 1128 3097; x_wconf 90' lang='lat' dir='ltr'><strong>voluerunt.</strong></span> <span class='ocrx_word' id='word_1_104' title='bbox 1185 3044 1252 3095; x_wconf 86' lang='lat' dir='ltr'><strong>At</strong></span> <span class='ocrx_word' id='word_1_105' title='bbox 1303 3041 1507 3110; x_wconf 89' lang='lat' dir='ltr'><strong>probati</strong></span> <span class='ocrx_word' id='word_1_106' title='bbox 1574 3039 1910 3093; x_wconf 83' lang='lat' dir='ltr'><strong>numrnularii</strong></span> <span class='ocrx_word' id='word_1_107' title='bbox 1972 3054 2073 3092; x_wconf 91' lang='lat' dir='ltr'><strong>non</strong></span> 
     </span>
    </p>
   </div>
   <div class='ocr_carea' id='block_1_20' title="bbox 545 3127 2073 3200">
    <p class='ocr_par' dir='ltr' id='par_1_20' title="bbox 545 3127 2073 3200">
     <span class='ocr_line' id='line_1_20' title="bbox 545 3127 2073 3200; baseline -0.003 -18"><span class='ocrx_word' id='word_1_108' title='bbox 545 3132 720 3184; x_wconf 88' lang='lat' dir='ltr'><strong>omnia</strong></span> <span class='ocrx_word' id='word_1_109' title='bbox 743 3129 1124 3200; x_wconf 83' lang='lat' dir='ltr'><strong>approbarunt,</strong></span> <span class='ocrx_word' id='word_1_110' title='bbox 1154 3129 1245 3183; x_wconf 90' lang='lat' dir='ltr'><strong>sed</strong></span> <span class='ocrx_word' id='word_1_111' title='bbox 1275 3130 1514 3197; x_wconf 84' lang='lat' dir='ltr'><strong>quaedam</strong></span> <span class='ocrx_word' id='word_1_112' title='bbox 1539 3143 1602 3181; x_wconf 81' lang='lat' dir='ltr'><strong>ex</strong></span> <span class='ocrx_word' id='word_1_113' title='bbox 1629 3129 1756 3196; x_wconf 88' lang='lat' dir='ltr'><strong>ipsis</strong></span> <span class='ocrx_word' id='word_1_114' title='bbox 1782 3127 2073 3195; x_wconf 84' lang='lat' dir='ltr'><strong>elegerunt.</strong></span> 
     </span>
    </p>
   </div>
   <div class='ocr_carea' id='block_1_21' title="bbox 543 3216 2078 3288">
    <p class='ocr_par' dir='ltr' id='par_1_21' title="bbox 543 3216 2078 3288">
     <span class='ocr_line' id='line_1_21' title="bbox 543 3216 2078 3288; baseline -0.004 -14"><span class='ocrx_word' id='word_1_115' title='bbox 543 3221 704 3275; x_wconf 84' lang='lat' dir='ltr'><strong>Forte</strong></span> <span class='ocrx_word' id='word_1_116' title='bbox 749 3223 909 3274; x_wconf 78' lang='lat' dir='ltr'><strong>etiam</strong></span> <span class='ocrx_word' id='word_1_117' title='bbox 969 3221 1092 3284; x_wconf 90' lang='lat' dir='ltr'><strong>hoc,</strong></span> <span class='ocrx_word' id='word_1_118' title='bbox 1144 3221 1371 3288; x_wconf 79' lang='lat' dir='ltr'><strong>aggressi</strong></span> <span class='ocrx_word' id='word_1_119' title='bbox 1421 3227 1560 3280; x_wconf 86' lang='lat' dir='ltr'><strong>sunt,</strong></span> <span class='ocrx_word' id='word_1_120' title='bbox 1611 3217 1860 3270; x_wconf 87' lang='lat' dir='ltr'><strong>latentem</strong></span> <span class='ocrx_word' id='word_1_121' title='bbox 1917 3216 2078 3270; x_wconf 82' lang='lat' dir='ltr'><strong>habet</strong></span> 
     </span>
    </p>
   </div>
   <div class='ocr_carea' id='block_1_22' title="bbox 2089 2007 2137 2062">
    <p class='ocr_par' dir='ltr' id='par_1_22' title="bbox 2089 2007 2137 2062">
     <span class='ocr_line' id='line_1_22' title="bbox 2089 2007 2137 2062; baseline 0 0"><span class='ocrx_word' id='word_1_122' title='bbox 2089 2007 2137 2062; x_wconf 82' lang='lat' dir='ltr'><strong>A</strong></span> 
     </span>
    </p>
   </div>
   <div class='ocr_carea' id='block_1_23' title="bbox 2815 1997 3095 2053">
    <p class='ocr_par' dir='ltr' id='par_1_23' title="bbox 2815 1997 3095 2053">
     <span class='ocr_line' id='line_1_23' title="bbox 2815 1997 3095 2053; baseline 0.004 -3"><span class='ocrx_word' id='word_1_123' title='bbox 2815 1999 2972 2053; x_wconf 82' lang='grc' dir='ltr'><strong>ΚΕΦ.</strong></span> <span class='ocrx_word' id='word_1_124' title='bbox 3015 1997 3095 2051; x_wconf 79' lang='lat' dir='ltr'><strong>A&#39;.</strong></span> 
     </span>
    </p>
   </div>
   <div class='ocr_carea' id='block_1_24' title="bbox 2166 2087 3702 2161">
    <p class='ocr_par' dir='ltr' id='par_1_24' title="bbox 2166 2087 3702 2161">
     <span class='ocr_line' id='line_1_24' title="bbox 2166 2087 3702 2161; baseline 0 -17"><span class='ocrx_word' id='word_1_125' title='bbox 2166 2093 2312 2161; x_wconf 86' lang='grc' dir='ltr'>Στίχ.</span> <span class='ocrx_word' id='word_1_126' title='bbox 2349 2089 2702 2161; x_wconf 41' lang='grc' dir='ltr'>αἠῈπειδὴ</span> <span class='ocrx_word' id='word_1_127' title='bbox 2749 2087 3410 2161; x_wconf 50' lang='grc' dir='ltr'>πολλοὶ-ἐπεχείρησαν</span> <span class='ocrx_word' id='word_1_128' title='bbox 3442 2089 3702 2161; x_wconf 58' lang='lat' dir='ltr'><strong>ararim:-</strong></span> 
     </span>
    </p>
   </div>
   <div class='ocr_carea' id='block_1_25' title="bbox 2235 2155 3702 2226">
    <p class='ocr_par' dir='ltr' id='par_1_25' title="bbox 2235 2155 3702 2226">
     <span class='ocr_line' id='line_1_25' title="bbox 2235 2155 3702 2226; baseline -0.001 -13"><span class='ocrx_word' id='word_1_129' title='bbox 2235 2155 2372 2214; x_wconf 56' lang='grc' dir='ltr'>(μέθαι</span> <span class='ocrx_word' id='word_1_130' title='bbox 2423 2155 2701 2225; x_wconf 67' lang='grc' dir='ltr'>διήγησιν</span> <span class='ocrx_word' id='word_1_131' title='bbox 2758 2158 2889 2226; x_wconf 79' lang='grc' dir='ltr'>περὶ</span> <span class='ocrx_word' id='word_1_132' title='bbox 2938 2155 3059 2209; x_wconf 74' lang='grc' dir='ltr'><strong>τῶν</strong></span> <span class='ocrx_word' id='word_1_133' title='bbox 3115 2159 3702 2226; x_wconf 64' lang='grc' dir='ltr'>πεπληροφορημένων</span> 
     </span>
    </p>
   </div>
   <div class='ocr_carea' id='block_1_26' title="bbox 2237 2225 3385 2296">
    <p class='ocr_par' dir='ltr' id='par_1_26' title="bbox 2237 2225 3385 2296">
     <span class='ocr_line' id='line_1_26' title="bbox 2237 2225 3385 2296; baseline -0.014 -15"><span class='ocrx_word' id='word_1_134' title='bbox 2237 2229 2377 2296; x_wconf 78' lang='grc' dir='ltr'>ἡμῖν</span> <span class='ocrx_word' id='word_1_135' title='bbox 2412 2225 2787 2296; x_wconf 74' lang='grc' dir='ltr'><strong>πραγμάτων.</strong></span> <span class='ocrx_word' id='word_1_136' title='bbox 3378 2259 3385 2265; x_wconf 95' lang='grc'><em>.</em></span> 
     </span>
    </p>
   </div>
   <div class='ocr_carea' id='block_1_27' title="bbox 2249 2310 3700 2388">
    <p class='ocr_par' dir='ltr' id='par_1_27' title="bbox 2249 2310 3700 2388">
     <span class='ocr_line' id='line_1_27' title="bbox 2249 2310 3700 2388; baseline -0.003 -18"><span class='ocrx_word' id='word_1_137' title='bbox 2249 2318 2460 2388; x_wconf 76' lang='grc' dir='ltr'>Ἐπειδὴ</span> <span class='ocrx_word' id='word_1_138' title='bbox 2498 2317 2798 2386; x_wconf 79' lang='grc' dir='ltr'><strong>ὑπέρογκον</strong></span> <span class='ocrx_word' id='word_1_139' title='bbox 2829 2310 2896 2384; x_wconf 83' lang='grc' dir='ltr'>ἦν</span> <span class='ocrx_word' id='word_1_140' title='bbox 2929 2314 2993 2367; x_wconf 78' lang='grc' dir='ltr'><strong>τὸ</strong></span> <span class='ocrx_word' id='word_1_141' title='bbox 3034 2314 3412 2385; x_wconf 87' lang='grc' dir='ltr'>ἐπιχείρημα,</span> <span class='ocrx_word' id='word_1_142' title='bbox 3454 2313 3700 2384; x_wconf 76' lang='grc' dir='ltr'>ἄνθρωπον</span> 
     </span>
    </p>
   </div>
   <div class='ocr_carea' id='block_1_28' title="bbox 2167 2404 3696 2476">
    <p class='ocr_par' dir='ltr' id='par_1_28' title="bbox 2167 2404 3696 2476">
     <span class='ocr_line' id='line_1_28' title="bbox 2167 2404 3696 2476; baseline -0.005 -15"><span class='ocrx_word' id='word_1_143' title='bbox 2167 2410 2326 2472; x_wconf 74' lang='grc' dir='ltr'>ὄντα,</span> <span class='ocrx_word' id='word_1_144' title='bbox 2381 2406 2513 2460; x_wconf 76' lang='grc' dir='ltr'>Θεοῦ</span> <span class='ocrx_word' id='word_1_145' title='bbox 2558 2405 2907 2458; x_wconf 76' lang='grc' dir='ltr'><strong>διδασκαλίαν</strong></span> <span class='ocrx_word' id='word_1_146' title='bbox 2953 2404 3049 2457; x_wconf 77' lang='grc' dir='ltr'><strong>καὶ</strong></span> <span class='ocrx_word' id='word_1_147' title='bbox 3102 2407 3326 2475; x_wconf 75' lang='grc' dir='ltr'>ῥήματα</span> <span class='ocrx_word' id='word_1_148' title='bbox 3382 2406 3696 2476; x_wconf 67' lang='grc' dir='ltr'><strong>συγγράφειν,</strong></span> 
     </span>
    </p>
   </div>
   <div class='ocr_carea' id='block_1_29' title="bbox 2169 2497 3698 2572">
    <p class='ocr_par' dir='ltr' id='par_1_29' title="bbox 2169 2497 3698 2572">
     <span class='ocr_line' id='line_1_29' title="bbox 2169 2497 3698 2572; baseline -0.003 -19"><span class='ocrx_word' id='word_1_149' title='bbox 2169 2501 2386 2562; x_wconf 76' lang='grc' dir='ltr'><strong>εἰκότως</strong></span> <span class='ocrx_word' id='word_1_150' title='bbox 2434 2498 2774 2565; x_wconf 82' lang='grc' dir='ltr'><strong>ἀπολογεῖται</strong></span> <span class='ocrx_word' id='word_1_151' title='bbox 2822 2500 2880 2550; x_wconf 89' lang='grc' dir='ltr'><strong>ἐν</strong></span> <span class='ocrx_word' id='word_1_152' title='bbox 2907 2497 2987 2568; x_wconf 79' lang='grc' dir='ltr'>τῷ</span> <span class='ocrx_word' id='word_1_153' title='bbox 3031 2498 3324 2572; x_wconf 79' lang='grc' dir='ltr'>προοιμίῳ.</span> <span class='ocrx_word' id='word_1_154' title='bbox 3361 2499 3556 2568; x_wconf 82' lang='grc' dir='ltr'>’Ὠσπερ</span> <span class='ocrx_word' id='word_1_155' title='bbox 3579 2499 3630 2550; x_wconf 78' lang='grc' dir='ltr'><strong>δὲ·</strong></span> <span class='ocrx_word' id='word_1_156' title='bbox 3653 2500 3698 2550; x_wconf 73' lang='grc' dir='ltr'><strong>ἐν</strong></span> 
     </span>
    </p>
   </div>
   <div class='ocr_carea' id='block_1_30' title="bbox 2168 2585 3694 2658">
    <p class='ocr_par' dir='ltr' id='par_1_30' title="bbox 2168 2585 3694 2658">
     <span class='ocr_line' id='line_1_30' title="bbox 2168 2585 3694 2658; baseline -0.002 -17"><span class='ocrx_word' id='word_1_157' title='bbox 2168 2588 2244 2658; x_wconf 78' lang='grc' dir='ltr'>τῷ</span> <span class='ocrx_word' id='word_1_158' title='bbox 2287 2587 2450 2640; x_wconf 87' lang='grc' dir='ltr'>πάλαι</span> <span class='ocrx_word' id='word_1_159' title='bbox 2504 2586 2615 2656; x_wconf 88' lang='grc' dir='ltr'>λαῷ</span> <span class='ocrx_word' id='word_1_160' title='bbox 2676 2585 2858 2640; x_wconf 68' lang='grc' dir='ltr'>πολ)οὶ</span> <span class='ocrx_word' id='word_1_161' title='bbox 2912 2587 3259 2657; x_wconf 71' lang='grc' dir='ltr'><strong>προφητείαν</strong></span> <span class='ocrx_word' id='word_1_162' title='bbox 3311 2586 3694 2658; x_wconf 70' lang='grc' dir='ltr'><strong>ἐπηγγέλλοντο,</strong></span> 
     </span>
    </p>
   </div>
   <div class='ocr_carea' id='block_1_31' title="bbox 2171 2671 3696 2748">
    <p class='ocr_par' dir='ltr' id='par_1_31' title="bbox 2171 2671 3696 2748">
     <span class='ocr_line' id='line_1_31' title="bbox 2171 2671 3696 2748; baseline -0.002 -18"><span class='ocrx_word' id='word_1_163' title='bbox 2171 2678 2302 2730; x_wconf 88' lang='grc' dir='ltr'><strong>ἀλλά</strong></span> <span class='ocrx_word' id='word_1_164' title='bbox 2339 2677 2540 2729; x_wconf 83' lang='grc' dir='ltr'>τούτων</span> <span class='ocrx_word' id='word_1_165' title='bbox 2580 2677 2724 2739; x_wconf 79' lang='grc' dir='ltr'>τινὲς</span> <span class='ocrx_word' id='word_1_166' title='bbox 2771 2677 2870 2745; x_wconf 83' lang='grc' dir='ltr'>μὲν</span> <span class='ocrx_word' id='word_1_167' title='bbox 2901 2671 3048 2748; x_wconf 76' lang='grc' dir='ltr'>ἦσαν</span> <span class='ocrx_word' id='word_1_168' title='bbox 3093 2677 3554 2747; x_wconf 78' lang='grc' dir='ltr'><strong>ψευδοπροφῆται,</strong></span> <span class='ocrx_word' id='word_1_169' title='bbox 3585 2676 3696 2737; x_wconf 79' lang='grc' dir='ltr'>τινὲς</span> 
     </span>
    </p>
   </div>
   <div class='ocr_carea' id='block_1_32' title="bbox 2171 2764 3695 2840">
    <p class='ocr_par' dir='ltr' id='par_1_32' title="bbox 2171 2764 3695 2840">
     <span class='ocr_line' id='line_1_32' title="bbox 2171 2764 3695 2840; baseline -0.002 -19"><span class='ocrx_word' id='word_1_170' title='bbox 2171 2769 2226 2821; x_wconf 82' lang='grc' dir='ltr'>δὲ</span> <span class='ocrx_word' id='word_1_171' title='bbox 2273 2767 2483 2838; x_wconf 83' lang='grc' dir='ltr'>ἀληθῶς</span> <span class='ocrx_word' id='word_1_172' title='bbox 2529 2768 2829 2838; x_wconf 80' lang='grc' dir='ltr'>προφῆται·</span> <span class='ocrx_word' id='word_1_173' title='bbox 2885 2769 2983 2820; x_wconf 74' lang='grc' dir='ltr'><strong>καὶ</strong></span> <span class='ocrx_word' id='word_1_174' title='bbox 3033 2764 3102 2838; x_wconf 74' lang='grc' dir='ltr'>ἦν</span> <span class='ocrx_word' id='word_1_175' title='bbox 3164 2769 3409 2840; x_wconf 83' lang='grc' dir='ltr'>χάρισμα</span> <span class='ocrx_word' id='word_1_176' title='bbox 3467 2768 3695 2836; x_wconf 75' lang='grc' dir='ltr'>διάκρισις</span> 
     </span>
    </p>
   </div>
   <div class='ocr_carea' id='block_1_33' title="bbox 2172 2851 3695 2927">
    <p class='ocr_par' dir='ltr' id='par_1_33' title="bbox 2172 2851 3695 2927">
     <span class='ocr_line' id='line_1_33' title="bbox 2172 2851 3695 2927; baseline -0.003 -18"><span class='ocrx_word' id='word_1_177' title='bbox 2172 2859 2490 2927; x_wconf 77' lang='grc' dir='ltr'><strong>πνευμάτων</strong></span> <span class='ocrx_word' id='word_1_178' title='bbox 2513 2897 2527 2919; x_wconf 94' lang='grc'><strong>,</strong></span> <span class='ocrx_word' id='word_1_179' title='bbox 2570 2857 2660 2924; x_wconf 77' lang='grc' dir='ltr'><strong>ἀφ’</strong></span> <span class='ocrx_word' id='word_1_180' title='bbox 2695 2851 2755 2909; x_wconf 74' lang='grc' dir='ltr'>οὗ</span> <span class='ocrx_word' id='word_1_181' title='bbox 2797 2858 3139 2927; x_wconf 81' lang='grc' dir='ltr'>χαρίσματος</span> <span class='ocrx_word' id='word_1_182' title='bbox 3179 2859 3420 2927; x_wconf 77' lang='grc' dir='ltr'>ἐκρίνετο</span> <span class='ocrx_word' id='word_1_183' title='bbox 3460 2858 3487 2907; x_wconf 88' lang='grc' dir='ltr'>ὁ</span> <span class='ocrx_word' id='word_1_184' title='bbox 3530 2854 3695 2924; x_wconf 76' lang='grc' dir='ltr'>ἀληθὴς</span> 
     </span>
    </p>
   </div>
   <div class='ocr_carea' id='block_1_34' title="bbox 2173 2945 3691 3018">
    <p class='ocr_par' dir='ltr' id='par_1_34' title="bbox 2173 2945 3691 3018">
     <span class='ocr_line' id='line_1_34' title="bbox 2173 2945 3691 3018; baseline -0.005 -17"><span class='ocrx_word' id='word_1_185' title='bbox 2173 2947 2451 3018; x_wconf 77' lang='grc' dir='ltr'>προφήτης</span> <span class='ocrx_word' id='word_1_186' title='bbox 2481 2947 2572 2997; x_wconf 78' lang='grc' dir='ltr'><strong>καὶ</strong></span> <span class='ocrx_word' id='word_1_187' title='bbox 2603 2948 2632 2998; x_wconf 85' lang='grc' dir='ltr'><strong>ὁ</strong></span> <span class='ocrx_word' id='word_1_188' title='bbox 2658 2945 3108 3018; x_wconf 76' lang='grc' dir='ltr'>ψευδοπροφήτης</span> <span class='ocrx_word' id='word_1_189' title='bbox 3130 2964 3143 2976; x_wconf 89' lang='grc'><strong>·</strong></span> <span class='ocrx_word' id='word_1_190' title='bbox 3177 2946 3318 2999; x_wconf 64' lang='grc' dir='ltr'>οὕτω</span> <span class='ocrx_word' id='word_1_191' title='bbox 3344 2947 3435 3000; x_wconf 80' lang='grc' dir='ltr'><strong>καὶ</strong></span> <span class='ocrx_word' id='word_1_192' title='bbox 3466 2946 3550 2997; x_wconf 79' lang='grc' dir='ltr'><strong>νῦν</strong></span> <span class='ocrx_word' id='word_1_193' title='bbox 3573 2946 3622 2996; x_wconf 81' lang='grc' dir='ltr'><strong>ἐν</strong></span> <span class='ocrx_word' id='word_1_194' title='bbox 3641 2945 3691 3012; x_wconf 82' lang='grc' dir='ltr'>τῇ</span> 
     </span>
    </p>
   </div>
   <div class='ocr_carea' id='block_1_35' title="bbox 2173 3037 3694 3108">
    <p class='ocr_par' dir='ltr' id='par_1_35' title="bbox 2173 3037 3694 3108">
     <span class='ocr_line' id='line_1_35' title="bbox 2173 3037 3694 3108; baseline -0.001 -18"><span class='ocrx_word' id='word_1_195' title='bbox 2173 3041 2330 3108; x_wconf 73' lang='grc' dir='ltr'>καινῇ</span> <span class='ocrx_word' id='word_1_196' title='bbox 2377 3037 2621 3106; x_wconf 83' lang='grc' dir='ltr'>διαθήκῃ,</span> <span class='ocrx_word' id='word_1_197' title='bbox 2652 3038 2720 3090; x_wconf 58' lang='lat' dir='ltr'><strong>ea</strong></span> <span class='ocrx_word' id='word_1_198' title='bbox 2755 3038 3071 3106; x_wconf 80' lang='grc' dir='ltr'>Εὑαγγέλια</span> <span class='ocrx_word' id='word_1_199' title='bbox 3099 3039 3283 3093; x_wconf 71' lang='grc' dir='ltr'>πολλοὶ</span> <span class='ocrx_word' id='word_1_200' title='bbox 3313 3039 3564 3107; x_wconf 77' lang='grc' dir='ltr'><strong>ἠθέλησαν</strong></span> <span class='ocrx_word' id='word_1_201' title='bbox 3589 3037 3694 3106; x_wconf 78' lang='grc' dir='ltr'>γρά-</span> 
     </span>
    </p>
   </div>
   <div class='ocr_carea' id='block_1_36' title="bbox 2174 3127 3692 3198">
    <p class='ocr_par' dir='ltr' id='par_1_36' title="bbox 2174 3127 3692 3198">
     <span class='ocr_line' id='line_1_36' title="bbox 2174 3127 3692 3198; baseline -0.005 -17"><span class='ocrx_word' id='word_1_202' title='bbox 2174 3129 2288 3197; x_wconf 87' lang='grc' dir='ltr'>ψαι.</span> <span class='ocrx_word' id='word_1_203' title='bbox 2344 3127 2478 3180; x_wconf 83' lang='grc' dir='ltr'>Ἀλλ’</span> <span class='ocrx_word' id='word_1_204' title='bbox 2504 3129 2552 3179; x_wconf 81' lang='grc' dir='ltr'>οἱ</span> <span class='ocrx_word' id='word_1_205' title='bbox 2584 3127 2792 3196; x_wconf 87' lang='grc' dir='ltr'>δόκιμοι</span> <span class='ocrx_word' id='word_1_206' title='bbox 2831 3127 3162 3198; x_wconf 76' lang='grc' dir='ltr'>τραπεζῖται</span> <span class='ocrx_word' id='word_1_207' title='bbox 3195 3129 3256 3181; x_wconf 80' lang='grc' dir='ltr'><strong>οὐ</strong></span> <span class='ocrx_word' id='word_1_208' title='bbox 3290 3131 3462 3181; x_wconf 86' lang='grc' dir='ltr'>πάντα</span> <span class='ocrx_word' id='word_1_209' title='bbox 3493 3127 3692 3196; x_wconf 80' lang='grc' dir='ltr'>ἔκριναν,</span> 
     </span>
    </p>
   </div>
   <div class='ocr_carea' id='block_1_37' title="bbox 2176 3213 3691 3288">
    <p class='ocr_par' dir='ltr' id='par_1_37' title="bbox 2176 3213 3691 3288">
     <span class='ocr_line' id='line_1_37' title="bbox 2176 3213 3691 3288; baseline -0.004 -18"><span class='ocrx_word' id='word_1_210' title='bbox 2176 3217 2307 3270; x_wconf 89' lang='grc' dir='ltr'><strong>ἀλλά</strong></span> <span class='ocrx_word' id='word_1_211' title='bbox 2330 3234 2444 3269; x_wconf 85' lang='grc' dir='ltr'>τινα</span> <span class='ocrx_word' id='word_1_212' title='bbox 2487 3215 2545 3279; x_wconf 83' lang='grc' dir='ltr'><strong>ἐξ</strong></span> <span class='ocrx_word' id='word_1_213' title='bbox 2591 3216 2767 3268; x_wconf 81' lang='grc' dir='ltr'>αὐτῶν</span> <span class='ocrx_word' id='word_1_214' title='bbox 2817 3215 3155 3282; x_wconf 78' lang='grc' dir='ltr'>ἐξελέξαντο.</span> <span class='ocrx_word' id='word_1_215' title='bbox 3213 3217 3365 3288; x_wconf 84' lang='grc' dir='ltr'>Τάχα</span> <span class='ocrx_word' id='word_1_216' title='bbox 3407 3217 3460 3270; x_wconf 72' lang='grc' dir='ltr'>δὲ</span> <span class='ocrx_word' id='word_1_217' title='bbox 3509 3215 3590 3268; x_wconf 69' lang='grc' dir='ltr'>καὶ</span> <span class='ocrx_word' id='word_1_218' title='bbox 3628 3213 3691 3274; x_wconf 75' lang='grc' dir='ltr'>τὸ,</span> 
     </span>
    </p>
   </div>
   <div class='ocr_carea' id='block_1_38' title="bbox 544 3305 2076 3382">
    <p class='ocr_par' dir='ltr' id='par_1_38' title="bbox 544 3308 2076 3377">
     <span class='ocr_line' id='line_1_38' title="bbox 544 3308 2076 3377; baseline -0.001 -16"><span class='ocrx_word' id='word_1_219' title='bbox 544 3311 937 3364; x_wconf 80' lang='lat' dir='ltr'><strong>accusationem</strong></span> <span class='ocrx_word' id='word_1_220' title='bbox 969 3325 1175 3372; x_wconf 90' lang='lat' dir='ltr'><strong>eorum,</strong></span> <span class='ocrx_word' id='word_1_221' title='bbox 1208 3311 1295 3377; x_wconf 91' lang='lat' dir='ltr'><strong>qui</strong></span> <span class='ocrx_word' id='word_1_222' title='bbox 1322 3320 1520 3362; x_wconf 90' lang='lat' dir='ltr'><strong>temere</strong></span> <span class='ocrx_word' id='word_1_223' title='bbox 1541 3317 1594 3362; x_wconf 92' lang='lat' dir='ltr'><strong>et</strong></span> <span class='ocrx_word' id='word_1_224' title='bbox 1620 3309 1736 3361; x_wconf 90' lang='lat' dir='ltr'><strong>sine</strong></span> <span class='ocrx_word' id='word_1_225' title='bbox 1759 3308 2076 3361; x_wconf 84' lang='lat' dir='ltr'><strong>charismate</strong></span> 
     </span>
    </p>
   </div>
   <div class='ocr_carea' id='block_1_39' title="bbox 2176 3305 3692 3382">
    <p class='ocr_par' dir='ltr' id='par_1_39' title="bbox 2176 3305 3692 3378">
     <span class='ocr_line' id='line_1_39' title="bbox 2176 3305 3692 3378; baseline -0.001 -19"><span class='ocrx_word' id='word_1_226' title='bbox 2176 3307 2587 3375; x_wconf 81' lang='grc' dir='ltr'>ἐπεχείρησαν,</span> <span class='ocrx_word' id='word_1_227' title='bbox 2621 3305 2908 3375; x_wconf 80' lang='grc' dir='ltr'>λεληθυῖαν</span> <span class='ocrx_word' id='word_1_228' title='bbox 2947 3307 3062 3378; x_wconf 71' lang='grc' dir='ltr'>ἔχει</span> <span class='ocrx_word' id='word_1_229' title='bbox 3090 3309 3422 3378; x_wconf 79' lang='grc' dir='ltr'>κατηγορίαν</span> <span class='ocrx_word' id='word_1_230' title='bbox 3461 3307 3558 3358; x_wconf 83' lang='grc' dir='ltr'>τῶν</span> <span class='ocrx_word' id='word_1_231' title='bbox 3585 3319 3692 3374; x_wconf 87' lang='grc' dir='ltr'>προ·</span> 
     </span>
    </p>
   </div>
   <div class='ocr_carea' id='block_1_40' title="bbox 546 3397 2076 3468">
    <p class='ocr_par' dir='ltr' id='par_1_40' title="bbox 546 3397 2076 3468">
     <span class='ocr_line' id='line_1_40' title="bbox 546 3397 2076 3468; baseline -0.003 -14"><span class='ocrx_word' id='word_1_232' title='bbox 546 3407 888 3454; x_wconf 81' lang='lat' dir='ltr'><strong>accesserunt</strong></span> <span class='ocrx_word' id='word_1_233' title='bbox 915 3399 978 3451; x_wconf 88' lang='lat' dir='ltr'><strong>ad</strong></span> <span class='ocrx_word' id='word_1_234' title='bbox 1007 3399 1281 3452; x_wconf 86' lang='lat' dir='ltr'><strong>scribenda</strong></span> <span class='ocrx_word' id='word_1_235' title='bbox 1308 3399 1612 3468; x_wconf 78' lang='lat' dir='ltr'><strong>Evangelia.</strong></span> <span class='ocrx_word' id='word_1_236' title='bbox 1635 3397 1912 3452; x_wconf 79' lang='lat' dir='ltr'><strong>Matthqu</strong></span> <span class='ocrx_word' id='word_1_237' title='bbox 1935 3399 2076 3451; x_wconf 90' lang='lat' dir='ltr'><strong>enim</strong></span> 
     </span>
    </p>
   </div>
   <div class='ocr_carea' id='block_1_41' title="bbox 549 3483 2076 3554">
    <p class='ocr_par' dir='ltr' id='par_1_41' title="bbox 549 3483 2076 3554">
     <span class='ocr_line' id='line_1_41' title="bbox 549 3483 2076 3554; baseline 0.002 -18"><span class='ocrx_word' id='word_1_238' title='bbox 549 3499 655 3536; x_wconf 91' lang='lat' dir='ltr'><strong>non</strong></span> <span class='ocrx_word' id='word_1_239' title='bbox 685 3492 766 3537; x_wconf 82' lang='lat' dir='ltr'><strong>est</strong></span> <span class='ocrx_word' id='word_1_240' title='bbox 787 3485 1188 3552; x_wconf 80' lang='lat' dir='ltr'><strong>aggressus.sed</strong></span> <span class='ocrx_word' id='word_1_241' title='bbox 1217 3487 1430 3554; x_wconf 87' lang='lat' dir='ltr'><strong>scripsit</strong></span> <span class='ocrx_word' id='word_1_242' title='bbox 1457 3494 1628 3538; x_wconf 85' lang='lat' dir='ltr'><strong>motus</strong></span> <span class='ocrx_word' id='word_1_243' title='bbox 1660 3499 1688 3536; x_wconf 91' lang='lat' dir='ltr'><strong>a</strong></span> <span class='ocrx_word' id='word_1_244' title='bbox 1721 3483 1920 3546; x_wconf 87' lang='lat' dir='ltr'><strong>Spiritu</strong></span> <span class='ocrx_word' id='word_1_245' title='bbox 1951 3501 2076 3539; x_wconf 83' lang='lat' dir='ltr'><strong>san-</strong></span> 
     </span>
    </p>
   </div>
   <div class='ocr_carea' id='block_1_42' title="bbox 547 3569 2080 3638">
    <p class='ocr_par' dir='ltr' id='par_1_42' title="bbox 547 3569 2080 3638">
     <span class='ocr_line' id='line_1_42' title="bbox 547 3569 2080 3638; baseline 0.007 -21"><span class='ocrx_word' id='word_1_246' title='bbox 547 3579 655 3622; x_wconf 65' lang='lat' dir='ltr'><strong>«to.</strong></span> <span class='ocrx_word' id='word_1_247' title='bbox 691 3569 950 3623; x_wconf 89' lang='lat' dir='ltr'><strong>Similiter</strong></span> <span class='ocrx_word' id='word_1_248' title='bbox 975 3579 1030 3623; x_wconf 89' lang='lat' dir='ltr'><strong>et.</strong></span> <span class='ocrx_word' id='word_1_249' title='bbox 1059 3570 1284 3630; x_wconf 83' lang='lat' dir='ltr'><strong>Marcus.</strong></span> <span class='ocrx_word' id='word_1_250' title='bbox 1303 3581 1367 3628; x_wconf 55' lang='lat' dir='ltr'><strong>.et</strong></span> <span class='ocrx_word' id='word_1_251' title='bbox 1391 3571 1625 3627; x_wconf 81' lang='lat' dir='ltr'><strong>Joannes</strong></span> <span class='ocrx_word' id='word_1_252' title='bbox 1655 3573 1792 3626; x_wconf 88' lang='lat' dir='ltr'><strong>haud</strong></span> <span class='ocrx_word' id='word_1_253' title='bbox 1821 3573 1997 3638; x_wconf 87' lang='lat' dir='ltr'><strong>aliter,</strong></span> <span class='ocrx_word' id='word_1_254' title='bbox 2025 3583 2080 3628; x_wconf 85' lang='lat' dir='ltr'><strong>et</strong></span> 
     </span>
    </p>
   </div>
   <div class='ocr_carea' id='block_1_43' title="bbox 548 3655 2076 3731">
    <p class='ocr_par' dir='ltr' id='par_1_43' title="bbox 548 3655 2076 3731">
     <span class='ocr_line' id='line_1_43' title="bbox 548 3655 2076 3731; baseline 0.005 -21"><span class='ocrx_word' id='word_1_255' title='bbox 548 3655 739 3711; x_wconf 82' lang='lat' dir='ltr'><strong>Lucas.</strong></span> <span class='ocrx_word' id='word_1_256' title='bbox 772 3658 843 3710; x_wconf 78' lang='lat' dir='ltr'><strong>At</strong></span> <span class='ocrx_word' id='word_1_257' title='bbox 879 3658 1016 3726; x_wconf 89' lang='lat' dir='ltr'><strong>quod</strong></span> <span class='ocrx_word' id='word_1_258' title='bbox 1058 3660 1750 3731; x_wconf 83' lang='lat' dir='ltr'><strong>inscribitur_Evangelium</strong></span> <span class='ocrx_word' id='word_1_259' title='bbox 1787 3665 2076 3717; x_wconf 84' lang='lat' dir='ltr'><strong>secundum</strong></span> 
     </span>
    </p>
   </div>
   <div class='ocr_carea' id='block_1_44' title="bbox 549 3744 2077 3820">
    <p class='ocr_par' dir='ltr' id='par_1_44' title="bbox 549 3744 2077 3820">
     <span class='ocr_line' id='line_1_44' title="bbox 549 3744 2077 3820; baseline 0.004 -22"><span class='ocrx_word' id='word_1_260' title='bbox 549 3744 844 3814; x_wconf 59' lang='lat' dir='ltr'><strong>.IEgyptios,</strong></span> <span class='ocrx_word' id='word_1_261' title='bbox 879 3756 933 3800; x_wconf 91' lang='lat' dir='ltr'><strong>et</strong></span> <span class='ocrx_word' id='word_1_262' title='bbox 982 3749 1121 3816; x_wconf 88' lang='lat' dir='ltr'><strong>quod</strong></span> <span class='ocrx_word' id='word_1_263' title='bbox 1176 3749 1302 3801; x_wconf 87' lang='lat' dir='ltr'><strong>item</strong></span> <span class='ocrx_word' id='word_1_264' title='bbox 1377 3750 1682 3804; x_wconf 88' lang='lat' dir='ltr'><strong>inscribitur</strong></span> <span class='ocrx_word' id='word_1_265' title='bbox 1737 3751 2077 3820; x_wconf 87' lang='lat' dir='ltr'><strong>Evangelium</strong></span> 
     </span>
    </p>
   </div>
   <div class='ocr_carea' id='block_1_45' title="bbox 553 3834 2076 3909">
    <p class='ocr_par' dir='ltr' id='par_1_45' title="bbox 553 3834 2076 3909">
     <span class='ocr_line' id='line_1_45' title="bbox 553 3834 2076 3909; baseline 0.008 -25"><span class='ocrx_word' id='word_1_266' title='bbox 553 3834 952 3900; x_wconf 79' lang='lat' dir='ltr'><strong>duodenarum,</strong></span> <span class='ocrx_word' id='word_1_267' title='bbox 1001 3837 1036 3891; x_wconf 90' lang='lat' dir='ltr'><strong>ii</strong></span> <span class='ocrx_word' id='word_1_268' title='bbox 1073 3839 1161 3907; x_wconf 90' lang='lat' dir='ltr'><strong>qui</strong></span> <span class='ocrx_word' id='word_1_269' title='bbox 1217 3849 1574 3893; x_wconf 79' lang='lat' dir='ltr'><strong>exaraverunt</strong></span> <span class='ocrx_word' id='word_1_270' title='bbox 1619 3839 1801 3908; x_wconf 88' lang='lat' dir='ltr'><strong>utique</strong></span> <span class='ocrx_word' id='word_1_271' title='bbox 1843 3842 2076 3909; x_wconf 79' lang='lat' dir='ltr'><strong>aggressi</strong></span> 
     </span>
    </p>
   </div>
   <div class='ocr_carea' id='block_1_46' title="bbox 550 3926 2078 3998">
    <p class='ocr_par' dir='ltr' id='par_1_46' title="bbox 550 3926 2078 3998">
     <span class='ocr_line' id='line_1_46' title="bbox 550 3926 2078 3998; baseline 0.002 -20"><span class='ocrx_word' id='word_1_272' title='bbox 550 3934 691 3978; x_wconf 85' lang='lat' dir='ltr'><strong>sunt.</strong></span> <span class='ocrx_word' id='word_1_273' title='bbox 724 3926 1107 3981; x_wconf 80' lang='lat' dir='ltr'><strong>Circuntfertur</strong></span> <span class='ocrx_word' id='word_1_274' title='bbox 1136 3943 1349 3997; x_wconf 91' lang='lat' dir='ltr'><strong>quoque</strong></span> <span class='ocrx_word' id='word_1_275' title='bbox 1392 3927 1734 3998; x_wconf 84' lang='lat' dir='ltr'><strong>Evangelium</strong></span> <span class='ocrx_word' id='word_1_276' title='bbox 1789 3929 2078 3983; x_wconf 88' lang='lat' dir='ltr'><strong>secundum</strong></span> 
     </span>
    </p>
   </div>
   <div class='ocr_carea' id='block_1_47' title="bbox 554 4014 2079 4080">
    <p class='ocr_par' dir='ltr' id='par_1_47' title="bbox 554 4014 2079 4080">
     <span class='ocr_line' id='line_1_47' title="bbox 554 4014 2079 4080; baseline 0.002 -13"><span class='ocrx_word' id='word_1_277' title='bbox 554 4014 832 4068; x_wconf 85' lang='lat' dir='ltr'><strong>Thomam.</strong></span> <span class='ocrx_word' id='word_1_278' title='bbox 860 4015 974 4070; x_wconf 80' lang='lat' dir='ltr'><strong>Jam</strong></span> <span class='ocrx_word' id='word_1_279' title='bbox 1009 4032 1164 4080; x_wconf 87' lang='lat' dir='ltr'><strong>porro</strong></span> <span class='ocrx_word' id='word_1_280' title='bbox 1190 4033 1350 4073; x_wconf 85' lang='lat' dir='ltr'><strong>ausus</strong></span> <span class='ocrx_word' id='word_1_281' title='bbox 1378 4026 1462 4072; x_wconf 91' lang='lat' dir='ltr'><strong>est</strong></span> <span class='ocrx_word' id='word_1_282' title='bbox 1485 4020 1644 4072; x_wconf 88' lang='lat' dir='ltr'><strong>etiam</strong></span> <span class='ocrx_word' id='word_1_283' title='bbox 1668 4018 1928 4072; x_wconf 82' lang='lat' dir='ltr'><strong>Basilides</strong></span> <span class='ocrx_word' id='word_1_284' title='bbox 1947 4019 2079 4072; x_wconf 87' lang='lat' dir='ltr'><strong>scri-</strong></span> 
     </span>
    </p>
   </div>
   <div class='ocr_carea' id='block_1_48' title="bbox 554 4105 2078 4175">
    <p class='ocr_par' dir='ltr' id='par_1_48' title="bbox 554 4105 2078 4175">
     <span class='ocr_line' id='line_1_48' title="bbox 554 4105 2078 4175; baseline 0.002 -18"><span class='ocrx_word' id='word_1_285' title='bbox 554 4107 677 4159; x_wconf 88' lang='lat' dir='ltr'><strong>here</strong></span> <span class='ocrx_word' id='word_1_286' title='bbox 701 4105 1038 4175; x_wconf 82' lang='lat' dir='ltr'><strong>Evangelium</strong></span> <span class='ocrx_word' id='word_1_287' title='bbox 1064 4109 1350 4168; x_wconf 81' lang='lat' dir='ltr'><strong>secundum</strong></span> <span class='ocrx_word' id='word_1_288' title='bbox 1376 4107 1833 4164; x_wconf 64' lang='lat' dir='ltr'><strong>BasilidentJlulti</strong></span> <span class='ocrx_word' id='word_1_289' title='bbox 1859 4117 2078 4175; x_wconf 62' lang='lat' dir='ltr'><strong>praeter—</strong></span> 
     </span>
    </p>
   </div>
   <div class='ocr_carea' id='block_1_49' title="bbox 551 4197 2079 4273">
    <p class='ocr_par' dir='ltr' id='par_1_49' title="bbox 551 4197 2079 4273">
     <span class='ocr_line' id='line_1_49' title="bbox 551 4197 2079 4273; baseline 0 -22"><span class='ocrx_word' id='word_1_290' title='bbox 551 4210 614 4251; x_wconf 83' lang='lat' dir='ltr'><strong>ea</strong></span> <span class='ocrx_word' id='word_1_291' title='bbox 650 4198 882 4267; x_wconf 78' lang='lat' dir='ltr'><strong>aggressi</strong></span> <span class='ocrx_word' id='word_1_292' title='bbox 941 4209 1063 4251; x_wconf 87' lang='lat' dir='ltr'><strong>sunt</strong></span> <span class='ocrx_word' id='word_1_293' title='bbox 1084 4197 1425 4273; x_wconf 64' lang='lat' dir='ltr'><strong>Evangelium</strong></span> <span class='ocrx_word' id='word_1_294' title='bbox 1453 4198 1742 4253; x_wconf 88' lang='lat' dir='ltr'><strong>secundum</strong></span> <span class='ocrx_word' id='word_1_295' title='bbox 1783 4197 2079 4260; x_wconf 81' lang='lat' dir='ltr'><strong>Matthiam.</strong></span> 
     </span>
    </p>
   </div>
   <div class='ocr_carea' id='block_1_50' title="bbox 554 4286 2080 4356">
    <p class='ocr_par' dir='ltr' id='par_1_50' title="bbox 554 4286 2080 4356">
     <span class='ocr_line' id='line_1_50' title="bbox 554 4286 2080 4356; baseline 0.001 -18"><span class='ocrx_word' id='word_1_296' title='bbox 554 4297 606 4338; x_wconf 84' lang='lat' dir='ltr'><strong>et</strong></span> <span class='ocrx_word' id='word_1_297' title='bbox 639 4286 738 4338; x_wconf 86' lang='lat' dir='ltr'><strong>alia</strong></span> <span class='ocrx_word' id='word_1_298' title='bbox 770 4286 938 4355; x_wconf 89' lang='lat' dir='ltr'><strong>plura.</strong></span> <span class='ocrx_word' id='word_1_299' title='bbox 990 4286 1092 4342; x_wconf 90' lang='lat' dir='ltr'><strong>Sed</strong></span> <span class='ocrx_word' id='word_1_300' title='bbox 1123 4289 1262 4341; x_wconf 90' lang='lat' dir='ltr'><strong>enim</strong></span> <span class='ocrx_word' id='word_1_301' title='bbox 1291 4296 1522 4356; x_wconf 91' lang='lat' dir='ltr'><strong>quatuor</strong></span> <span class='ocrx_word' id='word_1_302' title='bbox 1556 4296 1758 4340; x_wconf 87' lang='lat' dir='ltr'><strong>tantum</strong></span> <span class='ocrx_word' id='word_1_303' title='bbox 1805 4287 1956 4356; x_wconf 85' lang='lat' dir='ltr'><strong>eligit</strong></span> <span class='ocrx_word' id='word_1_304' title='bbox 1989 4287 2080 4340; x_wconf 83' lang='lat' dir='ltr'><strong>Dei</strong></span> 
     </span>
    </p>
   </div>
   <div class='ocr_carea' id='block_1_51' title="bbox 556 4374 2082 4446">
    <p class='ocr_par' dir='ltr' id='par_1_51' title="bbox 556 4374 2082 4446">
     <span class='ocr_line' id='line_1_51' title="bbox 556 4374 2082 4446; baseline 0.003 -20"><span class='ocrx_word' id='word_1_305' title='bbox 556 4374 812 4428; x_wconf 78' lang='lat' dir='ltr'><strong>Ecclesia.</strong></span> <span class='ocrx_word' id='word_1_306' title='bbox 857 4375 968 4429; x_wconf 85' lang='lat' dir='ltr'><strong>Non</strong></span> <span class='ocrx_word' id='word_1_307' title='bbox 1013 4378 1323 4446; x_wconf 87' lang='lat' dir='ltr'><strong>simpliciter</strong></span> <span class='ocrx_word' id='word_1_308' title='bbox 1354 4386 1531 4431; x_wconf 88' lang='lat' dir='ltr'><strong>autem</strong></span> <span class='ocrx_word' id='word_1_309' title='bbox 1582 4377 1764 4432; x_wconf 88' lang='lat' dir='ltr'><strong>dicens</strong></span> <span class='ocrx_word' id='word_1_310' title='bbox 1814 4378 1880 4430; x_wconf 90' lang='lat' dir='ltr'><strong>de</strong></span> <span class='ocrx_word' id='word_1_311' title='bbox 1923 4378 2082 4431; x_wconf 86' lang='lat' dir='ltr'><strong>rebus</strong></span> 
     </span>
    </p>
   </div>
   <div class='ocr_carea' id='block_1_52' title="bbox 553 4463 2083 4534">
    <p class='ocr_par' dir='ltr' id='par_1_52' title="bbox 553 4463 2083 4534">
     <span class='ocr_line' id='line_1_52' title="bbox 553 4463 2083 4534; baseline 0.005 -22"><span class='ocrx_word' id='word_1_312' title='bbox 553 4463 790 4522; x_wconf 79' lang='lat' dir='ltr'><strong>creditis,</strong></span> <span class='ocrx_word' id='word_1_313' title='bbox 816 4463 906 4516; x_wconf 88' lang='lat' dir='ltr'><strong>sed</strong></span> <span class='ocrx_word' id='word_1_314' title='bbox 935 4467 1001 4518; x_wconf 89' lang='lat' dir='ltr'><strong>de</strong></span> <span class='ocrx_word' id='word_1_315' title='bbox 1029 4465 1186 4519; x_wconf 88' lang='lat' dir='ltr'><strong>rebus</strong></span> <span class='ocrx_word' id='word_1_316' title='bbox 1210 4464 1402 4534; x_wconf 88' lang='lat' dir='ltr'><strong>quibus</strong></span> <span class='ocrx_word' id='word_1_317' title='bbox 1424 4474 1572 4518; x_wconf 90' lang='lat' dir='ltr'><strong>certa</strong></span> <span class='ocrx_word' id='word_1_318' title='bbox 1616 4473 1696 4519; x_wconf 89' lang='lat' dir='ltr'><strong>est</strong></span> <span class='ocrx_word' id='word_1_319' title='bbox 1729 4464 1880 4520; x_wconf 92' lang='lat' dir='ltr'><strong>nobis</strong></span> <span class='ocrx_word' id='word_1_320' title='bbox 1904 4466 2083 4520; x_wconf 88' lang='lat' dir='ltr'><strong>scien-</strong></span> 
     </span>
    </p>
   </div>
   <div class='ocr_carea' id='block_1_53' title="bbox 556 4554 2078 4624">
    <p class='ocr_par' dir='ltr' id='par_1_53' title="bbox 556 4554 2078 4624">
     <span class='ocr_line' id='line_1_53' title="bbox 556 4554 2078 4624; baseline 0.003 -19"><span class='ocrx_word' id='word_1_321' title='bbox 556 4555 647 4616; x_wconf 88' lang='lat' dir='ltr'><strong>tia,</strong></span> <span class='ocrx_word' id='word_1_322' title='bbox 677 4554 1037 4609; x_wconf 84' lang='lat' dir='ltr'><strong>testimonium</strong></span> <span class='ocrx_word' id='word_1_323' title='bbox 1070 4558 1311 4624; x_wconf 84' lang='lat' dir='ltr'><strong>perhibet</strong></span> <span class='ocrx_word' id='word_1_324' title='bbox 1348 4557 1581 4612; x_wconf 89' lang='lat' dir='ltr'><strong>narratis</strong></span> <span class='ocrx_word' id='word_1_325' title='bbox 1631 4557 1810 4620; x_wconf 88' lang='lat' dir='ltr'><strong>rebus,</strong></span> <span class='ocrx_word' id='word_1_326' title='bbox 1851 4571 1957 4624; x_wconf 91' lang='lat' dir='ltr'><strong>quo</strong></span> <span class='ocrx_word' id='word_1_327' title='bbox 1996 4558 2078 4610; x_wconf 86' lang='lat' dir='ltr'><strong>in-</strong></span> 
     </span>
    </p>
   </div>
   <div class='ocr_carea' id='block_1_54' title="bbox 2178 3391 3696 3470">
    <p class='ocr_par' dir='ltr' id='par_1_54' title="bbox 2178 3391 3696 3470">
     <span class='ocr_line' id='line_1_54' title="bbox 2178 3391 3696 3470; baseline -0.001 -21"><span class='ocrx_word' id='word_1_328' title='bbox 2178 3397 2354 3460; x_wconf 85' lang='grc' dir='ltr'>πετῶς</span> <span class='ocrx_word' id='word_1_329' title='bbox 2405 3399 2497 3449; x_wconf 77' lang='grc' dir='ltr'>καὶ</span> <span class='ocrx_word' id='word_1_330' title='bbox 2550 3399 2717 3468; x_wconf 76' lang='grc' dir='ltr'>χωρὶς</span> <span class='ocrx_word' id='word_1_331' title='bbox 2773 3399 3120 3470; x_wconf 86' lang='grc' dir='ltr'>χαρίσματος</span> <span class='ocrx_word' id='word_1_332' title='bbox 3175 3399 3433 3452; x_wconf 76' lang='grc' dir='ltr'>ἐλθόντων</span> <span class='ocrx_word' id='word_1_333' title='bbox 3492 3397 3575 3450; x_wconf 77' lang='grc' dir='ltr'><strong>ἐπὶ</strong></span> <span class='ocrx_word' id='word_1_334' title='bbox 3618 3391 3696 3462; x_wconf 79' lang='grc' dir='ltr'>τὴν</span> 
     </span>
    </p>
   </div>
   <div class='ocr_carea' id='block_1_55' title="bbox 2175 3483 3695 3559">
    <p class='ocr_par' dir='ltr' id='par_1_55' title="bbox 2175 3483 3695 3559">
     <span class='ocr_line' id='line_1_55' title="bbox 2175 3483 3695 3559; baseline -0.004 -18"><span class='ocrx_word' id='word_1_335' title='bbox 2175 3489 2492 3558; x_wconf 73' lang='grc' dir='ltr'>ἀναγραφὴν</span> <span class='ocrx_word' id='word_1_336' title='bbox 2549 3489 2656 3540; x_wconf 82' lang='grc' dir='ltr'><strong>τῶν</strong></span> <span class='ocrx_word' id='word_1_337' title='bbox 2699 3489 3075 3559; x_wconf 84' lang='grc' dir='ltr'>Εὐαγγελίων.</span> <span class='ocrx_word' id='word_1_338' title='bbox 3140 3491 3412 3552; x_wconf 87' lang='grc' dir='ltr'>Ματθαῖος</span> <span class='ocrx_word' id='word_1_339' title='bbox 3467 3487 3565 3556; x_wconf 81' lang='grc' dir='ltr'>γὰρ</span> <span class='ocrx_word' id='word_1_340' title='bbox 3617 3483 3695 3535; x_wconf 84' lang='grc' dir='ltr'><strong>οὐκ</strong></span> 
     </span>
    </p>
   </div>
   <div class='ocr_carea' id='block_1_56' title="bbox 2177 3571 3693 3649">
    <p class='ocr_par' dir='ltr' id='par_1_56' title="bbox 2177 3571 3693 3649">
     <span class='ocr_line' id='line_1_56' title="bbox 2177 3571 3693 3649; baseline -0.005 -20"><span class='ocrx_word' id='word_1_341' title='bbox 2177 3577 2544 3646; x_wconf 86' lang='grc' dir='ltr'>ἐπεχείρησεν,</span> <span class='ocrx_word' id='word_1_342' title='bbox 2574 3578 2685 3629; x_wconf 83' lang='grc' dir='ltr'>ἀλλ’</span> <span class='ocrx_word' id='word_1_343' title='bbox 2710 3578 2953 3649; x_wconf 81' lang='grc' dir='ltr'>ἔγραψεν</span> <span class='ocrx_word' id='word_1_344' title='bbox 2975 3578 3036 3644; x_wconf 82' lang='grc' dir='ltr'><strong>ἐξ</strong></span> <span class='ocrx_word' id='word_1_345' title='bbox 3061 3580 3216 3647; x_wconf 82' lang='grc' dir='ltr'>ἁγίου</span> <span class='ocrx_word' id='word_1_346' title='bbox 3239 3578 3538 3649; x_wconf 84' lang='grc' dir='ltr'>κινούμενος</span> <span class='ocrx_word' id='word_1_347' title='bbox 3556 3571 3693 3626; x_wconf 75' lang='grc' dir='ltr'>Πνεύ-</span> 
     </span>
    </p>
   </div>
   <div class='ocr_carea' id='block_1_57' title="bbox 2179 3663 3693 3742">
    <p class='ocr_par' dir='ltr' id='par_1_57' title="bbox 2179 3663 3693 3742">
     <span class='ocr_line' id='line_1_57' title="bbox 2179 3663 3693 3742; baseline 0.007 -22"><span class='ocrx_word' id='word_1_348' title='bbox 2179 3685 2368 3738; x_wconf 86' lang='grc' dir='ltr'>ματος·</span> <span class='ocrx_word' id='word_1_349' title='bbox 2400 3668 2597 3736; x_wconf 79' lang='grc' dir='ltr'>ὁμοίως</span> <span class='ocrx_word' id='word_1_350' title='bbox 2618 3671 2712 3721; x_wconf 75' lang='grc' dir='ltr'><strong>καὶ</strong></span> <span class='ocrx_word' id='word_1_351' title='bbox 2737 3672 2968 3742; x_wconf 77' lang='grc' dir='ltr'>Μάρκος</span> <span class='ocrx_word' id='word_1_352' title='bbox 2987 3715 3002 3738; x_wconf 94' lang='grc'><strong>,</strong></span> <span class='ocrx_word' id='word_1_353' title='bbox 3041 3672 3136 3725; x_wconf 73' lang='grc' dir='ltr'>καὶ</span> <span class='ocrx_word' id='word_1_354' title='bbox 3177 3669 3422 3738; x_wconf 84' lang='grc' dir='ltr'>Ἰωάννης</span> <span class='ocrx_word' id='word_1_355' title='bbox 3453 3663 3693 3736; x_wconf 76' lang='grc' dir='ltr'>παραπλη-</span> 
     </span>
    </p>
   </div>
   <div class='ocr_carea' id='block_1_58' title="bbox 2179 3747 3693 3830">
    <p class='ocr_par' dir='ltr' id='par_1_58' title="bbox 2179 3747 3693 3830">
     <span class='ocr_line' id='line_1_58' title="bbox 2179 3747 3693 3830; baseline -0.006 -22"><span class='ocrx_word' id='word_1_356' title='bbox 2179 3756 2325 3819; x_wconf 86' lang='grc' dir='ltr'>σίως,</span> <span class='ocrx_word' id='word_1_357' title='bbox 2355 3757 2447 3809; x_wconf 71' lang='grc' dir='ltr'>καὶ</span> <span class='ocrx_word' id='word_1_358' title='bbox 2491 3757 2719 3820; x_wconf 80' lang='grc' dir='ltr'>Λουκᾶς.</span> <span class='ocrx_word' id='word_1_359' title='bbox 2748 3759 2825 3811; x_wconf 85' lang='grc' dir='ltr'>Τὸ</span> <span class='ocrx_word' id='word_1_360' title='bbox 2875 3761 3057 3830; x_wconf 87' lang='grc' dir='ltr'>μέντοι</span> <span class='ocrx_word' id='word_1_361' title='bbox 3097 3755 3550 3827; x_wconf 84' lang='grc' dir='ltr'>ἐπιγεγραμμένον</span> <span class='ocrx_word' id='word_1_362' title='bbox 3581 3747 3693 3804; x_wconf 73' lang='grc' dir='ltr'>κατὰ</span> 
     </span>
    </p>
   </div>
   <div class='ocr_carea' id='block_1_59' title="bbox 2176 3834 3691 3915">
    <p class='ocr_par' dir='ltr' id='par_1_59' title="bbox 2176 3834 3691 3915">
     <span class='ocr_line' id='line_1_59' title="bbox 2176 3834 3691 3915; baseline -0.01 -15"><span class='ocrx_word' id='word_1_363' title='bbox 2176 3845 2497 3914; x_wconf 72' lang='grc' dir='ltr'>Αἰγυπτίους</span> <span class='ocrx_word' id='word_1_364' title='bbox 2525 3845 2882 3913; x_wconf 85' lang='grc' dir='ltr'>Εὐαγγέλιον,</span> <span class='ocrx_word' id='word_1_365' title='bbox 2922 3849 3019 3901; x_wconf 70' lang='grc' dir='ltr'><strong>καὶ</strong></span> <span class='ocrx_word' id='word_1_366' title='bbox 3048 3847 3111 3900; x_wconf 81' lang='grc' dir='ltr'><strong>τὸ</strong></span> <span class='ocrx_word' id='word_1_367' title='bbox 3137 3841 3590 3915; x_wconf 78' lang='grc' dir='ltr'>ἐπιγεγραμμένον</span> <span class='ocrx_word' id='word_1_368' title='bbox 3609 3834 3691 3888; x_wconf 77' lang='grc' dir='ltr'>τῶν</span> 
     </span>
    </p>
   </div>
   <div class='ocr_carea' id='block_1_60' title="bbox 2175 3931 3689 4009">
    <p class='ocr_par' dir='ltr' id='par_1_60' title="bbox 2175 3931 3689 4009">
     <span class='ocr_line' id='line_1_60' title="bbox 2175 3931 3689 4009; baseline -0.011 -19"><span class='ocrx_word' id='word_1_369' title='bbox 2175 3936 2376 3990; x_wconf 85' lang='grc' dir='ltr'>δώδεκα</span> <span class='ocrx_word' id='word_1_370' title='bbox 2418 3935 2774 4002; x_wconf 77' lang='grc' dir='ltr'>Εὐαγγέλιον,</span> <span class='ocrx_word' id='word_1_371' title='bbox 2821 3939 2873 3990; x_wconf 88' lang='grc' dir='ltr'><strong>οί</strong></span> <span class='ocrx_word' id='word_1_372' title='bbox 2908 3937 3320 4009; x_wconf 76' lang='grc' dir='ltr'>συγγράψαντες</span> <span class='ocrx_word' id='word_1_373' title='bbox 3360 3931 3689 4001; x_wconf 75' lang='grc' dir='ltr'>ἐπεχείρησαν.</span> 
     </span>
    </p>
   </div>
   <div class='ocr_carea' id='block_1_61' title="bbox 2175 4014 3691 4096">
    <p class='ocr_par' dir='ltr' id='par_1_61' title="bbox 2175 4014 3691 4096">
     <span class='ocr_line' id='line_1_61' title="bbox 2175 4014 3691 4096; baseline -0.005 -20"><span class='ocrx_word' id='word_1_374' title='bbox 2175 4024 2398 4094; x_wconf 76' lang='grc' dir='ltr'>Φέρεται</span> <span class='ocrx_word' id='word_1_375' title='bbox 2425 4023 2480 4075; x_wconf 84' lang='grc' dir='ltr'>δὲ</span> <span class='ocrx_word' id='word_1_376' title='bbox 2509 4024 2602 4075; x_wconf 77' lang='grc' dir='ltr'><strong>καὶ</strong></span> <span class='ocrx_word' id='word_1_377' title='bbox 2632 4024 2692 4076; x_wconf 83' lang='grc' dir='ltr'>τὸ</span> <span class='ocrx_word' id='word_1_378' title='bbox 2719 4027 2869 4079; x_wconf 85' lang='grc' dir='ltr'>κατὰ</span> <span class='ocrx_word' id='word_1_379' title='bbox 2903 4027 3105 4096; x_wconf 81' lang='grc' dir='ltr'>Θωμᾶν</span> <span class='ocrx_word' id='word_1_380' title='bbox 3137 4024 3470 4093; x_wconf 82' lang='grc' dir='ltr'>Εὑαγγέλιον.</span> <span class='ocrx_word' id='word_1_381' title='bbox 3509 4017 3624 4085; x_wconf 84' lang='grc' dir='ltr'><strong>Ἤδη</strong></span> <span class='ocrx_word' id='word_1_382' title='bbox 3649 4014 3691 4064; x_wconf 84' lang='grc' dir='ltr'>δὲ</span> 
     </span>
    </p>
   </div>
   <div class='ocr_carea' id='block_1_62' title="bbox 2176 4104 3691 4188">
    <p class='ocr_par' dir='ltr' id='par_1_62' title="bbox 2176 4104 3691 4188">
     <span class='ocr_line' id='line_1_62' title="bbox 2176 4104 3691 4188; baseline -0.007 -22"><span class='ocrx_word' id='word_1_383' title='bbox 2176 4114 2435 4185; x_wconf 86' lang='grc' dir='ltr'>ἐτόλμησε</span> <span class='ocrx_word' id='word_1_384' title='bbox 2480 4116 2570 4167; x_wconf 73' lang='grc' dir='ltr'>καὶ</span> <span class='ocrx_word' id='word_1_385' title='bbox 2612 4114 2934 4188; x_wconf 84' lang='grc' dir='ltr'>Βασιλείδης</span> <span class='ocrx_word' id='word_1_386' title='bbox 2969 4115 3274 4187; x_wconf 77' lang='grc' dir='ltr'>συγγράψαι</span> <span class='ocrx_word' id='word_1_387' title='bbox 3319 4113 3456 4170; x_wconf 84' lang='grc' dir='ltr'><strong>κατά</strong></span> <span class='ocrx_word' id='word_1_388' title='bbox 3487 4104 3691 4163; x_wconf 81' lang='grc' dir='ltr'>Βασιλεί-</span> 
     </span>
    </p>
   </div>
   <div class='ocr_carea' id='block_1_63' title="bbox 2175 4192 3694 4278">
    <p class='ocr_par' dir='ltr' id='par_1_63' title="bbox 2175 4192 3694 4278">
     <span class='ocr_line' id='line_1_63' title="bbox 2175 4192 3694 4278; baseline -0.005 -22"><span class='ocrx_word' id='word_1_389' title='bbox 2175 4204 2270 4274; x_wconf 88' lang='grc' dir='ltr'><strong>δην</strong></span> <span class='ocrx_word' id='word_1_390' title='bbox 2294 4203 2635 4272; x_wconf 83' lang='grc' dir='ltr'>Εὑαγγέλιον.</span> <span class='ocrx_word' id='word_1_391' title='bbox 2671 4204 2870 4260; x_wconf 71' lang='grc' dir='ltr'>Πολλοὶ</span> <span class='ocrx_word' id='word_1_392' title='bbox 2897 4207 2997 4278; x_wconf 86' lang='grc' dir='ltr'>μὲν</span> <span class='ocrx_word' id='word_1_393' title='bbox 3021 4205 3113 4260; x_wconf 75' lang='grc' dir='ltr'>οὖν</span> <span class='ocrx_word' id='word_1_394' title='bbox 3145 4206 3491 4276; x_wconf 80' lang='grc' dir='ltr'>ἐπεχείρησαν</span> <span class='ocrx_word' id='word_1_395' title='bbox 3533 4200 3612 4252; x_wconf 76' lang='grc' dir='ltr'><strong>καὶ</strong></span> <span class='ocrx_word' id='word_1_396' title='bbox 3648 4192 3694 4244; x_wconf 75' lang='grc' dir='ltr'>τὸ</span> 
     </span>
    </p>
   </div>
   <div class='ocr_carea' id='block_1_64' title="bbox 2178 4288 3692 4355">
    <p class='ocr_par' dir='ltr' id='par_1_64' title="bbox 2178 4288 3692 4355">
     <span class='ocr_line' id='line_1_64' title="bbox 2178 4288 3692 4355; baseline -0.005 -10"><span class='ocrx_word' id='word_1_397' title='bbox 2178 4291 2314 4345; x_wconf 86' lang='grc' dir='ltr'><strong>κατά</strong></span> <span class='ocrx_word' id='word_1_398' title='bbox 2338 4291 2601 4355; x_wconf 85' lang='grc' dir='ltr'>Ματθίαν,</span> <span class='ocrx_word' id='word_1_399' title='bbox 2636 4292 2726 4344; x_wconf 75' lang='grc' dir='ltr'>καὶ</span> <span class='ocrx_word' id='word_1_400' title='bbox 2766 4295 2909 4348; x_wconf 77' lang='grc' dir='ltr'>ἄλλα</span> <span class='ocrx_word' id='word_1_401' title='bbox 2939 4296 3178 4350; x_wconf 87' lang='grc' dir='ltr'>πλείονα.</span> <span class='ocrx_word' id='word_1_402' title='bbox 3227 4293 3380 4346; x_wconf 84' lang='grc' dir='ltr'>Ἀλλά</span> <span class='ocrx_word' id='word_1_403' title='bbox 3415 4290 3479 4344; x_wconf 83' lang='grc' dir='ltr'>τὰ</span> <span class='ocrx_word' id='word_1_404' title='bbox 3497 4288 3692 4351; x_wconf 78' lang='grc' dir='ltr'>τέσσαρα</span> 
     </span>
    </p>
   </div>
   <div class='ocr_carea' id='block_1_65' title="bbox 2181 4371 3689 4456">
    <p class='ocr_par' dir='ltr' id='par_1_65' title="bbox 2181 4371 3689 4456">
     <span class='ocr_line' id='line_1_65' title="bbox 2181 4371 3689 4456; baseline -0.01 -19"><span class='ocrx_word' id='word_1_405' title='bbox 2181 4383 2315 4452; x_wconf 87' lang='grc' dir='ltr'>μόνα</span> <span class='ocrx_word' id='word_1_406' title='bbox 2345 4382 2620 4452; x_wconf 85' lang='grc' dir='ltr'>προκρίνει</span> <span class='ocrx_word' id='word_1_407' title='bbox 2645 4383 2791 4451; x_wconf 76' lang='grc' dir='ltr'><strong>ήτοῦ</strong></span> <span class='ocrx_word' id='word_1_408' title='bbox 2822 4385 2958 4438; x_wconf 84' lang='grc' dir='ltr'><strong>Θεοῦ</strong></span> <span class='ocrx_word' id='word_1_409' title='bbox 2999 4385 3306 4456; x_wconf 87' lang='grc' dir='ltr'>Ἐκκλησία.</span> <span class='ocrx_word' id='word_1_410' title='bbox 3330 4383 3434 4452; x_wconf 83' lang='grc' dir='ltr'>Οὐχ</span> <span class='ocrx_word' id='word_1_411' title='bbox 3465 4377 3624 4434; x_wconf 80' lang='grc' dir='ltr'>ἁπλῶς</span> <span class='ocrx_word' id='word_1_412' title='bbox 3648 4371 3689 4422; x_wconf 86' lang='grc' dir='ltr'>δὲ</span> 
     </span>
    </p>
   </div>
   <div class='ocr_carea' id='block_1_66' title="bbox 2179 4457 3690 4544">
    <p class='ocr_par' dir='ltr' id='par_1_66' title="bbox 2179 4457 3690 4544">
     <span class='ocr_line' id='line_1_66' title="bbox 2179 4457 3690 4544; baseline -0.008 -17"><span class='ocrx_word' id='word_1_413' title='bbox 2179 4463 2299 4526; x_wconf 73' lang='grc' dir='ltr'>εἷπε</span> <span class='ocrx_word' id='word_1_414' title='bbox 2353 4472 2797 4542; x_wconf 82' lang='grc' dir='ltr'>πεπιστευμένων</span> <span class='ocrx_word' id='word_1_415' title='bbox 2817 4515 2832 4539; x_wconf 94' lang='grc'><strong>,</strong></span> <span class='ocrx_word' id='word_1_416' title='bbox 2862 4476 3022 4534; x_wconf 77' lang='grc' dir='ltr'>,ἀλλά</span> <span class='ocrx_word' id='word_1_417' title='bbox 3053 4469 3617 4544; x_wconf 82' lang='grc' dir='ltr'>πεπληροφορημένων,</span> <span class='ocrx_word' id='word_1_418' title='bbox 3644 4457 3690 4509; x_wconf 78' lang='grc' dir='ltr'>τὸ</span> 
     </span>
    </p>
   </div>
   <div class='ocr_carea' id='block_1_67' title="bbox 2179 4551 3691 4636">
    <p class='ocr_par' dir='ltr' id='par_1_67' title="bbox 2179 4551 3691 4636">
     <span class='ocr_line' id='line_1_67' title="bbox 2179 4551 3691 4636; baseline -0.011 -20"><span class='ocrx_word' id='word_1_419' title='bbox 2179 4563 2520 4633; x_wconf 76' lang='grc' dir='ltr'>ἀπαράϐατον</span> <span class='ocrx_word' id='word_1_420' title='bbox 2545 4565 2654 4625; x_wconf 88' lang='grc' dir='ltr'>τοῖς</span> <span class='ocrx_word' id='word_1_421' title='bbox 2684 4561 3002 4636; x_wconf 78' lang='grc' dir='ltr'>λεγομένοις</span> <span class='ocrx_word' id='word_1_422' title='bbox 3038 4563 3344 4636; x_wconf 80' lang='grc' dir='ltr'>μαρτυρῶν,</span> <span class='ocrx_word' id='word_1_423' title='bbox 3378 4551 3691 4626; x_wconf 74' lang='grc' dir='ltr'>Πραγμᾰτων</span> 
     </span>
    </p>
   </div>
   <div class='ocr_carea' id='block_1_68' title="bbox 553 4637 2076 4725">
    <p class='ocr_par' dir='ltr' id='par_1_68' title="bbox 553 4649 2076 4718">
     <span class='ocr_line' id='line_1_68' title="bbox 553 4649 2076 4718; baseline 0.003 -20"><span class='ocrx_word' id='word_1_424' title='bbox 553 4659 826 4699; x_wconf 71' lang='lat' dir='ltr'><strong>concussze</strong></span> <span class='ocrx_word' id='word_1_425' title='bbox 847 4657 992 4700; x_wconf 89' lang='lat' dir='ltr'><strong>stent</strong></span> <span class='ocrx_word' id='word_1_426' title='bbox 1020 4651 1315 4704; x_wconf 83' lang='lat' dir='ltr'><strong>certissima</strong></span> <span class='ocrx_word' id='word_1_427' title='bbox 1342 4653 1592 4707; x_wconf 82' lang='lat' dir='ltr'><strong>veritate.</strong></span> <span class='ocrx_word' id='word_1_428' title='bbox 1631 4649 1708 4703; x_wconf 90' lang='lat' dir='ltr'><strong>De</strong></span> <span class='ocrx_word' id='word_1_429' title='bbox 1743 4650 1892 4702; x_wconf 87' lang='lat' dir='ltr'><strong>rebus</strong></span> <span class='ocrx_word' id='word_1_430' title='bbox 1917 4664 2076 4718; x_wconf 88' lang='lat' dir='ltr'><strong>porro</strong></span> 
     </span>
    </p>
   </div>
   <div class='ocr_carea' id='block_1_69' title="bbox 2176 4637 3690 4725">
    <p class='ocr_par' dir='ltr' id='par_1_69' title="bbox 2177 4637 3690 4725">
     <span class='ocr_line' id='line_1_69' title="bbox 2177 4637 3690 4725; baseline -0.012 -19"><span class='ocrx_word' id='word_1_431' title='bbox 2177 4653 2232 4706; x_wconf 86' lang='grc' dir='ltr'><strong>δέ</strong></span> <span class='ocrx_word' id='word_1_432' title='bbox 2255 4649 2422 4716; x_wconf 82' lang='grc' dir='ltr'>εἶπεν,</span> <span class='ocrx_word' id='word_1_433' title='bbox 2463 4651 2692 4724; x_wconf 84' lang='grc' dir='ltr'>ἀναιρῶν</span> <span class='ocrx_word' id='word_1_434' title='bbox 2736 4656 2840 4724; x_wconf 72' lang='grc' dir='ltr'><strong>τὴν</strong></span> <span class='ocrx_word' id='word_1_435' title='bbox 2874 4657 3082 4725; x_wconf 81' lang='grc' dir='ltr'>αἵρεσιν</span> <span class='ocrx_word' id='word_1_436' title='bbox 3112 4656 3220 4708; x_wconf 86' lang='grc' dir='ltr'><strong>τῶν</strong></span> <span class='ocrx_word' id='word_1_437' title='bbox 3259 4651 3395 4706; x_wconf 86' lang='grc' dir='ltr'><strong>κατά</strong></span> <span class='ocrx_word' id='word_1_438' title='bbox 3437 4637 3690 4725; x_wconf 76' lang='grc' dir='ltr'>φαντασίαν</span> 
     </span>
    </p>
   </div>
   <div class='ocr_carea' id='block_1_70' title="bbox 555 4736 2077 4806">
    <p class='ocr_par' dir='ltr' id='par_1_70' title="bbox 555 4736 2077 4806">
     <span class='ocr_line' id='line_1_70' title="bbox 555 4736 2077 4806; baseline 0.004 -20"><span class='ocrx_word' id='word_1_439' title='bbox 555 4736 707 4797; x_wconf 79' lang='lat' dir='ltr'><strong>dixit,</strong></span> <span class='ocrx_word' id='word_1_440' title='bbox 757 4750 864 4803; x_wconf 93' lang='lat' dir='ltr'><strong>quo</strong></span> <span class='ocrx_word' id='word_1_441' title='bbox 912 4736 1120 4804; x_wconf 84' lang='lat' dir='ltr'><strong>jugulat</strong></span> <span class='ocrx_word' id='word_1_442' title='bbox 1172 4739 1416 4794; x_wconf 77' lang='lat' dir='ltr'><strong>hzeresim</strong></span> <span class='ocrx_word' id='word_1_443' title='bbox 1483 4740 1715 4803; x_wconf 87' lang='lat' dir='ltr'><strong>illorum,</strong></span> <span class='ocrx_word' id='word_1_444' title='bbox 1749 4739 1837 4806; x_wconf 91' lang='lat' dir='ltr'><strong>qui</strong></span> <span class='ocrx_word' id='word_1_445' title='bbox 1897 4739 2077 4792; x_wconf 89' lang='lat' dir='ltr'><strong>dicunt</strong></span> 
     </span>
    </p>
   </div>
   <div class='ocr_carea' id='block_1_71' title="bbox 553 4827 2080 4900">
    <p class='ocr_par' dir='ltr' id='par_1_71' title="bbox 553 4827 2080 4900">
     <span class='ocr_line' id='line_1_71' title="bbox 553 4827 2080 4900; baseline 0.002 -21"><span class='ocrx_word' id='word_1_446' title='bbox 553 4827 884 4894; x_wconf 82' lang='lat' dir='ltr'><strong>phantastice</strong></span> <span class='ocrx_word' id='word_1_447' title='bbox 912 4835 1058 4894; x_wconf 86' lang='lat' dir='ltr'><strong>gesta</strong></span> <span class='ocrx_word' id='word_1_448' title='bbox 1083 4828 1278 4882; x_wconf 79' lang='lat' dir='ltr'><strong>Christi</strong></span> <span class='ocrx_word' id='word_1_449' title='bbox 1308 4831 1614 4900; x_wconf 88' lang='lat' dir='ltr'><strong>contigisse,</strong></span> <span class='ocrx_word' id='word_1_450' title='bbox 1644 4831 1750 4883; x_wconf 90' lang='lat' dir='ltr'><strong>imo</strong></span> <span class='ocrx_word' id='word_1_451' title='bbox 1802 4839 1856 4884; x_wconf 92' lang='lat' dir='ltr'><strong>et</strong></span> <span class='ocrx_word' id='word_1_452' title='bbox 1904 4830 2080 4882; x_wconf 87' lang='lat' dir='ltr'><strong>incar-</strong></span> 
     </span>
    </p>
   </div>
   <div class='ocr_carea' id='block_1_72' title="bbox 559 4914 2078 4988">
    <p class='ocr_par' dir='ltr' id='par_1_72' title="bbox 559 4914 2078 4988">
     <span class='ocr_line' id='line_1_72' title="bbox 559 4914 2078 4988; baseline 0.003 -22"><span class='ocrx_word' id='word_1_453' title='bbox 559 4914 824 4967; x_wconf 87' lang='lat' dir='ltr'><strong>nationem</strong></span> <span class='ocrx_word' id='word_1_454' title='bbox 871 4914 1006 4979; x_wconf 86' lang='lat' dir='ltr'><strong>ejus.</strong></span> <span class='ocrx_word' id='word_1_455' title='bbox 1063 4914 1252 4970; x_wconf 89' lang='lat' dir='ltr'><strong>Dicens</strong></span> <span class='ocrx_word' id='word_1_456' title='bbox 1303 4933 1449 4984; x_wconf 85' lang='lat' dir='ltr'><strong>vero,</strong></span> <span class='ocrx_word' id='word_1_457' title='bbox 1493 4920 1556 4972; x_wconf 79' lang='lat' dir='ltr'><strong>de</strong></span> <span class='ocrx_word' id='word_1_458' title='bbox 1601 4921 1782 4988; x_wconf 85' lang='lat' dir='ltr'><strong>quibus</strong></span> <span class='ocrx_word' id='word_1_459' title='bbox 1819 4930 1959 4972; x_wconf 84' lang='lat' dir='ltr'><strong>certa</strong></span> <span class='ocrx_word' id='word_1_460' title='bbox 2005 4930 2078 4972; x_wconf 87' lang='lat' dir='ltr'><strong>est</strong></span> 
     </span>
    </p>
   </div>
   <div class='ocr_carea' id='block_1_73' title="bbox 556 5003 2080 5078">
    <p class='ocr_par' dir='ltr' id='par_1_73' title="bbox 556 5003 2080 5078">
     <span class='ocr_line' id='line_1_73' title="bbox 556 5003 2080 5078; baseline 0.004 -20"><span class='ocrx_word' id='word_1_461' title='bbox 556 5006 698 5060; x_wconf 80' lang='lat' dir='ltr'><strong>nobis</strong></span> <span class='ocrx_word' id='word_1_462' title='bbox 743 5003 978 5068; x_wconf 77' lang='lat' dir='ltr'><strong>scientia,</strong></span> <span class='ocrx_word' id='word_1_463' title='bbox 1018 5019 1120 5072; x_wconf 91' lang='lat' dir='ltr'><strong>quo</strong></span> <span class='ocrx_word' id='word_1_464' title='bbox 1151 5008 1302 5060; x_wconf 90' lang='lat' dir='ltr'><strong>modo</strong></span> <span class='ocrx_word' id='word_1_465' title='bbox 1333 5009 1537 5062; x_wconf 87' lang='lat' dir='ltr'><strong>animus</strong></span> <span class='ocrx_word' id='word_1_466' title='bbox 1582 5009 1694 5075; x_wconf 88' lang='lat' dir='ltr'><strong>ejus</strong></span> <span class='ocrx_word' id='word_1_467' title='bbox 1740 5019 2080 5078; x_wconf 86' lang='lat' dir='ltr'><strong>comparatus</strong></span> 
     </span>
    </p>
   </div>
   <div class='ocr_carea' id='block_1_74' title="bbox 555 5095 2077 5169">
    <p class='ocr_par' dir='ltr' id='par_1_74' title="bbox 555 5095 2077 5169">
     <span class='ocr_line' id='line_1_74' title="bbox 555 5095 2077 5169; baseline 0.003 -17"><span class='ocrx_word' id='word_1_468' title='bbox 555 5106 716 5158; x_wconf 82' lang='lat' dir='ltr'><strong>esset,</strong></span> <span class='ocrx_word' id='word_1_469' title='bbox 741 5095 992 5151; x_wconf 82' lang='lat' dir='ltr'><strong>ostendit.</strong></span> <span class='ocrx_word' id='word_1_470' title='bbox 1021 5097 1324 5152; x_wconf 88' lang='lat' dir='ltr'><strong>Certissime</strong></span> <span class='ocrx_word' id='word_1_471' title='bbox 1369 5101 1509 5156; x_wconf 73' lang='lat' dir='ltr'><strong>enim</strong></span> <span class='ocrx_word' id='word_1_472' title='bbox 1557 5117 1867 5169; x_wconf 84' lang='lat' dir='ltr'><strong>persuasum</strong></span> <span class='ocrx_word' id='word_1_473' title='bbox 1917 5104 2077 5157; x_wconf 85' lang='lat' dir='ltr'><strong>habe-</strong></span> 
     </span>
    </p>
   </div>
   <div class='ocr_carea' id='block_1_75' title="bbox 555 5185 2076 5258">
    <p class='ocr_par' dir='ltr' id='par_1_75' title="bbox 555 5185 2076 5258">
     <span class='ocr_line' id='line_1_75' title="bbox 555 5185 2076 5258; baseline 0 -14"><span class='ocrx_word' id='word_1_474' title='bbox 555 5193 666 5252; x_wconf 89' lang='lat' dir='ltr'><strong>bat,</strong></span> <span class='ocrx_word' id='word_1_475' title='bbox 694 5187 929 5255; x_wconf 88' lang='lat' dir='ltr'><strong>nihilque</strong></span> <span class='ocrx_word' id='word_1_476' title='bbox 957 5185 1250 5250; x_wconf 86' lang='lat' dir='ltr'><strong>dubitabat,</strong></span> <span class='ocrx_word' id='word_1_477' title='bbox 1282 5197 1458 5244; x_wconf 87' lang='lat' dir='ltr'><strong>utrum</strong></span> <span class='ocrx_word' id='word_1_478' title='bbox 1491 5193 1560 5244; x_wconf 85' lang='lat' dir='ltr'><strong>ita</strong></span> <span class='ocrx_word' id='word_1_479' title='bbox 1593 5207 1650 5246; x_wconf 90' lang='lat' dir='ltr'><strong>se</strong></span> <span class='ocrx_word' id='word_1_480' title='bbox 1682 5209 1766 5246; x_wconf 92' lang='lat' dir='ltr'><strong>res</strong></span> <span class='ocrx_word' id='word_1_481' title='bbox 1795 5193 2076 5258; x_wconf 87' lang='lat' dir='ltr'><strong>haberent,</strong></span> 
     </span>
    </p>
   </div>
   <div class='ocr_carea' id='block_1_76' title="bbox 513 5270 2074 5347">
    <p class='ocr_par' dir='ltr' id='par_1_76' title="bbox 513 5270 2074 5347">
     <span class='ocr_line' id='line_1_76' title="bbox 513 5270 2074 5347; baseline 0.002 -13"><span class='ocrx_word' id='word_1_482' title='bbox 513 5270 519 5278; x_wconf 82' lang='grc'><em>’</em></span> <span class='ocrx_word' id='word_1_483' title='bbox 557 5297 745 5335; x_wconf 89' lang='lat' dir='ltr'><strong>necne.</strong></span> <span class='ocrx_word' id='word_1_484' title='bbox 779 5278 928 5344; x_wconf 86' lang='lat' dir='ltr'><strong>Quod</strong></span> <span class='ocrx_word' id='word_1_485' title='bbox 963 5273 1139 5328; x_wconf 81' lang='lat' dir='ltr'><strong>autem</strong></span> <span class='ocrx_word' id='word_1_486' title='bbox 1190 5279 1256 5332; x_wconf 90' lang='lat' dir='ltr'><strong>ab</strong></span> <span class='ocrx_word' id='word_1_487' title='bbox 1288 5280 1512 5346; x_wconf 85' lang='lat' dir='ltr'><strong>oculatis</strong></span> <span class='ocrx_word' id='word_1_488' title='bbox 1554 5284 1779 5338; x_wconf 89' lang='lat' dir='ltr'><strong>testibus</strong></span> <span class='ocrx_word' id='word_1_489' title='bbox 1807 5284 2074 5347; x_wconf 82' lang='lat' dir='ltr'><strong>didicerit,</strong></span> 
     </span>
    </p>
   </div>
   <div class='ocr_carea' id='block_1_77' title="bbox 559 5366 2080 5438">
    <p class='ocr_par' dir='ltr' id='par_1_77' title="bbox 559 5366 2080 5438">
     <span class='ocr_line' id='line_1_77' title="bbox 559 5366 2080 5438; baseline 0 -14"><span class='ocrx_word' id='word_1_490' title='bbox 559 5372 840 5425; x_wconf 81' lang='lat' dir='ltr'><strong>manifeste</strong></span> <span class='ocrx_word' id='word_1_491' title='bbox 869 5366 1149 5421; x_wconf 81' lang='lat' dir='ltr'><strong>conﬁtetur</strong></span> <span class='ocrx_word' id='word_1_492' title='bbox 1176 5368 1418 5436; x_wconf 82' lang='lat' dir='ltr'><strong>inquiens</strong></span> <span class='ocrx_word' id='word_1_493' title='bbox 1443 5387 1458 5424; x_wconf 90' lang='lat'><strong>:</strong></span> <span class='ocrx_word' id='word_1_494' title='bbox 1485 5371 1928 5438; x_wconf 81' lang='lat' dir='ltr'><strong>Quemadmodum</strong></span> <span class='ocrx_word' id='word_1_495' title='bbox 1973 5386 2080 5425; x_wconf 79' lang='lat' dir='ltr'><strong>tra-</strong></span> 
     </span>
    </p>
   </div>
   <div class='ocr_carea' id='block_1_78' title="bbox 555 5457 2079 5526">
    <p class='ocr_par' dir='ltr' id='par_1_78' title="bbox 555 5457 2079 5526">
     <span class='ocr_line' id='line_1_78' title="bbox 555 5457 2079 5526; baseline 0.001 -13"><span class='ocrx_word' id='word_1_496' title='bbox 555 5464 795 5516; x_wconf 84' lang='lat' dir='ltr'><strong>diderunt</strong></span> <span class='ocrx_word' id='word_1_497' title='bbox 830 5459 975 5512; x_wconf 83' lang='lat' dir='ltr'><strong>nobis</strong></span> <span class='ocrx_word' id='word_1_498' title='bbox 1008 5458 1096 5526; x_wconf 78' lang='lat' dir='ltr'><strong>qui</strong></span> <span class='ocrx_word' id='word_1_499' title='bbox 1135 5457 1196 5510; x_wconf 83' lang='lat' dir='ltr'><strong>ab</strong></span> <span class='ocrx_word' id='word_1_500' title='bbox 1231 5461 1376 5515; x_wconf 80' lang='lat' dir='ltr'><strong>initio</strong></span> <span class='ocrx_word' id='word_1_501' title='bbox 1426 5463 1621 5517; x_wconf 74' lang='lat' dir='ltr'><strong>oculati</strong></span> <span class='ocrx_word' id='word_1_502' title='bbox 1649 5472 1819 5526; x_wconf 85' lang='lat' dir='ltr'><strong>testes,</strong></span> <span class='ocrx_word' id='word_1_503' title='bbox 1844 5474 1891 5515; x_wconf 87' lang='lat' dir='ltr'><strong>et</strong></span> <span class='ocrx_word' id='word_1_504' title='bbox 1925 5464 2079 5515; x_wconf 80' lang='lat' dir='ltr'><strong>mini-</strong></span> 
     </span>
    </p>
   </div>
   <div class='ocr_carea' id='block_1_79' title="bbox 555 5544 2084 5620">
    <p class='ocr_par' dir='ltr' id='par_1_79' title="bbox 555 5544 2084 5620">
     <span class='ocr_line' id='line_1_79' title="bbox 555 5544 2084 5620; baseline 0.005 -20"><span class='ocrx_word' id='word_1_505' title='bbox 555 5552 646 5601; x_wconf 72' lang='grc' dir='ltr'>ιιι-ἱ</span> <span class='ocrx_word' id='word_1_506' title='bbox 673 5550 882 5611; x_wconf 82' lang='lat' dir='ltr'><strong>[uerunt</strong></span> <span class='ocrx_word' id='word_1_507' title='bbox 929 5544 1159 5598; x_wconf 79' lang='lat' dir='ltr'><strong>Verbi&quot;.</strong></span> <span class='ocrx_word' id='word_1_508' title='bbox 1190 5546 1547 5609; x_wconf 81' lang='lat' dir='ltr'><strong>Contirrnatur</strong></span> <span class='ocrx_word' id='word_1_509' title='bbox 1599 5562 1798 5617; x_wconf 87' lang='lat' dir='ltr'><strong>autem,</strong></span> <span class='ocrx_word' id='word_1_510' title='bbox 1830 5551 1954 5620; x_wconf 88' lang='lat' dir='ltr'><strong>quia</strong></span> <span class='ocrx_word' id='word_1_511' title='bbox 1999 5567 2084 5607; x_wconf 88' lang='lat' dir='ltr'><strong>res</strong></span> 
     </span>
    </p>
   </div>
   <div class='ocr_carea' id='block_1_80' title="bbox 627 5657 980 5720">
    <p class='ocr_par' dir='ltr' id='par_1_80' title="bbox 627 5657 980 5720">
     <span class='ocr_line' id='line_1_80' title="bbox 627 5657 980 5720; baseline 0.003 -8"><span class='ocrx_word' id='word_1_512' title='bbox 627 5661 670 5692; x_wconf 79' lang='lat'><strong><em>”</em></strong></span> <span class='ocrx_word' id='word_1_513' title='bbox 695 5661 820 5713; x_wconf 78' lang='lat' dir='ltr'><strong>Luc.</strong></span> <span class='ocrx_word' id='word_1_514' title='bbox 859 5675 898 5720; x_wconf 82' lang='grc' dir='ltr'>ι.</span> <span class='ocrx_word' id='word_1_515' title='bbox 928 5657 980 5713; x_wconf 73' lang='grc'><strong>2.</strong></span> 
     </span>
    </p>
   </div>
   <div class='ocr_carea' id='block_1_81' title="bbox 639 5751 1348 5819">
    <p class='ocr_par' dir='ltr' id='par_1_81' title="bbox 639 5751 1348 5819">
     <span class='ocr_line' id='line_1_81' title="bbox 639 5751 1348 5819; baseline 0.016 -16"><span class='ocrx_word' id='word_1_516' title='bbox 639 5752 748 5819; x_wconf 70' lang='grc'><strong>(39)</strong></span> <span class='ocrx_word' id='word_1_517' title='bbox 787 5753 857 5806; x_wconf 80' lang='lat' dir='ltr'><strong>Ex</strong></span> <span class='ocrx_word' id='word_1_518' title='bbox 890 5753 1006 5808; x_wconf 83' lang='lat' dir='ltr'><strong>cod.</strong></span> <span class='ocrx_word' id='word_1_519' title='bbox 1039 5751 1233 5812; x_wconf 69' lang='lat' dir='ltr'><strong>Vcnclo</strong></span> <span class='ocrx_word' id='word_1_520' title='bbox 1261 5756 1348 5814; x_wconf 77' lang='grc'><strong>28.</strong></span> 
     </span>
    </p>
   </div>
   <div class='ocr_carea' id='block_1_82' title="bbox 2179 4723 3688 4815">
    <p class='ocr_par' dir='ltr' id='par_1_82' title="bbox 2179 4723 3688 4815">
     <span class='ocr_line' id='line_1_82' title="bbox 2179 4723 3688 4815; baseline -0.004 -20"><span class='ocrx_word' id='word_1_521' title='bbox 2179 4743 2439 4811; x_wconf 87' lang='grc' dir='ltr'>λεγόντων</span> <span class='ocrx_word' id='word_1_522' title='bbox 2483 4742 2549 4795; x_wconf 84' lang='grc' dir='ltr'><strong>τά</strong></span> <span class='ocrx_word' id='word_1_523' title='bbox 2581 4741 2666 4794; x_wconf 79' lang='grc' dir='ltr'>διὰ</span> <span class='ocrx_word' id='word_1_524' title='bbox 2709 4723 2809 4797; x_wconf 66' lang='grc' dir='ltr'>τοῧ</span> <span class='ocrx_word' id='word_1_525' title='bbox 2843 4723 3092 4815; x_wconf 74' lang='grc' dir='ltr'>Σωτῆρος</span> <span class='ocrx_word' id='word_1_526' title='bbox 3128 4739 3472 4812; x_wconf 71' lang='grc' dir='ltr'>γεγενῆσθαι,</span> <span class='ocrx_word' id='word_1_527' title='bbox 3509 4731 3590 4786; x_wconf 74' lang='grc' dir='ltr'><strong>καὶ</strong></span> 
     </span>
    </p>
   </div>
   <div class='ocr_carea' id='block_1_83' title="bbox 2179 4813 3687 4903">
    <p class='ocr_par' dir='ltr' id='par_1_83' title="bbox 2179 4813 3687 4903">
     <span class='ocr_line' id='line_1_83' title="bbox 2179 4813 3687 4903; baseline -0.013 -16"><span class='ocrx_word' id='word_1_528' title='bbox 2179 4834 2446 4903; x_wconf 85' lang='grc' dir='ltr'>σάρκωσιν</span> <span class='ocrx_word' id='word_1_529' title='bbox 2472 4832 2650 4885; x_wconf 77' lang='grc' dir='ltr'>αὐτοῦ.</span> <span class='ocrx_word' id='word_1_530' title='bbox 2684 4836 2827 4902; x_wconf 83' lang='grc' dir='ltr'>Περὶ</span> <span class='ocrx_word' id='word_1_531' title='bbox 2873 4835 2992 4888; x_wconf 79' lang='grc' dir='ltr'><strong>τῶν</strong></span> <span class='ocrx_word' id='word_1_532' title='bbox 3031 4823 3613 4899; x_wconf 59' lang='grc' dir='ltr'>πεπληροφορημένων</span> <span class='ocrx_word' id='word_1_533' title='bbox 3643 4813 3687 4864; x_wconf 75' lang='grc' dir='ltr'>δὲ</span> 
     </span>
    </p>
   </div>
   <div class='ocr_carea' id='block_1_84' title="bbox 2178 4908 3687 4994">
    <p class='ocr_par' dir='ltr' id='par_1_84' title="bbox 2178 4908 3687 4994">
     <span class='ocr_line' id='line_1_84' title="bbox 2178 4908 3687 4994; baseline -0.003 -19"><span class='ocrx_word' id='word_1_534' title='bbox 2178 4922 2342 4977; x_wconf 72' lang='grc' dir='ltr'>εἰπὼν</span> <span class='ocrx_word' id='word_1_535' title='bbox 2360 4963 2375 4986; x_wconf 94' lang='grc'><strong>,</strong></span> <span class='ocrx_word' id='word_1_536' title='bbox 2402 4922 2498 4993; x_wconf 77' lang='grc' dir='ltr'><strong>τὴν</strong></span> <span class='ocrx_word' id='word_1_537' title='bbox 2527 4923 2760 4976; x_wconf 83' lang='grc' dir='ltr'>διάθεσιν</span> <span class='ocrx_word' id='word_1_538' title='bbox 2787 4926 2950 4978; x_wconf 77' lang='grc' dir='ltr'>αὑτοῦ</span> <span class='ocrx_word' id='word_1_539' title='bbox 2978 4926 3243 4994; x_wconf 67' lang='grc' dir='ltr'>ἐμφαίνει.</span> <span class='ocrx_word' id='word_1_540' title='bbox 3282 4908 3687 4994; x_wconf 60' lang='grc' dir='ltr'>Πεπληροφόρηξο</span> 
     </span>
    </p>
   </div>
   <div class='ocr_carea' id='block_1_85' title="bbox 2179 4988 3680 5084">
    <p class='ocr_par' dir='ltr' id='par_1_85' title="bbox 2179 4988 3680 5084">
     <span class='ocr_line' id='line_1_85' title="bbox 2179 4988 3680 5084; baseline -0.002 -18"><span class='ocrx_word' id='word_1_541' title='bbox 2179 5013 2304 5084; x_wconf 84' lang='grc' dir='ltr'>γὰρ,</span> <span class='ocrx_word' id='word_1_542' title='bbox 2335 5014 2427 5066; x_wconf 75' lang='grc' dir='ltr'><strong>καὶ</strong></span> <span class='ocrx_word' id='word_1_543' title='bbox 2456 4988 2609 5065; x_wconf 79' lang='grc' dir='ltr'>οὐδὲν</span> <span class='ocrx_word' id='word_1_544' title='bbox 2640 5012 2884 5076; x_wconf 77' lang='grc' dir='ltr'>ἐδίσταζε</span> <span class='ocrx_word' id='word_1_545' title='bbox 2904 5053 2918 5078; x_wconf 98' lang='grc'><strong>,</strong></span> <span class='ocrx_word' id='word_1_546' title='bbox 2957 4988 3179 5084; x_wconf 77' lang='grc' dir='ltr'>πότερον</span> <span class='ocrx_word' id='word_1_547' title='bbox 3207 5010 3373 5071; x_wconf 75' lang='grc' dir='ltr'>οὕτως</span> <span class='ocrx_word' id='word_1_548' title='bbox 3409 5004 3530 5071; x_wconf 67' lang='grc' dir='ltr'>ἔχειν</span> <span class='ocrx_word' id='word_1_549' title='bbox 3559 4995 3586 5063; x_wconf 78' lang='grc' dir='ltr'><strong>ἦ</strong></span> <span class='ocrx_word' id='word_1_550' title='bbox 3615 4988 3680 5084; x_wconf 45' lang='grc' dir='ltr'><strong>ἦλθ’</strong></span> 
     </span>
    </p>
   </div>
   <div class='ocr_carea' id='block_1_86' title="bbox 2183 5081 3684 5171">
    <p class='ocr_par' dir='ltr' id='par_1_86' title="bbox 2183 5081 3684 5171">
     <span class='ocr_line' id='line_1_86' title="bbox 2183 5081 3684 5171; baseline 0.011 -54"><span class='ocrx_word' id='word_1_551' title='bbox 2183 5101 2318 5170; x_wconf 74' lang='grc' dir='ltr'><strong>..Οτιι</strong></span> <span class='ocrx_word' id='word_1_552' title='bbox 2346 5102 2402 5153; x_wconf 75' lang='grc' dir='ltr'>δὲ</span> <span class='ocrx_word' id='word_1_553' title='bbox 2457 5101 2606 5171; x_wconf 85' lang='grc' dir='ltr'>παρὰ</span> <span class='ocrx_word' id='word_1_554' title='bbox 2642 5101 2750 5154; x_wconf 84' lang='grc' dir='ltr'><strong>τῶν</strong></span> <span class='ocrx_word' id='word_1_555' title='bbox 2798 5103 3028 5170; x_wconf 76' lang='grc' dir='ltr'>αὑτοψία</span> <span class='ocrx_word' id='word_1_556' title='bbox 3077 5081 3415 5167; x_wconf 81' lang='grc' dir='ltr'>θεασαμένων</span> <span class='ocrx_word' id='word_1_557' title='bbox 3457 5091 3541 5142; x_wconf 80' lang='grc' dir='ltr'>καὶ</span> <span class='ocrx_word' id='word_1_558' title='bbox 3580 5081 3684 5171; x_wconf 62' lang='grc' dir='ltr'>αθτ-</span> 
     </span>
    </p>
   </div>
   <div class='ocr_carea' id='block_1_87' title="bbox 2177 5169 3682 5261">
    <p class='ocr_par' dir='ltr' id='par_1_87' title="bbox 2177 5169 3682 5261">
     <span class='ocr_line' id='line_1_87' title="bbox 2177 5169 3682 5261; baseline -0.009 -18"><span class='ocrx_word' id='word_1_559' title='bbox 2177 5169 2352 5259; x_wconf 83' lang='grc' dir='ltr'>ηκόων</span> <span class='ocrx_word' id='word_1_560' title='bbox 2387 5169 2682 5261; x_wconf 80' lang='grc' dir='ltr'>παρέλαϐε,</span> <span class='ocrx_word' id='word_1_561' title='bbox 2727 5192 2911 5260; x_wconf 72' lang='grc' dir='ltr'>σαφῶς</span> <span class='ocrx_word' id='word_1_562' title='bbox 2937 5169 3276 5261; x_wconf 71' lang='grc' dir='ltr'>ὡμολόγησεν</span> <span class='ocrx_word' id='word_1_563' title='bbox 3307 5174 3481 5236; x_wconf 75' lang='grc' dir='ltr'>εἷπὼν·</span> <span class='ocrx_word' id='word_1_564' title='bbox 3510 5169 3682 5230; x_wconf 79' lang='grc' dir='ltr'>Καθὼς</span> 
     </span>
    </p>
   </div>
   <div class='ocr_carea' id='block_1_88' title="bbox 2179 5261 3669 5356">
    <p class='ocr_par' dir='ltr' id='par_1_88' title="bbox 2179 5261 3669 5356">
     <span class='ocr_line' id='line_1_88' title="bbox 2179 5261 3669 5356; baseline -0.003 -22"><span class='ocrx_word' id='word_1_565' title='bbox 2179 5281 2515 5349; x_wconf 80' lang='grc' dir='ltr'>παρέδοσαν</span> <span class='ocrx_word' id='word_1_566' title='bbox 2558 5281 2700 5349; x_wconf 75' lang='grc' dir='ltr'>ἡμῖν</span> <span class='ocrx_word' id='word_1_567' title='bbox 2726 5286 2779 5335; x_wconf 86' lang='lat' dir='ltr'><strong>ol</strong></span> <span class='ocrx_word' id='word_1_568' title='bbox 2807 5284 2903 5335; x_wconf 80' lang='grc' dir='ltr'>ἀπ’</span> <span class='ocrx_word' id='word_1_569' title='bbox 2931 5279 3120 5349; x_wconf 77' lang='grc' dir='ltr'>ἀρχῆς</span> <span class='ocrx_word' id='word_1_570' title='bbox 3143 5277 3419 5330; x_wconf 77' lang='grc' dir='ltr'>αὐτόπται</span> <span class='ocrx_word' id='word_1_571' title='bbox 3456 5265 3552 5356; x_wconf 36' lang='grc' dir='ltr'>καί·</span> <span class='ocrx_word' id='word_1_572' title='bbox 3589 5261 3669 5356; x_wconf 53' lang='grc' dir='ltr'><strong>ῠξξ</strong></span> 
     </span>
    </p>
   </div>
   <div class='ocr_carea' id='block_1_89' title="bbox 2177 5349 3678 5437">
    <p class='ocr_par' dir='ltr' id='par_1_89' title="bbox 2177 5349 3678 5437">
     <span class='ocr_line' id='line_1_89' title="bbox 2177 5349 3678 5437; baseline -0.018 -11"><span class='ocrx_word' id='word_1_573' title='bbox 2177 5369 2373 5437; x_wconf 76' lang='grc' dir='ltr'>ηρέται</span> <span class='ocrx_word' id='word_1_574' title='bbox 2403 5369 2700 5437; x_wconf 75' lang='grc' dir='ltr'>γενόμενοι</span> <span class='ocrx_word' id='word_1_575' title='bbox 2724 5369 2827 5422; x_wconf 87' lang='grc' dir='ltr'>τοῦ</span> <span class='ocrx_word' id='word_1_576' title='bbox 2855 5371 3063 5437; x_wconf 77' lang='grc' dir='ltr'>Λόγου.</span> <span class='ocrx_word' id='word_1_577' title='bbox 3099 5359 3488 5417; x_wconf 76' lang='grc' dir='ltr'>Διαὸεϐαιοῦται</span> <span class='ocrx_word' id='word_1_578' title='bbox 3515 5350 3581 5410; x_wconf 83' lang='grc' dir='ltr'>δὲ,</span> <span class='ocrx_word' id='word_1_579' title='bbox 3597 5349 3678 5437; x_wconf 41' lang='lat' dir='ltr'><strong>ﬁt</strong></span> 
     </span>
    </p>
   </div>
   <div class='ocr_carea' id='block_1_90' title="bbox 2182 5426 3678 5532">
    <p class='ocr_par' dir='ltr' id='par_1_90' title="bbox 2182 5426 3678 5532">
     <span class='ocr_line' id='line_1_90' title="bbox 2182 5426 3678 5532; baseline -0.01 -21"><span class='ocrx_word' id='word_1_580' title='bbox 2182 5426 2380 5512; x_wconf 62' lang='grc' dir='ltr'>ἀνωθεν</span> <span class='ocrx_word' id='word_1_581' title='bbox 2401 5426 2885 5530; x_wconf 70' lang='grc' dir='ltr'>παρηκολούθησεν,</span> <span class='ocrx_word' id='word_1_582' title='bbox 2911 5426 2970 5510; x_wconf 68' lang='grc' dir='ltr'>οῖ»</span> <span class='ocrx_word' id='word_1_583' title='bbox 2989 5474 3093 5509; x_wconf 90' lang='grc' dir='ltr'>τισι</span> <span class='ocrx_word' id='word_1_584' title='bbox 3116 5454 3221 5507; x_wconf 85' lang='grc' dir='ltr'><strong>τῶν</strong></span> <span class='ocrx_word' id='word_1_585' title='bbox 3245 5446 3549 5532; x_wconf 57' lang='grc' dir='ltr'>εἰρημένων,</span> 
     </span>
    </p>
   </div>
   <div class='ocr_carea' id='block_1_91' title="bbox 2185 5529 3677 5618">
    <p class='ocr_par' dir='ltr' id='par_1_91' title="bbox 2185 5529 3677 5618">
     <span class='ocr_line' id='line_1_91' title="bbox 2185 5529 3677 5618; baseline -0.011 -16"><span class='ocrx_word' id='word_1_586' title='bbox 2185 5552 2334 5604; x_wconf 83' lang='grc' dir='ltr'>πᾶσι.</span> <span class='ocrx_word' id='word_1_587' title='bbox 2369 5551 2525 5613; x_wconf 68' lang='grc' dir='ltr'>Εἰκὸς</span> <span class='ocrx_word' id='word_1_588' title='bbox 2549 5550 2603 5602; x_wconf 81' lang='grc' dir='ltr'>δὲ</span> <span class='ocrx_word' id='word_1_589' title='bbox 2629 5549 3022 5618; x_wconf 78' lang='grc' dir='ltr'>ὑπολαμϐάνειν</span> <span class='ocrx_word' id='word_1_590' title='bbox 3045 5533 3212 5606; x_wconf 65' lang='grc' dir='ltr'>τινας,</span> <span class='ocrx_word' id='word_1_591' title='bbox 3243 5544 3320 5592; x_wconf 83' lang='grc' dir='ltr'>ὅτι</span> <span class='ocrx_word' id='word_1_592' title='bbox 3347 5529 3566 5599; x_wconf 77' lang='grc' dir='ltr'>Θεοφίλῳ</span> <span class='ocrx_word' id='word_1_593' title='bbox 3592 5531 3677 5572; x_wconf 64' lang='grc' dir='ltr'><strong>τινι</strong></span> 
     </span>
    </p>
   </div>
  </div>
