3914 6458
66 528 116 579 ill
269 506 414 627 Δ
429 513 896 627 Εεὶαγγέλιον,
929 567 970 622 δ

85 635 240 777 zamia
251 623 440 723 ίιξν
459 628 559 689 τῳ
584 638 756 691 τωξύ
768 661 969 723 “an.
990 671 1124 724 καὶ
1145 623 1436 746 ἀπλήστως
1458 674 1592 745 ἔχων
1619 678 1741 746 περὶ
1762 627 1856 740 τάξ

88 735 181 777 (³Ἦωὶ
297 719 484 777 ﬁgo“
546 726 834 777 ποάξςιι-
895 765 972 777 --
1043 776 1046 777 ,
1134 764 1148 777 .
1209 765 1226 777 .
1254 767 1268 777 .
1481 767 1504 777 ..
1690 769 1702 777 .
1792 767 1803 777 .

108 726 239 813 “2W
291 726 484 825 ρίου
546 726 834 803 πράξεις
895 765 976 805 τε
1036 764 1160 816 καὶ
1209 726 1854 834 1.;o.;1*3....“*;;..e:

108 791 272 853 walls)
347 815 570 853 Αεοον
607 822 722 853 «HA
767 832 845 853 -λ
921 841 956 853 ...
1611 784 1642 836 ρ

607 822 731 935 Ῐῗ).
767 832 854 886 τὸ.
881 841 1005 898 νῦν
1041 815 1402 925 γραφιῴνῷ
1435 815 1635 919 ’ἌλλοςΓ
1661 856 1716 908 δέ
1751 874 1854 927 φη-

139 899 276 947 NW
398 899 572 960 τιέὰν
613 914 707 970 πά,
1059 899 1402 964 ζ¹⁷“τ’ξ”“”“
1457 899 1620 964 Tm"
1663 899 1730 964 ’⁷,
1752 899 1823 927 ⁷’⁸

155 914 414 1026 meo;
433 995 581 1026 an?
697 935 858 1026 ξτες
911 950 1192 998 τοιουτοι
1239 964 1414 1024 ωμεν,
1451 964 1524 1010 ως
1546 947 1854 1014 ἀγαπασθαι

164 995 409 1097 ξξάλζβ
426 995 732 1104 essent
769 1018 1095 1087 φιλεῖσθαι
1116 995 1414 1104 ,οεξᾷέᾶῥὶ
1439 995 1855 1104 ἐὲξιέἷόξῖἆᾲ

396 1092 500 1170 εἴη
518 1098 812 1173 θεδξῖιιλος
854 1092 1129 1192 ἀσθενής
1141 1140 1156 1154 ο
1190 1092 1295 1186 πᾶς
1319 1124 1424 1195 γὰρ
1445 1092 1694 1194 Θεόφιλος
1719 1127 1852 1195 κράη

238 1208 399 1266 «ne;
429 1195 589 1250 ἔστιν
618 1194 773 1269 ἔχων
804 1205 875 1258 τὸ
897 1210 1126 1280 κράτος
1146 1216 1242 1268 καὶ
1259 1216 1355 1285 τὴν
1379 1194 1604 1285 δύναμιν
1627 1216 1724 1285 τὴν
1748 1194 1854 1267 ἀπὸ

247 1292 330 1346 τοῦ
357 1287 494 1347 Θεοῦ
537 1291 640 1344 ita}.
661 1291 760 1346 τοῦ
798 1296 986 1366 Λόγου
1030 1304 1221 1367 αὑτοῦ,
1252 1307 1343 1358 καὶ
1368 1305 1534 1368 οὕτως
1559 1303 1850 1372 ἐπιγνώσε-

252 1397 334 1433 ται
382 1383 455 1443 είς
497 1378 608 1451 τὴν
662 1383 796 1454 περὶ
844 1378 924 1439 ὧν
978 1390 1267 1459 κατηχήθη
1318 1390 1487 1458 λόγων
1537 1389 1846 1456 ἀσφάλειαν.

254 1470 708 1538 Έπαγγέλλεται
745 1475 932 1528 τοίνυν
984 1480 1086 1547 τῆς
1128 1479 1373 1546 γνώσεως
1407 1480 1466 1531 τὸ
1503 1479 1730 1548 βέϐαιον,
1763 1479 1848 1530 ἵνα

239 1562 390 1632 ἅπερ
424 1563 650 1627 ἐκεῖνος
678 1566 825 1637 ἀκοῇ
863 1569 1167 1636 παρέλαϐε,
1213 1569 1378 1621 ταῦτα
1407 1570 1500 1621 καί¹
1535 1569 1848 1639 γράμμασιν

228 1650 609 1721 ἐντυγχάνων
635 1655 1060 1728 ἀσφαλέστερον
1089 1657 1186 1728 τὴν
1219 1659 1396 1712 πίστιν
1429 1659 1693 1728 διατηρῇί

309 1741 432 1810 (40)
503 1741 607 1794 Ἐν
672 1748 743 1814 τῇ
802 1745 1006 1815 Ἔξόδῳ
1052 1745 1378 1816 γέγραπται,
1453 1747 1568 1799 Ὅτι
1621 1749 1652 1800 ό
1701 1746 1847 1811 λαός

217 1830 468 1898 ἑώρακε
506 1833 639 1900 τὴν
675 1835 897 1903 φωνὴν
932 1835 1038 1890 τοῦ
1070 1822 1318 1903 Ἱίυριου,
1341 1837 1578 1903 καίτοιγε
1619 1835 1763 1905 φωνὴ
1783 1836 1843 1887 οὐ

1569 466 1851 523 SCHOLIA
1894 468 1958 524 IN
1995 470 2247 527 LUCAM.

3382 474 3485 528 5H

971 589 1011 636 ς
1049 573 1156 644 εἷς
1185 579 1258 654 ἦν
1280 583 1384 636 τῶν
1406 586 1836 639 πεπιστευκότων

1967 591 2030 643 ab
2074 591 2297 644 exordio
2332 589 2625 646 continenti
2671 589 2812 644 serie
2851 588 3047 658 attigit,
3077 604 3178 640 non
3229 593 3480 656 quasdam

1956 681 2109 736 modo
2142 696 2207 734 ex
2245 681 2310 733 iis
2334 693 2450 746 quae
2479 681 2632 736 dictae
2658 687 2799 741 sunt,
2836 677 2926 730 sed
2957 677 3252 732 universas.
3280 676 3480 733 Forsan

1953 771 2112 838 aliqui
2159 769 2547 838 respoiidebunt
2582 769 2726 822 illum
2763 766 3054 834 'l'heOpliilo
3084 767 3286 820 cuidam
3314 765 3483 822 Evan-

1954 860 2144 929 gelium
2203 858 2484 928 scripsisse
2517 897 2534 923 ,
2579 859 2668 926 qui
2745 872 2879 910 unus
2934 865 3049 910 erat
3117 856 3477 920 credentium‘,

1955 950 2092 1003 idem
2134 949 2322 1017 spiritu
2355 947 2585 1012 fervens,
2612 963 2678 1001 ac
2711 948 2776 1001 de
2817 946 3020 1000 Domini
3061 947 3226 1014 gestis
3259 945 3480 1000 dictisve

1955 1039 2316 1103 insatiabilis;
2356 1039 2553 1107 quippe
2598 1054 2754 1108 quem
2809 1041 2920 1092 haec
2953 1038 3148 1105 scripta
3191 1036 3478 1089 ﬁrmiorem

1951 1125 2265 1180 clﬁciebant.
2305 1126 2443 1180 Dicit
2487 1141 2616 1180 vero
2656 1126 2849 1194 aliquis
2876 1142 2891 1176 :
2921 1123 3072 1190 Quod
3125 1124 3171 1176 si
3231 1137 3418 1176 otuues
3443 1122 3478 1174 ii

1951 1230 2154 1279 sumus,
2193 1217 2282 1283 qui
2335 1231 2365 1270 a
2417 1215 2527 1270 Deo
2567 1224 2810 1270 amentur
2855 1226 2909 1270 et
2962 1215 3269 1284 diligantur,
3305 1213 3480 1268 Theo-

1949 1307 2078 1374 phili
2123 1321 2327 1361 sumus.
2377 1305 2514 1359 Num
2560 1307 2681 1373 quis
2728 1305 3056 1374 TheOphilus
3087 1305 3329 1358 inﬁrmus
3359 1317 3480 1358 esse

1950 1394 2370 1463 potest?0mnis
2422 1396 2564 1449 enim
2616 1395 2943 1465 Theophilus
3000 1394 3324 1448 fortissimus
3373 1400 3477 1456 est,

1950 1487 2151 1540 habens
2183 1488 2288 1540 vim
2341 1498 2394 1541 et
2432 1487 2723 1555 potentiam
2775 1502 2804 1540 a
2858 1488 2986 1550 Deo,
3033 1484 3316 1554 Verboque
3363 1484 3478 1552 ejus

1945 1577 2343 1644 procedentem.

2016 1748 2069 1802 In
2103 1748 2283 1802 Exodo
2312 1749 2566 1817 scriptum
2598 1756 2705 1812 est,
2737 1748 2872 1812 Quia
2915 1748 3134 1817 populus
3156 1747 3282 1800 vidit
3307 1761 3477 1799 vocem

1947 1837 2156 1891 Domini
2177 1840 2241 1904 ’³,
2277 1840 2490 1893 tametsi
2520 1854 2622 1892 vox
2650 1854 2756 1894 non
2787 1839 3050 1903 videatur,
3085 1837 3179 1891 sed
3206 1838 3474 1890 audiatur.

221 1921 553 1990 βλέπεται,
601 1923 722 1976 ἀλλ’
746 1927 1034 1979 ἀκούεται·
1068 1927 1155 1979 ἵνα
1181 1926 1386 1998 δηλωθῇ
1418 1925 1743 1997 παραδόξως,
1772 1926 1837 1976 ὅτι

1949 1928 2062 1990 Quo
2105 1928 2352 1983 videlicet
2397 1930 2658 1996 stupende
2710 1930 3182 1991 demonstraretur,
3212 1930 3337 1995 quia
3383 1926 3475 1980 Del

209 2013 251 2079 ἡ
301 2009 416 2063 τοῦ
468 2013 627 2066 θεοῧ
691 2015 849 2086 φωνὴ
887 2016 1136 2084 βλέπεται
1161 2012 1242 2080 οἷς
1275 2016 1540 2085 βλέπεται.
1585 2017 1673 2068 Ἐν
1703 2014 1847 2084 δὲτῷ

207 2101 585 2168 Εὐαγγελίῳ
637 2104 746 2173 οὐχ
795 2107 830 2174 ἡ
891 2106 1040 2175 φωνὴ
1101 2107 1382 2175 βλέπεται,
1448 2105 1556 2158 ἀλλ’
1591 2107 1618 2156 ὁ
1668 2104 1845 2174 κρείτ-

205 2206 340 2242 των
371 2190 478 2259 τῆς
508 2193 724 2263 φωνῆς
749 2193 942 2260 Λόγος.
970 2193 1067 2246 Διά
1089 2194 1263 2257 τοῦτο,
1291 2194 1494 2259 Καθὼς
1511 2194 1848 2260 παρέδοσαν

207 2281 394 2350 ἡμῖν·
421 2285 474 2335 οι
509 2285 632 2336 ἀπ’
662 2283 866 2353 ἀρχῆς
905 2285 1188 2338 αὐτόπται
1230 2285 1325 2338 καὶ
1363 2284 1643 2351 ὑπηρέται
1685 2287 1844 2353 Tard—

203 2389 412 2439 μενοι
432 2373 554 2426 τοῦ
594 2375 827 2442 Λόγου.
871 2375 934 2426 El
972 2375 1080 2442 γὰρ
1109 2374 1168 2426 τὸ
1193 2374 1486 2444 ἑωρακέναι
1516 2375 1604 2426 τὸν
1645 2375 1842 2444 Κύριον

211 2463 395 2516 κατὰ
414 2463 594 2533 σῶμα
631 2465 920 2533 αὐτόπτην
948 2463 1135 2516 τούτου
1156 2464 1408 2532 γενέσθαι
1435 2461 1501 2533 ἦν
1519 2481 1532 2494 ο
1568 2467 1658 2517 καὶ
1680 2465 1843 2518 Πιλά-

211 2569 329 2616 me;
366 2555 673 2624 αὐτόπτης
697 2551 770 2624 ἦν
793 2553 886 2606 τοῦ
917 2554 1089 2620 Λόγου
1113 2592 1127 2616 ,
1161 2553 1524 2616 καταδικάζων
1549 2554 1723 2617 αὐτὸν,
1751 2556 1843 2607 καὶ

232 2642 452 2706 Ἰούδας
503 2645 539 2695 ὁ
593 2645 906 2714 προδότης,
940 2645 1034 2696 καὶ
1076 2643 1273 2705 πάντες
1303 2644 1352 2694 οἱ
1375 2643 1634 2710 λέγοντες·
1662 2647 1842 2698 Σταύ-

215 2747 460 2796 ρωσον,
503 2735 890 2798 σταύρωσον
921 2735 1124 2787 αὐτόν.
1160 2732 1232 2783 Τὸ
1263 2727 1353 2784 οὖν
1394 2731 1584 2784 εἰδέναι
1617 2733 1704 2785 τὸν
1741 2735 1840 2786 Λό-

223 2835 341 2885 γον
376 2823 490 2873 ἐκεῖ
519 2823 768 2884 ὲνοεῖτο,
793 2823 922 2876 ὅπου
957 2821 1136 2888 ἔλεγεν
1164 2824 1192 2874 ὁ
1218 2821 1404 2892 Σωτήρ
1425 2838 1440 2851 ο
1482 2823 1544 2874 '0
1575 2823 1840 2890 ἑωρακὼς

224 2910 378 2978 ἐμὲ,
405 2913 651 2978 ἑώρακε
680 2912 792 2964 τὸν
827 2912 1084 2979 Πατέρα,
1125 2912 1230 2965 τὸν
1261 2913 1572 2981 πέμψαντά
1593 2931 1685 2982 με.
1731 2915 1839 2967 Καὶ

229 2999 570 3069 λεληθότως
600 3001 665 3054 δὲ
701 3002 865 3054 καλὸν
895 3003 1123 3072 μάθημα
1147 3002 1378 3055 διδάσκει
1400 3005 1542 3073 ἡμᾶς
1568 3005 1595 3054 ὁ
1630 3005 1838 3066 Λουκᾶς

232 3090 512 3154 ἐνταῦθα,
551 3094 644 3144 ὅτι
675 3092 839 3144 τινῶν
870 3092 965 3161 μὲν
991 3091 1355 3161 θεωρημάτων
1396 3093 1454 3144 τὸ
1482 3093 1628 3154 τέλος
1647 3095 1680 3163 ἡ
1709 3093 1838 3144 θεω-

243 3182 349 3252 ρία
370 3184 476 3235 ὲστί
500 3200 516 3212 ·
547 3182 726 3234 τινῶν
745 3182 801 3233 δὲ
817 3180 1181 3250 θεωρημάτων
1197 3183 1255 3234 τὸ
1270 3182 1416 3245 τέλος
1436 3185 1468 3252 ἡ
1489 3182 1679 3253 πρᾶξίς
1701 3185 1833 3238 ἐστι.

1945 2031 2044 2069 vox
2072 2017 2279 2071 videtur
2326 2019 2516 2086 quibus
2558 2019 2782 2074 videtur.
2832 2017 2888 2070 In
2940 2017 3225 2084 Evangelia
3273 2025 3474 2076 autem,

1944 2121 2048 2159 non
2098 2121 2198 2159 vox
2245 2105 2474 2167 videtur,
2516 2115 2570 2158 at
2601 2107 2741 2174 quod
2798 2120 2927 2160 voce
2969 2106 3314 2174 praestantius
3367 2114 3474 2166 est,

1947 2194 2194 2248 Verbum.
2222 2189 2510 2260 Propterea
2536 2194 2610 2245 ait
2636 2193 3118 2258 :Quemadmodum
3144 2194 3474 2246 tradiderunt

1943 2284 2109 2347 nobis,
2143 2283 2231 2351 qui
2261 2283 2324 2334 ab
2347 2283 2496 2335 initio
2526 2285 2722 2336 oculati
2749 2291 2900 2336 testes
2929 2294 2976 2335 et
3011 2284 3234 2335 ministri
3265 2284 3472 2350 fuerunt

1950 2371 2118 2425 Verbi.
2146 2373 2203 2425 Si
2235 2373 2375 2426 enim
2401 2371 2598 2425 vidisse
2627 2372 2904 2425 Dominum
2931 2375 3220 2426 secundum
3257 2387 3468 2442 corpus,

1938 2459 2181 2526 eratejus
2203 2459 2368 2513 fuisse
2387 2459 2650 2512 oculatum
2672 2468 2857 2513 testem
2881 2478 2894 2512 :
2924 2469 2976 2513 et
3005 2459 3206 2512 Pilatus
3233 2461 3474 2514 oculatus

1941 2553 2093 2604 tostis
2115 2551 2308 2604 fuisset
2334 2549 2511 2611 Verbi,
2533 2551 2623 2618 qui
2654 2565 2774 2603 eum
2807 2551 3206 2615 condemnavit,
3230 2561 3284 2605 et
3307 2551 3474 2604 ludas

1937 2643 2195 2710 proditor,
2237 2651 2292 2696 et
2337 2643 2641 2709 quicunque
2686 2641 2956 2706 dicebant,
2996 2639 3270 2709 Crucifige,
3301 2644 3474 2695 cruci-

1936 2733 2034 2800 ﬁge
2057 2747 2172 2783 eum
2194 2732 2260 2784 ³⁸.
2291 2730 2472 2798 Itaque
2502 2731 2697 2785 vidisse
2720 2731 2951 2784 Verbum
2981 2745 3046 2784 eo
3079 2731 3180 2785 loci
3207 2732 3472 2800 intellige-

1936 2822 2111 2884 batur,
2136 2820 2224 2873 ubi
2257 2821 2463 2874 dicebat
2488 2819 2732 2873 Salvator
2760 2839 2772 2872 :
2801 2820 2901 2884 Qui
2931 2822 3055 2873 vidit
3080 2837 3180 2884 me,
3205 2823 3329 2874 vidit
3361 2819 3471 2874 Pa-

1938 2922 2066 2964 trem
2092 2927 2259 2963 meum
2287 2911 2373 2979 qui
2402 2911 2540 2963 misit
2571 2926 2651 2964 me
2670 2912 2733 2962 ²⁶.
2763 2911 2837 2963 Ac
2872 2911 3032 2964 tacite
3063 2912 3469 2978 pulcherrimam

1937 3002 2234 3054 doctrinam
2264 3001 2452 3054 edocet
2478 3001 2564 3053 hic
2594 3014 2694 3052 nos
2724 2999 2914 3064 Lucas,
2948 3002 3072 3067 quia
3123 3015 3312 3069 nempe
3341 3017 3472 3069 quo-

1937 3091 2179 3144 rumdam
2211 3101 2596 3158 praeceptorum
2621 3091 2741 3142 linis
2780 3098 2862 3144 est
2899 3090 3125 3157 ipsamet
3161 3091 3468 3158 speculatio,

1936 3184 2286 3250 quorumdam
2315 3197 2444 3236 vero
2470 3192 2855 3250 praeceptorum
2884 3179 3008 3233 linis
3049 3189 3129 3234 est
3159 3183 3321 3234 actio.
3370 3181 3471 3236 Per

241 3273 356 3326 Διὰ
379 3273 480 3344 γὰρ
513 3272 621 3324 τοῦ
644 3312 659 3336 ,
691 3272 978 3324 αὐτόπται
998 3309 1011 3333 ,
1045 3269 1191 3339 δηλοῖ
1213 3272 1270 3323 τὸ
1291 3272 1611 3343 θεωρητικὸν
1630 3312 1644 3336 ,
1669 3275 1752 3327 διὰ
1781 3275 1837 3328 δὲ

1941 3273 2064 3327 illud
2090 3272 2255 3335 enim,
2286 3273 2482 3325 oculati
2530 3281 2678 3323 testes
2725 3270 2895 3323 innuit
2934 3270 3374 3338 speculationem,
3415 3281 3470 3324 at

243 3363 352 3416 τοῦ
410 3362 753 3431 ὑπηρέται,
796 3361 858 3413 τὸ
904 3361 1300 3430 πραγματικόν.
1372 3363 1601 3416 Δύνασαι
1642 3364 1697 3416 δὲ
1748 3366 1839 3417 καὶ

246 3453 454 3524 ἑτέρως
493 3451 766 3505 ἐκλαϐεῖν
804 3451 898 3516 τὸ,
939 3451 1227 3520 ὑπηρέται
1257 3455 1556 3521 γενόμενοι
1597 3452 1700 3505 τοῦ
1728 3456 1838 3506 Λό-

251 3559 406 3608 του·
438 3545 573 3614 ἦτοι
609 3541 708 3594 τοῦ
753 3541 1131 3594 διδασκαλικοῦ
1175 3541 1358 3609 λόγου,
1404 3542 1461 3594 ὃν
1502 3542 1780 3610 παρεδίδου
1811 3546 1840 3597 ό

253 3632 446 3704 Σωτήρ
467 3651 481 3663 ·
515 3633 554 3703 ἢ
586 3632 688 3685 καὶ
719 3630 883 3684 αὐτοῦ
912 3631 1005 3688 τοῦ
1030 3631 1162 3688 Θεοῦ
1185 3632 1377 3699 Λόγου,
1398 3625 1442 3699 ᾧ
1462 3635 1554 3686 καὶ
1576 3632 1744 3704 ἐξυπη
1754 3634 1840 3704 ρέ-

257 3735 433 3788 τησαν
456 3721 750 3792 παρόντες
776 3723 824 3773 οἱ
863 3721 1119 3791 μαθηταί.

337 3811 439 3882 Τὴν
465 3811 730 3865 διάθεσιν
765 3810 958 3863 ἑαυτοῦ
1001 3812 1030 3862 ό
1063 3809 1274 3871 Λουκᾶς
1316 3811 1582 3878 ἐμφαίνει.
1623 3811 1836 3881 Πεπλη-

245 3901 536 3973 ροφόρητο
565 3901 700 3970 γὰρ,
734 3899 829 3952 καὶ
849 3901 905 3951 ἐν
937 3899 1108 3951 οὐδενὶ
1135 3898 1392 3961 ὲδίσταζε,
1418 3901 1637 3970 πότερον
1669 3900 1838 3964 οὕτως

222 3982 384 4056 ἔχει,
419 3993 455 4062 ἢ
483 3990 577 4044 οὗ.
616 3990 791 4042 Τοῦτο
830 3989 888 4041 δὲ
925 3990 1131 4055 γίνεται
1179 3989 1303 4058 περὶ
1337 3989 1459 4051 τοὺς
1500 3989 1723 4058 βεϐαίως
1751 4010 1837 4044 πι-

205 4081 580 4143 στὲύοντας.
621 4080 736 4132 Καὶ
781 4079 891 4148 γὰρ
917 4081 955 4131 ὁ.
980 4077 1297 4140 Ἀπόστολος
1329 4079 1452 4149 περὶ
1480 4079 1586 4132 τῶν
1610 4080 1835 4148 βεϐαίων

207 4179 286 4236 φη
327 4173 421 4225 σίν
440 4190 456 4202 ·
498 4172 645 4225 Ἵνα
685 4166 794 4238 ἦτε
834 4166 1197 4236 ἐρριζωμένοι
1236 4167 1336 4220 καὶ
1365 4171 1835 4238 τεθεμελιωμένοι

206 4257 306 4328 τῇ
356 4260 594 4317 πίστει.
627 4260 795 4312 Οὐδὲν
825 4258 934 4327 γὰρ
956 4256 1096 4308 οὕτω
1129 4256 1480 4328 πληροφορεῖ,
1505 4259 1579 4321 ὡς
1600 4260 1720 4323 νοῦς
1743 4262 1835 4314 καὶ

211 4348 431 4418 λόγος.
472 4351 646 4419 Ὀψις
676 4349 789 4418 γὰρ
815 4349 876 4399 οὐ
904 4346 1259 4416 πληροφορεῖ·
1298 4348 1414 4399 ἐπεὶ
1460 4349 1556 4401 οὐκ
1595 4349 1699 4402 ἀπὸ
1737 4369 1832 4420 ση-

225 4443 432 4508 μείων
482 4442 585 4494 καὶ
632 4439 880 4507 τεράτων
911 4435 1120 4505 ὁρατῶν
1153 4436 1387 4503 κρίνεται
1413 4437 1479 4490 τὰ
1507 4439 1830 4508 πράγματα’

230 4531 398 4584 ma
425 4531 576 4600 λόγῳ
604 4530 875 4599 κρίνεται,
900 4529 1028 4579 ποῖα
1051 4525 1278 4594 τάληθῆ,
1300 4527 1392 4579 καὶ
1411 4530 1535 4580 ποῖα
1558 4529 1625 4581 τὰ
1643 4530 1828 4601 ψευδῆ.

242 4619 637 4688 Πραγμάτων
669 4617 728 4669 δέ
762 4632 942 4685 φησιν,
968 4615 1258 4684 ἐπειδήπερ
1279 4615 1338 4666 οὑ
1364 4616 1501 4669 κατὰ
1521 4621 1828 4686 φαντασίαν,

247 4710 409 4763 κατὰ
456 4709 583 4770 τοὺς
627 4706 740 4758 τῶν
793 4703 1081 4774 αἱρετικῶν
1130 4704 1352 4766 παῖδας,
1398 4707 1833 4782 ὲδραματούργη-

262 4815 365 4850 cev
405 4797 612 4866 Ἰησοῦς
662 4793 762 4863 τὴν
813 4793 1069 4862 ἐνσαρκον
1117 4793 1279 4847 αὐτοῦ
1329 4798 1648 4864 παρουσίαν·
1699 4801 1832 4855 ἀλλὰ

263 4889 552 4957 τυγχάνων
607 4887 877 4956 ἀλήθεια,
940 4885 1074 4954 πρὸς
1129 4884 1380 4955 ἀλήθειαν
1446 4887 1708 4959 ἐνήργησε
1762 4892 1830 4944 τὰ

273 4981 595 5048 πράγματα.

275 5068 422 5139 Στίχ.
440 5069 508 5138 γ’.
528 5067 802 5133 Καθεξῆς
817 5080 913 5118 σοι
935 5064 1174 5133 γράψαι,
1199 5066 1468 5133 κράτιστε
1489 5070 1754 5136 Θεόφιλε.

280 5153 424 5229 Στίχ.
463 5161 503 5213 δ’
511 5202 525 5216 .
556 5161 693 5214 Ἵνα
727 5153 981 5229 ἐπιγνῷς
1004 5154 1244 5229 asp-litim
1276 5158 1612 5225 κατηχήθης
1638 5162 1830 5228 λόγων

805 5224 920 5292 τὴν
951 5223 1302 5292 ἀσφάλειαν.

286 5310 426 5383 Στίχ.
459 5317 517 5369 ε’.
577 5313 960 5384 ἰζγνιξνειὯἐνΔ
988 5312 1116 5384 ταῖς
1152 5313 1394 5384 ἡμέραις
1431 5313 1672 5379 Ἡρώδου
1721 5318 1826 5371 τοῦ

348 5380 652 5449 samum
670 5383 782 5450 τῆς
822 5380 1100 5450 Ἰουδαίας
1123 5383 1311 5450 ἱερεύς
1333 5400 1420 5446 τις
1455 5384 1689 5450 ὀνόματι
1719 5389 1828 5438 Ζα-

358 5455 556 5519 χαρίας
581 5455 650 5515 ἐξ
682 5449 1004 5519 ἐφημερίας
1038 5449 1216 5519 Ἀϐιά
1259 5451 1352 5519 καὶ
1380 5453 1416 5518 1i
1451 5449 1601 5518 γυνὴ
1637 5454 1817 5508 αὐτοῦ

353 5517 556 5574 ἐκτῶν
581 5517 914 5588 θυγατέρων
947 5517 1183 5585 Ἀαρὼν,
1209 5518 1305 5570 καὶ
1337 5519 1398 5570 τὸ
1429 5517 1608 5586 ὄνομα
1632 5520 1818 5588 αὐτῆς

368 5588 688 5643 Ἐλισάϐετ.

364 5694 408 5728 ιι
433 5696 596 5750 Exod.
627 5711 718 5758 xx,
759 5695 844 5748 18.
922 5693 967 5726 ³⁸
993 5692 1140 5747 Joan.
1178 5709 1288 5760 xu,
1325 5694 1374 5750 6.
1451 5693 1662 5750 "Joan.
1712 5714 1821 5766 xiv,
1861 5705 1909 5760 9.

364 5781 468 5850 (b0)
509 5781 744 5844 ’Δνεπιγ.

1938 3373 2031 3426 per
2061 3359 2308 3421 ministri,
2353 3359 2615 3411 actionem
2669 3365 2724 3411 et
2775 3357 2986 3424 praxin.
3016 3356 3176 3414 Potes
3217 3370 3274 3412 et
3314 3359 3470 3412 aliter

1915 3449 2180 3517 .accipere
2206 3449 2354 3513 illud,
2381 3450 2470 3518 qui
2510 3448 2735 3500 ministri
2759 3446 2966 3515 fuerunt
3004 3445 3152 3500 Verbi
3179 3462 3197 3500 :
3221 3449 3332 3501 sive
3379 3449 3470 3501 do-

1935 3538 2173 3592 ctrinalis
2211 3538 2379 3602 verbi,
2408 3539 2546 3605 quod
2577 3538 2817 3590 tradebat
2853 3537 3136 3590 Salvator:
3167 3537 3247 3590 vel
3275 3538 3468 3606 ipsius-

1935 3638 2043 3682 met
2073 3629 2164 3682 Dei
2196 3627 2372 3692 Verbi,
2408 3627 2493 3681 cui
2517 3627 2680 3680 etiam
2713 3625 3154 3681 miuistraveruut
3181 3637 3466 3696 praesentes

1934 3718 2204 3785 discipuli.

2002 3809 2117 3873 Quo
2141 3807 2296 3862 modo
2320 3808 2390 3861 sit
2421 3805 2641 3861 allectus
2676 3807 2845 3861 Lucas
2871 3808 3124 3862 ostendit.
3158 3805 3467 3861 Certissime

1933 3899 2072 3952 enim
2101 3913 2388 3967 persuasus
2413 3907 2555 3961 erat,
2583 3906 2638 3951 et
2663 3898 2712 3950 iu
2743 3897 2885 3951 nullo
2915 3897 3210 3961 dubitabat,
3236 3914 3361 3950 num
3387 3899 3467 3951 sic

1933 4002 1988 4041 se
2011 4003 2096 4041 res
2129 3988 2368 4050 haberet,
2405 4002 2589 4041 necne.
2623 3987 2736 4040 Hoc
2789 3998 2965 4041 autem
3000 3989 3262 4056 continglt
3293 3988 3345 4040 in
3379 3989 3463 4050 iis,

1932 4078 2018 4143 qui
2056 4077 2278 4130 firmiter
2328 4077 2570 4130 credunt.
2622 4078 2904 4145 Apostolus
2945 4078 3085 4130 enim
3149 4079 3213 4130 de
3259 4078 3324 4130 iis
3372 4079 3462 4146 qui

1933 4165 2067 4235 θετιιῂ
2099 4175 2241 4229 sunt,
2271 4165 2402 4218 dicit
2430 4182 2443 4218 :
2475 4165 2541 4217 Ut
2566 4166 2681 4219 sitis
2714 4165 2935 4218 radianti
2961 4175 3009 4218 et
3039 4167 3245 4232 fundati
3269 4167 3372 4232 ﬁde
3395 4168 3461 4219 ".

1933 4254 2068 4306 Nihil
2103 4254 2244 4308 enim
2278 4257 2412 4310 adeo
2466 4264 2672 4310 certum
2723 4271 2788 4310 ac
2835 4270 3144 4324 persuasum
3188 4257 3383 4316 reddit.
3407 4266 3466 4310 ut

1932 4357 2082 4396 meus
2135 4352 2190 4397 et
2247 4346 2404 4398 ratio.
2465 4344 2622 4399 Visus
2679 4347 2822 4398 enim
2870 4355 3072 4398 certum
3108 4359 3211 4397 non
3246 4345 3460 4399 reddit:

1930 4437 2125 4504 quippe
2152 4437 2274 4504 quia
2329 4451 2434 4490 non
2478 4451 2539 4490 ex
2585 4437 2750 4506 signis
2782 4445 2836 4490 et
2873 4436 3131 4504 prodigiis
3163 4435 3465 4490 visibilibus

1932 4539 2019 4578 res
2053 4524 2376 4594 iudicantur.
2430 4525 2533 4580 Sed
2590 4527 2794 4580 ratione
2841 4526 3137 4595 judicatur,
3187 4540 3309 4594 quas
3359 4526 3466 4580 siut

1935 4632 2080 4680 vera,
2109 4632 2293 4686 quaeve
2331 4617 2483 4674 falsa.
2520 4618 2592 4670 De
2621 4619 2770 4671 rebus
2807 4627 2981 4671 autem
3005 4619 3134 4671 dicit
3165 4634 3179 4670 :
3214 4618 3462 4684 quianon

1933 4711 2288 4778 phantastice,
2337 4711 2487 4779 juxta
2541 4710 2848 4772 hereticos,
2901 4718 3153 4777 operatus
3191 4719 3270 4762 est
3312 4707 3465 4761 Jesus

1932 4800 2213 4852 adventurm
2266 4814 2419 4853 suum
2462 4799 2515 4851 in
2547 4812 2726 4852 carne.
2777 4798 2879 4852 Sed
2925 4813 3044 4852 cum
3079 4799 3278 4852 veritas
3321 4805 3459 4850 esset

1934 4891 2065 4960 ipse,
2098 4891 2150 4944 in
2179 4891 2399 4946 veritate
2424 4900 2670 4958 operatus
2691 4899 2772 4944 est
2794 4904 2910 4959 qua
2931 4891 3114 4958 gessit.

2009 5073 2070 5127 V.
2089 5075 2142 5129 5.
2177 5075 2469 5130 Ordinalim
2502 5075 2592 5128 tibi
2617 5076 2854 5136 scribere,
2882 5077 3068 5135 optime
3097 5068 3388 5134 Tlteophile.

1931 5166 1996 5221 V.
2023 5165 2078 5220 4.
2099 5165 2164 5219 Ut
2192 5183 2442 5237 agnoscas
2469 5167 2533 5218 de
2561 5167 2756 5237 quibus
2774 5166 3056 5216 instructus
3091 5161 3240 5228 fuisti
3265 5171 3458 5209 sermo--

2445 5237 2612 5298 nibus,
2652 5235 2932 5286 veritatem.

1934 5322 1994 5376 V.
2022 5324 2073 5377 5.
2113 5322 2235 5376 Fuit
2257 5325 2310 5376 in
2344 5324 2521 5376 diebus
2555 5324 2774 5377 Herodis
2806 5324 2936 5390 regis
2965 5319 3187 5390 ludicre,
3217 5310 3455 5390 sacerdos

1999 5393 2210 5461 quidam
2257 5395 2460 5444 nomine
2487 5391 2808 5460 Zacharias,
2839 5387 2902 5441 de
2930 5391 3033 5461 vice
3065 5387 3190 5461 Α-ρῇᾳ
3209 5388 3454 5461 ίειΛυποΐ

1991 5446 2100 5528 eius
2129 5461 2190 5514 de
2209 5463 2413 5530 ﬁliabus
2440 5449 2638 5527 Aaron,
2660 5472 2704 5515 et
2736 5446 2916 5514 nomen
2943 5458 3054 5522 ejus
3086 5446 3362 5504 Elisabetb.

2010 5711 2049 5740 ’⁷
2080 5709 2281 5766 Coloss.
2316 5726 2372 5777 ll,
2403 5710 2455 5763 '7.
