3914 6468
193 455 284 522 311
1498 475 1779 532 summa
1816 477 1884 532 IN
1919 475 2171 533 LUCAM.

3305 472 3407 528 318

212 576 354 663 Sail;
382 575 468 663 ξδξο
487 578 634 663 ’Κρὶι
651 581 842 662 ἕσζται
864 591 1032 663 χαρά
1054 609 1151 648 σοι
1181 594 1274 647 καί
1298 594 1644 663 ἀγαλλίασις
1663 613 1677 626 ·
1696 596 1790 651 καὶ

1894 595 1953 651 V.
1985 597 2071 650 ll.
2102 595 2164 648 Et
2199 595 2293 648 erit
2316 593 2560 663 gaudium
2589 592 2706 663 tibi,
2741 599 2788 644 et
2826 589 3108 663 exsultatio
3139 606 3158 643 :
3183 599 3228 644 et
3251 591 3404 642 multi

296 646 509 700 πολλοὶ
537 649 641 702 ἐπὶ
671 651 755 721 τῇ
785 646 1081 726 τείῖνῆσει
1107 646 1290 716 αὐτοῦ
1307 646 1689 730 ῥξαρήσὸφὲτῖιι.

299 825 408 897 (μ)
445 824 548 878 Διὰ
575 831 1056 894 ωγκαταὸἀσεως
1083 833 1234 903 ὤφθη
1264 832 1483 902 ἄγγελος
1513 833 1588 904 τῷ
1620 837 1795 903 Ζαχα-

230 918 342 988 ρία.
367 917 505 971 Οὐδὲ
531 918 645 989 γὰρ
691 920 946 990 φθαρτοῦ
994 922 1238 993 σώματος
1266 924 1554 994 ὀφθαλμοῖς
1582 923 1796 978 δύναταί

226 1024 317 1071 τις
351 1009 483 1062 ίδεῖν
507 1008 789 1079 ἄφθαρτον
809 1010 991 1081 σῶμα.
1010 1013 1310 1079 Ἐκδεξιῶν
1334 1013 1388 1064 δὲ
1411 1012 1560 1083 ὤφθη
1587 1013 1752 1075 ἑστὼς
1769 1015 1798 1065 6

227 1098 472 1166 ἄγγελος
512 1097 610 1150 τοῦ
651 1098 1080 1171 θυσιαστηρίου,
1118 1102 1383 1153 ὅτι¹αῐσια
1425 1085 1566 1170 αὐτῷ
1612 1099 1798 1170 ἔμελλε

229 1188 620 1259 προαγγεῖλαι.
653 1189 962 1260 Ἐταράχθη
983 1191 1038 1242 δὲ
1063 1191 1328 1261 Ζαχαρίας
1346 1189 1484 1243 ἰδών.
1501 1190 1790 1254 Ξενίζουσα

231 1278 346 1348 γὰρ
374 1280 410 1348 ὴ
441 1277 569 1350 ὄψις
604 1278 882 1349 ἀνθρώπῳ
916 1280 1209 1350 φαινομένη
1236 1281 1332 1332 οὐκ
1363 1281 1503 1333 ἔστιν
1533 1281 1798 1350 ὑπομονη-

231 1369 382 1436 τική.
434 1349 578 1420 Ἀλλ’
602 1369 756 1438 ὅμως
796 1349 1108 1440 ἐπιστρέφει
1153 1369 1256 1421 ἀπὸ
1295 1369 1391 1438 τῆς
1435 1349 1800 1438 ταραχῆς’τὸν

234 1456 520 1526 Ζαχαρίαν
555 1458 584 1509 6
624 1456 879 1523 ἄγγελος,
920 1459 1011 1510 καὶ
1050 1458 1340 1511 ἀνακτᾶται
1382 1456 1560 1522 αὑτὸν,
1595 1456 1758 1510 εἰπών
1781 1473 1794 1486 ·

235 1544 333 1612 Μὴ
355 1544 574 1612 φοϐοῦ,
595 1545 884 1612 Ζαχαρία.

308 1720 427 1789 (45)
448 1719 609 1781 Ἵσθι,
636 1719 720 1771 ὅτι
761 1719 821 1770 οὐ
866 1719 1026 1772 παντὶ
1052 1719 1293 1787 φαίνεται
1319 1721 1346 1772 6
1374 1719 1548 1788 Θεὸςῆ
1574 1720 1620 1770 οἱ
1643 1717 1801 1785 ἄγγε-

233 1809 345 1872 λοι,
374 1808 516 1860 ἀλλὰ
529 1811 639 1870 τοῖς
665 1807 916 1878 καθαρὰν
945 1807 1122 1877 έχουσι
1139 1808 1233 1878 τὴν
1261 1807 1499 1878 καρδίαν,
1521 1808 1610 1859 καὶ
1637 1807 1799 1871 ἀξίοις

2228 664 2294 717 de
2314 660 2578 716 nativitate
2603 661 2716 728 ejus
2737 660 3048 729 gaudebunt.

1957 838 2060 893 Per
2107 835 2609 893 condescensionem
2665 833 2904 900 apparuit
2954 829 3170 900 angelus
3205 827 3406 887 Zacha-

1893 929 2004 982 riae.
2035 927 2212 995 Neque
2235 925 2372 979 enim
2396 921 2752 990 corruptibilis
2779 919 3018 985 corporis
3043 916 3210 971 oculis
3238 927 3411 984 potest

1892 1019 2008 1085 quis
2049 1015 2227 1068 videre
2255 1009 2650 1079 incorruptibile
2705 1021 2896 1075 corpus
2949 1005 3081 1075 (48).
3136 1004 3291 1059 Visus
3331 1015 3412 1058 est

1893 1113 2067 1158 autem
2122 1103 2358 1172 angelus,
2389 1109 2536 1155 stans
2564 1114 2591 1152 a
2617 1097 2818 1152 dextris
2858 1095 3039 1148 altaris
3062 1132 3078 1158 ,
3103 1095 3194 1163 qui
3241 1094 3410 1147 fausta

1893 1195 2259 1259 fortunataque
2311 1191 2382 1244 illi
2442 1189 2889 1258 prtenuntiaturus
2947 1193 3081 1238 erat.
3147 1184 3412 1238 Turbatus

1893 1289 1974 1334 est
2005 1294 2128 1333 vero
2154 1278 2438 1332 Zacharias
2473 1278 2679 1330 videns.
2706 1274 2837 1329 Cum
2876 1275 3017 1328 enim
3052 1273 3188 1328 visio
3211 1274 3411 1327 homini

1894 1369 2138 1422 inusitata
2186 1367 2412 1431 videtur,
2465 1367 2605 1419 haud
2663 1365 2814 1425 facile
2853 1368 3168 1419 sustinetur.
3202 1364 3411 1419 Nihilo-

1895 1459 2066 1512 minus
2113 1465 2328 1511 revocat
2374 1471 2405 1508 a
2455 1457 2758 1509 turbatione
2787 1456 3100 1510 Zachariam
3150 1455 3366 1522 angelus
3394 1493 3411 1517 ,

1895 1545 2200 1612 animosque
2228 1543 2277 1597 ei
2318 1541 2510 1596 suﬂicit
2543 1542 2786 1610 inquiens
2807 1581 2823 1607 ,
2856 1541 2938 1595 Ne
2964 1542 3142 1595 timeas
3166 1579 3180 1606 ,
3216 1540 3415 1596 Zacha-

1894 1635 1994 1684 ria.

1963 1720 2127 1785 Scito,
2164 1721 2300 1789 quod
2332 1736 2433 1776 non
2463 1722 2606 1775 omni
2650 1722 2847 1776 homini
2878 1728 3094 1791 apparet
3135 1720 3307 1783 Deus,
3331 1719 3416 1774 vel

1895 1809 2060 1878 angeli
2094 1829 2107 1863 :
2143 1811 2235 1864 sed
2279 1811 2344 1863 iis
2376 1811 2466 1878 qui
2496 1811 2692 1864 habent
2739 1825 2832 1865 cor
2867 1811 3119 1864 mundum
3144 1851 3159 1873 ,
3191 1819 3243 1864 et
3271 1810 3415 1878 digni

239 1899 335 1952 τοῦ
376 1899 616 1967 βλέπειν.
653 1899 1012 1964 Εὐρίσκεται
1031 1899 1136 1967 γὰρ
1153 1900 1274 1964 τοῖς
1303 1899 1386 1966 μὴ
1419 1898 1790 1965 πειράζουσιν

1895 1906 2035 1960 sunt,
2065 1906 2121 1950 ut
2145 1899 2354 1951 videant
2384 1913 2398 1949 :
2428 1898 2690 1950 Invenitur
2717 1899 2851 1951 enim
2892 1899 2956 1950 iis
2984 1899 3072 1966 qui
3097 1914 3197 1951 non
3223 1907 3416 1952 tentant

236 1987 436 2040 αὐτὸν
461 2025 477 2049 ,
546 1985 919 2054 ἐμφανίζεται
976 1985 1044 2038 δὲ
1099 1986 1222 2051 τοῖς
1281 1985 1364 2054 μὴ
1436 1985 1798 2039 ἀπιστοῦσιν

235 2076 423 2141 αὐτῷ.
797 2101 802 2106 ·

309 2165 428 2219 Τοῦ
453 2166 667 2219 αὐτοῦ.
710 2165 928 2236 Ἐπειδὴ
974 2165 1170 2228 πάντες
1207 2167 1254 2218 oi
1282 2166 1508 2235 ὁρῶντες
1545 2165 1800 2233 ἀγγέλους

239 2252 559 2322 ζφοὸοὕντο,
605 2256 805 2326 μήπως
843 2255 920 2318 ὡς
955 2256 1232 2326 μέλλοντες
1275 2254 1454 2308 λαϐεῖν
1497 2256 1669 2309 αὐτῶν
1703 2255 1801 2318 τὰς

239 2345 418 2414 ψυχὰς
451 2345 913 2415 παρεληλύθασιν.
954 2346 1030 2407 ὡς
1066 2345 1159 2398 καὶ
1198 2346 1226 2396 6
1264 2344 1456 2397 Μανωέ
1503 2362 1661 2414 φησι·
1714 2345 1799 2397 διὰ

240 2434 396 2487 τοῦτο
438 2434 585 2486 λύων
620 2435 790 2488 αὑτοῦ
823 2435 921 2504 τὴν
959 2434 1192 2502 ἀγωνίαν
1216 2437 1244 2486 6
1271 2433 1512 2501 ἄγγελος,
1546 2432 1662 2486 εἷπε
1704 2435 1796 2486 τό·

243 2524 337 2591 Μὴ
360 2527 573 2593 φοϐοῦ.
607 2527 684 2580 Οὐ
709 2529 818 2596 γὰρ
845 2527 1001 2597 μόνον
1027 2529 1086 2579 οὐ
1105 2527 1373 2596 τελευτᾷς,
1399 2527 1522 2579 ἔνθα
1543 2527 1682 2596 λύπη
1709 2528 1799 2580 καὶ

247 2611 487 2682 δάκρυα,
533 2614 675 2666 ἀλλὰ
719 2617 815 2668 καὶ
859 2615 956 2684 ζῇς
996 2615 1090 2666 καὶ
1133 2619 1494 2679 τεκνοωιεῖς,
1532 2617 1800 2687 καὶχαρὰ

250 2702 454 2770 μεγάλη
477 2703 636 2756 ἔσται
671 2721 774 2756 σοι’
793 2704 1082 2769 Γεννήσει
1106 2704 1215 2773 γάρ
1244 2721 1337 2758 σοι
1367 2705 1496 2758 υἱὸν
1519 2707 1556 2772 ἡ
1572 2705 1800 2758 Ἐλισά-

251 2793 363 2853 ϐετ,
393 2785 454 2843 οὗ
478 2795 554 2845 οὐ
585 2792 798 2861 γέγονε
822 2792 1041 2861 μείζων
1061 2794 1129 2844 ἐν
1145 2792 1444 2860 γεννητοῖς
1469 2792 1583 2844 τῶν
1605 2808 1800 2861 γυναι-

251 2877 386 2933 κῶν.
403 2874 544 2931 Εἶτά
567 2895 704 2947 φησι
722 2896 735 2908 ·
756 2879 862 2931 Kal
889 2878 1098 2931 πολλοὶ
1126 2879 1221 2929 ἐπὶ
1239 2877 1312 2945 τῇ
1328 2877 1598 2946 γεννήσει
1621 2876 1800 2931 αὐτοῦ

253 2967 645 3034 χαρήσονται.
681 2969 744 3018 Εἰ
783 2967 890 3038 γὰρ
924 2967 1017 3019 καὶ
1045 2968 1117 3037 μὴ
1153 2967 1348 3029 πάντες
1381 2967 1641 3030 Ἰουδαῖοι,
1670 2951 1800 3020 ἆλλά

251 3055 431 3108 πολλοὶ
476 3056 760 3126 ἐχάρησαν
805 3056 896 3106 ἐπὶ
942 3058 1006 3125 τῇ
1055 3055 1320 3124 παρουσία
1361 3054 1450 3106 τοῦ
1503 3055 1797 3125 προδρόμου

249 3142 660 3209 διαγγέλλοντος
689 3143 788 3211 τὴν
815 3142 908 3193 τοῦ
943 3142 1186 3211 Σωτῆρος
1212 3141 1514 3210 ἐπιδημίαν.

1895 2001 2026 2047 eum,
2067 1995 2114 2038 et
2151 1986 2358 2054 apparet
2391 1988 2452 2041 iis
2487 1989 2574 2056 qui
2593 1989 2639 2040 ei
2674 1986 2923 2041 increduli
2945 2003 3046 2040 non
3073 1997 3188 2041 sunt
3215 1987 3258 2020 “

1966 2161 2236 2230 Ejusdem.
2267 2160 2399 2227 Quia
2431 2169 2688 2230 quotquot
2714 2161 2964 2215 videbant
2995 2161 3228 2230 angelos,
3261 2161 3416 2215 time-

1895 2247 2040 2310 bant,
2069 2262 2136 2302 ne
2164 2247 2304 2302 forte
2347 2249 2685 2303 advenissent
2728 2250 2881 2318 quasi
2914 2250 3181 2316 accepturi
3213 2249 3417 2302 animas

1895 2354 2117 2404 eorum;
2150 2349 2208 2393 ut
2231 2349 2284 2395 et
2314 2340 2501 2394 Manoe
2546 2341 2674 2395 dicit
2703 2355 2718 2394 :
2749 2351 3026 2409 propterea
3066 2341 3276 2409 solvens
3301 2357 3416 2396 me-

1900 2439 2008 2482 tum
2037 2431 2254 2498 angelus
2282 2430 2358 2484 ait
2384 2448 2398 2483 :
2430 2429 2511 2483 Ne
2536 2431 2741 2484 timeas.
2773 2429 2885 2484 Non
2939 2432 3094 2491 modo
3127 2432 3266 2486 enim
3312 2448 3415 2486 non

1898 2519 2121 2570 moreris
2147 2555 2161 2578 ,
2194 2532 2297 2585 quo
2326 2527 2564 2584 tempore
2596 2527 2718 2571 sunt
2750 2519 2900 2573 dolor
2931 2529 2985 2573 et
3010 2520 3289 2590 lacrytnre;
3325 2537 3417 2576 ve-

1897 2621 2012 2659 rum
2041 2615 2095 2661 et
2123 2607 2290 2670 vivis,
2325 2617 2380 2660 et
2412 2607 2574 2660 tilium
2605 2611 2857 2675 'procreas
2879 2647 2895 2674 ,
2943 2618 2995 2663 et
3023 2612 3268 2678 gaudium
3301 2627 3416 2664 ma-

1895 2707 2054 2762 guum
2094 2693 2198 2746 erit
2241 2695 2354 2747 tibi.
2392 2692 2568 2748 Pariet
2599 2697 2734 2748 enim
2779 2698 2872 2749 tibi
2918 2697 3082 2764 [ilium
3123 2696 3415 2763 Elisabetlt,

1895 2797 1998 2848 quo
2023 2797 2123 2834 non
2159 2782 2256 2848 fuit
2282 2783 2448 2850 major
2473 2785 2527 2835 in
2555 2785 2680 2850 ﬁliis
2703 2785 2974 2838 mulierum
2997 2787 3060 2840 ".
3087 2787 3282 2841 Deinde
3304 2790 3376 2841 ait
3401 2812 3414 2844 :

1895 2871 1961 2924 Et
2001 2872 2148 2924 multi
2193 2874 2256 2926 de
2284 2875 2549 2926 nativitate
2596 2875 2706 2942 ejus
2746 2877 3056 2943 gaudebunt.
3096 2876 3158 2930 Et
3186 2879 3230 2931 si
3275 2879 3414 2932 enim

1895 2978 1998 3016 non
2042 2977 2224 3017 omnes
2268 2963 2470 3028 Judaei,
2516 2975 2572 3018 at
2621 2966 2769 3018 multi
2806 2967 2970 3033 gavisi
3013 2978 3135 3021 sunt
3190 2969 3256 3022 ob
3282 2985 3414 3038 pra:-

1894 3053 2118 3106 sentiam
2147 3052 2490 3107 Prtecursoris
2517 3049 2880 3107 annuntian'tis
2911 3054 3198 3112 Salvatoris
3222 3060 3418 3114 adven-

1894 3150 2023 3195 tum.

319 3230 429 3300 (46)
466 3230 631 3282 Κατὰ
673 3229 772 3299 τὴν
802 3229 1050 3300 θεωρίαν,
1097 3231 1130 3299 ἡ
1167 3229 1336 3298 σιωπὴ
1373 3229 1474 3282 τῶν
1511 3229 1797 3300 Προφητῶν

1965 3229 2123 3284 Juxta
2155 3231 2565 3298 speculationem
2593 3273 2609 3297 ,
2639 3233 2906 3287 silentium
2929 3233 3302 3303 prophetarum
3335 3246 3417 3290 est

253 3321 391 3372 ἐστιν
430 3321 488 3372 ὲν
522 3319 604 3389 τῷ
652 3319 814 3372 πάλαι
853 3318 965 3388 λαῷ
993 3318 1084 3371 τοῦ
1117 3318 1266 3371 Θεοῦ.
1303 3318 1490 3370 Οὐκέτι
1532 3319 1637 3388 γὰρ
1669 3319 1795 3384 Θεὸς

255 3407 395 3462 λαλεῖ
419 3410 630 3472 αὐτοῖς,
663 3408 799 3461 ἀλλὰ
827 3408 1192 3479 μεταϐέϐηκεν
1213 3411 1240 3460 6
1267 3409 1324 3459 ἐν
1346 3409 1484 3478 ἀρχῇ
1499 3408 1650 3474 λόγος
1667 3408 1799 3477 πρὸς

256 3496 414 3565 ἡμᾶς.
461 3497 574 3548 Καὶ
625 3498 756 3566 παρ’
784 3499 916 3565 ἡμῖν
961 3496 1020 3547 ού
1074 3498 1267 3564 σιωπᾷ,
1316 3497 1440 3567 παρ’
1469 3496 1690 3557 ἐκείνοις
1742 3497 1797 3547 δὲ

260 3585 584 3655 σεσιώπηκε.
616 3585 720 3638 Διὰ
766 3585 922 3638 τοῦτο
952 3587 1129 3654 σιωπᾷ
1156 3588 1184 3637 6
1212 3586 1486 3656 προφήτης
1515 3585 1794 3655 Ζαχαρίας.

259 3674 324 3725 Τὸ
339 3675 392 3726 δὲ
419 3671 690 3726 διανεύειν
719 3673 832 3742 (47)
869 3673 1096 3742 μένοντα
1125 3673 1322 3741 κωφόν.

260 3843 393 3913 Στίχ.
420 3844 527 3896 κδ’.
572 3841 876 3913 Ἐξελθὼν
902 3842 970 3894 δὲ
994 3845 1103 3913 οὐκ
1128 3841 1381 3913 ἠδύνατο
1405 3843 1666 3913 λαλῆσαι
1698 3846 1799 3897 αὐ-

324 3910 463 3977 τοῖς,
494 3911 598 3964 καὶ
631 3911 1004 3978 ἐπέγνωσαν,
1045 3910 1131 3962 ὅτι
1159 3911 1446 3962 ὀπτασίαν
1460 3910 1709 3976 ἑώρακεν
1731 3913 1800 3964 ἐν

326 3981 402 4044 τῷ
419 3975 585 4044 ναῷ.
626 3975 1046 4048 Καὶάὐτὸς,ἦν
1069 3978 1352 4031 διανεύων
1369 3975 1584 4044 αὐτοῖς,
1604 3980 1698 4032 καὶ
1725 3980 1801 4032 δι-

325 4051 491 4116 έμενε
513 4051 737 4114 κωφός.

264 4135 399 4214 Στίχί
428 4142 532 4214 κγ’.
560 4134 674 4188 Καὶ
702 4133 1052 4214 ἐγένετφώς
1080 4133 1470 4214 ἐπλῄᾳρησαν
1505 4136 1569 4214 αἱ¹
1594 4133 1797 4214 ἡμέραι

326 4200 430 4290 τῆς
458 4200 834 4282 λειτουργίας
859 4202 1065 4264 αὐτοῦ,
1097 4201 1368 4269 ἀπῆλθεν
1411 4205 1496 4266 εις
1514 4203 1616 4254 τὸν
1635 4200 1798 4255 οἷκον

327 4289 525 4325 αυτου.

267 4360 405 4430 Στίχ.
436 4362 533 4413 κδ’.
565 4362 728 4430 Μετὰ
758 4358 825 4430 δὲ
861 4359 1077 4430 ταύτας
1100 4359 1203 4430 τὰς
1228 4359 1445 4430 ἡμέρας
1472 4326 1798 4430 συνέλαϐεν

326 4427 714 4496 η”Ὲλισάϐετ
754 4429 791 4494 ἡ
821 4427 972 4496 γυνὴ
1017 4427 1231 4496 αὐτοῦ,
1283 4429 1380 4479 καὶ
1431 4428 1798 4495 περιέκρυϐεν

321 4493 536 4563 ἑαυτὴν
558 4497 762 4564 μῆνας
783 4493 980 4558 πέντε,
1009 4493 1286 4560 λέγουσαο

1897 3320 1948 3372 iu
1982 3319 2144 3372 veteri
2195 3320 2382 3388 populo
2417 3321 2529 3374 Dei.
2561 3321 2674 3376 Non
2709 3322 2931 3391 amplius
2977 3326 3117 3378 enim
3155 3325 3293 3379 Deus
3340 3326 3418 3378 lo-

1894 3407 2070 3476 quitur
2106 3408 2208 3462 illis
2230 3447 2247 3472 ,
2280 3409 2374 3462 sed
2423 3411 2707 3466 translatus
2751 3423 2831 3466 est
2864 3427 3038 3466 sermo
3067 3413 3154 3481 qui
3187 3415 3253 3467 ab
3304 3415 3412 3466 iui-

1896 3498 1968 3549 tio
1999 3507 2136 3562 erat,
2173 3497 2225 3550 in
2261 3513 2374 3552 nos.
2406 3498 2508 3552 Sed
2549 3501 2684 3569 apud
2727 3515 2823 3554 nos
2853 3501 3068 3556 minime
3101 3503 3244 3564 silet,
3279 3504 3414 3571 apud

1893 3601 1983 3640 eos
2012 3601 2135 3640 vero
2185 3587 2351 3642 siluit.
2407 3587 2691 3656 Propterea
2735 3591 2855 3644 silet
2908 3593 3161 3660 prOpheta
3213 3591 3415 3646 Zacha—

1895 3676 2018 3728 rias.
2064 3675 2211 3740 Quod
2260 3691 2381 3731 vero
2426 3677 2637 3733 nutibus
2676 3681 2857 3744 utitur,
2908 3681 3100 3734 indicat
3155 3682 3411 3736 mansisse

1894 3776 2116 3818 mutum.

1895 3851 1958 3903 V.
2011 3852 2098 3904 22.
2153 3851 2614 3927 Egressus‘autem
2663 3873 2762 3908 non
2791 3868 2984 3924 poterat
3031 3859 3171 3927 loqui
3195 3859 3416 3927 illinet

1962 3933 2266 3996 agnoverunt
2289 3923 2422 3989 quod
2455 3925 2698 3996 visionem
2726 3931 2998 3996 aspexisset
3031 3923 3320 3996 in'templo.
3350 3925 3416 3980 Et

1963 3990 2067 4054 ipse
2096 3997 2204 4040 erat
2237 3989 2451 4042 iunuens
2484 3991 2608 4052 illis,
2631 4003 2679 4046 et
2713 3989 2949 4045 remansit
2980 4006 3169 4046 mutus.

1893 4138 1956 4193 V.
1984 4140 2071 4194 23.
2099 4139 2166 4192 Et
2198 4140 2414 4214 [uiuat
2459 4142 2650 4214 impleti
2699 4155 2818 4195 sunt
2848 4145 2954 4198 dies
2977 4147 3247 4199 ministerii
3281 4147 3413 4214 ejus,

2303 4211 2428 4263 abiit
2454 4213 2506 4262 in
2528 4213 2735 4264 domum
2757 4229 2922 4266 suam.

1893 4361 1956 4415 γ.
1984 4362 2073 4419 24.
2106 4363 2229 4416 Post
2258 4374 2425 4417 autem
2462 4367 2554 4417 hos
2576 4366 2703 4427 dies,
2735 4368 2963 4432 concepit
2993 4365 3248 4420 Elisabetlt
3283 4387 3416 4424 uxor

1959 4432 2107 4498 ejus,
2139 4443 2184 4484 et
2216 4433 2498 4484 occultabat
2547 4437 2763 4500 seipsam
2809 4452 2999 4487 menses
3043 4439 3261 4504 quinque
3337 4441 3416 4491 di-

1963 4516 2076 4551 cens
2105 4513 2125 4550 ἔ

266 4584 402 4656 Στίχ.
429 4550 690 4660 κεκ-ἒάτι
721 4550 906 4660 έῇτως
935 4550 1259 4660 absumunt-:1:
1283 4587 1315 4637 ό
1338 4587 1546 4660 Ῑςύριος
1563 4586 1631 4660 ἐν
1657 4585 1796 4660 ἠμέ-

1900 4586 1962 4640 ν.
2100 4589 2245 4660 Quia
2269 4591 2343 4641 sic
2374 4589 2492 4656 fecit
2526 4590 2769 4642 Dominus
2803 4593 2855 4643 in
2887 4593 3061 4644 diebus
3081 4635 3094 4655 ,
3121 4596 3304 4660 quibus
3333 4613 3412 4648 re-

326 4652 470 4764 θείς,
487 4653 581 4720 αἷς
609 4653 847 4706 ἐπεῖδεν
871 4652 1112 4720 ἀφελεῖν
1137 4653 1199 4705 τὸ
1229 4653 1449 4718 ὄνειδός
1463 4671 1578 4724 μου
1607 4654 1674 4706 ἐν
1698 4652 1798 4707 ἀν-

363 4739 589 4764 ηηπηιρξ

339 4739 591 4776 εσοωποις.

331 4741 361 4776 τί
437 4741 534 4776 ποι
576 4762 591 4776 .

265 4741 570 4896 215:”ng
592 4809 816 4896 ’ἕνθδέ¹
838 4809 925 4896 ζῷ’
952 4810 1094 4896 apri
1121 4809 1229 4896 fa":
1250 4809 1798 4896 éufqa‘drteo'atdlnj

335 4880 576 4947 ἅγγελος
609 4880 874 4947 Γαᾷριὴλ
897 4880 1010 4930 ὑπὸ
1047 4880 1148 4947 τοῦ
1183 4880 1329 4947 Θεοῦ
1366 4880 1450 4942 εὶς
1483 4881 1659 4930 πόλιν
1688 4880 1796 4945 τῆς

329 4941 666 5010 Γὼιλαῖας,
766 4941 952 5013 ὄνομα
976 4944 1251 5012 Ναζαρὲτ,

265 5028 416 5100 Στίχ.
442 5033 538 5095 κζ’.
569 5034 726 5098 Πρὸς
747 5030 1040 5100 παρθένον
1060 5031 1582 5098 μεμνηστευμένην
1603 5033 1792 5098 ἀνδρὶ,

327 5095 577 5168 ᾤ”ὄνομα
614 5095 854 5168 Ἰωσὴφ)
884 5099 950 5160 ἐξ
969 5095 1151 5168 *οἷκοὺ
1182 5095 1374 5161 Δαυϊδ,
1394 5095 1496 5152 καὶ
1529 5095 1592 5152 τὸ
1616 5095 1797 5168 ὄνομα

335 5169 436 5232 τῆς
454 5165 754 5235 παρθένου
777 5166 842 5218 ’Μ
850 5165 1039 5232 αριάμ.

333 5257 391 5307 Τί
408 5259 463 5309 δὲ
489 5258 727 5310 διένευεν
759 5256 978 5316 αὐτοῖς;
1016 5255 1354 5324 προακούσας
1380 5255 1632 5326 ἐράσμιον
1667 5258 1797 5326 πρᾶο

242 5354 373 5416 γμα
405 5347 579 5416 ἐαυτῷ
613 5345 828 5415 μέλλειν
855 5343 1198 5406 ἕτεσθαι,ούκ
1222 5345 1444 5397 ἔσπευσε
1474 5345 1576 5416 πρὸ
1607 5341 1791 5415 καιροῦ

333 5460 370 5491 ³¹
405 5459 531 5527 Sap.
563 5473 604 5519 ι,
631 5457 687 5512 2.
766 5456 811 5486 ³²
844 5453 975 5507 Luc.
1005 5470 1098 5520 vu,
1123 5455 1210 5511 98.

353 5553 434 5620 tt)
477 5554 648 5620 Ὠριγ.

353 5621 436 5683 45)
477 5621 721 5683 Ἀνεπιγ.

328 5679 435 5756 (46)
467 5687 591 5756 Haec
635 5679 841 5756 habent
863 5679 1064 5756 schedio
1103 5681 1427 5756 Combeiisti,
1457 5692 1507 5737 et
1532 5683 1786 5756 Macarius

225 5745 618 5825 Clt‘rys'oceph.
641 5751 696 5804 in
727 5748 884 5803 Orat.
923 5747 1014 5802 Ms.
1045 5750 1095 5802 in
1123 5758 1291 5804 ortum
1325 5751 1379 5804 S.
1404 5749 1640 5808 Joannis.
1666 5755 1788 5818 Qui.

1967 4658 2124 4724 spexit
2151 4659 2352 4724 auferre
2386 4659 2707 4724 approbrium
2734 4677 2896 4712 meum
2927 4662 2979 4712 in
3006 4658 3317 4717 hominibus.

1895 4809 2160 4886 V.“2(_i._In
2180 4823 2551 4886 pense-autem
2573 4823 2736 4886 sexta,
2767 4817 2952 4886 missus
2979 4826 3050 4869 est
3081 4819 3289 4886 angelus
3308 4817 3404 4886 Ga-

1961 4880 2139 4997 briella
2169 4879 2273 4933 Deo
2314 4883 2368 4932 in
2393 4881 2646 4935 civitatem
2681 4881 2912 4938 Galtlww
2935 4925 2951 4952 ,
2978 4886 3062 4937 cui
3086 4879 3264 4938 nomen
3294 4885 3410 4939 Na-

1961 4958 2093 4997 zaret
2113 4964 2150 4997 t.

1958 4958 2150 5008 zaretn,

1893 5035 1957 5092 γ.
1987 5036 2074 5088 27.
2105 5037 2183 5088 Ad
2204 5037 2447 5101 virginem
2474 5039 2830 5104 desponsatam
2853 5042 2978 5103 viro,
3001 5044 3083 5093 cui
3105 5059 3281 5094 nomen
3311 5041 3408 5094 Jo-

1963 5104 2118 5223 ἵνα..
2155 5107 2215 5156 de
2248 5106 2397 5157 domo
2439 5106 2602 5159 David
2633 5121 2650 5159 :
2683 5117 2731 5160 et
2770 5125 2947 5162 nomen
2985 5110 3137 5178 hujus
3180 5110 3406 5178 virginis,

2021 5188 2204 5223 artam.

2021 5188 2204 5224 artam.

1963 5260 2094 5325 Quid
2121 5276 2246 5315 vero
2277 5261 2532 5318 inuuebat
2580 5265 2729 5319 illis?
2771 5267 2900 5320 Cum
2927 5267 3033 5336 jam
3070 5265 3406 5320 inaudivisset

1895 5359 2093 5419 gratam
2124 5351 2223 5405 sibi
2270 5354 2771 5421 rem,_obventuram
2796 5396 2813 5422 ,
2841 5372 2943 5409 non
2975 5352 3240 5409 festinavit
3283 5359 3405 5403 ante

1891 5551 2011 5604 dam
2066 5552 2217 5607 codd.
2258 5555 2412 5608 etiam
2466 5555 2662 5609 Severo
2709 5555 2961 5609 tribuunt.
3015 5546 3285 5605 Pertinent
3329 5543 3400 5602 ad

1888 5634 1938 5672 ν.
1968 5620 2055 5675 22.
2095 5622 2220 5676 Vide
2244 5623 2374 5675 infra
2405 5639 2469 5676 ex
2499 5625 2614 5678 cod.
2638 5623 2760 5676 594.

2095 5688 2419 5760 Fortedeest
2449 5690 2714 5760 σημαίνει.
2788 5756 2798 5760 _
2823 5755 2835 5760 Α
2905 5753 2939 5760 _
3064 5749 3075 5760 ,

1953 5756 2062 5825 (48)
2096 5757 2164 5811 De
2193 5771 2408 5825 corpore
2428 5753 2726 5826 angelorum
2755 5755 2868 5810 vide
2905 5753 3188 5806 Petavium.
