3914 6466
548 467 650 520 319
1389 442 1938 502 SUPPLEMENTUM
1975 441 2063 496 AD
2099 441 2418 500 omcems
2452 439 2856 497 EXEGETICA.
3639 436 3731 492 δα)

547 581 746 643 temp’us
776 579 1115 638 prmcurrere,
1143 562 1233 616 sed
1262 561 1587 630 exspectavit
1615 560 1780 612 donec
1805 558 2044 611 ministe-

2170 561 2384 629 ῖραμεῐν,
2412 559 2522 612 ἀλλ’
2544 558 2721 628 ἔμεινε
2763 555 3072 626 πληρῶσαι
3102 550 3211 620 τὴν
3249 549 3628 619 λειτουργίαν·
3659 553 3730 606 δι-

543 640 673 716 rium
700 658 993 712 absolveret
1031 673 1044 706 :
1073 654 1269 705 docens
1289 689 1304 713 ,
1334 651 1470 716 quod
1501 657 1742 716 oporteat
1769 648 1944 701 omnia
1974 660 2056 698 se-

2170 650 2381 711 ἱάσκων,
2424 651 2504 702 ὅτι
2541 650 2618 701 δεῖ
2657 648 2831 700 πάντα
2874 640 3128 714 δεύτερα
3184 641 3468 694 ποιεῖσθαι
3517 644 3613 712 τῆς
3662 648 3732 709 εἰς

541 752 706 806 cundo
735 750 846 800 loco
874 744 1090 808 habere,
1129 756 1237 808 prae
1267 741 1355 794 Dei
1385 741 1608 794 honore.
1639 737 2055 790 Prudentissimo

2170 738 2275 789 ὒεὺν
2301 739 2488 808 τιμῆς.
2524 737 3006 806 Οἰκονομικόγτατα
3033 734 3097 788 δὲ
3133 731 3517 801 περιέκρυϐεν
3551 733 3733 804 ἑαυτήν

538 850 706 894 autem
733 835 954 889 consilio
980 833 1266 887 occultavit
1293 844 1409 884 sese
1438 829 1724 890 Elisabeth,
1747 841 1913 895 usque
1933 829 2053 879 dum

2170 831 2183 898 ξ
2223 828 2514 893 Ἐλισάϐετ,
2548 830 2650 890 ἕως
2678 825 2738 881 οὗ
2763 825 3022 895 ἐγνώσθη
3073 826 3108 894 ή
3158 821 3388 892 γαστὴρ
3429 822 3617 890 αὐτῆς,
3651 824 3734 875 καὶ

537 927 822 995 graviditas
849 923 963 990 ejus
1004 924 1177 991 patuit
1201 961 1216 986 ,
1252 936 1350 975 nec
1387 920 1478 974 ulli
1511 921 1726 973 suberat
1769 933 1854 971 res
1896 919 2054 985 tergi-

2170 921 2505 990 ιναμφίϐολον
2533 917 2600 990 ἦν
2636 920 2697 972 τὸ
2737 921 2976 998 πρᾶγμα
2997 936 3014 949 ο
3061 918 3156 969 ἵνα
3183 915 3331 982 (ΜΗ
3365 914 3426 978 ἐξ
3461 913 3626 982 ἀκοῆς
3669 916 3734 983 μὴ

534 1011 820 1066 versationi
855 1019 959 1064 :-ut
991 1025 1056 1064 ex
1088 1011 1273 1062 auditu
1317 1009 1561 1062 nolentes
1613 1006 1918 1074 persuaderi
1963 1007 2052 1073 qui

2170 1010 2455 1080 iouMpsvo:
2482 1010 2764 1080 πεισθῆναι
2799 1012 2846 1062 oi
2896 1008 3215 1068 ἀκούοντες
3238 1003 3444 1065 ταῦτα,
3503 1005 3580 1074 τῷ
3603 1005 3734 1077 αὐτῷ

533 1103 644 1156 haec
675 1102 960 1155 audiebant
989 1139 1004 1162 ,
1037 1102 1208 1153 eidem
1237 1100 1404 1167 culpa:
1428 1123 1442 1162 ~,
1469 1113 1568 1165 qua
1598 1096 1899 1160 Zacharias,
1933 1095 2056 1149 sub-

2170 1102 2446 1172 ;γκλήματι
2469 1103 2898 1165 ὑποπτεύσωσιν,
2944 1095 2993 1168 ᾧ
3029 1099 3134 1152 καὶ
3162 1097 3474 1166 Ζαχαρίας·

525 1191 694 1258 jectos
719 1205 836 1244 sese
871 1191 1286 1258 suspicarentur.

600 1276 1077 1347 (49)Hyperbaton,
1099 1291 1189 1330 seu
1210 1275 1467 1329 sermonis
1495 1274 1769 1326 translatio
1795 1273 1863 1325 ita
1884 1286 1941 1326 se
1963 1272 2058 1324 ha-

532 1370 623 1420 bet
657 1384 672 1420 :
705 1366 896 1419 Missus
922 1376 994 1418 est
1028 1366 1238 1433 angelus
1260 1366 1325 1416 ad
1353 1365 1592 1432 virginem
1614 1367 1677 1415 de
1703 1364 1850 1415 domo
1870 1363 2054 1428 David,

533 1467 580 1509 et
607 1472 788 1510 nomen
809 1457 1019 1522 virginis
1039 1453 1285 1514 Mariam,
1309 1456 1663 1521 desponsatam
1693 1454 1819 1517 viro,
1851 1454 1932 1503 cui
1964 1468 2056 1503 no-

532 1562 646 1598 men
667 1545 880 1612 Ioseph.
911 1544 1022 1598 Non
1054 1553 1136 1597 est
1165 1553 1340 1596 autem
1367 1543 1558 1596 missus
1587 1543 1650 1594 ad
1674 1540 1864 1609 Joseph
1902 1553 2061 1609 ange-

2170 1547 2337 1614 Ξνομα
2390 1546 2617 1613 Ἰωσήφ.
2661 1547 2780 1596 Οὐκ
2827 1544 3132 1613 ἀπεστάλη
3189 1543 3250 1594 δὲ
3301 1541 3444 1612 πρὸς
3487 1543 3670 1614 Ἰωσὴφ
3705 1545 3730 1596 6

535 1639 635 1700 lus,
665 1637 857 1704 quippe
885 1636 1012 1688 nihil
1047 1643 1163 1688 erat
1192 1649 1468 1688 commune
1515 1631 1744 1699 Josepho
1773 1646 1892 1684 cum
1924 1631 2062 1682 nati-

2170 1636 2376 1703 ἱγγελος
2394 1653 2407 1666 ·
2443 1635 2624 1704 ἐπειδὴ
2651 1635 2800 1687 οὐδὲν
2824 1630 2894 1704 ἦν
2929 1633 3120 1685 κοινὸν
3148 1631 3231 1702 τῷ
3266 1631 3468 1701 Ἰωσὴφ
3495 1632 3623 1702 πρὸς
3645 1632 3728 1702 τὴν

532 1728 699 1779 vitate
732 1725 937 1779 Domini
966 1743 980 1777 :
1005 1725 1126 1792 quia
1173 1724 1376 1777 scilicet
1409 1737 1529 1775 cum
1577 1722 1825 1789 coepisset
1875 1734 2060 1788 pecca-

2170 1725 2246 1778 τοῦ
2273 1727 2475 1797 Κυρίου
2503 1726 2774 1795 γέννησιν.
2819 1725 2914 1786 Ὠς
2948 1723 3018 1793 δὴ
3049 1722 3384 1793 ἀρξαμένης
3427 1723 3526 1791 τῆς
3567 1723 3725 1793 duap-

536 1825 646 1870 tum
676 1830 704 1867 a
733 1815 952 1868 muliere
974 1854 988 1877 ,
1021 1815 1098 1868 sic
1128 1823 1180 1868 et
1206 1815 1337 1867 bona
1367 1814 1644 1882 oportebat
1670 1820 1727 1863 ut
1770 1824 1800 1862 a
1841 1808 2061 1862 muliere

2170 1817 2274 1878 ria;
2301 1815 2405 1868 ἀπὸ
2427 1815 2698 1883 γυναικὸς,
2725 1814 2865 1867 οὕτω
2894 1814 2997 1866 καὶ
3024 1814 3100 1866 τὰ
3133 1812 3324 1880 ἀγαθά
3366 1814 3476 1866 ἀπὸ
3496 1814 3726 1881 γυναικὸς

534 1907 922 1960 exordireulur.

2170 1907 2264 1958 ἔδει
2296 1878 2557 1975 ἄρξασθαι
2588 1906 2720 1976 (so).

533 1994 598 2048 Υ.
625 1996 711 2050 54.
753 1995 893 2047 Dixit
934 2003 1102 2045 autem
1150 1993 1323 2064 Maria
1375 1992 1443 2043 ad
1481 1990 1716 2059 angelum
1751 2005 1769 2041 :
1809 1986 2061 2055 quomodo

2170 1997 2300 2064 Στίχ.
2329 1997 2422 2047 λδ’.
2447 1993 2593 2049 Εἴπε
2610 1997 2678 2048 δὲ
2701 1995 2941 2064 Μαριὰμ
2976 1995 3136 2064 πρὸς
3169 1995 3283 2049 τὸν
3309 1994 3583 2064 ἄγγελον·
3609 1994 3725 2061 Πῶς

735 2066 828 2133 erit
852 2065 986 2116 hoc?
1014 2062 1573 2133 quoniamvirum’non
1602 2073 1866 2126 cognosco.

2253 2062 2426 2118 ἔσται
2455 2065 2663 2126 τοῦτο;
2694 2065 2821 2117 ἐπεὶ
2855 2062 2974 2116 τὸν
3005 2062 3211 2131 ἄνδρα
3238 2067 3314 2117 οὐ
3349 2062 3634 2133 γινώσκω.

536 2133 596 2188 ν.
629 2133 716 2185 55.
753 2131 817 2183 Et
844 2131 1098 2198 respondit
1131 2130 1361 2196 angelus,
1379 2137 1481 2181 etc.

2170 2133 2302 2201 Στίχ.
2328 2133 2418 2184 λε’.
2461 2134 2567 2186 Καὶ
2611 2134 2959 2200 ἀποκριθεὶς
2990 2137 3024 2187 ό
3055 2130 3469 2201 ἄγγελοςζκαὶ
3501 2135 3566 2186 τὰ
3595 2131 3722 2201 ἑξῆς.

601 2219 758 2284 Illud,
783 2221 1020 2273 invenisti
1053 2219 1296 2286 gratiam,
1337 2229 1615 2268 commune
1644 2225 1777 2268 erat.
1811 2213 2065 2268 invenere

2225 2223 2316 2285 Τὸ,
2343 2219 2514 2289 εὗρες
2539 2223 2732 2290 χάριν,
2766 2224 2950 2277 κοινὸν
2976 2219 3070 2293 ἦν.
3108 2219 3289 2293 Εὗρον
3317 2224 3428 2292 γὰρ
3451 2223 3555 2292 πρὸ
3575 2223 3725 2289 αὐτῆς

534 2324 764 2377 namque
809 2317 929 2362 ante
969 2308 1108 2360 illam
1140 2314 1192 2359 et
1224 2306 1340 2357 alia:
1379 2305 1624 2371 gratiam.
1651 2303 1799 2368 Quod
1829 2318 1954 2356 vero
1985 2303 2064 2355 di-

2170 2314 2250 2365 καὶ
2299 2313 2450 2365 ἄλλαι
2493 2315 2674 2382 χάριν.
2721 2313 2794 2366 Τὸ
2835 2313 2882 2366 δ’
2923 2315 3132 2379 εἰπεῖν,
3191 2311 3517 2379 συλλήψῃ,
3563 2310 3720 2362 οὐκέτι

2221 1279 2292 1331 Τὸ
2325 1277 2623 1348 ὑπερϐατὸν
2646 1276 2816 1338 οὕτως
2842 1275 2964 1346 ἔχει
2989 1292 3004 1304 ο
3055 1271 3416 1338 Ἀπεστάλη
3446 1275 3478 1325 ό
3503 1272 3733 1340 ἅγγελος

2153 1370 2299 1436 πρὸς
2318 1369 2610 1436 παρθένιον
2634 1367 2702 1430 ἐξ
2729 1367 2905 1420 οἴκου
2929 1365 3146 1429 Δαυῖδ,
3188 1365 3291 1416 καὶ
3327 1364 3398 1416 τὸ
3432 1363 3612 1431 ὄνομα
3644 1364 3734 1431 τῆς

2155 1456 2442 1523 παρθένου
2500 1456 2728 1523 Μαριὰμ
2750 1497 2765 1518 ,
2815 1453 3392 1523 μεμνηστευμένην
3446 1453 3612 1519 ἀνδρὶ
3638 1493 3652 1515 ,
3691 1447 3734 1518 ᾧ

536 2401 633 2462 xit,
665 2399 936 2465 concipias,
961 2412 1064 2450 non
1091 2395 1317 2462 amplius
1361 2409 1642 2447 commune
1670 2403 1784 2446 erat
1807 2432 1822 2456 ,
1855 2395 1948 2446 sed
1977 2408 2063 2446 res

535 2488 787 2542 inusitata
813 2526 828 2550 ,
869 2488 1078 2556 propria
1114 2501 1174 2538 ac
1223 2484 1502 2550 singularis
1551 2486 1602 2536 in
1656 2484 2062 2552 promissionem

534 2571 773 2648 virginis.
793 2577 1037 2630 Invenisti
1053 2576 1181 2648 enim
1199 2576 1416 2642 gratiam
1439 2575 1576 2639 apud
1605 2574 1786 2627 Deum.
1817 2573 2063 2642 Propter-

534 2683 620 2731 ea,
654 2683 715 2720 ne
755 2668 952 2719 timeas.
1000 2664 1369 2732 Cujuscunque
1410 2664 1550 2716 enim
1606 2663 1808 2717 timoris
1866 2663 2064 2715 ablatio

535 2765 637 2822 est,
674 2754 964 2810 Salvatoris
1000 2753 1278 2806 adventus.

711 2843 772 2898 Υ.
800 2844 886 2897 56.
910 2844 971 2896 Et
999 2858 1110 2896 ecce
1128 2841 1393 2897 Elisabeth
1426 2849 1638 2912 cognata
1656 2852 1767 2904 tua,
1791 2848 1893 2894 etc.

604 2999 815 3052 Audivit
842 2999 1168 3061 Praecursor,
1198 3007 1371 3052 motus
1403 2996 1714 3066 operatione
1747 2994 1915 3049 sancti
1945 2994 2062 3061 Spi-

537 3091 693 3150 ritus,
728 3089 903 3142 Mariae
935 3088 1332 3150 salutationem,
1363 3102 1519 3150 quant
1553 3085 1903 3152 interpellavit
1930 3083 2062 3137 Ver-

2160 2401 2331 2453 κοινὸν
2354 2397 2442 2471 ἦν,
2473 2401 2584 2453 ἀλλ’
2617 2401 2813 2464 ἰδιάζον
2835 2402 2923 2463 εἰς
2948 2401 3300 2467 ἐπαγγελίαν
3322 2399 3572 2470 παρθένῳ
3593 2397 3719 2462 ξένον

2159 2493 2403 2561 πρᾶγμα.
2442 2488 2628 2558 Εὖρες
2657 2491 2764 2560 γὰρ
2797 2490 2983 2560 χάριν
3016 2489 3184 2558 παρὰ
3221 2488 3304 2553 τῷ
3335 2489 3474 2554 Θεῷ.
3505 2488 3608 2550 Διὸ,
3646 2486 3718 2556 μὴ

2160 2580 2359 2646 φοϐοῦ.
2396 2579 2601 2640 Παντὸς
2623 2578 2728 2649 γὰρ
2757 2579 2930 2646 φόϐου
2965 2578 3268 2647 ἀφαίρεσις
3306 2579 3342 2646 ή
3375 2576 3468 2629 τοῦ
3495 2575 3715 2644 Σωτῆρος

2160 2667 2431 2736 ἐπιδημία.
2517 2731 2520 2734 ,

2161 2841 2304 2910 Στίχ.
2328 2841 2435 2904 λς’.
2464 2840 2571 2893 Καὶ
2600 2838 2726 2893 ὶδοὺ
2765 2839 3174 2974 ή.“Ετ1ιΞ‹ξϐετ
3199 2839 3240 2906 ἡ
3264 2836 3566 2907 συγγενής
3595 2849 3713 2897 σου,

2745 2926 2840 2960 και
2869 2925 2940 2960 τα
3040 2925 3133 2974 ης.

2745 2926 2840 2960 και
2869 2925 2940 2960 τα
2975 2925 3133 2962 εζτις.

2745 2926 2840 2960 και
2869 2925 2940 2960 τα
2975 2925 3133 2978 εςης.

2233 2997 2340 3068 (51)
2371 2998 3040 3068 Ἤκουσενδῐῐρόδρομος,
3077 2999 3146 3067 τῇ
3179 2997 3432 3068 ἐνεργείᾳ
3457 2995 3547 3047 τοῦ
3579 2993 3712 3060 ἁγίου

2162 3087 2468 3157 ΙΙνεύματος
2513 3087 2848 3157 κινούμενος,
2903 3088 2999 3139 τὸν
3050 3087 3350 3157 ἀσπασμὸν
3396 3086 3619 3154 Μαρίας,
3662 3082 3709 3135 ἄν

534 3178 656 3231 bum
690 3179 778 3232 Dei
813 3179 1078 3240 Christus,
1126 3186 1178 3231 et
1205 3177 1502 3230 exsultabat
1534 3175 1586 3226 in
1614 3175 1802 3242 gaudio
1828 3174 1879 3225 in
1913 3183 2062 3229 utero

2170 3175 2422 3227 ὑπέλαϐεν
2462 3177 2490 3225 6
2520 3176 2689 3242 Λόγος
2720 3175 2814 3228 τοῦ
2850 3176 2991 3228 Θεοῦ
3027 3179 3057 3229 6
3096 3176 3356 3247 Χριστὸς,
3397 3177 3489 3228 καὶ
3515 3173 3711 3242 ἐσκίρτα

536 3269 758 3332 matris,
809 3271 874 3322 ad
935 3269 1318 3322 ostendendam
1373 3265 1598 3334 gratiam
1645 3263 2067 3333 innuendamqtse

534 3359 890 3426 prophetiam.
921 3356 1082 3419 Quasi
1130 3357 1270 3407 enim
1301 3369 1364 3407 ex
1398 3369 1460 3406 eo
1506 3353 1758 3420 temporis
1801 3362 2066 3406 momento

539 3448 697 3511 erepit
720 3460 839 3498 eum
873 3445 1184 3511 propholatlt
1222 3442 1397 3495 facere
1421 3441 1576 3493 Jesus
1600 3480 1615 3502 ,
1648 3440 1965 3494 intrinsecus
1993 3439 2065 3493 illi

539 3534 796 3586 exhibens
828 3530 1062 3598 mysterii
1092 3529 1525 3583 declarationem.
1552 3528 1809 3593 Quoniam
1839 3542 1964 3580 vere
1985 3529 2070 3580 da-

542 3633 651 3674 tum
681 3636 785 3672 non
813 3629 894 3673 est
923 3619 1211 3673 infantibus
1244 3621 1294 3672 in
1329 3628 1477 3672 utero
1513 3616 1886 3672 exsistentibus
1907 3619 2068 3686 loqui,

542 3719 756 3774 propter
787 3709 1249 3773 immaturitatem;
1279 3709 1544 3761 festinanti
1601 3707 1847 3774 Baptistae
1869 3722 2073 3760 annun-

543 3801 676 3874 tiare
694 3798 1093 3868 Redemptorem
1109 3799 1455 3852 commodavit
1473 3806 1640 3850 mater
1659 3797 1897 3865 corporis
1916 3812 2070 3865 orga—

545 3902 690 3940 num.
723 3885 834 3940 Non
881 3887 1022 3941 enim
1069 3887 1268 3956 Spiritu
1303 3898 1484 3941 sancto
1532 3898 1682 3940 antea
1715 3887 1944 3954 repletus
1967 3896 2066 3950 est,

545 3992 700 4046 quam
717 3978 921 4052 adesset
937 3993 1051 4045 quae
1066 3987 1216 4031 utero
1233 3979 1466 4046 gestabat
1481 3977 1928 4032 Christum.Prius
1946 3993 2070 4030 vero

548 4065 719 4119 iulans
736 4065 959 4134 repletus
975 4077 1054 4120 est
1070 4067 1342 4134 Spiritu,et
1359 4067 1671 4131 cusultabat;
1691 4082 1753 4121 ac
1766 4081 1921 4134 porro
1937 4068 2074 4120 deiu-

546 4170 670 4220 ceps
708 4158 862 4210 matri
897 4158 1319 4223 communicavit,
1351 4157 1783 4226 exclamabatque
1827 4159 2073 4212 vaticinia

547 4245 1061 4315 £lisabeth,pr0pter
1083 4248 1352 4312 infantem,
1386 4264 1540 4316 quem
1573 4249 1623 4301 in
1658 4257 1806 4302 utero
1841 4249 2071 4317 gerebat.

619 4332 886 4401 Ejusdem.
931 4333 1160 4403 Populus
1213 4336 1421 4404 quidem
1454 4353 1554 4390 non
1600 4335 2074 4405 agnovitSalvato-

2165 3268 2220 3318 ἐν
2244 3265 2554 3333 ἀγαλλιάσει
2583 3267 2637 3317 ἐν
2666 3269 2731 3335 τῇ
2761 3267 2948 3336 κοιλίᾳ
2979 3267 3083 3337 τῆς
3135 3267 3364 3337 μητρὸς,
3399 3268 3477 3328 εἰς
3501 3264 3708 3333 ἔμφασιν

2163 3352 2332 3420 χαρᾶς
2376 3351 2468 3402 καὶ
2511 3352 2849 3421 προφητείας
2891 3353 3151 3422 δήλωσιν.
3207 3353 3384 3406 Οίονεὶ
3415 3351 3520 3422 γὰρ
3550 3351 3709 3402 ἔκτοτε

2165 3435 2540 3505 αὑτὸνήρξατο
2575 3439 2867 3509 προφήτην
2887 3443 3067 3492 ποιεῖν
3096 3443 3124 3493 6
3164 3440 3392 3510 Ἰησοῦς,
3428 3439 3567 3491 ἔνδον
3582 3434 3708 3503 αὐτῷ

2166 3525 2454 3596 παρασχὼν
2493 3526 2584 3578 τοῦ
2643 3529 2951 3600 μυστηρίου
2994 3530 3097 3600 τὴν
3133 3531 3386 3601 δήλωσιν.
3429 3527 3630 3595 Ἐπειδὴ
3660 3524 3706 3576 δὲ

2166 3615 2264 3666 οὐκ
2288 3613 2450 3666 ἔδωκε
2475 3615 2649 3667 λαλεῖν
2670 3620 2780 3678 τοῖς
2814 3618 3087 3688 ἐμϐρύοις
3119 3619 3209 3672 διὰ
3230 3620 3290 3671 τὸ
3321 3621 3514 3688 ἄωρον,
3561 3611 3703 3666 σπεύ-

2166 3703 2301 3756 δοντι
2319 3705 2392 3773 τῷ
2420 3706 2684 3776 Βαπτιστῇ
2717 3708 2960 3778 κηρύξαι
2983 3710 3075 3761 τὸν
3102 3710 3416 3780 Λοτρωτήν,
3445 3709 3651 3777 ἔχρησεν
3676 3703 3706 3772 ἡ

2172 3796 2348 3862 μήτηρ
2387 3793 2477 3845 τοῦ
2524 3794 2771 3864 σώματος
2832 3800 3099 3871 δργανονο
3149 3801 3210 3852 οὑ
3264 3800 3372 3870 γὰρ
3429 3796 3705 3865 Πνεύματος

2170 3881 2317 3948 ἁγίου
2346 3883 2602 3953 πρότερον
2629 3885 2967 3958 ἐνεπλήσθη,
3003 3889 3136 3958 πρὶν
3161 3892 3441 3958 ἐπιστῆναι
3471 3887 3564 3955 τὴν
3599 3897 3704 3934 κυο-

2171 3970 2474 4038 φορήσασαν
2502 3972 2752 4041 Χριστόν.
2788 3975 3021 4045 Πρῶτον
3041 3977 3111 4030 ,δὲ
3135 3979 3197 4028 τὸ
3218 3978 3415 4047 βρέφος
3436 3969 3701 4042 ἐπληροῦτο

2170 4057 2496 4126 Πνεύματος,
2537 4061 2628 4112 καὶ
2676 4062 2938 4134 ἐσκίρτα·
2981 4066 3077 4117 καὶ
3113 4063 3211 4118 εἷθ’
3239 4065 3410 4127 οὕτως
3440 4066 3503 4133 τῇ
3557 4058 3698 4130 μητρὶ

2175 4149 2456 4219 μετεδίδου,
2490 4149 2581 4201 καί¹
2614 4150 2813 4203 ἀνεϐόα
2843 4156 3162 4223 προφητικὰ
3185 4158 3218 4225 ὴ
3252 4153 3522 4207 Ἐλισάϐετ
3553 4150 3630 4202 διὰ
3649 4147 3700 4198 τὸ

2172 4239 2589 4309 κυοφορούμενον
2620 4242 2675 4291 ἐν
2697 4242 2840 4313 αὐτῇ
2867 4245 3087 4314 βρέφος.

2245 4329 2350 4382 Τοῦ
2375 4328 2577 4384 αὐτοῦ.
2610 4330 2668 4380 ’0
2691 4330 2792 4398 μὲν
2820 4333 2949 4395 λαὸς
2978 4335 3080 4386 οὐκ
3109 4330 3216 4388 οἵδε
3249 4335 3337 4386 τὸν
3365 4331 3581 4401 Σωτῆρα
3599 4344 3698 4380 ποι-

549 4435 658 4475 rem
709 4421 986 4476 l‘acientem
1027 4428 1174 4492 signa
1211 4435 1369 4494 atque
1419 4427 1699 4496 prodigia:
1735 4437 1791 4479 at
1839 4426 2066 4480 Joannes

2172 4417 2329 4470 οὖντα
2370 4420 2565 4487 σημεῖα
2596 4419 2687 4468 καὶ
2720 4420 2928 4490 τέρατα
2947 4440 2962 4453 ·
2993 4425 3021 4474 6
3052 4423 3108 4475 δὲ
3154 4423 3400 4490 Ἰωάννης
3429 4421 3503 4472 ἐτι
3540 4420 3592 4469 ἐν
3637 4416 3691 4482 τῇ

549 4512 722 4564 adhuc
751 4511 801 4563 in
860 4522 1011 4564 utero
1060 4517 1261 4582 positus
1295 4487 1807 4584 exsultatiquando
1857 4518 2066 4571 advenit

2170 4508 2339 4578 κοιλίᾳ
2352 4506 2424 4558 ὣν
2448 4509 2658 4576 σκιρτᾷ,
2679 4487 2844 4576 ἡνίκα
2873 4507 3039 4580 ἦλθεν
3073 4515 3107 4582 ἡ
3135 4515 3317 4582 μήτηρ
3349 4487 3532 4580 Ἰησοῦ.
3564 4504 3692 4560 Ἰδοὺ

550 4609 721 4653 mater
745 4600 887 4653 Jesu.
919 4601 1048 4656 Ecce
1074 4605 1229 4668 enim,
1257 4605 1445 4673 inquit,
1478 4616 1528 4658 ut
1571 4605 1668 4674 fuit
1712 4606 1953 4659 salutatio
1978 4617 2067 4659 tua

550 4692 605 4743 in
638 4690 853 4742 auribus
885 4693 1031 4757 meis,
1057 4693 1328 4748 exsultavit
1360 4695 1531 4762 infans
1557 4697 1609 4747 in
1637 4696 1823 4762 gaudio
1844 4695 1898 4747 in
1925 4704 2068 4749 utero

550 4793 662 4831 meo
687 4777 751 4828 ³³.

620 4864 923 4934 Oportebat,
963 4877 1021 4921 ut
1041 4868 1193 4922 beata
1224 4870 1337 4924 haec
1367 4872 1582 4925 Mariam
1608 4911 1624 4934 .
1662 4881 1778 4941 post
1808 4871 2071 4928 Gabrielis

554 4957 860 5020 adventum,
915 4957 1244 5011 ascendendo
1288 4963 1594 5015 ascenderet
1643 4962 1694 5014 in
1747 4971 2068 5017 montanam.

553 5047 686 5100 Cum
720 5043 1061 5098 festinatione
1112 5055 1289 5100 autem
1331 5050 1789 5116 proﬁciscebatur,
1822 5050 1976 5103 ducta
2007 5053 2073 5105 ab

555 5151 642 5196 eo,
680 5135 767 5202 qui
804 5135 855 5186 in
901 5135 1013 5201 ipsa
1061 5143 1177 5188 erat
1219 5135 1437 5203 Spiritu,
1467 5139 1554 5206 qui
1584 5149 1960 5206 supervenerat
2002 5140 2074 5204 ei,

557 5236 714 5295 atque
736 5242 764 5280 a
801 5227 993 5279 virtute
1019 5225 1277 5279 Altissimi
1303 5228 1646 5282 obumbrante
1683 5230 1752 5285 ei.

627 5315 1074 5383 Quemadmodum
1115 5324 1343 5382 coeperat
1365 5327 1634 5386 peccatum
1668 5334 1698 5371 a
1729 5317 1946 5373 muliere
1972 5358 1986 5383 ,
2020 5329 2074 5375 et

633 5426 679 5458 ³³
706 5425 837 5480 Luc.
868 5441 907 5491 ι,
924 5425 1012 5479 44.

621 5515 730 5586 (49)
749 5585 752 5586 ν
771 5516 935 5586 κξιιεο
963 5515 1213 5584 syntaxis,
1242 5523 1571 5586 constructio,
1596 5520 1874 5574 ordinatio.

631 5585 763 5665 (49:)
790 5583 946 5665 Forte
972 5583 1260 5665 addendum
1281 5588 1378 5665 μή,
1408 5601 1459 5643 et
1485 5583 1638 5665 paulo
1664 5599 1780 5658 post
1801 5589 2074 5657 legendum

565 5652 898 5706 ὕποπέσωσιν
925 5654 1038 5707 loco
1064 5652 1666 5714 ὑποπτεύσωσιν.Ἐῐ›ιτ.

641 5720 749 5790 (50)
783 5722 909 5779 Vide
935 5722 1068 5778 iul'ra
1100 5723 1163 5776 ad
1186 5736 1319 5778 vers.
1356 5727 1420 5783 56
1449 5731 1500 5785 in
1530 5729 1650 5782 llue.

2165 4597 2291 4666 γὰρ,
2324 4597 2502 4666 φησὶν,
2538 4597 2616 4661 ὡς
2656 4596 2896 4664 ἐγένετο
2931 4603 2964 4654 ό
3002 4603 3324 4669 ἀσπασμός
3360 4618 3472 4653 σου
3513 4599 3591 4661 είς
3630 4593 3690 4644 τὰ

2164 4683 2281 4741 ὦτά
2297 4703 2432 4754 μου,
2465 4687 2787 4754 ἐσκίρτησε
2818 4689 2883 4742 τὸ
2915 4691 3146 4760 βρέφος
3181 4693 3250 4745 ἐν
3282 4685 3611 4759 ἀγαλλιάσει
3633 4681 3691 4734 ἐν

2167 4778 2240 4846 τῇ
2261 4779 2450 4844 κοιλίᾳ
2470 4795 2606 4846 μου.

2239 4869 2346 4939 (5‘2)
2368 4869 2512 4921 Ἔδει
2545 4867 2639 4938 τὴν
2657 4870 2937 4941 μακαρίαν
2965 4870 3168 4940 ταύτην
3189 4868 3434 4942 Μαριὰμ,
3461 4863 3585 4936 μετὰ
3607 4859 3688 4927 τὴν

2172 4960 2263 5012 τοῦ
2301 4959 2531 5030 Γαϐριὴλ
2566 4959 2882 5028 ἐπιδημίαν,
2913 4963 3302 5016 ἀναϐαίνουσαν
3327 4957 3571 5026 ἀναϐῆναι
3607 4951 3683 5002 ἐπὶ
3766 4962 3769 4963 ⁷

2173 5049 2268 5119 τὴν
2306 5050 2532 5120 ὀρεινήν.
2575 5048 2726 5100 Μετὰ
2775 5051 3010 5121 σπουδῆς
3055 5051 3111 5103 δὲ
3147 5049 3430 5119 ἐπορεύετο
3469 5039 3679 5111 ἀγομένη

2177 5139 2280 5190 ὑπὸ
2307 5138 2398 5190 τοῦ
2427 5140 2482 5190 ἐν
2513 5138 2645 5206 αὐτῇ
2675 5139 3006 5208 Πνεύματος,
3036 5139 3064 5192 ὅ
3089 5137 3401 5208 ὲπεληλύθει
3425 5134 3567 5200 αὐτῇ,
3601 5127 3678 5178 καὶ

2177 5229 2274 5298 τῆς
2318 5227 2593 5298 δυνάμεως
2621 5226 2714 5279 τοῦ
2747 5228 3026 5296 Ὑψίστου,
3061 5229 3160 5297 τῆς
3204 5226 3515 5290 ἐπισκιάσης
3539 5216 3674 5282 αὐτῇ·

2248 5317 2355 5388 (55)
2389 5318 2591 5387 ’Ὠσπερ
2617 5314 2869 5387 ήρξατοή
2898 5316 3136 5387 ἁμαρτία
3165 5315 3272 5369 ἀπὸ
3307 5309 3564 5381 γυναικὸς,
3595 5300 3675 5355 καὶ

2253 5520 2367 5590 (5η
2403 5519 2634 5590 Ἀνεπιγ-
2667 5518 2864 5574 Confer
2893 5527 3124 5573 veterem
3153 5514 3215 5569 D.
3268 5513 3477 5567 Hieron.
3523 5506 3668 5560 inter—

2179 5589 2480 5662 pre_t_.__0ri_g.
2521 5589 2660 5641 hom.
2693 5603 2785 5642 vn.
3151 5613 3156 5617 -

2243 5657 2354 5723 (δί)
2393 5656 2556 5724 Ὠριγο
2675 5723 2685 5724 ,
3050 5722 3064 5724 _
3154 5721 3167 5724 _
3338 5677 3340 5682 ·

2249 5708 2357 5794 ξῧὸ)
2407 5708 2642 5792 ⁹Ᾰνε’πιγ.
2670 5723 2802 5781 Vide
2823 5736 2981 5792 supra
3005 5722 3072 5778 ad
3092 5721 3284 5803 calcem
3313 5708 3553 5772 vecs.‘17-
