3914 6464
73 471 160 544 ,ἢν
209 535 230 544 Δ
317 534 345 544 _
490 543 496 544 γ
1447 452 1730 509 εειιουλ
1769 449 1836 506 IN
1873 451 2126 507 LUCAM.

3283 459 3388 514 3&2

115 534 419 644 Α
472 543 755 644 ἒξρθασεν
811 560 926 616 ἐπὶ
983 567 1083 622 τὸν
1126 569 1292 642 ἄνδρα
1317 586 1330 599 ο
1363 569 1502 624 οὕτω
1548 571 1640 624 καὶ
1683 570 1748 622 τά

1853 579 2032 638 postea
2073 566 2334 623 derivavit
2360 565 2414 620 in
2459 567 2630 621 virum
2663 586 2677 622 :
2711 567 2790 622 sic
2827 577 2882 621 et
2915 567 3053 621 bona
3089 583 3117 622 a
3145 567 3386 625 mulieri-

452 636 582 747 ‘td‘n
615 654 944 747 γυναικῶν
976 657 1203 728 ἤρξατο,
1225 623 1302 712 ⁸ἵν’
1331 661 1745 730 άπεντραπῶσιν
1763 657 1782 669 ³

120 723 460 816 ξξμίυναῖκεςγ
479 727 593 799 τὴν
632 733 961 797 ἀσθένειαν
983 723 1130 808 ,Πκαὶ
1167 747 1234 800 τὰ
1259 723 1533 815 γυναικεῖα
1559 746 1751 799 ἀποθέ-

133 813 295 914 ἐνόει
325 813 646 914 ζηλώσῳσι
676 829 825 892 τοὺς
871 833 1032 902 βίους
1058 837 1165 889 τῶν
1210 813 1488 906 μακαρίων
1523 835 1746 890 τούτων.

150 930 276 990 inti-
294 915 406 980 Μ’·
451 912 576 967 Καὶ
616 918 830 1006 πᾹόᾲεν
846 941 958 989 μοι
998 927 1173 1006 ῖοῑζτο
1190 925 1401 1006 δῆλον,
1419 926 1518 978 ἵνα
1541 925 1686 994 ἔλθῃ
1710 927 1748 995 ή

647 994 894 1058 μήτηρ.
924 996 1022 1046 καὶ
1055 996 1122 1048 τὰ
1155 994 1296 1064 ἑξῆς.

233 1071 325 1133 Τοῦ
345 1071 564 1128 αὑτοῦ.
594 1075 898 1147 Σύμφωνα
926 1082 1008 1152 τῷ
1035 1083 1136 1153 υἱῷ
1162 1083 1448 1151 φθέγγεται
1471 1083 1505 1152 ὴ
1541 1082 1751 1134 Ἐλισά-

190 1171 290 1231 δετ,
323 1164 555 1229 ἀναξίαν
603 1167 822 1241 ἑαυτὴν
871 1173 973 1242 τῆς
1029 1172 1325 1242 παρουσίας
1361 1170 1459 1239 τῆς
1493 1170 1750 1222 Θεοτόκου

185 1258 413 1326 λέγουσα,
439 1255 636 1326 ὥσπερ
666 1259 771 1310 καὶ
813 1259 1075 1331 Ἰωάννης
1098 1261 1194 1330 τῆς
1227 1259 1361 1329 πρὸς
1396 1258 1488 1312 τὸν
1521 1258 1751 1328 Χριστὸν

185 1347 590 1419 παραστάσεως.
625 1347 695 1399 Τί
724 1349 841 1422 γάρ
877 1365 993 1419 μοι,
1029 1349 1180 1419 φησὶ,
1210 1348 1518 1418 τηλικοῦτον
1544 1348 1752 1418 πέπρα-

175 1454 296 1489 κται
336 1435 558 1504 ἀγαθὸν,
588 1437 682 1488 ἵνα
711 1437 747 1506 ἡ
782 1439 967 1508 μήτηρ
991 1437 1084 1489 τοῦ
1114 1437 1314 1506 Κυρίου
1344 1453 1443 1506 μου
1465 1436 1590 1508 ἔλθῃ
1618 1435 1751 1506 πρός

175 1541 270 1594 με;
310 1525 542 1594 Μητέρα
574 1523 734 1578 καλεῖ
760 1527 862 1595 τὴν
895 1526 975 1577 έτι
1010 1524 1292 1594 παρθένον,
1325 1524 1592 1592 φθάνουσα
1624 1539 1753 1592 προ-

166 1615 394 1686 φητικῷ
436 1616 582 1684 λόγῳ
631 1614 737 1685 τὴν
797 1615 1044 1667 ἔκϐασιν.
1094 1614 1222 1667 Θεία
1250 1615 1344 1684 μὲν
1371 1610 1460 1666 οὖν
1481 1613 1753 1682 οἰκονομία

161 1706 264 1777 τὴν
313 1706 622 1776 μαρτυρίαν
664 1705 846 1775 ἧγαγε
895 1705 1031 1775 πρὸς
1076 1705 1170 1773 τὴν
1215 1704 1512 1768 Ἐλισάδετ,
1543 1703 1627 1755 ἵνα
1661 1703 1753 1754 καὶ

158 1801 197 1869 ἡ
241 1797 532 1868 μαρτυρία
572 1797 830 1850 Ἰωάννου
870 1797 934 1847 ὲκ
971 1796 1182 1865 μήτρας
1211 1797 1290 1858 είς
1317 1794 1408 1847 τὸν
1442 1794 1640 1863 Κύριον
1666 1791 1753 1845 διὰ

1847 661 1947 715 bus
1976 661 2239 729 incepere,
2269 666 2326 711 ut
2351 659 2684 726 despicerent
2715 658 2967 713 mulieres
2999 658 3382 729 inﬁrmitatem,

1847 759 1899 803 et
1926 762 2042 818 quae
2077 747 2349 802 muliebria
2377 756 2501 802 sunt
2524 748 2866 815 deponentes,
2905 746 3282 804 aemularentur
3309 751 3386 805 vi-

1848 846 1930 892 tas
1961 839 2145 890 borum
2175 839 2470 891 beatorum.
2525 871 2528 873 λ

1917 927 1986 982 ν.
2013 927 2104 981 45.
2137 926 2202 980 Et
2232 929 2368 982 unde
2405 929 2500 980 hoc
2533 927 2660 980 mihi
2689 927 3040 996 manifestum,
3069 937 3123 982 ut
3151 929 3319 982 ueniat

2457 1007 2638 1058 mater,
2667 1007 2773 1051 etc.

1921 1086 2189 1155 Ejusdem.
2233 1085 2592 1140 Consonantia
2639 1101 2757 1140 cum
2794 1088 2903 1142 lilio
2952 1088 3187 1156 loquitur
3217 1087 3389 1142 Elisa-

1849 1176 1996 1241 beth,
2024 1176 2290 1245 indignam
2335 1189 2394 1229 se
2435 1177 2662 1230 adventu
2697 1177 2926 1245 deiparae
2956 1179 3170 1243 dicens;
3197 1192 3386 1246 quem-

1851 1267 2130 1320 admodum
2163 1275 2218 1319 et
2247 1264 2479 1320 Joannes
2511 1266 2779 1334 indignum
2807 1282 2866 1321 se
2884 1268 3094 1322 dicebat
3123 1270 3212 1336 qui
3239 1266 3391 1322 Chri-

1850 1366 1932 1409 sto
1956 1357 2246 1410 assisteret.
2277 1353 2554 1421 Quodnam
2585 1358 2725 1410 enim
2757 1357 2906 1420 mihi,
2938 1359 3030 1424 ait,
3061 1368 3165 1412 tam
3189 1359 3390 1427 grande

1850 1445 2046 1499 factum
2075 1455 2159 1500 est
2191 1446 2407 1509 bonum,
2435 1456 2492 1500 ut
2527 1455 2696 1499 mater
2737 1447 2947 1501 Domini
2981 1449 3083 1502 mei
3115 1449 3294 1501 veniat
3320 1448 3387 1501 ad

1851 1536 1982 1588 me?
2027 1534 2251 1590 Matrem
2281 1547 2474 1600 vocat,
2509 1552 2626 1605 qua
2656 1539 2831 1592 adhuc
2867 1539 3018 1604 virgo
3053 1546 3208 1601 erat,
3258 1547 3383 1590 ante

1849 1637 2110 1693 occupans
2146 1628 2458 1695 pr0phetico
2485 1641 2732 1682 sermone
2765 1637 3036 1681 eventum.
3068 1627 3255 1680 Divina
3282 1627 3385 1694 igi-

1852 1722 1938 1766 tur
1965 1715 2288 1781 dispensatio
2338 1717 2697 1770 testimonium
2732 1715 2860 1770 fecit
2909 1716 3045 1784 apud
3089 1715 3384 1774 Elisabeth.

1851 1797 2094 1853 utetiam
2143 1802 2500 1855 testimonium
2540 1801 2760 1858 Joannis
2790 1817 2856 1856 ex
2887 1816 3044 1857 utero
3073 1806 3138 1856 de
3167 1803 3390 1858 Domino

156 1889 271 1957 τῆς
333 1888 467 1951 ἰδίας
501 1888 705 1956 μητρὸς
748 1885 1029 1938 Ἐλισάϐετ
1073 1883 1478 1955 πληροφορηθῇ,
1527 1885 1618 1936 καὶ
1667 1883 1748 1935 ἵνα

1853 1901 1942 1954 per
1993 1889 2258 1954 propriam
2314 1900 2541 1943 matrem
2611 1890 2968 1945 Elisabetbam
3023 1892 3386 1946 certissimum

156 1978 322 2030 κατὰ
355 1979 460 2048 τὴν
487 1977 578 2028 τοῦ
607 1976 846 2044 ἀγγέλου
866 1974 1045 2045 φωνὴν
1068 1974 1302 2045 ὀψομένη
1322 1973 1418 2044 τὴν
1455 1973 1746 2034 Ἐλισάδετ,

154 2067 260 2119 καὶ
296 2066 363 2118 τὸ
398 2067 461 2118 έν
493 2066 630 2134 αὐτῇ
663 2064 969 2136 παράδοξον
1001 2062 1206 2132 κύημα,
1232 2063 1319 2114 διὰ
1357 2061 1544 2114 τούτου
1576 2061 1751 2113 καὶτὸ

156 2156 360 2224 μεῖξον
381 2155 675 2226 πιστεύσῃ,
691 2155 940 2206 τουτέστι
967 2154 1055 2206 τὸν
1075 2151 1132 2218 ἐξ
1154 2152 1318 2220 αὐτῆς
1341 2167 1477 2220 φημι
1497 2151 1596 2219 τῆς
1617 2167 1753 2220 παρ-

156 2245 328 2298 θένου
360 2245 609 2315 ἄσπορον
651 2243 894 2296 τοκετόν.
922 2243 1031 2294 Καὶ
1063 2241 1337 2310 συντρέχει
1368 2240 1504 2309 πρὸς
1531 2239 1628 2308 τὴν
1665 2238 1752 2290 πί-

159 2353 290 2388 στιν
316 2334 530 2404 ταύτην
561 2333 662 2385 καί
695 2335 724 2385 ό
757 2332 910 2399 λόγος
936 2334 964 2384 ὁ
983 2331 1080 2400 τῆς
1125 2329 1416 2390 Ἐλισάὸετ,
1459 2327 1744 2396 λεγούσηςο

157 2426 281 2480 Kal
312 2425 588 2494 μακαρία
610 2424 650 2490 ἡ
698 2423 1101 2484 πιστεύσασα,
1133 2419 1220 2471 ὅτι
1257 2419 1424 2472 ἔσται
1453 2419 1752 2480 τελείωσις

159 2515 296 2580 τοῖς
319 2513 774 2581 λελαλημένοις
791 2511 946 2578 αὐτῇ
977 2508 1134 2576 παρὰ
1152 2508 1390 2575 Κυρίου.
1431 2506 1751 2576 Βεὸαιοτέρα

158 2604 283 2674 γὰρ
309 2604 446 2674 πρὸς
471 2603 575 2672 τὴν
601 2601 790 2654 πίστιν
822 2602 885 2652 ὲκ
911 2599 1113 2652 τούτων
1133 2597 1338 2664 ἐγίνετο
1359 2597 1465 2649 τῶν
1498 2597 1752 2667 ῥημάτων

160 2695 199 2763 ἠ
240 2692 542 2763 παρθένος,
577 2689 1017 2761 μακαριζομένη,
1055 2688 1136 2739 ὅτι
1162 2686 1494 2749 ἐπίστευσεν,
1525 2685 1749 2752 ἀγγέλου

161 2798 228 2834 τε
253 2781 758 2854 προσημαίνοντος,
787 2777 881 2830 καὶ
909 2777 1006 2846 τῆς
1026 2775 1333 2844 συγγενίδος
1365 2775 1752 2844 παραπλησίως

161 2870 659 2942 προφητευούσης.

249 2962 360 3015 Τοῦ
397 2959 617 3013 αὑτοῦ.
653 2957 880 3026 Ἶδωμεν
928 2954 1110 3008 λοιπὸν
1167 2953 1494 3025 παρθενικὴν
1543 2969 1751 3023 προφη-

163 3052 344 3106 τείαν.

203 3143 358 3212 Στίχ.
398 3146 520 3212 μςδ.
557 3137 897 3206 Μεγαλύνει
928 3135 965 3201 ἡ
997 3133 1165 3202 ψυχή
1191 3150 1308 3201 μου
1347 3132 1452 3185 τὸν
1476 3132 1710 3199 Κυρίον.

1848 1977 2092 2030 evaderet
2122 2015 2138 2039 ,
2167 1987 2221 2030 et
2242 1987 2298 2031 ut
2314 1978 2462 2045 juxta
2489 1980 2660 2049 angeli
2713 1994 2895 2034 vocem
2943 1971 3243 2036 eontuitura
3276 1983 3388 2054 (55)

1847 2066 2211 2120 Elisabetham
2237 2106 2253 2132 ,
2296 2078 2350 2123 et
2394 2073 2707 2139 stupendum
2733 2070 2848 2139 ejns
2872 2073 3262 2140 graviditatem,
3291 2088 3388 2142 per

1851 2157 1952 2210 huc
1983 2165 2036 2210 et
2060 2159 2200 2224 quod
2231 2157 2402 2226 majus
2432 2167 2548 2212 erat
2577 2159 2822 2213 crederet
2849 2199 2864 2223 ,
2903 2176 2967 2214 ex
2998 2173 3166 2215 semet
3197 2176 3386 2230 nempe

1847 2243 2054 2313 virgine
2087 2246 2486 2311 conceptionem
2533 2247 2650 2300 sine
2677 2247 2900 2304 semine.
2941 2248 3226 2302 Concurrit
3256 2264 3390 2318 quo-

1848 2348 1952 2402 que
1983 2335 2048 2388 ad
2078 2334 2213 2386 hanc
2246 2334 2398 2389 iidem
2430 2335 2728 2390 faciendam
2761 2351 2938 2390 sermo
2965 2338 3236 2392 Elisabeth
3258 2377 3274 2401 ,
3299 2338 3386 2391 di-

1848 2419 2054 2474 centis:
2097 2419 2158 2472 Et
2183 2423 2350 2486 beata,
2377 2438 2492 2490 qua:
2530 2424 2821 2489 credidisti,
2855 2425 3099 2492 quoniam
3125 2426 3222 2477 erit
3266 2441 3390 2492 per-

1849 2507 2001 2576 fectio
2032 2508 2181 2561 dictis
2214 2510 2304 2560 tibi
2335 2519 2369 2560 α
2410 2507 2634 2563 Domino
2664 2511 2729 2564 “.
2767 2513 3115 2566 Constantior
3146 2513 3288 2566 enim
3320 2514 3386 2566 ad

1847 2595 2162 2651 credendum
2187 2612 2252 2651 ex
2286 2598 2368 2651 his
2391 2599 2568 2652 verbis
2597 2599 2735 2653 facta
2762 2610 2844 2654 est
2871 2602 3042 2670 virgo,
3078 2603 3200 2655 dum
3228 2603 3385 2656 beata

1849 2686 2168 2754 praedicatur
2199 2697 2379 2754 utpote
2405 2704 2521 2756 quae
2549 2690 2856 2754 crediderit,
2892 2699 2998 2741 tum
3035 2692 3224 2759 angelo
3252 2706 3388 2760 pra-

1847 2777 2198 2846 signiticaute,
2229 2786 2340 2833 tum
2366 2779 2531 2833 etiam
2579 2788 2800 2848 cognata
2847 2779 2987 2834 baud
3021 2780 3179 2835 aliter
3204 2781 3388 2836 vatici-

1848 2876 2030 2921 nante.

1916 2953 2183 3023 Ejusdem.
2211 2955 2498 3012 Videamus
2521 2955 2632 3026 jam
2674 2955 2986 3024 virginalem
3017 2959 3379 3028 praphetiam.

2013 3129 2077 3185 V.
2106 3129 2196 3186 46.
2231 3129 2534 3199 Magniﬁcat
2573 3131 2750 3185 anima
2784 3149 2897 3186 mea
2925 3132 3222 3187 Dominum.

241 3209 366 3293 Πῶς
458 3228 613 3297 ψυχή
647 3241 748 3295 μου
773 3221 1061 3292 μεγαλύνει
1100 3220 1188 3273 τὸν
1233 3220 1450 3290 Κύριον,
1496 3235 1748 3289 κατανοη-

1915 3223 2192 3288 Quomodo
2220 3221 2395 3275 anima
2426 3235 2542 3275 mea
2585 3222 2890 3290 magniﬁcat
2918 3223 3220 3285 Dominum,
3253 3238 3384 3277 con-

163 3320 314 3372 τέον.
352 3319 484 3372 Ἐὰν
511 3317 686 3383 ἀξίως
717 3309 1119 3381 πολιτευώμεθα
1147 3311 1267 3361 κατ’
1295 3308 1474 3360 είκόνα
1508 3307 1600 3360 τοῦ
1639 3308 1753 3360 κτί-

168 3428 365 3474 σαντος
385 3411 564 3481 ἡμᾶς,
602 3405 702 3458 καὶ
735 3401 1091 3473 όμοιωθῶμεν
1120 3400 1196 3470 τῷ
1235 3398 1584 3468 πρωτοτύπῳ,
1617 3389 1752 3450 Ξατὰ

164 3501 230 3554 τὸ
251 3501 505 3564 ὃδνατδν,
540 3499 614 3551 δι’
651 3493 876 3560 ἀγαθῶν
903 3492 1097 3562 ἔργων,
1130 3489 1495 3560 μεγαλύνομεν
1519 3488 1608 3540 τὸν
1639 3487 1751 3538 Κύ-

165 3609 292 3663 ριον
323 3593 535 3658 λόγοις,
565 3587 774 3657 ἔργοις,
804 3584 1060 3652 νοήμασι.
1088 3578 1375 3648 Σμικρύνει
1407 3578 1462 3629 δέ
1490 3595 1570 3640 τις
1596 3577 1751 3628 αὑτὸν

161 3681 478 3749 ἀναλόγως,
518 3677 668 3731 κατᾶ
690 3676 790 3744 τὴν
820 3673 1021 3726 κακίαν
1043 3671 1140 3740 τὴν
1165 3669 1565 3738 ἐνυπάρχουσαν
1587 3667 1748 3735 αὐτῷ.

163 3770 289 3840 Τῆς
320 3768 412 3824 οὖν
436 3767 670 3838 Μαρίας
688 3767 722 3834 ἠ
747 3762 892 3833 ψυχὴ
925 3759 1220 3831 ὲμεγάλυνε
1250 3758 1338 3809 τὸν
1361 3756 1580 3826 Κύριον,
1611 3756 1668 3808 τὸ
1696 3756 1752 3808 δὲ

164 3862 394 3932 πνεῦμα
427 3860 606 3928 αὐτῆς
639 3855 1009 3928 ἠγαλλιάσατο
1045 3850 1138 3902 ἐπὶ
1159 3848 1233 3918 τῷ
1266 3847 1382 3916 Θεῷ
1411 3848 1488 3916 τῷ
1521 3847 1748 3916 Σωτῆρι.

167 3952 402 4022 Πρῶτον
424 3949 764 4020 ἐμεγάλυνεν
793 3947 826 4016 ἡ
853 3942 1000 4014 ψυχὴ
1037 3940 1225 4010 αὐτῆς,
1256 3935 1370 3992 εἶτα
1399 3937 1752 4007 ἠγαλλιάσατο

173 4040 246 4092 τδ
275 4041 488 4111 πνεῦμα
513 4038 712 4107 αὐτῆς.

260 4210 765 4284 Παρατηρήσασθαι
783 4209 865 4261 δεῖ
887 4209 943 4259 ὲν
971 4206 1065 4276 ὅλῃ
1082 4207 1146 4275 τῇ
1169 4203 1374 4273 Παλαιᾷ
1396 4203 1485 4255 καὶ
1503 4204 1565 4272 τῇ
1581 4203 1748 4271 Καινῇ

180 4305 402 4376 Γραφῇ,
436 4307 486 4357 εἴ
509 4305 613 4356 πού
636 4306 787 4356 ἐστιν
818 4301 998 4369 εὑρεῖν
1030 4297 1120 4348 ὲπὶ
1141 4291 1470 4365 ἁμαρτωλῶν
1495 4293 1750 4358 γενέσεως

185 4395 473 4464 εἰρημένον
506 4397 594 4447 τό·
647 4389 960 4455 Ἑπλήσθη
981 4389 1012 4439 ό
1038 4390 1253 4454 χρόνος
1279 4381 1382 4434 τοῦ
1401 4379 1607 4432 τεκεῖν.
1641 4379 1752 4431 Ούκ

185 4485 262 4536 ἂν
302 4487 398 4552 γάρ
428 4503 509 4548 τις
539 4484 712 4554 εὖροι,
743 4482 822 4543 ὡς
859 4475 1040 4548 οἵμαι·
1091 4474 1204 4528 ἀλλ’
1227 4475 1356 4525 ὅπου
1407 4469 1711 4539 ὠνόμασται
1731 4507 1745 4530 ,

187 4575 284 4626 δτι
319 4575 504 4639 δίκαιός
537 4577 686 4628 ἐστιν
721 4576 750 4625 ὁ
781 4570 1139 4638 γεννώμενος.
1175 4565 1284 4617 Καὶ
1314 4561 1468 4615 τοῦτο
1488 4560 1542 4612 δὲ
1563 4559 1654 4612 καὶ
1682 4557 1750 4611 τά

186 4663 365 4718 λοιπά
385 4668 508 4736 (54).

286 4754 352 4808 Ἠ
392 4757 683 4818 Ἐλισὰϐετ,
721 4750 992 4819 προφῆτις
1018 4743 1170 4809 οὖσα,
1201 4745 1295 4797 καὶ
1331 4743 1426 4810 τὴν
1460 4740 1749 4810 γενομένην

182 4840 278 4908 τῷ
327 4847 467 4916 ἀνδρὶ
509 4843 857 4910 ἀποκάλυψιν
902 4842 976 4910 μὴ
1016 4839 1308 4898 ἀκούσασα,
1355 4832 1430 4902 τῷ
1479 4833 1750 4902 Πνεύματι

183 4933 347 5004 ἁγίῳ
369 4939 458 5008 τὴν
496 4937 644 5009 παρὰ
674 4933 770 4987 τού
809 4930 1041 4998 ἀγγέλου
1074 4927 1324 4998 ῥηθεῖσαν
1363 4924 1745 4994 προσηγορίαν,

179 5024 294 5076 καὶ
340 5029 577 5099 Ἰωάννην
605 5028 818 5096 ἔφασκε
838 5021 902 5073 τὸ
935 5019 1140 5071 παιδίον
1171 5012 1544 5084 όνομάσεσθαι.
1583 5013 1667 5074 Ὧς
1693 5010 1748 5062 δὲ

178 5115 292 5165 καὶ
329 5120 471 5189 παρὰ
502 5119 592 5171 τοῦ
640 5115 851 5185 πατρὸς
884 5111 1064 5179 ἠξίουν
1109 5107 1314 5177 μαθεῖν,
1371 5103 1465 5155 κα)⁸
1519 5102 1746 5189 διένευον

176 5205 373 5276 αὐτῷ,
508 5209 580 5279 μὴ
613 5205 869 5260 ἀκούοντι
909 5200 943 5268 ἢ
977 5197 1202 5266 λαλῆσαι
1229 5193 1505 5262 δυναμένῳ
1528 5207 1542 5220 ·
1571 5188 1747 5279 λαϐὼν

173 5295 402 5350 δέλτιον
446 5278 643 5367 ἔγραψε
700 5289 1010 5363 συμφώνως
1055 5289 1120 5355 τῇ
1161 5283 1350 5337 ἑαυτοῦ
1397 5279 1608 5347 γυναικὶ
1656 5278 1746 5330 τού

175 5385 392 5452 παιδὸς
422 5389 513 5458 τὴν
537 5382 934 5458 προσηγορίαν,
969 5379 1042 5438 ὡς
1073 5376 1274 5437 πάντας
1317 5373 1406 5458 ἐπί
1434 5370 1634 5458 τούτων
1657 5369 1734 5458 εκ·

163 5455 544 5532 τὀλήῒτεσθαι.
581 5455 734 5526 -Εἷτά
769 5480 972 5536 φησιν·
1017 5461 1293 5529 Ὰιοεῴχθη
1339 5457 1406 5509 δὲ
1451 5456 1512 5508 τὸ
1557 5455 1746 5521 στόμα

151 5553 400 5616 αὐτοῦ.
425 5561 574 5616 Μετὰ
592 5560 652 5612 τὸ
671 5556 885 5628 γράψαι
912 5549 1148 5618 δηλονότι
1173 5550 1228 5599 ὲν
1243 5547 1428 5613 δέλτῳ,
1455 5544 1532 5594 ὅτι
1564 5540 1747 5593 Ἵωάνο

181 5681 434 5750 "lac.
477 5693 642 5757 1,45.
721 5680 1058 5737 "nmen.
1133 5676 1444 5731 "mittet.

213 5791 386 5872 (ξι)
427 5809 580 5862 Ηοιιι.
612 5820 688 5866 Ix,
713 5800 864 5853 circa
905 5795 1088 5846 linem.

1849 3313 2186 3366 sideranduru
2216 3318 2316 3364 est.
2349 3309 2404 3363 Si
2433 3317 2489 3362 ut
2519 3323 2616 3376 par
2647 3319 2728 3364 est
2749 3311 2910 3363 vitam
2931 3311 3270 3366 traducamus
3301 3329 3385 3366 se-

1849 3401 2075 3454 cundum
2124 3399 2406 3467 imaginem
2461 3397 2576 3465 ejus
2631 3398 2719 3465 qui
2773 3401 2978 3452 creavit
3037 3415 3172 3462 nos,
3225 3409 3386 3466 atque

1847 3488 2135 3558 exemplari
2180 3497 2364 3542 nostro
2393 3486 2772 3554 assimilemur,
2818 3497 3079 3556 quantum
3121 3490 3236 3543 ﬁeri
3290 3505 3386 3558 po-

1849 3586 1972 3640 test,
2008 3592 2102 3646 per
2132 3578 2268 3632 bona
2291 3591 2475 3645 Opera,
2512 3585 2640 3631 tunc
2665 3577 3069 3648 magniﬁcamus
3107 3578 3384 3634 Dominum

1849 3667 2046 3731 verbis,
2091 3667 2364 3735 operibus,
2400 3666 2838 3735 cogitationibus.
2894 3668 3158 3722 Extenuat
3203 3677 3381 3723 autem

1849 3755 1992 3808 illum
2019 3755 2157 3822 quis,
2195 3768 2314 3808 cum
2343 3753 2710 3822 proportione,
2743 3753 2892 3820 juxta
2921 3755 3235 3822 pravitatem
3263 3771 3382 3824 qua:

1847 3847 1947 3901 sibi
1980 3845 2133 3898 inest.
2171 3843 2348 3897 Mariae
2387 3845 2547 3912 igitur
2593 3846 2770 3896 anima
2807 3845 3090 3898 Dominum
3139 3844 3382 3914 magniﬁ-

1847 3935 2004 3986 cabat
2025 3969 2042 3996 ,
2076 3941 2130 3985 et
2172 3931 2390 4000 spiritus
2417 3932 2534 3997 ejus
2576 3931 2882 3985 exsultabat
2916 3932 2967 3984 in
2999 3933 3107 3986 Deo
3141 3933 3381 3987 salutari.

1847 4022 2002 4075 Prius
2032 4019 2410 4090 magniﬁcabat
2440 4022 2617 4073 anima
2661 4021 2835 4085 illius,
2875 4021 3065 4076 deinde
3093 4022 3382 4076 exsultavit

1847 4111 2064 4179 spiritus
2093 4111 2228 4178 ejus.

1915 4199 2450 4253 Animadvertendum
2493 4207 2577 4254 est
2629 4199 2681 4252 in
2736 4207 2844 4252 tota
2896 4199 3072 4254 Veteri
3129 4199 3384 4268 Novaqne

1848 4287 2162 4357 Scriptura,
2210 4289 2376 4344 sicubi
2429 4288 2667 4342 invenire
2698 4289 2857 4343 liceat
2893 4289 2947 4342 in
2995 4289 3383 4356 peccatricibus

1849 4379 2282 4448 generationibus
2311 4381 2512 4433 dictum
2538 4379 2700 4433 fuisse
2728 4395 2743 4432 :
2774 4378 3048 4446 Impletum
3082 4389 3154 4432 est
3187 4388 3383 4443 tempus

1847 4469 2084 4537 pariendi
2109 4469 2174 4525 ⁸⁸.
2224 4468 2336 4523 Non
2368 4470 2508 4522 enim
2541 4470 2662 4537 quis
2691 4468 2929 4522 invenire
2961 4469 3186 4535 poterit,
3210 4478 3268 4522 ut
3292 4485 3382 4521 ar-

1851 4558 2022 4614 bitror
2053 4574 2076 4612 :
2100 4559 2199 4612 nisi
2231 4559 2318 4612 ubi
2355 4559 2687 4624 nominatur,
2714 4559 2916 4626 justum
2941 4571 3062 4611 esse
3093 4559 3182 4626 qui
3211 4558 3382 4612 nasci-

1852 4654 1956 4700 tur.
1991 4647 2054 4701 Et
2079 4647 2180 4700 hoc
2211 4663 2357 4712 vero,
2383 4655 2484 4700 etc.
3449 4706 3451 4708 η

1919 4733 2184 4789 Elisabeth
2217 4749 2335 4789 cum
2369 4732 2636 4801 prophetis
2662 4741 2822 4797 esset,
2853 4745 2950 4786 nec
2975 4731 3267 4786 audivisset
3294 4745 3380 4785 re-
3453 4733 3456 4740 '

1849 4824 2161 4878 velationem
2211 4825 2328 4876 viro
2376 4837 2474 4876 suo
2501 4821 2733 4887 factam,
2791 4837 2953 4890 quam
3007 4822 3239 4890 Spiritus
3265 4834 3382 4874 san-

1850 4921 1969 4966 ctus
2017 4927 2114 4980 per
2180 4911 2423 4979 angelum
2483 4912 2938 4965 nomenclatnram
2997 4911 3274 4976 ediderat,
3327 4922 3382 4966 et

1849 5003 2105 5057 Joannem
2135 5004 2428 5056 vocandum
2457 5015 2576 5055 esse
2604 5016 2849 5070 puerum,
2885 5001 3039 5054 dixit.
3072 5000 3166 5054 Ubi
3201 5011 3379 5053 autem

1848 5093 2008 5146 etiam
2058 5106 2088 5144 a
2134 5091 2291 5144 Patre
2338 5091 2477 5145 scire
2517 5089 2805 5154 volebant,
2837 5090 2996 5157 eique
3053 5087 3383 5147 innuebant,

1848 5181 2043 5248 quippe
2071 5193 2172 5232 non
2221 5177 2496 5242 audienti,
2534 5186 2623 5231 aut
2658 5178 2799 5246 loqui
2849 5176 3075 5240 valenti,
3117 5173 3387 5240 accipiens

1851 5270 2095 5326 tabellam
2122 5269 2358 5337 scripsit,
2385 5270 2536 5322 uxori
2568 5283 2678 5323 suae
2701 5266 3076 5329 concordans,
3100 5261 3245 5332 pueri
3294 5273 3392 5324 ap-

1850 5361 2186 5430 pellationem
2217 5376 2230 5410 :
2261 5373 2426 5426 usque
2459 5359 2592 5414 adeo
2630 5367 2688 5412 ut
2729 5369 2924 5410 omnes
2949 5354 3254 5422 iprOpterea
3288 5352 3402 5395 stu-

1847 5463 1975 5517 pore
2003 5448 2431 5517 percellerentnr.
2477 5447 2674 5502 Deinde
2723 5447 2800 5500 ait
2849 5458 2866 5498 :
2917 5438 3269 5521 Aper-tumea
3309 5443 3414 5521 au-

1848 5549 1947 5592 tem
1994 5555 2048 5592 0s
2092 5538 2201 5604 ejus
2228 5537 2293 5588 ³⁸.
2341 5537 2634 5606 Postquam
2685 5536 2900 5592 scilicet
2933 5530 2992 5583 in
3027 5518 3222 5578 tabella
3264 5518 3427 5564 scrt-

1918 5787 2026 5857 (55)
2053 5781 2242 5852 Supple
2270 5781 2323 5836 ll
2329 5782 2460 5834 aria.
