3914 6418
618 373 722 426 59.3

1463 361 2014 418 EUPPLEMENTUM
2043 362 2134 420 AD
2171 361 2486 421 ORIGENIS
2512 360 2911 416 EXEGETICA.
3653 365 3734 419 52L

614 490 791 552 pserat
815 520 830 541 ,
860 478 982 546 quia
1035 491 1218 530 nomen
1264 475 1377 543 ejus
1407 486 1515 528 erat
1553 475 1784 529 Joannes
1807 512 1824 539 ,
1853 474 2024 528 soluta
2056 483 2134 529 est

2235 491 2345 541 της
2359 475 2525 528 ἔσται
2553 474 2616 526 τὸ
2640 473 2820 542 ὄνομα
2845 471 3058 533 αὑτοῦ.
3091 470 3253 540 ἐλύθη
3280 471 3570 542 ήδεδεμένη
3596 481 3734 548 φωνή.

616 587 755 633 vox,
805 584 920 636 qua:
968 566 1124 634 ligata
1160 564 1356 621 fuerat.
1411 564 1478 618 Et
1521 565 1858 632 recuperavit
1908 564 2138 634 linguam

615 676 782 722 suam,
806 673 904 711 non
924 656 1148 722 amplius
1178 664 1236 708 ut
1257 666 1412 710 antea
1431 657 1717 711 revinctam
1745 656 2138 720 incredulitate,

615 748 703 799 sed
734 745 1132 799 benedicentem
1161 745 1348 811 Deum,
1373 755 1426 798 et
1447 745 1977 815 vaticinantemquae
2006 746 2139 801 seri-

610 846 696 905 pta
727 845 869 888 sunt.

677 925 1010 995 Superlluum
1041 935 1122 979 est
1147 927 1346 992 dicere,
1376 936 1481 983 etc.

677 1014 748 1069 [lt
782 1025 906 1082 puto
934 1052 950 1078 ,
984 1015 1142 1067 etiam
1175 1025 1358 1084 patres
1389 1015 1552 1068 nostri
1582 1013 1852 1068 Abraham
1897 1023 1950 1068 et
1992 1011 2140 1070 Isaac

606 1114 660 1160 et
680 1103 868 1170 Iacob,
909 1115 1158 1173 totusque
1205 1105 1402 1158 chorus
1428 1114 1731 1158 sanctorum
1775 1104 1890 1171 ejus
1918 1106 2141 1174 prophe-

605 1206 779 1248 tarum
808 1209 870 1250 ac
895 1197 1185 1261 iustorum,
1223 1193 1368 1248 fruiti
1395 1205 1520 1248 sunt
1555 1195 1780 1248 adventu
1825 1195 2043 1248 Christi.
2079 1197 2136 1249 Si

604 1286 744 1338 enim
775 1285 1063 1352 paci/ienuit
1113 1300 1204 1352 per
1245 1285 1544 1351 sanguinem
1578 1285 1743 1336 crucis
1785 1285 1898 1352 ejus
1941 1293 1988 1338 et
2024 1302 2138 1353 qua:

605 1376 661 1426 in
693 1385 830 1429 terra
859 1385 905 1426 et
928 1391 1042 1442 qua:
1077 1376 1130 1426 in
1155 1374 1278 1428 caelo
1314 1374 1356 1404 ³⁷
1396 1371 1546 1440 juxta
1573 1374 1750 1426 divum
1784 1374 2095 1441 Apostolum
2121 1392 2135 1427 :

607 1463 732 1529 quid
767 1463 1037 1530 pigritaris
1066 1463 1346 1518 admittere
1371 1502 1388 1526 ,
1419 1464 1557 1530 quod
1595 1471 1647 1517 et
1679 1463 1747 1516 ad
1790 1473 1969 1531 patres
1999 1463 2137 1517 facta

607 1547 770 1600 fuerit
814 1548 1088 1611 visitatio,
1139 1550 1294 1616 idque
1342 1549 1644 1617 praestiterit
1684 1549 1798 1617 ejus
1844 1551 1909 1604 ad
1939 1549 2138 1605 inferos

609 1638 893 1700 adventus,
931 1647 1150 1706 propter
1179 1640 1659 1707 ininvestigabilem
1689 1640 1806 1709 ejus
1847 1642 2141 1696 misericor-

606 1725 789 1779 diam?
818 1727 871 1779 ld
897 1741 1054 1793 porro
1083 1729 1328 1796 quamvis
1363 1745 1502 1783 nunc
1519 1731 1797 1797 acciderit,
1825 1732 1932 1799 jam
1961 1742 2135 1786 tamen

2237 562 2347 614 Kal.
2377 561 2606 614 ἀπέλαϐε
2638 562 2733 631 τὴν
2762 561 2954 614 ἑαυτοῦ
2999 560 3269 628 γλῶσσαν,
3308 560 3478 611 οὐκέτι
3510 563 3634 615 καθά
3655 568 3736 620 πά-

2235 650 2319 703 λαι
2344 652 2624 722 δεδεμένην
2655 653 2718 720 τῇ
2747 651 2999 722 ἀπιστίᾳ,
3030 651 3146 702 ἀλλ’
3171 649 3491 716 εύλογοῦσαν
3509 651 3589 704 τὸν
3610 653 3740 719 Θεὸν,

2237 741 2327 793 καὶ
2357 740 2790 810 προφητεύουσαν
2815 741 2882 792 τά
2914 739 3393 811 ἀναγεγραμμένα.

2306 915 2565 985 Περισσόν
2597 917 2711 967 ἐστι
2741 914 2799 966 τὸ
2824 915 3022 984 λέγειν,
3064 914 3162 966 καὶ
3185 912 3254 965 τά
3285 913 3458 966 λοιπά.

2316 1004 2402 1067 Ὠς
2454 1001 2603 1074 οἶμαι
2659 1005 2751 1056 καὶ
2804 1005 2853 1056 οἱ
2904 1004 3138 1073 πατέρες
3171 1002 3327 1072 ἡμῶν
3388 1004 3632 1078 Ἀϐραὰμ,
3674 1012 3745 1062 καὶ

2249 1091 2426 1144 Ἰσαὰκ
2446 1094 2539 1144 καὶ
2565 1091 2774 1153 Ἰακὼϐ,
2793 1091 2887 1144 καὶ
2915 1091 3032 1152 ὅλος
3061 1093 3090 1142 ὁ
3111 1090 3271 1160 χορὸς
3297 1091 3401 1143 τῶν
3429 1094 3585 1160 ἀγίων
3613 1098 3742 1150 αὑτοῦ

2238 1181 2523 1250 προφητῶν
2564 1182 2656 1233 καὶ
2695 1181 2947 1247 δικαίων,
2995 1181 3319 1250 ἀπήλαυσαν
3365 1183 3458 1253 τῆς
3497 1189 3744 1256 παρουσίας

2235 1269 2327 1320 τοῦ
2352 1269 2601 1340 Χριστοῦ.
2637 1271 2699 1322 Εἰ
2725 1270 2832 1340 γάρ
2858 1272 3283 1338 εὶρηνοποίησε
3298 1271 3392 1325 διὰ
3415 1275 3515 1327 τοῦ
3545 1277 3745 1345 αἵματος

2236 1360 2340 1413 τοῦ
2365 1361 2624 1428 σταυροῦ
2659 1361 2842 1414 αὑτοῦ
2871 1361 2942 1413 τά
2980 1377 3045 1413 τε
3085 1361 3156 1413 ἐν
3196 1359 3271 1429 τῇ
3295 1361 3371 1431 γῆ
3401 1364 3492 1416 καί
3529 1366 3593 1419 τὰ
3612 1367 3670 1420 ἐν
3690 1369 3748 1434 τῷ

2237 1451 2483 1516 οὐρανῷ,
2501 1452 2639 1504 κατά
2676 1452 2766 1504 τὸν
2799 1451 2937 1504 θεῖον
2970 1453 3322 1515 Ἀπὸστολον,
3349 1455 3402 1506 τί
3432 1456 3596 1520 ὀκνεῖς
3609 1477 3749 1528 παρα-

2236 1538 2503 1604 δέξασθαι,
2550 1541 2630 1593 ὅτι
2675 1540 2767 1593 καὶ
2802 1541 2936 1610 πρὸς
2987 1540 3114 1602 τοὺς
3149 1542 3393 1612 πατέρας
3424 1545 3456 1615 ἡ
3493 1545 3745 1620 ὲπισκοπὴ,

2238 1629 2329 1682 καὶ
2355 1631 2557 1701 τοῦτοή
2593 1633 2672 1693 είς
2703 1631 2794 1682 τὸν
2827 1631 2961 1702 ᾅδην
2993 1631 3164 1684 αὑτοῦ
3200 1631 3382 1700 ἄφιξις
3427 1637 3750 1706 ἐπραγματεύ-

2240 1737 2367 1771 σατο
2387 1720 2472 1772 διά
2500 1719 2559 1771 τὸ
2592 1719 2996 1790 ἀνεξιχνίαστον
3031 1721 3198 1774 αὑτοῦ
3224 1722 3408 1789 ἐλεος;
3441 1725 3596 1779 Τοῦτο
3628 1727 3691 1790 δὲ,
3714 1730 3749 1780 εἰ

606 1817 732 1870 olim
770 1818 820 1870 in
871 1827 1206 1872 antecessum
1252 1821 1635 1889 proclamatum
1685 1823 1856 1877 fuerat
1891 1838 1906 1876 :
1938 1839 2000 1876 ac
2026 1823 2134 1876 ﬁeri

2237 1809 2329 1860 καὶ
2363 1807 2453 1861 νῦν
2484 1809 2722 1876 γέγονεν,
2792 1809 2908 1862 ἀλλ’
2939 1810 3177 1879 ἔκπαλαι
3209 1815 3646 1886 προανεφωνὴθη·
3677 1821 3750 1871 καὶ

607 1920 713 1958 non
745 1914 970 1972 poterat,
999 1915 1054 1958 ut
1080 1906 1322 1960 effectum
1349 1923 1455 1960 non
1501 1909 1818 1962 sortirentur
1848 1910 1992 1963 hisce
2022 1924 2135 1964 ser-

605 2008 809 2048 mones.
834 1992 1180 2061 Jurejurando
1212 1997 1352 2055 enim
1380 1998 1714 2052 confirmavit
1745 1999 2138 2066 promissiones,

605 2094 822 2152 prapter
853 2085 1297 2150 immobilitatem,
1322 2089 1446 2156 quia
1475 2089 1691 2143 omnino
1718 2089 1882 2145 fiet“.
1914 2090 1979 2143 Et
1998 2105 2141 2144 nunc

608 2174 788 2227 lideles
814 2175 930 2229 sine
969 2177 1160 2230 timore
1209 2177 1275 2230 de
1309 2193 1470 2232 manu
1507 2179 1863 2247 spiritualium
1897 2181 2140 2238 inimico-

607 2278 720 2316 rum
747 2263 1040 2318 liberantnr
1062 2267 1125 2320 ".

676 2352 826 2422 Sa'pe
857 2355 1151 2409 liberantur
1181 2357 1417 2424 quidam,
1447 2368 1551 2413 etc.

673 2442 787 2497 Non
837 2445 903 2497 ad
951 2443 1251 2498 Judaznrnm
1283 2463 1602 2517 synagogam
1650 2449 1702 2503 in
1747 2449 2036 2504 Jerusalem
2070 2453 2135 2506 ad

603 2535 928 2596 sacerdotes,
962 2544 1015 2589 et
1046 2538 1251 2590 scribas
1277 2549 1332 2592 et
1367 2538 1666 2593 Pharisaeos
1698 2541 1844 2594 venit
1873 2541 2087 2610 angelus
2119 2559 2131 2594 :

603 2624 695 2676 sed
721 2634 950 2691 pastores
978 2628 1166 2693 reperit
1188 2627 1244 2678 in
1274 2643 1398 2696 agro
1428 2629 1685 2697 degentes,
1714 2637 1762 2682 et
1794 2631 2135 2684 custodientes

603 2715 865 2767 custodias
893 2717 1054 2768 noctis
1095 2733 1249 2785 super
1276 2734 1474 2787 gregem
1517 2735 1668 2772 suum
1692 2720 1737 2750 ⁸⁰
1770 2738 1783 2773 :
1821 2720 1967 2774 hisce
1994 2721 2133 2774 enim

602 2805 926 2873 evangelizat
995 2806 1290 2860 Salvatoris
1358 2809 1712 2862 nativitatem.
1780 2807 1843 2862 ili
1906 2824 2135 2878 namque

601 2894 873 2964 simplices
920 2907 1112 2962 erant,
1146 2907 1382 2952 veterem
1424 2900 1635 2954 vivendi
1683 2901 1940 2954 rationem
1986 2916 2134 2969 qua)-

602 2995 782 3040 rentes
844 2987 1289 3054 patriarcharum.
1347 2989 1597 3044 Pastores
1666 2992 1926 3057 siquidem
1984 2999 2135 3044 erant

600 3087 656 3129 et
704 3076 756 3129 1ιί
786 3115 802 3139 ,
851 3077 943 3145 qui
994 3077 1155 3129 etiam
1190 3089 1467 3133 currentes
1515 3081 1634 3134 aliis
1685 3094 1896 3148 quoque
1928 3095 2131 3134 annun-

2243 1897 2491 1951 ἀδύνατον
2521 1894 2586 1968 ἦν
2629 1899 2702 1968 μὴ
2743 1899 2972 1968 ἐκϐῆναι
3017 1900 3218 1963 αὐτοὺς
3250 1902 3438 1970 λόγους
3488 1907 3562 1968 είς
3595 1905 3746 1978 ἔργον.

2243 1987 2424 2056 Ὅρκῳ
2454 1988 2559 2058 γὰρ
2606 1989 2896 2040 ἐϐεϐαίωσε
2940 1989 3042 2052 τάς
3079 1991 3414 2060 ἐπαγγελίας
3445 1993 3530 2046 διὰ
3566 1995 3616 2047 τὸ
3639 1999 3753 2049 sm.

2241 2076 2487 2146 ράϐατον,
2517 2077 2595 2130 ὅτι
2615 2079 2828 2142 πάντως
2858 2079 3034 2132 ἔσται.
3055 2081 3166 2133 Καὶ
3190 2080 3284 2135 νῦν
3303 2085 3352 2134 οἱ
3384 2084 3556 2137 πιστοὶ
3582 2085 3753 2154 ἀφόϐως

2237 2169 2303 2220 ἐκ
2331 2167 2508 2238 χειρὸς
2537 2168 2643 2221 τῶν
2665 2169 2870 2240 νοητῶν
2902 2171 3118 2242 ἐχθρῶν
3153 2173 3394 2242 ῥύονται.

2306 2341 2414 2412 (57)
2455 2343 2720 2408 Πολλάκις
2743 2345 2966 2416 ρύονταί
2996 2365 3165 2412 τινες,
3201 2349 3296 2402 καὶ
3319 2349 3386 2403 τά
3416 2351 3583 2404 λοιπά.

2305 2433 2416 2503 (58)
2448 2435 2560 2487 Οὐκ
2579 2436 2656 2498 εἰς
2678 2436 2773 2506 τὴν
2790 2437 2898 2489 τῶν
2915 2439 3190 2492 Ἰουδαίων
3219 2443 3531 2514 συναγωγὴν
3551 2446 3619 2508 είς
3631 2442 3752 2516 Ἰερο-

2237 2525 2438 2594 σόλυμα
2467 2526 2600 2595 πρὸς
2634 2529 2758 2590 τοὺς
2785 2529 2956 2598 ἱερεῖς
2999 2530 3098 2582 καὶ
3128 2537 3475 2602 γραμματεῖς
3516 2541 3598 2589 καὶ
3627 2539 3752 2608 Φαρι-

2236 2613 2410 2677 σαίους
2440 2615 2734 2685 ἀπέρχεται
2759 2619 2787 2669 ὁ
2815 2618 3072 2686 ἄγγελος⁸
3089 2620 3225 2673 ἀλλά
3251 2625 3527 2692 ποιμένας
3539 2628 3752 2694 εὑρίσκει

2233 2704 2695 2772 ἀγραυλοῦντας,
2749 2709 2846 2761 καὶ
2893 2709 3338 2780 φυλάσσοντας
3379 2717 3634 2783 φυλακὰς
3671 2715 3752 2784 τῆς

2232 2795 2446 2860 νυκτός
2460 2795 2556 2848 ἐπὶ
2575 2796 2688 2882 τὴν
2714 2799 2984 2866 ποίμνην
3010 2802 3232 2855 αὐτῶν
3265 2804 3470 2869 τούτοις
3500 2807 3597 2878 γὰρ
3627 2809 3752 2876 εὖαγ·

2234 2884 2500 2951 γελίζεται
2527 2885 2620 2969 τοῦ
2651 2886 2907 2957 Σωτῆρος
2934 2889 3036 2960 τὴν
3069 2893 3348 2964 γέννησιν.
3384 2889 3535 2950 Οὗτοι
3567 2897 3648 2968 μὲν
3672 2899 3752 2969 γὰρ

2231 2971 2488 3025 ἄπλαστοι
2509 2968 2664 3043 ἦσαν,
2692 2973 2788 3044 τὴν
2818 2976 3065 3032 παλαιὰν
3091 2981 3370 3036 πολιτείαν
3399 2984 3658 3055 ζηλοῦντες
3673 2968 3754 3037 τῶν

2233 3061 2596 3131 πατριαρχῶν.
2641 3063 2914 3133 Ποιμένες
2961 3067 3072 3140 γὰρ
3097 3065 3240 3141 ἦσαν
3278 3073 3374 3126 καὶ
3401 3068 3556 3141 οὗτοι,
3598 3075 3641 3128 οἰ
3686 3076 3755 3128 καὶ

603 3142 888 3221 tiaverunt.
945 3164 1024 3218 llli
1059 3180 1287 3234 namque
1339 3168 1532 3236 quippe
1597 3142 2132 3222 invidia-tabescen-

2235 3149 2518 3220 δραμόντες
2549 3155 2658 3216 τοῖς
2683 3153 2901 3224 ἑτέροις
2924 3159 3018 3212 καὶ
3047 3162 3409 3232 ἀπήγγελλον.
3459 3166 3656 3218 Ἐκεῖνοι
3673 3165 3753 3233 γὰρ

603 3263 684 3309 tes
717 3293 732 3316 ,
788 3253 1111 3308 occultaturi
1169 3253 1394 3308 fuissent
1446 3255 1624 3309 nnmdi
1680 3255 1869 3308 salutis
1922 3264 2133 3324 myste-

600 3343 760 3395 rium.

671 3429 826 3482 Solus
857 3429 1053 3482 etenim
1094 3429 1194 3482 iste
1232 3429 1440 3497 aperuit
1467 3429 1676 3483 vulvam
1706 3445 1770 3484 ex
1799 3428 2013 3498 Virgine
2043 3445 2135 3484 na-

603 3528 705 3572 tus.
736 3518 876 3570 Nihil
911 3519 1051 3571 enim
1079 3528 1200 3572 ante
1235 3519 1503 3572 Christum
1536 3520 1749 3572 vulvam
1782 3519 1926 3573 illius
1958 3520 2136 3586 tetige-

602 3616 704 3659 rat.
739 3604 926 3659 Omnia
954 3619 1083 3660 vero
1113 3607 1467 3675 primogenita
1493 3646 1509 3670 ,
1539 3606 1750 3660 tametsi
1781 3607 2132 3675 primogenita

601 3693 729 3757 sint,
760 3706 862 3745 non
899 3701 1072 3746 tamen
1103 3693 1346 3762 aperiunt
1375 3693 1547 3762 prima
1578 3692 1819 3756 vulvam,
1848 3693 1942 3747 sed
1973 3694 2135 3747 mari-

601 3787 703 3832 IIIS.

670 3867 746 3922 Ne
775 3867 910 3923 forte
958 3869 1259 3938 reliquisset
1289 3883 1400 3924 eos.
1450 3869 1702 3925 Dolentes
1737 3869 1894 3938 igitur
1929 3884 2132 3933 quaere-

598 3959 728 4013 bant
762 3959 954 4012 Filium
988 3958 1077 4012 Dei
1113 3976 1125 4011 :
1158 3967 1211 4013 et
1235 3969 1533 4027 quarrentes
1566 3960 1735 4028 ipsum
1783 3973 1884 4012 non
1918 3960 2132 4012 invene-

599 4057 723 4102 runt
750 4050 887 4102 inter
919 4049 1216 4118 cognatos:
1243 4055 1359 4101 erat
1387 4047 1530 4101 enim
1557 4061 1719 4116 supra
1764 4048 2129 4117 cognationem

595 4154 802 4195 eorum.

1263 4223 1412 4280 CAP.
1461 4222 1524 4278 ll.

597 4315 664 4374 V.
694 4317 781 4372 49.
817 4314 938 4370 Non
966 4315 1236 4380 noveratis,
1265 4315 1387 4383 quia
1423 4316 1479 4368 in
1506 4315 1594 4379 iis,
1635 4329 1749 4381 qua:
1779 4313 1956 4368 Patris
1981 4325 2127 4382 sunt,

2231 3240 2611 3312 διεφθαρμένοι
2654 3243 2806 3308 ὄντες
2835 3247 2917 3318 τῷ
2951 3250 3132 3322 φθόνῳ
3151 3294 3166 3317 ,
3199 3253 3424 3326 ἔμελλον
3451 3257 3679 3328 κρύπτειν
3707 3254 3752 3309 τὸ

2230 3330 2329 3400 τῆς
2359 3331 2451 3383 τοῦ
2472 3333 2675 3402 κόσμου
2709 3340 2996 3409 σωτηρίας
3032 3345 3353 3415 μυστήριον.

2302 3419 2410 3512 (159)
2433 3422 2605 3486 Μόνος
2635 3425 2742 3495 γὰρ
2771 3421 2934 3493 οὗτος
2954 3431 3191 3503 διήνοιξε
3217 3440 3427 3509 μήτραν
3452 3441 3514 3493 ὲκ
3539 3438 3751 3512 παρθένου

2231 3510 2457 3600 τεχθείςςγ
2486 3513 2645 3566 Οὐδὲν
2683 3515 2792 3586 γὰρ
2831 3519 2935 3589 τῆς
2982 3523 3202 3593 μήτρας
3234 3527 3447 3598 ἐκείνης
3477 3510 3636 3600 ἥψατο
3675 3527 3752 3597 πρὸ

2229 3597 2481 3668 Χριστοῦ.
2511 3601 2692 3655 Πάντα
2707 3603 2762 3657 δὲ
2783 3608 2858 3658 τὰ
2891 3611 3252 3680 πρωτότοκα,
3285 3619 3334 3669 εί
3369 3597 3461 3671 καὶ
3492 3597 3754 3688 πρωτότοκά

2230 3689 2392 3780 εστιν,
2416 3690 2526 3744 ἀλλ’
2551 3693 2610 3744 ού
2646 3693 3016 3766 διανοίγουσιν
3046 3704 3189 3758 αὐτὰ
3217 3709 3408 3778 πρῶτα
3434 3709 3526 3780 τὴν
3556 3710 3752 3780 μήτραν,

2229 3778 2341 3832 ἀλλ’
2368 3782 2404 3832 o
2425 3780 2666 3851 σύμϐιος.

2301 3867 2409 3938 (60)
2438 3871 2646 3940 Μήπως
2667 3877 3073 3937 καταλέλοιπεν
3096 3885 3317 3950 αὐτούς.
3337 3888 3662 3958 Ὀδυνώμενοι
3687 3880 3755 3938 οὖν

2229 3955 2448 4048 ἐξήτουν
2477 3960 2564 4014 τὸν
2595 3961 2718 4015 Υἱὺν
2749 3967 2855 4019 τοῦ
2891 3970 3032 4024 Θεοῦ
3049 4013 3065 4038 ,
3091 3977 3186 4028 καὶ
3209 3974 3489 4048 ςηιτοῦντες
3511 3979 3668 4040 αὑτὸν,
3685 3976 3756 4043 οὐχ

2229 4042 2382 4140 εῦρον
2423 4051 2480 4140 εν
2506 4053 2626 4114 τοῖς·
2640 4058 2974 4122 συγγενέσιν
2993 4079 3007 4093 ·
3051 4065 3192 4138 ὑπὲρ
3221 4042 3330 4138 γάρ
3355 4069 3450 4140 τὴν
3494 4042 3757 4137 συγγένειαν

2228 4137 2401 4189 αὐτῶν
2431 4133 2516 4207 ἦν.

2887 4240 3051 4294 ΚΕΦ.
3082 4243 3160 4298 B'.

2230 4322 2341 4393 (61)
2372 4321 2516 4388 Στίχ·
2550 4319 3035 4403 μθποὺπξλῇδειζε,
3069 4333 3158 4387 ὅτι
3187 4335 3258 4389 ἐν
3292 4337 3414 4403 τοῖς
3447 4337 3546 4391 τοῦ
3573 4334 3757 4402 Πατρός

1071 4385 1335 4454 oportebat
1367 4399 1476 4438 esse
1513 4398 1591 4434 me
1613 4383 1638 4435 ?

2237 4383 2247 4393 ‘
2323 4383 2334 4392 '
2753 4383 3214 4471 έόὲιεῖιὲάίλιὲξ

668 4475 739 4532 Ut
770 4477 836 4530 ad
859 4477 1078 4530 verbum
1102 4493 1371 4532 armemur
1387 4476 1643 4529 adversus
1664 4473 1856 4542 impias
1873 4474 2123 4538 haeneses,

2309 4484 2393 4546 Ὧς
2420 4481 2550 4552 πρὸς
2589 4481 2748 4552 ῥητὸν
2783 4463 3146 4562 ὁπλισώμεθά
3190 4463 3332 4549 κατά
3370 4497 3477 4550 τῶν
3515 4496 3668 4549 ἀθέων
3694 4494 3757 4561 αἱ·

600 4567 836 4620 dicentes
891 4567 1000 4637 (56)
1036 4567 1243 4622 Patrem
1279 4567 1403 4622 Jesu
1427 4567 1631 4621 Christi
1658 4579 1760 4617 non
1791 4578 1909 4618 esse
1930 4564 2124 4617 mundi

2235 4572 2446 4642 ρέσεων,
2485 4570 2782 4641 λεγουσῶν,
2815 4578 2900 4630 ὅτι
2929 4581 3030 4651 οὐχ
3058 4585 3087 4635 ὁ
3115 4585 3446 4656 δημιουργὸς
3475 4585 3646 4654 Πατὴρ
3679 4584 3757 4650 Ὶῃ-

595 4658 961 4721 conditorem;
995 4673 1164 4725 neque
1189 4659 1350 4713 Deum
1371 4658 1522 4728 legis,
1555 4670 1726 4724 neque
1751 4655 1911 4708 Deum
1939 4653 2121 4722 templi

2235 4659 2319 4712 σοῦ
2360 4658 2612 4728 Χριστοῦ,
2640 4659 2764 4712 οὐδὲ
2793 4667 2822 4716 ὁ
2847 4665 2984 4730 Θεὸς
3011 4670 3108 4722 τοῦ
3142 4653 3330 4742 νόμου,
3368 4653 3484 4727 οὐδὲ
3509 4653 3666 4733 ὀθεδς
3687 4665 3758 4719 τοῦ

594 4745 806 4799 Patrem
861 4759 981 4799 esse
1015 4746 1230 4800 Christi.
1277 4746 1424 4802 Hanc
1471 4747 1611 4801 enim
1646 4745 1760 4815 ejus
1803 4760 1981 4799 vocem
2029 4761 2119 4798 au-

2235 4747 2371 4811 ναοῦ,
2398 4743 2547 4810 οῦτός
2570 4750 2713 4802 ἐστιν
2746 4755 2776 4804 ὁ
2803 4755 2994 4828 Πατὴρ
3019 4759 3116 4811 τοῦ
3144 4763 3398 4832 Χριστοῦ.
3432 4764 3538 4833 Τῆς
3559 4761 3652 4831 γὰρ
3677 4773 3759 4825 (ξω-

593 4838 798 4890 dientes
825 4834 1182 4888 Valentiniani
1207 4839 1553 4902 erubescant;
1590 4836 1664 4888 ait
1686 4835 1880 4903 quippe
1908 4853 1922 4888 :
1958 4833 2026 4889 In
2057 4836 2121 4889 iis

2235 4839 2319 4910 γῆς
2355 4838 2515 4892 αὐτοῦ
2548 4839 2840 4906 ἀκούοντες
2877 4848 2930 4899 ὀἱ
2968 4851 3079 4904 ἀπὸ
3111 4855 3483 4918 Οὐαλεντίνου,
3523 4849 3758 4905 αἰδείσθωο

589 4943 705 4995 quo:
737 4925 911 4977 Patris
937 4925 1032 4978 mei
1060 4935 1180 4979 sunt
1208 4937 1404 4994 oportet
1441 4943 1520 4980 me
1555 4941 1662 4980 esse
1702 4941 1721 4979 :
1771 4926 1815 4979 si
1848 4925 2001 4979 modo
2026 4925 2122 4979 ad-

2235 4947 2341 4994 ςαν,
2375 4930 2647 4998 λέγοντοςο
2687 4931 2790 4984 Ἐν
2825 4937 2953 5004 τοῖς
2993 4942 3103 4995 τοῦ
3123 4947 3353 5012 Πατρός
3379 4963 3496 5013 μου
3531 4941 3618 4996 δεῖ
3636 4934 3757 4993 εἶναι

591 5016 830 5068 mittunt.
860 5013 1066 5080 Ergone
1113 5029 1277 5082 usque
1317 5016 1450 5070 adeo
1497 5025 1649 5070 erant
1685 5015 1885 5079 stolidi,
1929 5025 1986 5068 ut
2017 5030 2121 5069 non

2235 5036 2312 5086 ue,
2349 5021 2397 5072 εί
2441 5019 2749 5092 προσίενται
2783 5024 2845 5077 τὸ
2884 5030 3072 5098 ῥητόν.
3109 5029 3257 5104 *Δρα
3305 5035 3410 5106 γὰρ
3456 5034 3614 5095 οὕτως
3646 5026 3756 5098 ἦσαν

590 5105 950 5174 intelligerent
989 5105 1130 5172 quod
1156 5107 1289 5160 dixit
1317 5125 1332 5162 :
1364 5107 1430 5160 In
1446 5109 1508 5162 iis
1539 5125 1652 5173 qua:
1680 5107 1875 5172 Patris,
1909 5123 2026 5177 pro,
2055 5107 2113 5160 lu

2235 5113 2484 5176 Ξισύνετοι,
2513 5113 2587 5176 ὡς
2619 5114 2693 5184 μὴ
2717 5119 2980 5187 συνιέναι,
3018 5125 3048 5178 ὅ
3069 5143 3123 5178 τι
3157 5127 3342 5195 ἔλεγεν
3365 5105 3389 5157 '7
3422 5129 3514 5181 Ἐν
3535 5125 3644 5189 τοῖς
3675 5117 3756 5172 τοῦ

589 5197 822 5266 templo?
850 5197 954 5250 Aut
983 5211 1106 5248 num
1127 5198 1430 5266 mysterium
1453 5200 1735 5269 quodpiam
1773 5199 2046 5264 innuitur;
2076 5199 2119 5252 si

2235 5203 2468 5271 Πατρός,
2493 5205 2612 5258 ἀντὶ
2644 5206 2737 5259 τοῦ
2755 5225 2768 5239 ο
2811 5212 2901 5266 Ἑν
2921 5215 3001 5286 τῷ
3023 5218 3139 5289 ναῷ
3155 5261 3170 5286 ,
3195 5223 3266 5273 Ἢ
3289 5220 3493 5293 μήποτέ
3519 5237 3566 5272 τι
3588 5213 3756 5288 μυστή⁹

655 5309 700 5342 ³¹
731 5308 937 5363 Coloss.
968 5322 1008 5373 ι,
1035 5307 1121 5360 20.
1214 5309 1259 5340 ⁸⁸
1290 5309 1450 5365 Hebr.
1488 5328 1563 5378 vt,
1593 5311 1679 5376 l6,
1709 5311 1795 5368 l7.
1870 5310 1914 5342 ³³
1948 5309 2078 5363 Luc.
2109 5324 2134 5362 t

2235 5308 2268 5362 1.
2346 5309 2390 5341 ⁸ο
2416 5309 2546 5366 Luc.
2579 5327 2641 5378 tt,
2676 5316 2730 5371 8.

659 5423 768 5494 (56)
807 5423 940 5477 Hinc
968 5421 1176 5494 videtur
1220 5425 1461 5482 hausisse
1508 5427 1729 5482 PhOtius
1760 5425 1908 5493 plura
1937 5423 2124 5492 hujus-

589 5492 1062 5560 mOdiA'a‘rgumenta
1088 5492 1343 5551 adversus
1391 5492 1772 5556 Paullicianos,
1791 5494 1905 5546 sive
1961 5506 2125 5546 novos

587 5553 923 5650 Μηιὶζξιιξξιε,
945 5575 1100 5627 quem
1125 5563 1242 5621 vide
1263 5566 1313 5622 in
1327 5577 1468 5626 tomo
1481 5553 1762 5637 superiore
1778 5569 1974 5617 nostra;
1992 5560 2127 5615 Bibl.

2300 5425 2408 5494 (59)
2454 5429 2692 5496 Ἀνεπιγ.

2299 5495 2411 5564 (60)
2442 5495 2686 5578 Con:fer;._
2701 5498 2854 5557 hom.
2883 5520 2982 5562 XIX
3015 5519 3074 5564 et
3104 5511 3248 5569 infra
3290 5516 3344 5572 in
3385 5517 3503 5572 cod.
3556 5513 3665 5578 594,
3698 5504 3747 5558 εδ

2237 5579 2353 5630 cap.
2383 5581 2420 5627 ι,
2457 5581 2593 5618 vers.
2621 5567 2709 5621 63.

2286 5637 2390 5702 (lii)
2437 5636 2601 5703 Ὠριγ.
