3914 6408
192 367 286 424 533

1388 361 1671 417 SCHOIJA
1707 363 1773 418 ΙΝ
1809 360 2064 417 ιυοΑΜ.

3212 361 3315 417 556

249 482 448 545 αὐτοῦς
485 480 634 549 πρὸς
665 481 871 534 αὐτόν.
923 481 984 532 '0
1021 480 1090 533 δὲ
1124 482 1209 533 ἑνὶ
1254 479 1482 542 ἑκάστῳ
1508 480 1694 533 αὐτῶν

1868 497 2005 534 eum.
2034 482 2098 532 At
2127 481 2233 548 ipse
2261 480 2533 549 unicuique
2574 493 2750 533 eorum
2797 492 2981 531 manus
3029 476 3315 545 imponens.

249 552 342 614 τὰς
372 549 560 616 χεῖρας
588 548 834 611 suam,
865 549 1261 614 ἐθεράπευσεν
1291 551 1523 612 αὐτούς.

251 639 370 707 Περὶ
394 636 591 704 δυσμὰς
611 636 669 687 δὲ
691 635 915 698 τούτους
936 637 1206 706 προσῆγον
1223 675 1238 698 ,
1270 639 1384 706 ἢτοι
1412 637 1526 705 μεθ’
1559 637 1694 706 ἠμέ-

193 743 297 799 ραν,
343 723 730 793 αἰσχυνόμενοι,
778 725 812 794 ἢ
858 726 983 787 τοὺς
1006 727 1320 796 Φαρισαίους
1361 725 1693 795 φοϐούμενοι,

193 819 272 868 καὶ
293 816 388 883 (78)
415 815 534 883 περὶ
554 814 712 884 ἔτερα
745 815 1143 885 ἀσχολούμενοι,
1179 816 1212 884 ἢ
1234 817 1369 884 τάχα
1395 814 1698 884 νομίζοντες

194 906 361 968 ἐξεῖναι
389 903 700 973 θεραπεύειν
751 885 1029 975 Σαϐϐάτῳ.
1081 907 1481 976 Ἐπεοημήνατο
1521 906 1627 976 γὰρ
1669 908 1699 957 ὁ

194 996 566 1064 εὐαγγελιστὴς,
607 995 686 1046 ὅτι
741 990 811 1064 ἦν
865 995 1127 1048 διδάσκων
1193 997 1386 1058 αὐτοὺς
1443 996 1511 1048 ἐν
1555 997 1697 1048 Σαϐ-

197 1085 342 1146 ϐάτῳ,
380 1083 472 1134 Διὰ
501 1083 655 1134 τοῦτο
683 1083 810 1152 περὶ
834 1083 986 1135 δύσιν
1011 1083 1158 1152 ἡλίου
1184 1084 1306 1144 τοὺς
1341 1083 1521 1146 κακῶς
1548 1083 1694 1152 ἔχον-

191 1190 271 1234 τας
298 1171 604 1240 προσέφερον
640 1171 686 1221 οἱ
717 1172 1080 1239 προσήκοντες
1098 1190 1112 1198 ·
1133 1173 1163 1223 ὁ
1189 1172 1244 1223 δὲ
1282 1171 1472 1233 αὐτοὺς
1509 1171 1696 1241 ἐθερά-

193 1277 350 1314 πευσε.

805 1353 965 1405 ΚΕΦ.
1012 1351 1086 1404 Ζ’.

249 1439 377 1506 Στίχ.
409 1434 507 1489 κδ’.

250 1527 345 1595 (79)
381 1527 674 1597 Ἱστορικῶς
702 1527 760 1579 δέ
783 1541 797 1555 ·
829 1527 984 1582 Μετὰ
1006 1529 1100 1600 τὴν
1126 1529 1419 1600 ἀποστολὴν
1442 1530 1531 1583 τοῦ
1557 1530 1695 1600 ὀρνι-

189 1616 304 1676 θίου,
331 1616 520 1684 πρῶτον
546 1617 611 1668 τὰ
641 1618 836 1686 ἱμάτια
863 1619 1118 1671 πλύνεται
1146 1621 1173 1670 ὁ
1196 1619 1552 1690 καθαρισθεὶς,
1579 1617 1693 1673 εἶτα

186 1707 343 1758 πᾶσαν
369 1707 509 1776 τρίχα
542 1707 791 1777 ξυρᾶται,
817 1711 916 1763 καὶ
949 1712 1038 1763 ἐπὶ
1058 1712 1259 1776 τούτοις
1291 1713 1498 1765 λούεται
1525 1713 1689 1775 ὕδατι,

1868 550 2081 600 curabat
2118 565 2220 601 eos.

1861 639 2012 692 Circa
2061 652 2308 692 occasum
2346 652 2472 691 vero
2513 638 2608 690 llos
2649 633 3000 698 adducebant,
3045 634 3158 687 sive
3201 645 3320 700 post

1800 728 1964 790 diem,
2007 728 2240 787 reveriti,
2261 737 2348 780 aut
2387 726 2684 779 Phariszcos
2716 731 3035 785 metuentes,
3060 729 3152 774 aut
3179 722 3317 774 circa

1796 817 1896 868 alia
1936 817 2174 884 occupati
2221 817 2450 884 negotia,
2500 825 2596 868 aut
2644 814 2800 868 facile
2850 812 2948 865 rati
2997 825 3100 864 non
3157 811 3320 863 licere

1795 903 2029 957 Sabbato
2047 919 2253 957 curare.
2289 905 2620 957 Indicaverat
2653 902 2794 955 enim
2823 900 3170 967 evangelista,
3197 913 3320 951 eum

1795 994 2037 1047 docuisse
2066 993 2182 1047 illos
2201 994 2255 1046 in
2274 993 2497 1046 Sabbato
2512 993 2575 1046 “.
2606 991 2886 1058 Pmpterea
2908 989 3049 1042 circa
3074 1002 3320 1040 occasum

1795 1083 1925 1135 solis
1952 1097 2043 1136 eos
2066 1085 2152 1150 qui
2185 1084 2323 1136 male
2352 1085 2639 1146 habebant,
2666 1081 3002 1136 adducebant
3026 1077 3230 1141 amnes,
3265 1085 3320 1130 ct

1795 1169 1913 1223 illos
1944 1171 2054 1237 ipse
2080 1169 2306 1224 curavit.

2397 1345 2549 1399 CAP.
2603 1342 2709 1399 VII.

1865 1434 1928 1486 ν.
1964 1434 2053 1487 22.

1863 1523 2125 1578 llistorice
2145 1539 2276 1580 vero
2303 1542 2316 1578 :
2350 1523 2637 1594 Postquam
2669 1522 2873 1578 avicula
2897 1522 3088 1575 emissa
3121 1520 3315 1580 fuerat.

1793 1613 2018 1680 primum
2048 1616 2366 1669 vestimenta
2411 1615 2555 1670 lavat
2595 1616 2683 1682 qui
2735 1613 3047 1683 puriﬁcatur
3081 1628 3097 1664 :
3129 1611 3317 1664 deinde

1795 1716 1980 1754 omnes
2003 1702 2139 1769 pilos
2166 1703 2301 1756 radit
2329 1721 2344 1756 :
2382 1706 2614 1772 posthaec
2642 1703 2875 1758 abluitur
2911 1715 3069 1770 aqua,
3099 1700 3312 1753 tandem

188 1795 293 1863 μεθ’
326 1795 351 1846 ὃ
387 1797 683 1866 ἐπιφέρεται
727 1800 791 1851 τὸ
819 1839 834 1862 ,
886 1802 1150 1868 Καθαρὸς
1190 1804 1375 1857 ἐσται.
1413 1803 1508 1874 Εῖη
1551 1804 1592 1855 δ’
1630 1803 1694 1856 ἂν

1791 1791 2129 1860 snlijungitur
2171 1793 2296 1847 illud
2333 1810 2349 1845 :
2375 1794 2601 1847 Mundus
2623 1793 2719 1846 erit
2751 1793 2819 1848 “.
2849 1790 2966 1845 Jam
2997 1791 3312 1844 vestimenta

185 1883 246 1935 τὰ
281 1883 448 1952 ἱμάτια
486 1886 716 1939 πολιτεία
763 1889 852 1958 μὴ
901 1891 1113 1952 πάντως
1164 1892 1343 1955 κακῶς
1393 1893 1690 1962 ύφασμένη,

185 1975 287 2026 ὲιπὶ
332 1976 425 2026 κᾶν
460 1977 678 2029 ἀπέθετο
715 1980 919 2032 ταῦτα.
954 1981 1123 2049 Τρίχα
1145 1981 1205 2032 δὲ
1236 1981 1303 2033 τὰ
1341 1980 1693 2050 ὲξ-ανθήσαντα

183 2061 324 2133 νεκρὰ
348 2065 405 2132 τῇ
612 2065 749 2133 (80),
812 2062 902 2130 αἷς
924 2067 1156 2120 ἐναντίαι
1194 2068 1396 2120 αἰτοῦσι
1429 2069 1690 2137 Σαμουὴλ,

182 2152 378 2203 καὶτῶν
404 2153 700 2224 Ναζιραίων
735 2157 842 2208 καὶ
883 2156 1056 2208 αὐτῶν
1094 2156 1341 2226 μαθητῶν
1385 2157 1692 2228 ἠριθμημέ-

182 2259 271 2294 ναι.
311 2243 417 2294 Τῶν
445 2244 545 2314 γὰρ
579 2245 906 2317 Ναςιραίων
949 2247 1160 2316 σίδηρος
1200 2249 1290 2300 ἐπὶ
1330 2248 1425 2318 τὴν
1461 2249 1693 2318 κεφαλὴν

181 2333 263 2384 οὐκ
308 2333 551 2386 ἀνέϐαινε.
625 2336 797 2388 Πάνθ’
845 2337 945 2388 ὅσα
997 2335 1061 2389 ἂν
1111 2337 1331 2389 ποιῶσιν
1381 2337 1693 2406 εὐοδούμενα

182 2422 500 2492 πραττόντων,
532 2423 605 2485 ὡς
638 2425 772 2493 μηδὲ
817 2424 989 2491 φύλλα
1015 2424 1190 2476 αὐτῶν
1221 2425 1694 2495 καρποφορούντων

180 2511 420 2578 ἀπορρεῖν.
456 2510 589 2577 Ἤδη
637 2510 692 2562 δὲ
733 2510 854 2562 ἀπὸ
888 2509 978 2562 τοῦ
1022 2508 1265 2578 σώματος
1298 2508 1447 2562 ὕδατι
1479 2509 1566 2560 τὸν
1599 2526 1695 2578 μο-

182 2597 349 2666 λυσμὸν
381 2599 702 2660 ἀποτίθεται,
734 2597 836 2651 τοῦ
886 2598 1253 2667 βαπτίσματος
1293 2599 1349 2648 ὲν
1399 2597 1566 2665 τούτῳ
1611 2597 1696 2666 δη-

179 2683 417 2752 λουμένου.
457 2684 606 2737 Μετὰ
639 2685 695 2736 δὲ
724 2683 891 2736 τοῦτο
917 2685 1015 2753 τῆς
1050 2685 1147 2754 μὲν
1188 2683 1528 2753 παρεμϐολῆς
1554 2682 1696 2747 ἄξιος

178 2771 370 2838 γίνεται,
399 2776 473 2836 εἰς
497 2774 554 2825 δὲ
589 2775 681 2826 τὸν
713 2774 853 2825 ἴδιον
881 2769 1026 2825 οἷκον
1064 2773 1163 2825 οὐκ
1192 2772 1409 2824 εἴσεισιν
1436 2772 1538 2834 ἕως
1561 2777 1697 2842 ἡμε-

181 2863 268 2930 ρῶν
292 2864 414 2916 ἑπτὰ
438 2902 452 2926 ,
489 2865 580 2916 κα)⁸
624 2863 723 2916 τοῦ
774 2864 937 2916 πάλιν
972 2863 1287 2934 ξυρανθῆναι
1313 2863 1410 2932 τὴν
1440 2863 1690 2933 κεφαλήν.

177 2951 258 3004 Διὰ
289 2952 348 3004 τὰ
382 2953 482 3005 τῶν
503 2954 798 3022 δογμάτων
831 2953 1260 3022 κεραιωδέστερα
1307 2951 1440 3020 (81),
1479 2952 1572 3004 καὶ
1599 2954 1695 3022 τὴν

175 3039 343 3104 γνῶσιν
377 3040 689 3102 ἀποθέσθαι,
733 3041 810 3094 τὰ
839 3041 930 3092 τοῦ
962 3040 1152 3110 ἀνδρὸς
1184 3041 1580 3109 ἁμαρτήματω
1607 3041 1694 3094 διὰ

170 3126 217 3176 δὲ
238 3127 332 3180 τῶν
354 3129 581 3198 ὀφρύων,
617 3130 847 3182 ἃπασαν
874 3129 1066 3199 οἴησιν.

226 3299 321 3375 (ιε)
350 3301 440 3353 Διὰ
470 3302 520 3354 τί
549 3302 605 3356 δὲ
638 3299 749 3354 τοῦ
768 3300 967 3371 λεπροῦ
993 3298 1295 3353 ἁκάλυπτον
1321 3295 1454 3353 εἶναι
1481 3299 1576 3370 τὴν
1602 3315 1695 3352 κε·-

168 3388 342 3458 φαλήν;
369 3392 478 3444 Ἵνα
505 3391 793 3461 γνώριμος
827 3385 882 3461 ᾖ,
909 3389 1003 3441 καὶ
1031 3390 1103 3458 μὴ
1137 3388 1573 3458 μεταλαγχάνωσι
1597 3387 1694 3456 τῆς

173 3479 466 3550 ἀκαθαρσίας
511 3484 561 3533 οἱ
603 3478 910 3542 πλάζοντες
955 3477 1088 3548 (85).
1122 3479 1193 3530 Τὸ
1228 3479 1284 3530 δὲ
1331 3479 1498 3546 στόμα
1527 3493 1692 3530 κεκα-

169 3567 335 3636 λύφθαι
355 3571 516 3640 δηλοῖ,
539 3573 622 3624 ὅτι
645 3570 761 3641 χρὴ
789 3569 978 3622 ἑαυτὸν
1007 3565 1380 3630 καταδικάζειν
1407 3570 1472 3637 τῇ
1496 3568 1690 3637 σιωπῇ,

172 3657 334 3727 μέχρις
360 3659 422 3712 ἂν
456 3659 818 3730 ὑποστρέψας
853 3656 1178 3727 καθαρισθῇ.

221 3832 361 3885 Κατὰ
396 3833 452 3886 δέ
480 3851 634 3896 τινας
663 3832 849 3891 πάλιν,
880 3829 969 3882 τὸν
1003 3827 1090 3880 ὁλὺ
1115 3825 1229 3895 (84)
1268 3826 1460 3893 λεπρὺν
1501 3825 1692 3894 ὀνομά-

166 3935 267 3984 σας,
298 3923 601 3994 καθαρίζει’
639 3923 877 3982 δεικνὺς,
912 3920 986 3980 ὡς
1023 3919 1051 3968 ὁ
1084 3917 1212 3978 Θεὸς
1242 3916 1299 3967 τὸ
1340 3916 1573 3966 ποικίλον
1603 3932 1690 3983 μι-

165 4013 248 4063 σιῖ.
277 4013 609 4084 Σαφέστερον
649 4013 710 4066 δὲ
748 4009 950 4080 προῖὼν
981 4006 1134 4061 τοῦτο
1164 4005 1309 4074 δηλοῖ
1336 4005 1392 4055 ὲν
1429 4004 1504 4073 τῷ
1525 4021 1537 4033 ο
1587 4003 1692 4056 Τὸν

164 4097 452 4166 ἀμπελῶνά
510 4118 632 4156 σου
689 4103 762 4154 οὐ
810 4095 1197 4162 καταστεφεῖς
1254 4093 1520 4160 διάφορα.
1582 4093 1686 4146 Kal

161 4186 360 4252 ἱμάτιον
386 4191 453 4242 ἐκ
479 4189 592 4243 δύο
621 4187 998 4257 ὑφασμένον.
1030 4186 1136 4261 Kal
1165 4183 1236 4236 τὰ
1264 4182 1446 4250 κτήνη
1479 4196 1592 4236 σου
1619 4185 1689 4235 οὐ

162 4281 584 4345 κατοχετεύσεις
610 4277 947 4346 ἐτεροζύγῳ.
976 4273 1252 4342 Πανταχοῦ
1281 4272 1554 4342 προτιμῶν
1584 4272 1678 4342 τὴν

158 4365 424 4437 ἁπλότητα,
459 4371 586 4439 ἥτις
613 4371 676 4422 ὲν
707 4366 787 4436 τῷ
813 4365 1083 4444 ὀλολέςπρῳ
1116 4362 1409 4432 θεωρεῖται.

847 4537 949 4589 ΕΦ.
989 4536 1071 4586 H'.
1506 4575 1509 4578 .

157 4620 286 4692 Στίχ.
325 4634 418 4689 ις’.
454 4626 677 4690 οὐδεὶς
719 4539 1684 4693 λύξνονἅψας-καλύπτει-αὑζὸις

215 4687 427 4757 σκεύει,
464 4696 502 4763 ἣ
548 4687 837 4763 ὑποκάτῶ
875 4687 1379 4763 κλίνής-τίθησηλ
1400 4687 1540 4763 ,ἀλλ’
1585 4687 1682 4763 ἑπζ

213 4754 498 4839 λιλχνίαςξ
523 4765 633 4816 ἵνα
684 4763 736 4815 οἱ
785 4754 1257 4825 εἰσπορευόμενοι
1300 4755 1568 4819 βλέπωσι
1619 4754 1684 4807 τὸ

435 4921 522 4972 οὐ
577 4915 1202 4996 ιγιξρμιὲστι,κρυπτὸνζ
1235 4913 1379 4996 ὃ.οὺ
1427 4909 1682 4996 secretior

213 4981 520 5052 Mona:
540 5005 554 5014 ·
584 4981 742 5040 ὀὑδὲ
775 4981 1136 5054 ἀπόκρυφον,
1177 4982 1207 5034 ὃ
1235 4982 1306 5034 οὐ
1347 4981 1679 5047 γνωσθήσε-

213 5069 318 5118 ται,
345 5057 444 5108 καὶ
479 5059 571 5118 εἰς
600 5053 863 5122 φανερὸν
892 5051 1056 5118 ἔλθῃ.

150 5138 283 5212 Στίχ.
303 5094 400 5213 ἰηκ
443 5094 711 5198 Βλῖπζτε
745 5094 858 5194 ζῦν
895 5094 1034 5204 πεῶὲ
1060 5137 1315 5191 ἀκούετε.
1354 5138 1449 5200 Ὃς
1475 5135 1580 5203 γὰρ
1611 5135 1684 5188 ἂν

213 5297 257 5330 ⁸³
282 5295 409 5354 Luc.
432 5315 506 5363 tv,
539 5298 628 5363 t6,
656 5267 752 5350 5|.
828 5295 873 5325 “
904 5293 1069 5347 Levit.
1095 5307 1164 5345 xu
1185 5333 1198 5346 .
1275 5292 1317 5324 ⁶⁸
1349 5291 1515 5346 Levit.
1548 5304 1658 5355 six,
1695 5287 1780 5342 l9.

207 5409 313 5478 (78)
341 5411 580 5465 Omnino
609 5412 830 5478 videtur
848 5410 1029 5464 deesse
1056 5409 1136 5461 οὐ.

225 5476 308 5543 ‘79)
336 5480 393 5537 In
429 5484 556 5532 cod.
588 5494 715 5546 pag.
746 5476 837 5528 M.

257 5547 309 5608 0)
346 5549 524 5600 Locus
554 5547 801 5598 vitiatus.

209 5613 316 5685 (81)
344 5613 458 5669 Vox
489 5614 708 5668 vitiata.

1791 1885 2092 1951 signiﬁcare
2145 1894 2364 1953 possunt
2418 1885 2541 1939 vitae
2598 1894 2833 1939 tenorem
2906 1883 3043 1937 haud
3099 1897 3316 1950 prorsus

1791 1973 1927 2026 male
1966 1981 2296 2037 contextum,
2339 1974 2462 2040 quia
2487 1987 2675 2041 nempe
2704 1971 2791 2026 illa
2832 1972 3147 2040 deponebat.
3216 1969 3310 2024 Pili

1792 2063 2012 2118 innuere
2075 2073 2297 2132 possunt
2361 2063 2628 2117 mortifera
2703 2062 2944 2131 quaedam
3017 2062 3066 2113 in
3134 2060 3311 2112 anima

1791 2152 2208 2213 succrescentia,
2245 2151 2440 2216 quibus
2482 2150 2765 2203 contraria:
2781 2148 3046 2217 postulant
3073 2146 3312 2211 Samuel,

1791 2250 1846 2292 οι
1874 2239 2252 2304 Naziraeorum,
2290 2241 2628 2308 ipsorumque
2674 2239 3050 2307 discipulorum
3077 2252 3305 2292 enume-

1793 2339 1938 2382 ναίω.
1957 2329 2176 2384 Ferrum
2200 2343 2428 2397 namque
2448 2336 2602 2397 caput
2626 2327 2976 2382 Naziraeorum
2993 2341 3097 2381 non
3121 2342 3312 2382 ascen-

1792 2418 1966 2472 debat.
2021 2418 2354 2487 Quaecunque
2420 2422 2586 2472 enim
2619 2418 2817 2472 faciant
2855 2431 3102 2488 prospera
3158 2427 3316 2472 erunt

1793 2504 2131 2567 facientlbus,
2165 2505 2299 2558 adeo
2326 2513 2384 2558 ut
2410 2520 2474 2558 ne
2496 2503 2728 2559 deﬂuant
2758 2506 2887 2574 ipsis
2928 2505 3054 2558 folia
3095 2505 3307 2572 quidem

1793 2595 2222 2660 producentibus.
2257 2592 2372 2647 Jam
2411 2609 2537 2649 vero
2569 2609 2598 2647 a
2635 2608 2858 2663 corpore
2890 2607 3026 2662 aqua
3072 2588 3347 2662 coinqui-'

1795 2693 2097 2736 namentum
2149 2683 2409 2750 deponit:
2451 2684 2767 2751 baptismate
2810 2683 2865 2736 in
2911 2685 3010 2737 hoc
3056 2683 3311 2736 indicato.

1793 2771 1981 2825 Postea
2024 2787 2150 2825 vero
2189 2771 2382 2824 castris
2419 2773 2604 2840 dignus
2641 2771 2908 2824 habetur:
2945 2780 3000 2824 at
3045 2771 3310 2838 propriam

1793 2862 2002 2914 domum
2029 2876 2133 2915 non
2161 2863 2452 2931 ingreditur
2483 2869 2607 2914 ante
2640 2860 2753 2914 dies
2797 2869 3022 2928 septem,
3064 2869 3119 2912 et
3159 2869 3309 2912 ante-

1792 2962 1947 3016 quam
1971 2964 2153 3004 rursus
2173 2949 2449 3003 tondeatur
2461 2948 2654 3015 capite.
2677 2946 2779 3000 Per
2798 2947 3099 3014 dogmatum
3114 2960 3310 3014 oppor-

1795 3038 2072 3092 tunitatem
2105 3048 2157 3092 et
2184 3038 2561 3106 depositionem
2591 3035 2844 3097 scientiae,
2875 3035 3105 3088 hominis
3133 3049 3312 3102 pecca-

1721 3102 1762 3158 ο
1805 3135 1853 3177 ta
1876 3143 1890 3176 :
1915 3142 2008 3194 per
2036 3102 2312 3195 supercilia
2337 3139 2484 3186 vero,
2509 3137 2718 3178 omnem
2737 3123 2816 3176 sui
2839 3123 3305 3185 existimationem,

1792 3213 2001 3270 innuere
2021 3216 2199 3280 possit.

1860 3300 2056 3366 thuid
2081 3317 2206 3354 vero
2237 3301 2424 3368 leprosi
2465 3306 2624 3367 caput
2655 3306 2892 3366 apertum
2946 3311 3065 3352 esse
3093 3308 3306 3366 Oporte-

1791 3391 1921 3446 bat?
1951 3390 2019 3446 Ut
2046 3392 2416 3452 inuotesceret,
2451 3397 2507 3442 et
2536 3387 2721 3456 reliqui
2749 3387 3034 3455 participes
3065 3402 3166 3440 nou
3215 3389 3307 3440 lie-

1792 3491 1911 3536 rent
1935 3481 2282 3550 impuritatis,
2313 3480 2402 3546 qui
2449 3478 2515 3533 ad
2550 3493 2669 3532 eum
2710 3487 2910 3532 temere
2938 3478 3307 3531 accessissent.

1791 3571 1936 3637 Quod
1965 3580 2136 3624 autem
2167 3585 2226 3623 os
2251 3569 2600 3623 obvelandum
2631 3567 2791 3622 fuerit
2814 3606 2832 3633 ,
2869 3568 3134 3632 declarat,
3168 3569 3309 3634 quod

1781 3670 2034 3728 oporteat
2090 3662 2320 3728 seipsum
2371 3660 2626 3713 damnare
2673 3658 2908 3721 silentio,
2966 3657 3312 3726 quoadusque

1789 3762 2084 3802 conversus
2122 3747 2430 3814 puriﬁcetur
2458 3745 2596 3813 quis.

1853 3835 2009 3890 Juxta
2037 3837 2167 3889 alios
2197 3851 2399 3898 rursus,
2442 3850 2598 3902 quem
2643 3842 2812 3889 totum
2842 3834 3105 3902 leprosum
3139 3835 3310 3888 nomi-

1789 3934 2032 3988 naverat,
2061 3925 2309 3987 mundat;
2337 3925 2644 3988 ostendens,
2675 3923 2813 3991 quod
2839 3923 3046 3976 variqu
3089 3925 3160 3977 sit
3206 3925 3312 3977 Deo

1787 4017 1908 4070 odio
1932 4027 2069 4068 esse.
2124 4012 2460 4066 Manilestius
2486 4021 2659 4065 autem
2688 4012 2960 4080 aliquanto
3005 4011 3138 4064 intra
3170 4012 3307 4064 istud

1788 4106 2038 4166 declarat,
2068 4103 2340 4172 inquiens:
2375 4101 2585 4162 Vineam
2607 4111 2750 4154 tuam
2778 4117 2876 4154 non
2901 4102 3173 4155 seminabis
3203 4102 3310 4155 alia

1786 4204 1936 4261 atque
1965 4192 2070 4245 alia
2113 4194 2293 4258 specie.
2335 4188 2402 4243 Et
2447 4198 2631 4243 vestem
2668 4204 2732 4242 ea:
2761 4190 2958 4241 duobus
2990 4198 3199 4243 textam.
3241 4190 3310 4244 Et

1785 4281 2021 4348 jumenta
2047 4291 2135 4333 tua
2157 4296 2257 4332 non
2283 4279 2440 4347 facies
2465 4279 2602 4331 coire
2645 4294 2759 4335 cum
2785 4281 2996 4334 alterius
3027 4281 3209 4345 speciei
3236 4279 3308 4340 ,⁸³.

1798 4368 2002 4436 Ubique
2063 4353 2347 4436 praeferens
2397 4367 2790 4436 simplicitatem
2825 4407 2841 4430 ,
2922 4384 3040 4437 quae
3087 4369 3138 4422 iu
3171 4379 3312 4434 _t0to

1790 4461 1993 4529 lepruso
2030 4461 2319 4528 cunspicitu
2328 4476 2372 4514 r.

2491 4552 2506 4581 ι

1792 4617 1852 4670 ν.
1897 4619 1981 4676 16.
2015 4616 2204 4670 Nullus
2239 4619 2326 4681 qui
2351 4547 2892 4677 lfél'naixllzﬁcendit,
2917 4617 3141 4670 occultat
3163 4618 3303 4672 illam

1858 4703 1991 4750 vase,
2033 4686 2105 4738 vel
2141 4687 2278 4751 infra
2310 4685 2492 4736 lectum
2522 4685 2696 4752 ponit,
2745 4687 2833 4737 sed
2881 4701 3032 4737 suuer
3066 4685 3310 4740 candela-

1859 4757 1967 4816 bro,
1993 4766 2046 4805 ut
2068 4754 2406 4821 ingredientes
2428 4754 2628 4806 videant
2654 4751 2866 4806 lumen.‘

1789 4906 1851 4959 ν.
1898 4907 1977 4959 l7.
2036 4906 2154 4958 Non
2183 4915 2256 4957 est
2281 4906 2413 4958 enim
2444 4905 2700 4957 occultum
2723 4944 2739 4968 ,
2765 4903 2901 4973 quod
2943 4918 3042 4957 non
3079 4905 3313 4970 manife-

1854 4985 1990 5027 stum
2023 4974 2106 5040 fiet
2140 4987 2157 5024 :
2184 4988 2342 5041 neque
2379 4975 2622 5038 celatum,
2651 4977 2786 5042 quod
2826 4989 2924 5026 non
2953 4976 3308 5040 cognoscetur,

1856 5053 1902 5095 et
1934 5044 1985 5093 in
2013 5043 2340 5109 manifestum
2368 5043 2555 5093 veniat.

1792 5131 1856 5185 V.
1906 5131 1990 5185 18.
2039 5131 2298 5184 Attendite
2330 5130 2489 5198 igitur
2527 5129 3028 5200 quomodujaudttis.
3076 5128 3306 5194 Quienno

1868 5403 1955 5465 82)
1983 5400 2299 5455 Tlieodoret.
2323 5407 2376 5450 et
2403 5397 2618 5465 Origen.

1868 5405 1955 5465 82)
1983 5405 2299 5455 Tlieodoret.
2323 5407 2376 5450 et
2403 5405 2618 5465 Origen.

1845 5405 2138 5542 l83)_lfnrte
2166 5466 2639 5538 προσπελάζοντες,
2703 5473 2793 5517 aut
2835 5458 3164 5522 πελάζοντες,
3219 5456 3301 5504 vel

1785 5537 2182 5611 nlqotdgwmq.

1851 5598 1959 5678 (84)
1990 5598 2154 5661 Forte
2174 5603 2476 5670 ὁλόλεπρον,
2497 5607 2553 5652 ut
2585 5598 2744 5652 inl'ra.
