3914 6418
96 522 226 632 3’1

1460 534 1742 588 SCHOLIA
1784 533 1848 587 IN
1887 529 2136 587 LUCAM.

3274 519 3373 572 543

113 625 604 732 ,f‘gé'FPOEIBV,
650 647 768 700 atat
802 648 873 702 τὸ
905 650 1153 703 ἄσειστον
1186 648 1322 716 ἔχων
1368 649 1424 698 ὲν
1451 648 1518 715 τῇ
1548 644 1749 696 πίστει-

1872 647 1940 711 ιιιί
1999 656 2118 695 eum
2166 640 2314 706 sequi
2354 637 2533 691 valent
2583 633 2957 688 ascendentem
3006 628 3058 682 in
3107 625 3374 687 excelsum

133 715 167 816 ξ
194 727 294 790 υἱοὶ
318 728 527 799 ἱροτῶν
560 733 727 805 (90).
759 739 825 791 οτ
848 739 950 793 καὶ
969 715 1225 793 θανάτου
1249 740 1320 791 οὺ
1342 738 1628 806 γεύονται,
1645 734 1754 798 ἕως

1872 744 2088 788 neutem
2146 726 2588 783 manifestationis
2637 737 2748 777 suae
2802 738 2817 774 :
2867 733 2972 788 quo
3019 717 3144 786 quis
3188 715 3378 783 dignus

155 805 228 900 λγ
255 818 414 873 ίδωσι
455 823 583 876 τόν
628 828 796 881 Υίὸν
844 831 956 886 τοῦ
996 827 1305 896 ἀνθρώπου
1331 805 1649 895 ἐρχόμενον
1687 825 1757 875 ἐν

178 913 536 991 τῇβασιλείᾳ
563 917 804 972 αὑτοῦ.

266 1202 370 1270 Ζωὴ
403 1200 462 1254 δὲ
490 1201 521 1253 ὸ
559 1196 830 1270 Χριστός.
887 1199 946 1250 ὐ
979 1198 1034 1249 δὲ
1069 1196 1269 1264 ταύτης
1293 1191 1488 1261 «ἐχθρὸς
1517 1188 1754 1249 θάνατος,

212 1296 327 1349 καὶὸ
347 1292 418 1344 δι’
452 1290 760 1359 ἁμαρτίας,
797 1287 833 1357 ἢ
870 1286 1070 1355 ἑτέρως
1099 1281 1396 1350 νοούμενος.
1431 1271 1530 1328 Ὧν
1561 1276 1621 1328 τὸ
1646 1276 1758 1327 ἔτε-

209 1403 285 1456 ρον
305 1383 374 1436 δι’
408 1376 481 1435 ὧν
502 1382 740 1441 ἕκαστος
774 1377 934 1448 ἡμῶν
966 1375 1188 1445 πράττει
1223 1371 1516 1438 ἐκλέγεται.
1555 1369 1759 1435 Ὥσπερ

206 1454 280 1527 οὖν
326 1475 358 1526 ὁ
408 1469 645 1540 Χριστὸς
685 1467 856 1538 ἄρτος
897 1463 1012 1516 ἐστὶ
1048 1459 1173 1524 ζῶν,
1199 1457 1368 1519 οὕτως
1399 1459 1427 1511 ὁ
1450 1456 1638 1526 ἐχθρὸς
1671 1454 1759 1506 αὺ-

203 1564 280 1618 τοῦ
333 1563 572 1623 θάνατος
623 1558 791 1627 ἄρτος
838 1557 955 1607 ἐστὶ
998 1551 1201 1622 νεκρός.
1253 1549 1407 1601 Πᾶσα
1457 1546 1512 1598 δὲ
1573 1542 1759 1612 λογικὴ

200 1654 335 1724 ψυχὴ
369 1652 590 1721 θατέρῳ
620 1648 828 1700 τούτων
867 1645 1151 1715 τρέφεταιο
1185 1641 1218 1710 ἡ
1243 1640 1334 1709 μὲν
1358 1635 1620 1706 γενομένη
1649 1633 1762 1686 τούς

199 1765 295 1799 των
345 1743 546 1814 μόνον,
577 1741 613 1809 ἡ
658 1738 717 1790 δὲ
765 1737 864 1788 καὶ
911 1735 1002 1787 ἐπὶ
1051 1731 1296 1782 πλεῖστον
1341 1725 1605 1779 ἐσθίουσα.
1653 1725 1761 1776 Καὶ

200 1811 424 1900 τάχανοῖ
453 1828 551 1898 μὲν
583 1823 829 1885 σπανίως
859 1823 953 1875 καὶ
986 1817 1154 1890 μικρὰ
1187 1815 1579 1886 ἁμαρτάνοντες
1608 1811 1760 1880 μόνον

203 1921 459 1988 γεύονται
502 1915 761 1968 θανάτουο
813 1915 861 1964 οἱ
911 1911 967 1961 δὲ
1015 1907 1212 1978 ἀρετὴν
1257 1903 1597 1972 ἀνειληφότες
1642 1901 1758 1952 οὐδὲ

1855 823 2079 875 habetur
2116 817 2162 872 si
2212 816 2403 871 Petrus
2447 813 2628 878 fuerit,
2659 811 2956 878 habeatque
3011 807 3376 864 inconcussam

1854 911 2010 966 iidem
2044 929 2059 964 :
2088 908 2170 962 vel
2212 907 2300 960 lilii
2342 905 2629 959 tonitruum
2651 941 2666 962 .
2701 902 2789 969 qui
2827 899 2980 951 etiam
3017 903 3231 949 mortem
3276 909 3379 947 nou

1853 1001 2152 1070 gustabunt,
2180 1001 2338 1052 donec
2372 995 2571 1049 videant
2614 989 2812 1044 Filium
2842 988 3067 1042 hominis
3100 989 3380 1050 venientem

1854 1095 1908 1145 in
1942 1107 2096 1160 regno
2113 1105 2225 1143 suo.

1927 1184 2046 1236 Vita
2075 1194 2234 1248 porro
2265 1187 2345 1230 est
2376 1176 2637 1230 Christus.
2671 1169 2838 1236 Hujus
2869 1168 3059 1231 hostis,
3089 1183 3233 1222 mors
3267 1168 3384 1222 sive

1857 1287 1974 1342 quae
2006 1285 2100 1338 per
2133 1278 2432 1337 peceatum,
2455 1264 2566 1316 sive
2603 1261 2756 1314 aliter
2784 1257 3115 1323 intelligitur.
3150 1256 3224 1309 Ex
3259 1257 3380 1324 qui-

1858 1365 1954 1416 bus
1983 1361 2315 1414 alterutrunt.
2355 1368 2449 1422 per
2476 1368 2538 1406 ea
2565 1365 2682 1420 quae
2711 1347 2934 1417 quisque
2963 1355 3202 1400 nostrum
3232 1344 3381 1410 facit.

1857 1453 2092 1518 eligitur.
2119 1448 2270 1502 Sicut
2299 1447 2460 1514 igitur
2486 1441 2732 1497 Christus
2755 1448 2836 1492 est
2865 1438 3013 1501 panis
3043 1436 3186 1488 rivus
3213 1435 3282 1498 ⁸³,
3307 1435 3386 1490 sic

1859 1543 2027 1598 hostis
2051 1541 2164 1609 ejus
2197 1553 2371 1602 mors,
2411 1534 2563 1604 panis
2587 1541 2669 1586 est
2701 1537 2965 1584 mortuus.
3029 1526 3218 1581 Omnis
3258 1539 3384 1579 vero

1859 1630 2139 1685 rationalis
2189 1628 2370 1681 anima
2433 1624 2693 1676 alterutro
2747 1619 2934 1672 horum
2983 1619 3214 1671 nuzritur
3244 1633 3258 1669 :
3290 1613 3388 1667 sed

1859 1721 2094 1790 quaedam
2145 1718 2357 1785 quidem
2407 1713 2506 1767 hos
2563 1712 2824 1764 duntaxat
2871 1715 3070 1774 gustat,
3144 1702 3386 1772 quaedam

1859 1824 1988 1864 vero
2018 1807 2216 1875 largius
2268 1803 2519 1858 comedit.
2548 1795 2908 1852 Pluusibiliter
2933 1794 3091 1862 igitur
3138 1791 3386 1849 dixerim.

1860 1899 1999 1967 quod
2044 1897 2136 1966 qui
2179 1908 2300 1948 raro
2338 1903 2389 1945 et
2433 1903 2596 1958 parva
2651 1893 2908 1954 peccant,
2960 1891 3174 1952 gustant
3218 1879 3391 1934 solum

201 1968 460 2080 γεύονται
489 2003 674 2066 αὐτοῦ,
701 2003 819 2055 ἀλλ’
841 2003 928 2054 ἀεὶ
954 1968 1112 2068 ἄρτον
1135 1968 1632 2067 τρέφονταιτζῶντα.
1664 1990 1763 2042 Πέ-

1872 1997 2086 2041 mortem
2121 2003 2134 2038 :
2159 1994 2214 2036 at
2242 1983 2332 2051 qui
2362 1981 2614 2033 virtutem
2644 1983 2916 2037 exercent,
2940 1987 3005 2026 ne
3036 1979 3250 2038 gustant
3271 1968 3392 2037 qui-

195 2077 302 2169 ⁸τρῳ
332 2094 460 2158 οὖν,
483 2091 556 2150 οὗ
581 2094 770 2146 πύλαι
790 2089 878 2158 μὴ
896 2088 1270 2154 κατίσχυσαν
1289 2081 1455 2148 ᾅδου,
1481 2077 1762 2132 ἀκόλουθον

194 2166 487 2258 ⁷τούτου
517 2182 595 2252 μὴ
621 2177 902 2249 γεύεσθαι.
948 2175 1080 2226 Τότε
1108 2173 1215 2243 γάρ
1243 2187 1326 2233 τις
1357 2169 1571 2237 γεύεται
1609 2166 1766 2218 θανά-

198 2297 313 2340 του,
340 2279 437 2330 ὅτε
469 2274 642 2328 πύλαι
670 2271 798 2343 ᾅδου
827 2265 1240 2336 κατισχύσουσιν
1267 2260 1450 2315 αὑτοῦ.
1491 2257 1648 2310 Ἀλλὰ
1673 2259 1766 2309 καὶ

195 2370 308 2428 τοῖς
331 2366 438 2434 τῆς
470 2361 708 2434 βροντῆς
743 2358 898 2420 υἱοῖς,
927 2353 1253 2424 γεννηθεῖσιν
1291 2349 1395 2402 ἀπὸ
1428 2347 1647 2418 βροντῆς
1677 2347 1767 2398 ἁν-

201 2451 479 2524 θρωπίνου
503 2433 611 2518 ipf;
621 2462 813 2516 ματος,
836 2442 1090 2495 ἀδύνατον
1111 2435 1179 2509 ἦν
1206 2437 1432 2490 θανάτου
1453 2433 1764 2502 γεύσασθαι,

201 2541 296 2596 τοῦ
336 2539 546 2610 σφόδρα
579 2537 778 2607 πόῤῥω
801 2533 900 2605 τῆς
927 2530 1130 2601 μητρὸς
1169 2527 1346 2581 αὐτῶν
1371 2525 1612 2595 βροντῆς.

278 2799 354 2850 Τὸ
384 2797 461 2861 δὲ,
497 2796 636 2859 ἕως.
681 2789 916 2844 ἐνταῦθα
946 2788 1093 2858 δηλοῖ
1113 2787 1203 2838 τὸν
1233 2783 1617 2849 κατεπείγοντα
1645 2781 1770 2851 περὶ

204 2887 306 2939 τοῦ
339 2884 674 2956 δηλουμένου
707 2881 924 2950 χρόνον,
952 2880 1010 2930 οὐ
1041 2874 1494 2947 περιοριζόμενον,
1519 2871 1655 2923 ὥστε
1683 2887 1771 2938 γε·

205 2976 402 3029 νὲσθαι
455 2974 595 3045 μετὰ
641 2973 706 3025 τὸ
751 2971 856 3033 ἕως
904 2969 966 3021 τὸ
1011 2969 1069 3020 ὲν
1123 2964 1268 3034 αὐτῷ
1311 2963 1387 3032 τῷ
1433 2961 1766 3032 δηλουμένῳ·

205 3065 290 3128 ὡς
335 3066 426 3118 τοο
459 3064 566 3117 Καὶ
589 3061 721 3116 ὶδοὺ
746 3060 861 3129 ἐγὼ
890 3058 1016 3128 μεθ’
1042 3056 1204 3124 ὑμῶν
1231 3057 1345 3123 εἰμι
1365 3053 1472 3117 ἕως
1493 3050 1601 3117 τῆς
1625 3066 1770 3103 συν-

207 3152 456 3217 τελείας
496 3150 601 3204 τοῦ
643 3147 879 3212 αἰῶνος.
927 3146 1040 3198 Οὐκ
1085 3142 1372 3210 ἐγεύσαντο
1411 3138 1538 3206 γοῦν
1585 3136 1690 3188 οὐδ’
1725 3138 1771 3187 οἱ

211 3241 508 3296 ἀπόστολοι
563 3238 658 3291 τοῦ
692 3234 1076 3308 προηρημένου
1110 3233 1242 3300 (90')
1271 3227 1488 3298 -νοητοῦ
1547 3227 1770 3280 θανάτου

217 3332 374 3401 μετὰ
406 3332 464 3384 τὸ
497 3331 620 3382 ἰδεῖν
654 3326 753 3396 τὴν
787 3325 894 3377 τῶν
922 3322 1246 3393 τηλικούτων
1271 3318 1484 3388 ἀγαθῶν
1527 3317 1770 3386 θεωρίαν.

311 3421 463 3473 Ἐπεὶ
503 3419 558 3471 δὲ
613 3418 672 3469 ὲν
723 3417 836 3477 τοῖς
880 3413 1128 3482 Ψαλμοῖς
1178 3410 1415 3480 εἴρηται·
1463 3407 1556 3472 Τίς
1610 3405 1777 3458 ἐστιν

217 3508 532 3575 ἅνθρωπος
577 3506 644 3571 ὃς
692 3503 878 3570 ζήσει,
927 3501 1024 3554 καὶ
1076 3502 1184 3552 οὐκ
1244 3498 1447 3566 ὄψεται
1491 3494 1743 3550 θάνατον
1759 3510 1776 3556 ;

220 3599 350 3661 καὶ,
412 3596 646 3650 meam
671 3595 749 3661 δὴ
779 3593 1044 3655 θάνατος.
1063 3590 1154 3641 ἐπ’
1177 3589 1420 3652 αὐτούς·
1463 3586 1554 3638 καὶ
1591 3584 1646 3637 ἔν
1676 3601 1778 3636 τινι

222 3688 345 3739 τῶν
374 3685 692 3758 προφητῶνο
734 3682 1026 3737 Κατέπιεν
1056 3681 1088 3731 ό
1129 3677 1378 3741 θάνατος
1407 3675 1689 3743 ἰσχύσας·
1724 3673 1781 3723 ἐν

226 3776 298 3828 δὲ
336 3779 400 3846 τῇ
452 3773 846 3842 ’Δποκαλύψειο
894 3772 955 3822 '0
995 3769 1244 3831 θάνατος
1276 3765 1370 3818 καὶ
1402 3767 1433 3818 ὁ
1464 3763 1610 3844 ᾅδῃς
1646 3763 1783 3814 dxo-

227 3866 443 3919 ⁴μῑουθιιῖῖ
469 3882 589 3918 τισι
608 3883 622 3895 ν
678 3865 888 3934 μήποτε
932 3859 1148 3912 ἔλαττον
1194 3856 1356 3909 κακόν
1392 3856 1504 3906 ἐστι
1554 3853 1612 3905 τὸ
1659 3853 1783 3904 ἰδεῖν

234 3953 480 4015 θάνατον,
520 3954 710 4008 τούτου
735 3953 792 4005 δὲ
829 3950 1011 4021 μεῖζον
1039 3948 1100 4001 τὸ
1123 3944 1412 4014 γεύσασθαι
1445 3942 1627 4004 αὑτοῦ,
1664 3942 1784 3994 τού·-

235 4058 341 4094 του
361 4045 413 4096 δὲ
448 4044 523 4096 ἔτι
553 4047 734 4114 χεῖρον
760 4043 821 4093 τὸ
849 4037 1161 4095 ἀκολουθεῖν
1196 4051 1297 4086 τινι
1323 4033 1572 4096 θάνατονς
1605 4032 1698 4083 καὶ
1723 4031 1782 4082 ού

241 4131 405 4199 μόνον
447 4134 754 4187 ἀκολουθεῖν
772 4175 786 4198 ,
840 4129 977 4183 ἀλλὰ
1019 4128 1113 4180 καὶ
1142 4125 1240 4193 ἥδη
1280 4122 1446 4175 ἐλθεῖν
1479 4121 1564 4172 ἐπ’
1606 4121 1782 4182 αὑτὸν,

238 4223 347 4274 καὶ
379 4226 685 4277 καταλαϐεῖν
731 4225 960 4275 ἐκεῖνον,
989 4212 1033 4286 ᾧ
1073 4216 1331 4286 πρότερον
1367 4210 1678 4283 ἠκολούθει;
1715 4211 1787 4264 Τὸ

239 4310 308 4362 δὲ
349 4315 704 4384 καταποθῆναι
734 4311 842 4365 ὑπὸ
876 4309 970 4362 τοῦ
1003 4307 1230 4361 θανάτου
1268 4303 1480 4356 πάντων
1517 4301 1660 4354 δοκεῖ
1699 4317 1786 4369 μοι

241 4397 533 4474 βαρύτερον
559 4401 700 4457 εἶναι
725 4401 836 4454 τῶν
865 4398 1187 4470 εἰρημένων.
1222 4393 1329 4445 Καὶ
1358 4392 1646 4461 ἐπιστήσας
1679 4391 1788 4451 τοῖς

238 4489 541 4565 λεγομένοις
578 4496 672 4549 καὶ
695 4496 763 4563 τῇ
794 4490 1023 4558 διαφορᾷ
1055 4485 1162 4538 τῶν
1191 4480 1661 4552 ἁμαρτανομένων,
1693 4480 1789 4532 οὐκ

1863 2077 1979 2128 dem
2018 2081 2268 2134 mortem.
2315 2071 2408 2124 sed
2447 2084 2656 2138 semper
2707 2079 2843 2136 pane
2892 2065 3013 2116 vivo
3061 2060 3387 2114 nutriuntur.

1861 2166 2206 2233 Consequens
2231 2162 2393 2230 igitur
2419 2170 2554 2225 erat,
2601 2169 2658 2212 ut
2696 2157 2903 2216 Petrus,
2951 2155 3193 2206 adversus
3241 2164 3391 2231 quem

1863 2263 2024 2319 portae
2044 2253 2201 2322 inferi
2233 2268 2335 2305 non
2364 2250 2743 2319 prwvalueruut
2773 2246 2836 2308 3‘,
2855 2260 2970 2298 eam
3003 2257 3107 2296 non
3135 2223 3388 2308 gustaret.

1866 2341 2012 2396 Tunc
2059 2340 2202 2394 enim
2251 2341 2370 2407 quis
2421 2350 2644 2392 mortem
2695 2343 2914 2405 gustat,
2963 2331 3174 2400 quando
3225 2340 3393 2398 portas

1867 2429 2021 2484 inferi
2053 2432 2308 2483 adversus
2335 2442 2455 2483 eum
2487 2424 2869 2494 praevalebunt.
2907 2423 3042 2488 Quin
3071 2421 3231 2475 etiam
3258 2420 3395 2474 filios

1869 2519 2088 2573 tonitrui
2112 2556 2128 2581 ,
2159 2519 2369 2587 genitos
2408 2534 2435 2570 a
2486 2517 2684 2569 tonitru
2712 2514 2978 2568 incarnati
3005 2511 3264 2573 vaticinii,
3296 2513 3397 2562 im-

1867 2608 2125 2676 possibile
2149 2619 2266 2662 erat
2288 2618 2503 2674 gustare
2524 2616 2768 2666 mortem,
2794 2619 2912 2671 qua:
2936 2603 3216 2657 admodum
3243 2600 3397 2668 longe

1867 2697 2028 2750 distat
2061 2709 2091 2748 a
2123 2705 2294 2749 matre
2321 2709 2502 2748 eorum
2545 2694 2766 2747 tonitru.

1933 2786 2202 2839 Particula
2256 2785 2440 2847 donec,
2505 2783 2606 2837 hoc
2645 2783 2761 2836 loco
2820 2779 3053 2833 declarat
3107 2777 3399 2835 imminet»

1872 2877 1947 2932 rei
1987 2875 2364 2930 demonstrata:
2423 2883 2630 2943 tempus
2658 2911 2676 2937 ,
2717 2887 2822 2926 non
2866 2870 3140 2925 deﬁnitum
3189 2879 3248 2921 ut
3292 2869 3398 2934 sit,

1870 2974 2150 3036 postquam
2187 2965 2237 3016 id
2272 2963 2545 3026 evenerit,
2575 2961 2714 3030 quod
2758 2960 3184 3022 demonstratur;
3244 2966 3303 3011 ut
3342 2957 3396 3011 in

1872 3057 1959 3110 illo
1993 3072 2006 3107 :
2041 3055 2173 3108 Ecce
2205 3069 2296 3121 ego
2341 3053 2598 3105 vobiscum
2636 3065 2772 3112 sum,
2819 3049 2981 3101 donec
3017 3055 3400 3100 consummatur

1874 3144 2121 3199 saeculum
2150 3143 2216 3194 ⁸⁸.
2249 3141 2362 3194 Non
2402 3147 2754 3209 gustaverunt
2775 3137 2935 3206 igitur
2963 3134 3185 3202 apostoli
3211 3133 3400 3201 praedi-

1872 3246 2008 3291 ctam
2031 3231 2353 3304 spiritualem
2371 3239 2615 3292 mortem,
2631 3235 2904 3297 postquam
2924 3221 3267 3291 contemplati
3277 3233 3402 3277 sunt

1875 3325 2130 3378 visionem
2159 3331 2428 3376 tantorum
2458 3319 2735 3372 bonorum.

1943 3410 2075 3476 Quia
2101 3425 2229 3464 vero
2269 3409 2320 3462 in
2354 3405 2578 3462 Psalmis
2604 3405 2800 3459 dictum
2846 3412 2964 3458 est:
2988 3401 3114 3466 Quis
3146 3409 3218 3454 est
3249 3402 3402 3454 homo

1874 3503 1960 3571 qui
2008 3501 2159 3562 uiuet,
2211 3508 2258 3550 et
2313 3513 2413 3550 non
2449 3493 2639 3548 videbit
2681 3504 2896 3546 mortem
2946 3490 3027 3545 ⁸⁶Ῡ
3055 3491 3171 3545 Et:
3225 3489 3402 3543 Veniat

1877 3593 2053 3660 utique
2089 3604 2227 3642 mors
2265 3587 2332 3640 ad
2379 3601 2465 3639 eos
2487 3585 2554 3638 ⁸⁷.
2586 3584 2646 3637 Et
2702 3583 2755 3635 in
2810 3583 3041 3650 quodam
3101 3581 3402 3650 propheta:

1877 3678 2152 3749 Deglutivit
2183 3691 2320 3730 mors
2357 3673 2640 3743 pra’valens
2665 3672 2730 3725 ⁸⁸.
2765 3673 2940 3740 Atque
2972 3673 3021 3724 in
3050 3671 3405 3740 Apocalypsi,

1879 3785 2017 3822 mors
2061 3779 2109 3822 et
2152 3765 2383 3835 infernus
2436 3763 2669 3830 sequitur
2714 3762 2959 3830 quosdam
2989 3761 3073 3818 ⁸’;
3106 3760 3286 3819 nescio
3339 3773 3405 3812 an

1879 3874 1984 3912 non
2010 3857 2185 3910 minus
2216 3853 2407 3908 malum
2456 3853 2526 3904 sit
2573 3850 2750 3905 videre
2790 3860 3050 3914 mortem,
3097 3850 3197 3902 hoc
3237 3848 3408 3916 majus

1878 3960 1996 4002 eam
2047 3952 2296 4010 gustare;
2330 3950 2382 3994 et
2425 3939 2524 3992 hoc
2553 3952 2737 3991 rursus
2778 3938 2948 4007 pejus,
2989 3939 3033 3990 si
3073 3953 3228 4004 quem
3265 3951 3407 3988 Iners

1861 4038 1992 4102 .insa
2023 4044 2277 4100 sequatur
2302 4047 2317 4082 :
2349 4040 2402 4082 et
2429 4043 2533 4082 non
2554 4037 2807 4096 sequatur
2833 4028 3009 4092 modo,
3039 4041 3220 4080 verum
3247 4027 3406 4080 etiam

1882 4127 1946 4179 ad
1976 4126 2146 4194 ipsum
2173 4122 2369 4184 veniat,
2397 4129 2449 4173 et
2471 4117 2888 4186 comprehendat
2910 4132 3050 4180 eum,
3084 4130 3239 4183 quem
3263 4116 3410 4182 prius

1883 4215 2224 4282 sequebatur.
2271 4208 2526 4278 Deglntiri
2571 4220 2697 4260 vero
2728 4221 2757 4259 a
2792 4215 2992 4270 morte,
3031 4205 3241 4257 videtur
3279 4204 3406 4256 mihi

1883 4301 2253 4371 gravissimum
2280 4298 2542 4360 omnium,
2573 4310 2689 4364 quae
2711 4295 2850 4347 dicta
2871 4301 3014 4345 sunt.
3068 4291 3232 4345 Porro
3254 4292 3409 4346 dictis

1886 4390 2161 4452 insistens,
2187 4396 2240 4441 et
2262 4385 2576 4439 diﬂ'erentia:
2613 4393 2971 4450 peccatorum,
3009 4381 3147 4435 haud
3191 4395 3406 4435 recusa-

1885 4481 2079 4545 bis,,ut
2111 4477 2366 4556 arbitror,
2392 4475 2696 4537 admittere,
2723 4473 2846 4526 talia
2874 4472 3113 4540 quatdat'n
3145 4472 3198 4526 in
3232 4471 3411 4525 animo

235 4563 504 4653 ὀκνήσεις,
522 4581 692 4655 οἶμαι,
716 4577 1120 4651 παραδέξασθαι
1139 4571 1358 4626 τοιαῦτὰ
1378 4587 1494 4622 τινα
1515 4569 1767 4637 νενοῆσθα

1893 4569 2150 4623 habuisse.
2172 4566 2466 4635 Spiritum,
2520 4565 2611 4632 qui
2652 4563 2779 4618 fecit
2801 4572 2875 4632 _ut
2907 4563 3027 4615 talia
3055 4563 3414 4617 scriberentur

234 4666 330 4734 τῷ
361 4675 700 4745 ἐνεργήσαντι
723 4670 900 4725 ταῦτα
932 4667 1205 4736 γραφῆναι
1235 4666 1290 4716 ὲν
1321 4667 1431 4726 τοῖς
1469 4661 1664 4728 λογίοις
1694 4659 1784 4710 τοῦ

231 4752 384 4811 Θεοῦ
416 4763 704 4832 Πνεύματι.

314 4847 382 4903 Τί
405 4852 458 4906 δὲ
483 4851 729 4923 δηλοῦται
758 4851 818 4900 ὲν
847 4845 924 4914 τῷ
955 4845 1080 4896 ίδείν
1111 4844 1198 4894 τὸν
1232 4842 1355 4892 Υίὸν
1378 4837 1472 4890 τοῦ
1506 4835 1782 4906 ἀνθρώπου

224 4933 526 5012 ἐρχόμενον
553 4945 609 4995 ἐν
633 4944 700 5010 τῇ
742 4936 987 5009 βασιλείᾳ
1013 4932 1196 4995 αὐτοῦ,
1227 4932 1318 4985 καὶ
1359 4933 1414 4983 ὲν
1445 4932 1510 4999 τῇ
1546 4928 1670 4998 δόξῃ
1695 4927 1787 4977 αὑ-

220 5021 376 5094 τοῦς
403 5034 489 5086 καὶ
509 5033 560 5085 τί
585 5031 840 5102 σημαίνει
870 5026 952 5085 τὸ,
990 5020 1382 5088 Ἑληυιυθυῒαν
1413 5021 1482 5072 ἐν
1523 5014 1784 5083 δυνάμεις

217 5119 398 5183 παρὰ
412 5120 628 5190 Μάρκου
646 5116 812 5189 ῥηθέν
833 5130 848 5178 ;
882 5112 964 5165 Τὰ
989 5111 1096 5163 εἴτε
1118 5106 1500 5176 ὲκλαμπόμενα
1519 5105 1634 5164 ταῖς
1651 5117 1718 5152 κα
1725 5118 1755 5170 ρ
1769 5131 1784 5138 -

211 5197 387 5272 δίαις
399 5211 568 5280 ἡμῶν,
587 5208 696 5262 εἴτε
710 5203 970 5276 ζητοῦσιν
985 5198 1359 5269 εὑρισκόμενα,
1377 5195 1484 5247 εἴτε
1508 5192 1789 5244 ὑποσιόντα

216 5288 363 5363 (9ί)
415 5301 532 5362 τοὺς
603 5296 900 5365 λογισμοὺς
977 5287 1172 5358 ἡμῶν,
1253 5285 1572 5354 σαφέστερον
1636 5281 1791 5349 ἐκθηο

218 5375 470 5443 “mea.
506 5369 562 5441 Ὅ
586 5385 806 5455 θεωρῶν
829 5381 926 5434 καὶ
952 5374 1378 5443 καταλαμϐάνων
1397 5375 1492 5444 τὴν
1519 5370 1610 5454 τοῦ
1640 5370 1792 5438 λόγου

213 5462 515 5547 ὑπεροχὴν
543 5452 759 5537 λύοντος
805 5471 903 5524 καὶ
933 5465 1290 5532 διελέγχοντος
1330 5463 1502 5524 πάσας
1555 5452 1650 5523 τὰς
1696 5460 1797 5510 ὑπὸ

1894 4660 1943 4712 in
1977 4658 2207 4712 oraculis
2237 4656 2448 4710 divinis.

1959 4831 2092 4895 Quid
2141 4841 2314 4884 autem
2345 4829 2604 4897 signiﬁcat
2637 4828 2814 4881 videre
2853 4825 3042 4880 Filium
3066 4825 3294 4878 hominis
3327 4841 3417 4877 ve-

1891 4924 2120 4975 nientem
2177 4921 2229 4973 in
2284 4935 2446 4986 regno
2483 4933 2601 4980 suo,
2625 4927 2679 4972 et
2728 4917 2780 4970 in
2823 4917 2987 4984 gloria
3019 4930 3114 4968 sua
3151 4915 3175 4968 ?
3207 4925 3262 4969 et
3292 4916 3417 4982 quid
3527 4901 3536 4908 ’

1890 5010 1993 5064 sibi
2016 5009 2124 5063 vult
2166 5009 2311 5069 illud,
2345 5009 2552 5062 Venisse
2582 5009 2635 5060 in
2661 5007 2848 5060 virtute
2875 5007 2921 5038 ’°
2956 5024 2970 5060 :
3001 5009 3139 5074 quod
3179 5023 3207 5059 a
3242 5005 3419 5058 Marco

1894 5101 2090 5154 dictum
2121 5109 2203 5154 est
2236 5100 2259 5152 ?
2296 5099 2503 5154 Clarius
2563 5111 2887 5167 exponemus
2937 5111 3262 5165 quaecunque
3308 5095 3419 5148 sive

1891 5191 2141 5259 aﬂ‘nlgent
2169 5189 2415 5244 cordibus
2457 5188 2685 5255 nostris,
2715 5189 2828 5243 sive
2858 5187 3215 5257 quaerentibus
3267 5183 3417 5236 nobis

1895 5289 2102 5347 reperta
2137 5288 2282 5342 sunt,
2308 5281 2421 5332 sive
2443 5278 3036 5346 subeuntcogitationes
3067 5284 3293 5328 nostras.
3315 5271 3419 5323 ιω.

1896 5382 1998 5436 que
2025 5368 2266 5436 quisquis
2310 5370 2698 5438 contemplatur
2729 5379 2784 5422 et
2828 5365 3128 5433 assequitur
3161 5359 3419 5415 excellen-

1899 5461 2023 5513 tiam
2059 5459 2205 5513 verbi
2245 5461 2495 5515 solveutis
2541 5477 2604 5516 ac
2660 5458 2939 5514 rel'utantis
2981 5453 3216 5522 speciosa
3257 5463 3409 5516 argu-

283 5615 366 5696 ξ’
389 5629 539 5687 Man.
591 5646 665 5696 vt,
727 5627 851 5696 5t.
899 5623 945 5653 “
979 5618 1173 5696 Matth;
1204 5619 1424 5696 χνιᾷὶὲ.
1497 5617 1543 5649 ⁸⁸
1570 5617 1751 5696 Matth.

1872 5633 1976 5683 nn,
2013 5617 2100 5670 ﬁt).
2174 5618 2218 5648 ⁸⁵
2264 5617 2401 5668 Psal.
2442 5630 2696 5677 Lxxxvm,
2733 5613 2818 5664 49.
2890 5610 2930 5639 ⁸⁷
2974 5603 3106 5658 Psal.
3159 5613 3291 5675 ων,
3332 5600 3419 5658 10.

195 5677 572 5765 “lea-3's},
600 5677 666 5754 '8':
732 5677 1004 5757 ῖδἈιιοο.
1048 5685 1192 5747 v1.8.
1284 5687 1328 5718 ὀ
1360 5687 1620 5750 Marem,
1650 5689 1698 5739 t.

250 5773 415 5864 (δυ)
450 5793 614 5848 Forte
648 5782 916 5859 βροντῶν,
956 5777 1256 5839 tonitruum,
1314 5795 1380 5835 ex
1412 5779 1569 5837 Marc.
1606 5795 1689 5845 ιιι,
1723 5783 1782 5834 17

170 5839 225 5880 θ’
297 5839 565 5919 utin-tr}.

1958 5779 2086 5848 (90')
2125 5777 2551 5848 Προηρημένου.
2601 5775 2735 5844 Lege
2797 5761 3198 5840 προειρημένου.
3251 5759 3416 5814 Eth

1967 5846 2076 5917 ιυι)
2116 5849 2246 5917 Lege
2275 5846 2598 5899 ύπεισιόντα.
