3914 6456
135 533 273 644 Va

1545 566 1834 624 SCHOLIA
1872 568 1935 622 ΙΝ
1973 566 2229 624 LUCAM.
2341 599 2346 604 ε

3365 577 3468 632 546

175 648 479 753 Λὶ-ξξυέἕνξ
900 676 1162 747 ἐγένετο
1199 687 1269 738 ἐκ
1304 685 1411 751 τῆς
1438 684 1714 753 νεφέλης,
1741 682 1836 753 λέ-

1944 684 2006 739 ν.
2030 686 2116 740 55.
2149 685 2216 739 Et
2249 698 2346 737 vos:
2375 684 2514 750 facta
2537 698 2692 742 estex
2729 689 2876 749 nube,
2902 691 3109 743 dicens:
3137 689 3236 742 Hic
3265 703 3337 745 est
3376 692 3470 748 Fi‘

255 735 479 804 ττέυσίέ·
516 725 749 804 ,οὖξὶες
801 725 1066 804 sese“;

277 789 459 844 αὑτοῦ
495 789 808 861 ἀκούεξε,

155 882 354 980 ἲὺβλχ.
377 882 497 948 λς’.
537 890 659 946 Καὶ
692 895 772 951 ἐν·
793 900 887 980 ηιξ)
924 908 1219 980 τεκέσθαι
1242 910 1353 977 τὴν
1371 909 1593 978 φωνὴν,
1631 907 1842 976 εὑρέθη

822 972 1076 1044 Ἰησοῦς
1097 972 1308 1048 μόνος,

315 1047 379 1102 Ἡ
403 1050 465 1105 δὲ
489 1051 562 1108 ὲκ
585 1056 697 1128 τῆς
733 1064 997 1138 νεφέλης
1031 1069 1185 1138 φωνὴ
1215 1071 1350 1138 τάχα
1379 1069 1475 1138 μὲν
1510 1069 1728 1121 Μωῦσεί
1752 1066 1845 1118 καὶ

249 1141 409 1215 Nam?
432 1143 608 1214 λέγει’
636 1145 845 1218 Οὗτός
877 1155 1039 1210 ἐστι·
1073 1161 1210 1227 τάχα
1234 1159 1290 1210 δὲ
1320 1159 1412 1210 καί
1434 1160 1541 1219 τοῖς
1565 1156 1841 1225 μαθηταῖςο

270 1233 363 1295 ἠς
393 1232 759 1301 ἀκούσαντες,
788 1242 891 1294 καὶ
923 1245 1135 1314 ταύτην
1165 1243 1260 1314 τὴν
1287 1243 1440 1310 δόξαν
1465 1243 1538 1313 μὴ
1572 1242 1841 1311 φέροντες,

271 1327 452 1379 ἔπεσον
486 1328 580 1380 ἐπὶ
613 1329 923 1399 πρόσωπον
955 1333 1378 1396 ταπεινωθέντες
1421 1332 1524 1385 ὑπὸ
1566 1332 1666 1401 τὴν
1709 1326 1841 1401 κρα-

271 1416 426 1468 ταιὰν
451 1419 606 1486 χεῖρα
636 1416 734 1469 τοῦ
757 1417 927 1482 Θεοῦ,
960 1421 1160 1490 σφόδρα
1193 1421 1529 1490 φοϐηθέντες,
1553 1419 1745 1480 εἰδότες
1786 1417 1844 1468 τὸ

270 1507 460 1576 λεχθὲν
475 1507 611 1577 πρὸς
640 1509 914 1580 Μωῦσῆν·
955 1514 1038 1564 Οὐ
1073 1512 1180 1579 γὰρ
1209 1511 1414 1578 ὄψεται
1451 1508 1749 1575 ἄνθρωπος
1777 1506 1842 1558 τὸ

262 1596 600 1661 πρόσωπόν
638 1613 788 1663 μου,
837 1597 942 1649 καὶ
974 1598 1228 1665 ζήσεται.
1266 1597 1592 1666 Ἐπάραντες
1629 1595 1684 1647 δὲ
1721 1595 1842 1657 τοὺς

259 1684 610 1754 ὀφθαλμοὺς,
650 1686 818 1754 μόνον
849 1684 992 1740 εἶδον
1014 1687 1102 1741 τὸν
1140 1687 1360 1756 Ἰησοῦν.
1399 1686 1492 1737 Ἓν
1523 1685 1651 1754 γὰρ,
1671 1681 1840 1753 οἶμαι,

265 1771 467 1839 γέγονε
494 1774 703 1843 Μωσῆς
727 1778 757 1827 6
777 1777 966 1846 νόμος,
991 1778 1085 1829 καὶ
1121 1777 1301 1838 Ἠλίας
1329 1778 1362 1845 ἡ
1399 1776 1714 1845 προφητεία,
1745 1777 1844 1844 Ἰη-

265 1862 377 1913 σοῦ
407 1863 490 1932 τῷ
538 1865 882 1935 Εὑαγγελίῳ.
937 1868 1046 1919 Καὶ
1075 1868 1170 1934 οὐχ
1198 1865 1382 1935 ὥσπερ
1421 1861 1558 1934 ἦσαν
1589 1866 1841 1934 πρότερον

1125 755 1261 819 Υἱός
1289 772 1406 822 μου
1451 756 1482 806 ό
1513 752 1837 822 θάγαπητόςο

267 1953 431 2047 τρεῖς
466 1954 834 2047 μεμενήκασι.
868 1954 1052 2007 Ταῦτα
1083 1955 1138 2006 δέ
1174 1971 1261 2024 μοι
1295 1955 1400 2006 νόει
1431 1952 1838 2023 μυστικώτερον.
1873 1993 1913 2047 Β

265 2037 420 2106 Πρὸς
455 2039 648 2109 γὰρτὸ
680 2042 887 2112 ὑψηλὸν
919 2043 1014 2095 τοῦ
1047 2041 1651 2112 γράμματοςιβούλημα,
1685 2043 1843 2094 Μωῦ-

263 2127 368 2195 σῆς
409 2130 512 2180 καὶ
561 2130 752 2193 Ἠλίας
780 2131 1041 2198 ὀφθέντες
1097 2133 1154 2184 ὲν
1185 2131 1330 2202 δόξῃ,
1365 2131 1458 2183 καὶ
1485 2128 1844 2197 συλλαλήσαν-

257 2233 354 2278 τες
387 2217 472 2286 τῷ
506 2219 710 2288 Ἰησοῦ,
743 2220 1143 2290 ἀπεληλύθασιν
1173 2219 1293 2272 ὅθεν
1326 2217 1686 2288 ἐληλύθεισαν.
1715 2217 1844 2270 Οὐδὲ

257 2305 377 2375 γὰρ
399 2306 670 2375 βλέπεται
693 2310 725 2361 ὁ
759 2309 968 2379 Ἰησοῦς
993 2309 1242 2378 λεχθῆναι
1271 2308 1337 2368 τὰ
1367 2309 1461 2377 τῆς
1480 2306 1632 2376 δόξης
1660 2305 1838 2360 αὐτοῦ·

258 2395 587 2466 ³ιὸλάϐησιιιν
652 2398 763 2469 γὰρ
813 2399 881 2453 ἂν
933 2402 981 2453 οἱ
1019 2400 1320 2462 ἀκούοντες,
1377 2401 1468 2452 καὶ
1517 2399 1745 2468 μάλιστα
1794 2401 1841 2453 oi

258 2483 432 2553 δχλοι,
476 2486 578 2538 τὸν
609 2486 758 2540 οὕτω
807 2488 1192 2558 δεδοξασμένον
1235 2487 1554 2558 θεωροῦντες
1599 2487 1844 2558 σταυρούο

259 2588 449 2640 μενον.
485 2575 569 2626 Ού
595 2574 781 2628 τοίνυν
807 2575 1172 2645 φθονήσαντες
1206 2575 1463 2645 ἔκρυψαν,
1499 2575 1610 2628 ἀλλ’
1640 2575 1714 2637 ὡς
1743 2592 1835 2643 φο-

259 2659 530 2730 ϐηθέντες
557 2662 638 2732 μὴ
670 2663 1031 2732 ἀπιπηθῶσι.
1056 2665 1185 2716 Τότε
1209 2659 1299 2717 οὖν
1332 2664 1677 2734 ἀπήγγειλαν,
1711 2663 1842 2732 μετὰ

258 2748 368 2818 τὴν
405 2750 705 2819 ἀνάληψιν,
744 2751 882 2820 μετὰ
918 2752 1014 2820 τὴν
1060 2753 1152 2804 τοῦ
1181 2751 1487 2820 Πνεύνματος
1526 2751 1838 2820 παρουσίαν.

261 2837 402 2890 Ὅτε
447 2840 570 2910 γὰρ
620 2841 974 2911 ἐπλήσθησαν
1012 2842 1339 2912 παρρησίας,
1399 2843 1487 2892 καὶ
1529 2839 1842 2908 -Πνεύματος

259 2925 616 2998 ἠξιώθησαν,
653 2931 748 2982 καὶ
800 2930 895 3000 τὴν
930 2931 1038 2983 ἀπὸ
1078 2931 1183 2982 τῶν
1216 2929 1456 3000 σημείων
1490 2925 1628 2997 εἶχον
1666 2928 1841 2998 φωνὴν

261 3019 691 3090 συνηγοροῦσαν
716 3020 921 3082 αὐτοῖς,
952 3021 1043 3072 καὶ
1067 3021 1240 3072 πάντα
1263 3020 1359 3071 ὅσα
1388 3019 1586 3086 ἔλεγον,
1611 3018 1843 3088 εὐπαρά-

256 3104 437 3158 δεκτα
459 3102 553 3178 ἦν.

259 3195 425 3274 Σιτίχ.
466 3197 988 3274 με’.)βπετιμηᾳε
1011 3195 1088 3274 ’δὲ
1134 3199 1166 3250 ό
1207 3195 1536 3274 Ἰησοῦςηξῷ
1563 3196 1843 3274 πνεύματι

2199 753 2303 806 (ius
2341 769 2482 808 meus
2510 757 2724 810 dilectus
2762 772 2781 811 :
2813 758 2860 811 ei
2898 758 3204 816 auscultate.

1943 911 2004 966 ν.
2038 911 2126 964 56.
2160 909 2227 962 Et
2258 924 2374 962 cum
2408 909 2546 979 facta
2576 909 2754 1030 fuiss‘et
2779 925 2894 974 vox,
2929 911 3160 964 inventus
3209 920 3282 964 est
3316 910 3465 963 Iesus

2632 995 2688 1030 ιο
2713 995 2790 1030 us.

2632 995 2790 1031 8οηιῶ

2010 1067 2122 1119 Vox
2155 1081 2219 1120 ex
2259 1067 2398 1121 nube
2427 1067 2580 1122 facile
2605 1067 2765 1135 Moysi
2797 1075 2954 1134 atque
2994 1066 3122 1122 Elia:
3148 1068 3278 1122 dicit
3311 1081 3327 1118 :
3364 1067 3466 1119 llic

1939 1168 2011 1212 est
2036 1175 2052 1211 :
2080 1158 2218 1211 forte
2243 1167 2418 1210 tamen
2448 1157 2610 1211 etiam
2657 1157 2949 1226 discipulis.
2975 1157 3142 1222 Quam
3170 1157 3463 1217 audientes.

1941 1257 1995 1299 et
2038 1249 2175 1300 hanc
2219 1245 2440 1314 gloriam
2493 1248 2638 1300 ferre
2677 1259 2779 1299 non
2817 1245 3052 1298 valentes
3083 1244 3384 1298 ceciderunt
3410 1247 3463 1297 in

1943 1336 2149 1397 faciem,
2180 1335 2438 1388 humiliati
2465 1335 2557 1387 sub
2585 1336 2780 1402 potenti
2801 1350 2956 1387 manu
2981 1333 3153 1395 Dei",
3177 1333 3327 1388 valde
3359 1348 3460 1388 nte-

1941 1433 2174 1486 tuentes,
2209 1424 2331 1477 dum
2379 1424 2555 1476 sciunt
2579 1426 2717 1492 quod
2749 1423 2814 1476 ad
2850 1423 3067 1493 Moysen
3091 1425 3287 1478 dictum
3317 1424 3415 1477 fuit
3443 1441 3458 1475 :

1943 1512 2064 1566 Non
2112 1515 2244 1567 enim
2287 1513 2473 1566 videbit
2517 1515 2668 1566 homo
2709 1513 2894 1581 faciem
2941 1529 3140 1576 meum,
3178 1523 3225 1567 et
3254 1514 3460 1568 vicet".

1938 1599 2053 1653 Jam
2083 1610 2256 1653 autem
2310 1599 2532 1654 sublatis
2557 1599 2725 1653 oculis
2778 1595 2947 1654 solum
2991 1601 3235 1654 viderunt
3263 1600 3463 1657 Iesum.

1940 1688 2112 1742 Unum
2132 1690 2295 1752 enim,
2325 1699 2382 1741 ut
2413 1689 2681 1751 existimo,
2716 1689 2815 1742 fuit
2856 1689 3084 1760 Moyses,
3108 1692 3224 1744 sive
3259 1689 3343 1744 lex
3367 1730 3384 1756 ,
3412 1701 3472 1746 et

1940 1776 2079 1831 Elias
2115 1777 2226 1832 sive
2254 1780 2560 1845 pr0phetia,
2591 1793 2709 1832 cum
2740 1780 3031 1848 ‘Evangelio
3061 1779 3204 1833 Jesu.
3239 1777 3376 1842 Nec,
3409 1788 3469 1833 ut
3527 1830 3537 1843 ,

1939 1867 2154 1922 fuerunt
2180 1869 2346 1936 prius,
2381 1885 2624 1924 mansere
2657 1879 2785 1926 tres.
2817 1871 2938 1926 lla‘c
2971 1879 3129 1938 porro
3153 1881 3205 1924 tu
3235 1871 3362 1925 mihi
3385 1885 3468 1938 se-

1939 1955 2136 2009 cretius
2156 1933 2452 2010 considera.
2473 1958 2551 2011 Ad
2571 1958 2844 2013 sublimem
2864 1933 3002 2012 enim
3025 1958 3215 2013 litterae
3232 1933 3468 2024 sensum,

1943 2046 2146 2116 Moyses
2193 2057 2246 2101 et
2271 2047 2414 2101 Elias
2449 2049 2502 2100 in
2540 2046 2708 2114 gloria
2737 2047 2866 2111 visi,
2896 2058 2950 2101 et
2996 2062 3116 2102 eum
3146 2045 3269 2102 Iesu
3303 2045 3470 2101 collo-

1940 2137 2048 2190 cuti
2074 2137 2317 2190 abierunt
2337 2152 2424 2200 eo,
2449 2136 2588 2192 unde
2624 2147 2908 2193 venerant.
2929 2136 3115 2204 Neque
3143 2137 3284 2191 enim
3315 2135 3470 2190 Jesus

1939 2232 2113 2288 curat,
2146 2233 2203 2277 ut
2223 2224 2466 2277 dicantur
2487 2239 2605 2294 qua:
2637 2233 2762 2279 sunt
2789 2223 2970 2292 gloria:
2996 2223 3165 2290 illius;
3193 2222 3302 2278 lesi
3324 2223 3467 2277 enim

1941 2313 2474 2379 l‘uissentauditores,
2501 2324 2556 2369 et
2588 2313 2817 2368 maxime
2849 2313 3037 2376 turbas,
3071 2313 3312 2366 videntes
3345 2326 3468 2364 cru-

1939 2401 2150 2456 cillxum
2199 2402 2461 2458 hominem
2508 2412 2781 2472 tantopere
2804 2402 3178 2472 gloriﬁcatum.
3205 2399 3319 2454 Non
3342 2412 3470 2469 ergo

1938 2507 2003 2548 ex
2031 2493 2222 2548 invidia
2245 2492 2654 2553 occultaverant,
2673 2492 2766 2546 sed
2800 2501 3049 2560 tanquam
3074 2488 3249 2551 veriti,
3279 2501 3344 2540 ne
3366 2487 3466 2545 sibi

1941 2580 2070 2635 ﬁdes
2097 2596 2200 2636 non
2235 2581 2538 2638 haberetur.
2557 2580 2705 2634 Tunc
2734 2595 2861 2650 ergo
2881 2581 2933 2634 in
2961 2579 3147 2646 vulgus
3170 2577 3468 2640 ediderunt,

1940 2680 2058 2738 post
2097 2673 2456 2725 ascensionem
2493 2670 2712 2733 scilicet,
2737 2679 2854 2738 post
2893 2669 3122 2736 Spiritus
3161 2668 3468 2722 adventum.

1940 2759 2160 2826 Quando
2197 2774 2383 2829 nempe
2419 2759 2602 2828 repleti
2643 2769 2766 2814 sunt
2799 2759 3137 2824 conﬁdentia,
3171 2765 3226 2810 et
3267 2756 3470 2824 Spiritu

1940 2850 2083 2918 digni
2129 2849 2255 2903 facti
2290 2857 2444 2912 sunt,
2468 2857 2522 2902 et
2560 2847 2935 2902 miraculorum
2975 2861 3157 2900 vocem
3207 2844 3472 2900 habebant

1940 2937 2357 3008 patrocinantem
2403 2937 2540 2999 sibi,
2565 2944 2618 2990 et
2657 2949 2987 3004 quaecunque
3018 2934 3296 2998 dicebant,
3329 2932 3468 2985 haud

1938 3043 2079 3097 aegre
2108 3027 2553 3096 suscipiebantur.

2136 3123 2150 3146 I

1941 3203 2006 3259 V.
2029 3206 2116 3260 42.
2154 3205 2440 3270 lncrepavit
2478 3213 2645 3256 autem
2684 3199 2836 3256 Iesus
2870 3201 3104 3267 spiritum
3129 3199 3471 3270 immundum,

347 3263 431 3350 ξιξ)
455 3263 808 3350 ἀκαθάρτῳ,
831 3263 932 3344 καὶ
968 3265 1192 3350 ἰάσατο.
1217 3263 1323 3343 ad?
1355 3263 1551 3326 παῖδα,
1598 3263 1696 3316 καὶ
1736 3264 1842 3316 ἀπ-

2008 3286 2054 3328 et
2102 3263 2313 3328 sanavit
2334 3288 2547 3339 puerum
2567 3311 2584 3337 ,
2614 3283 2660 3324 et
2695 3263 2916 3324 reddidit
2957 3284 3072 3322 eum
3100 3269 3237 3336 patri
3266 3267 3402 3337 ejus.

349 3329 586 3389 ἔδωκεν
617 3329 809 3388 ainde“
828 3333 909 3398 τῷ
928 3334 1099 3399 πατρὶ
1125 3333 1328 3385 αὐτοῦ.

341 3428 462 3497 (9Ξ)
496 3424 892 3479 Ἐπιϐλεπτέον
925 3423 981 3476 δὲ
1023 3421 1227 3486 τούτοις
1268 3422 1608 3493 ὑψηλότερον,
1633 3422 1724 3474 καὶ
1753 3439 1846 3492 ση-

263 3518 567 3589 μειωτέον,
603 3517 690 3568 ὅτι
739 3515 790 3566 oi
821 3513 1134 3581 πάσχοντες,
1159 3512 1192 3581 ἢ
1221 3513 1270 3564 οἱ
1297 3513 1406 3563 τῶν
1438 3513 1741 3581 πασχόντων
1771 3515 1847 3565 οί-

257 3612 435 3672 κεῖθι,
453 3605 603 3677 μετὰ
619 3604 730 3657 τῶν
756 3603 927 3672 ὄχλων
949 3603 1104 3665 είσὶν,
1127 3603 1211 3669 ἐφ’
1225 3601 1316 3664 οὒς
1330 3602 1564 3655 κάτεισιν
1595 3607 1623 3656 6
1646 3603 1844 3673 Ἰησοῦς

259 3699 397 3752 ἀπὸ
412 3699 520 3751 τῶν
555 3694 802 3766 ὑψηλῶν,
834 3693 904 3745 τὰ
935 3692 1071 3761 ὑπὲρ
1105 3692 1320 3753 τούτους
1361 3693 1730 3762 οἰκονομήσας,
1755 3693 1845 3745 ἐπὶ

257 3781 376 3841 τοῦ
417 3790 580 3858 ὅρους
624 3784 889 3852 ἀναῦῆναι
935 3782 1008 3851 μὴ
1060 3779 1382 3848 δυναμένους
1421 3782 1551 3850 πρὸς
1580 3781 1736 3833 αὑτὸν
1761 3781 1845 3834 διὰ

262 3879 624 3950 κατεχούσας
679 3875 776 3937 τὰς
822 3871 995 3941 ψυχὰς
1036 3870 1214 3922 αὐτῶν
1253 3871 1454 3932 νόσους,
1503 3869 1845 3940 θεραπεύσων

261 3970 498 4033 αὐτούς.
576 3963 926 4028 Ἔξεταστέον
985 3961 1040 4013 δὲ
1094 3960 1185 4011 ἐπὶ
1231 3960 1388 4011 τίνων
1432 3959 1746 4028 νοσημάτων
1797 3961 1843 4011 οί

265 4058 588 4127 πάσχοντες
625 4052 859 4119 ἀξιοῦσι,
878 4047 1220 4108 πιστεύοντες
1273 4045 1521 4116 περὶτῆς
1557 4045 1728 4098 αὐτῶν
1755 4045 1845 4097 θε-

266 4149 539 4217 ραπείας,
591 4145 628 4214 ἢ
682 4140 936 4209 αὐτοῦ,ἢ
995 4137 1088 4190 τοῦ
1137 4135 1435 4206 κρασπέδου
1488 4135 1580 4186 τοῦ
1636 4135 1843 4204 ἱματίου

262 4235 576 4305 ἁψάμενοι.
625 4231 754 4288 Ἐπὶ
786 4229 943 4283 τίνων
967 4228 1023 4280 δὲ
1055 4225 1261 4289 ἀξιοῦσι
1288 4227 1410 4296 περὶ
1435 4223 1607 4276 αὐτῶν
1651 4224 1840 4294 ἕτεροι·

260 4328 354 4389 ὡς
392 4329 421 4379 6
461 4325 865 4393 ἑκατόνταρχος
913 4321 940 4371 6
994 4320 1122 4388 περὶ
1164 4317 1365 4380 παιδὸς,
1403 4318 1495 4370 καὶ
1521 4319 1548 4370 6
1577 4317 1845 4386 βασιλικὸς

261 4418 418 4488 περὶ
438 4417 583 4480 υἱοῦ,
623 4415 721 4468 καὶ
757 4413 786 4463 6
815 4409 1250 4478 ἀρχισυνάγωγος
1291 4406 1414 4475 περὶ
1446 4405 1722 4475 θυγατρόςο
1755 4408 1846 4458 καὶ

263 4507 304 4574 ἠ
341 4505 653 4565 Χαναναία,
700 4499 796 4552 καὶ
838 4497 933 4550 νῦν
976 4497 1003 4546 ὁ
1041 4493 1346 4561 γονυπετῶν
1383 4493 1540 4545 αὑτὸν
1571 4491 1847 4563 ἄνθρωπος

2012 3427 2465 3485 Considerandum
2497 3433 2579 3478 est
2601 3425 2653 3478 in
2689 3424 2770 3478 bis
2805 3423 3083 3478 sublimius
3110 3423 3472 3491 quidpiam,et

1941 3517 2252 3580 notandum,
2285 3514 2422 3584 quod
2450 3513 2735 3582 patientes,
2764 3519 2855 3564 aut
2899 3511 3208 3580 patientium
3247 3509 3471 3563 familia-

1945 3622 2028 3660 res
2079 3622 2197 3660 cum
2230 3605 2400 3660 turbis
2432 3611 2580 3668 sunt,
2623 3601 2686 3656 ad
2720 3615 2851 3670 quos
2900 3600 3172 3654 descendit
3217 3596 3372 3652 Jesus
3404 3597 3471 3650 ab

1942 3696 2096 3750 editis
2121 3694 2276 3760 locis,
2297 3693 2608 3761 dispensans
2638 3703 2698 3743 ea
2721 3704 2837 3759 quae
2859 3687 3134 3758 superiora
3163 3687 3269 3742 illis
3297 3697 3470 3744 erant.

1943 3801 2045 3839 non
2066 3783 2362 3838 valentibus
2407 3781 2692 3835 ascendere
2739 3778 2793 3832 in
2833 3787 3065 3831 montem
3087 3777 3151 3830 ad
3181 3791 3330 3839 eum,
3359 3790 3476 3844 pro.

1942 3885 2058 3940 pter
2086 3875 2424 3929 inﬁrmitates
2456 3890 2572 3943 quae
2599 3887 2780 3928 eorum
2802 3870 3006 3924 animas
3031 3866 3471 3928 obsidebant,cu-

1945 3973 2157 4016 raturus
2219 3962 2356 4016 illos.
2389 3961 2763 4030 lnquiremlum
2801 3959 2957 4012 etiam
2996 3970 3092 4024 pro
3119 3953 3307 4024 quibus
3331 3953 3474 4007 inﬁr-

1946 4051 2218 4104 mitatibus
2244 4051 2506 4118 patientes
2538 4048 2887 4113 orent,ﬁdem
2918 4045 3175 4100 habentes
3200 4043 3266 4097 de
3289 4056 3470 4095 eorum

1946 4141 2244 4204 curatione,
2273 4139 2319 4194 si
2350 4139 2432 4193 vel
2461 4139 2628 4206 ipsum
2650 4138 2734 4192 vel
2763 4139 3024 4196 ﬁmbriam
3046 4134 3342 4189 vestimenti
3361 4132 3473 4200 ejus

1944 4229 2226 4297 attingant.
2261 4226 2391 4282 Item
2430 4241 2525 4296 pro
2565 4227 2757 4295 quibus
2789 4235 2942 4280 orent
2983 4239 3081 4292 pro
3117 4221 3220 4276 illis
3252 4221 3375 4284 alii;
3415 4230 3474 4273 ut

1943 4317 2181 4372 centurio
2215 4319 2305 4386 qui
2341 4332 2434 4386 pro
2469 4331 2633 4386 puero
2672 4315 2866 4378 oravit,
2895 4323 2947 4366 et
2981 4312 3195 4382 regulus
3225 4325 3318 4380 pro
3340 4309 3470 4372 ﬁlio,

1941 4417 1997 4463 et
2035 4408 2489 4478 arcbisynagogns
2521 4421 2616 4474 pro
2645 4405 2772 4470 lilia,
2799 4405 3098 4458 Clianauaea
3123 4403 3270 4466 item,
3298 4409 3350 4454 et
3383 4400 3471 4468 qui

1944 4511 2084 4552 nunc
2111 4497 2176 4550 ad
2208 4511 2378 4562 genua
2409 4497 2522 4565 ejus
2547 4511 2603 4550 se
2627 4495 2835 4563 proiicit
2866 4494 3024 4548 homo
3060 4506 3157 4560 pro
3184 4490 3292 4544 ﬁlio
3319 4490 3472 4542 luna-

262 4595 417 4664 περῖ
440 4595 560 4648 uio?)
615 4585 1086 4658 σεληνιαζομένου.
1142 4583 1246 4635 Καὶ
1279 4581 1407 4634 πότε
1449 4584 1538 4649 ἀφ’
1576 4581 1762 4634 ἑαυτοῦ
1815 4583 1842 4634 6

1946 4585 2071 4638 tico.
2099 4583 2349 4638 Similiter
2369 4583 2576 4651 quando
2611 4596 2640 4633 a
2676 4583 2849 4649 seipso
2875 4577 3114 4632 Salvator
3146 4593 3250 4631 non
3283 4591 3474 4629 exora-

262 4684 475 4756 Σωτὴρ
500 4685 577 4756 μὴ
623 4678 876 4746 ἀξιωθεὶς
910 4677 1069 4728 ἰᾶται·
1107 4673 1181 4734 ὡς
1214 4673 1300 4725 τὸν
1332 4671 1630 4742 παράλυτον
1654 4673 1746 4724 ἐπὶ
1774 4675 1838 4742 τῇ

260 4773 615 4843 προϐατικῇ.
675 4763 848 4823 Αὖται
911 4763 1031 4833 γὰρ,
1076 4761 1311 4831 ἀλλήλων
1363 4760 1840 4827 ἀντεξετασθεῖσαι,

263 4861 456 4918 πολλὰ
483 4864 561 4934 τῷ
589 4859 877 4928 δυναμένῳ
929 4855 1142 4908 ἀκούειν
1176 4853 1272 4921 τῆς
1311 4853 1367 4903 ὲν
1402 4850 1674 4920 μυστηρίῳ
1713 4849 1841 4902 Θεοῦ

258 4951 677 5022 κεκρυμμένης
713 4945 907 5014 σοφίας
937 4942 1334 5014 παραστήσουσι
1363 4939 1598 5007 δόγματα
1633 4940 1753 5007 περί
1784 4955 1843 4990 τε

259 5038 386 5088 τῶν
435 5041 714 5110 διαφόρων
761 5035 893 5104 περὶ
928 5033 1027 5096 τὰς
1066 5031 1239 5100 ψυχὰς
1273 5027 1701 5098 συμπτωμάτων,
1752 5027 1845 5080 καὶ

257 5127 406 5196 περὶ
429 5131 528 5184 τοῦ
557 5128 763 5199 τρόπου
789 5125 891 5192 τῆς
924 5122 1210 5192 θεραπείας
1241 5117 1434 5172 αὐτῶν.

351 5216 460 5282 Ὡς
484 5219 595 5288 γὰρ
620 5220 806 5270 πᾶσαν
842 5215 996 5266 νόσον
1031 5210 1124 5263 καὶ
1167 5207 1447 5278 μαλακίαν,
1472 5205 1536 5267 ἃς
1561 5205 1590 5256 6
1620 5203 1844 5273 Χριστὸς

263 5305 325 5354 ὲν
374 5313 504 5372 τοῖς
546 5309 724 5378 ὄχλοις
756 5305 889 5374 πρὶν
926 5300 1127 5359 ἰάσατο,
1177 5297 1458 5366 ἀναφέρεις
1499 5295 1725 5360 εὐλόγως
1753 5294 1844 5346 ἐπὶ

260 5389 340 5440 τὰ
371 5393 533 5464 πάθη
563 5393 632 5445 τὰ
659 5394 719 5443 ἐν
750 5391 874 5450 ταῖς
896 5385 1110 5454 ψυχαῖς,
1129 5383 1294 5445 οὕτως
1313 5381 1514 5444 τούτοις
1533 5380 1842 5447 ἀναλογίζου

255 5478 378 5535 τοῖς
431 5499 497 5535 τε
533 5483 728 5551 χωλοῖς
783 5477 883 5529 καὶ
915 5473 1113 5538 κωφοῖς
1148 5469 1482 5541 ἐξετασθῆναι
1507 5469 1598 5522 καί
1623 5469 1690 5521 τὰ
1719 5471 1842 5539 περὶ

245 5560 351 5611 τοῦ
388 5565 892 5642 σεληνιαζομένου.
927 5558 1200 5627 Ἕστιγάρ
1221 5559 1362 5610 τουτὶ
1392 5559 1450 5609 τὸ
1486 5557 1653 5618 πάθος
1677 5559 1842 5609 ἐπιτι-

237 5645 506 5717 θέμεκιον
535 5661 633 5732 μὲι,
669 5659 732 5704 ἓν
761 5667 904 5707 τισιν
931 5648 1119 5717 ὥραις,
1136 5647 1488 5716 ἀφιστέμενον
1507 5647 1562 5698 δὲ
1591 5649 1646 5698 ὲν
1671 5645 1840 5698 πλείο-

287 5731 337 5760 ’²
393 5751 427 5809 1
451 5731 601 5809 Patr.
635 5763 683 5808 ν,
718 5745 774 5795 ϋ.
855 5737 904 5766 ⁸⁸
926 5734 1087 5786 Exod.
1105 5749 1284 5800 sunt,
1315 5736 1401 5790 20.

260 5839 447 5936 (9y,
481 5862 694 5924 Confcr
719 5853 872 5907 edita
908 5847 1020 5898 hic.

1943 4682 2027 4727 tus
2054 4681 2230 4736 sanet;
2273 4671 2690 4740 utparalyticum
2715 4670 2767 4723 in
2795 4671 3084 4737 probatica.
3109 4667 3200 4722 llas
3245 4681 3473 4735 namque

1944 4762 2245 4816 sanationes
2277 4759 2413 4814 inter
2433 4774 2490 4814 se
2515 4770 2695 4814 mutuo
2716 4758 2937 4822 collata),
2952 4757 2998 4810 ei
3025 4758 3112 4826 qui
3136 4757 3276 4811 valet
3291 4755 3473 4809 audire

1897 4844 1905 4852 ’
1945 4851 2255 4920 sapientiam
2273 4848 2362 4904 Dei
2380 4848 2703 4903 occultatam
2729 4849 2782 4900 in
2805 4847 3074 4918 mysterio,
3100 4846 3262 4899 multa
3275 4857 3469 4913 suppe-

1947 4940 2194 4994 ditabunt
2214 4941 2549 5001 documenta,
2566 4938 2696 4992 etde
2709 4937 2934 4991 diversis
2963 4935 3132 5003 quoad
3159 4935 3366 4987 animas
3392 4931 3470 4986 al-

1947 5028 2278 5093 lectionibus,
2303 5036 2357 5081 et
2399 5027 2463 5081 de
2494 5025 2650 5080 modo
2687 5024 3044 5080 curandarum
3075 5035 3278 5075 earum.

2014 5203 2114 5259 Ubi
2165 5201 2304 5256 enim
2351 5216 2560 5256 omnem
2605 5203 2846 5255 morbum
2884 5209 2938 5254 et
2983 5199 3324 5265 languorem,
3356 5206 3470 5260 qua:

1943 5294 2186 5348 Christus
2230 5293 2282 5347 in
2317 5292 2483 5347 turbis
2515 5302 2668 5346 antea
2705 5291 2938 5352 sanavit,
2973 5302 3092 5343 cum
3132 5281 3473 5352 proportione

1946 5384 2186 5438 retuleris
2229 5383 2294 5437 ad
2341 5383 2613 5451 passiones
2649 5382 2860 5444 animze,
2899 5389 3023 5435 tunc
3046 5389 3109 5430 ex
3153 5372 3237 5424 his
3259 5369 3474 5422 ratioci-

1943 5487 2089 5538 nare,
2115 5487 2231 5527 cum
2260 5473 2460 5528 claudis
2475 5485 2528 5527 et
2549 5473 2704 5525 mutis
2729 5469 2951 5524 conferri
2977 5466 3134 5520 etiam
3164 5471 3280 5524 qua:
3307 5456 3373 5508 de
3399 5455 3475 5506 lu-

1945 5559 2114 5614 natico
2135 5570 2272 5614 sunt.
2296 5561 2386 5614 Est
2402 5560 2539 5614 enim
2561 5558 2773 5613 morbus
2793 5559 2891 5611 iste
2911 5546 3191 5620 ejusmodi,
3217 5550 3274 5593 ut
3298 5555 3484 5607 πεῖθ’

1943 5647 2114 5704 diatur
2151 5650 2308 5706 certis
2331 5649 2506 5719 horis,'_
2530 5649 2644 5704 aliis
2682 5660 2806 5702 vero
2838 5642 3074 5714 pluribus
3101 5628 3486 5693 reccdahqui-
