3914 6408
601 461 704 515 367

502 689 504 691 ›
595 663 726 715 bene
765 662 1039 718 valentem.
1089 667 1152 720 Et
1183 671 1374 727 anirnae
1407 677 1564 744 igitur
1591 685 1828 750 quaedam
1871 688 2004 743 bene
2035 707 2116 744 va~

590 749 697 803 tere
739 757 1081 820 temperantia
1129 759 1354 817 fortasse
1407 767 1812 839 existimantur,
1841 787 1894 830 et
1941 781 2115 836 vivere

587 849 736 906 prout
781 842 919 896 ratio
949 848 1218 913 postulat:
1259 862 1315 906 at
1348 855 1570 912 subinde
1610 867 1960 921 succumbunt
1993 885 2054 936 pa
2072 889 2116 919 ς-

582 929 836 993 sionibus,
857 947 980 986 cum
1011 946 1155 990 stare
1179 941 1505 1009 viderentur,
1532 949 1714 1006 fraude
1735 957 1909 1011 saeculi
1933 958 2107 1028 hujus,

579 1016 798 1084 aliisque
821 1026 1260 1090 concupiscentiis
1301 1031 1385 1096 Hi,
1419 1038 1795 1103 utspiritaliter
1811 1016 2109 1113 loquamur,

577 1102 789 1162 lunatici
815 1121 959 1176 sunt,
983 1116 1238 1186 profligati
1269 1137 1296 1172 a
1323 1102 1676 1191 spiritualibus
1712 1137 1976 1200 nequitiae,
1997 1156 2112 1206 qua:

575 1194 890 1253 delitescunt
911 1203 961 1255 in
997 1208 1344 1275 passionibus,
1379 1217 1571 1270 cadunt
1597 1220 1648 1273 in
1682 1223 1848 1290 ignem
1890 1231 2111 1282 combu-

573 1290 829 1357 stiouum,
849 1293 1131 1362 aliquando
1153 1301 1201 1354 in
1234 1318 1422 1370 aquam
1441 1325 1454 1358 :
1473 1311 1681 1376 quando
1698 1329 1788 1367 rex
1818 1317 2106 1373 draconum

570 1378 806 1430 «ieiunium
836 1385 1167 1449 aquatilium,
1197 1393 1437 1460 prolligat
1464 1411 1555 1450 eos
1578 1399 1642 1453 de
1663 1399 1810 1468 ﬂatu,
1841 1420 1943 1474 quo
1965 1411 2109 1463 vide-

572 1465 1002 1528 lmnturliberius
1046 1482 1380 1546 perspirare,
1423 1496 1480 1538 ut
1515 1489 1796 1545 deveniaut
1831 1494 1884 1548 in
1911 1497 2107 1552 altissi—

569 1570 686 1610 mos
704 1568 864 1614 astus
891 1566 1057 1618 maris
1086 1569 1330 1626 humanae
1354 1575 1492 1630 vitaz.

637 1753 693 1809 In
719 1758 821 1812 hac
840 1761 1167 1828 expositione
1196 1769 1564 1838 astipulabitur
1589 1781 1742 1834 nobis
1765 1784 1854 1850 qui
1884 1786 2010 1840 dicit
2050 1789 2101 1843 in

566 1847 833 1915 Sapientia
883 1853 948 1904 de
998 1853 1124 1923 justi
1169 1863 1529 1928 mquabilitate
1562 1881 1577 1919 :
1608 1847 1861 1926 Narra-tio
1903 1878 1998 1928 viri
2026 1881 2100 1944 pii

561 1948 758 1999 semper
785 1938 1038 2001 sapientia
1064 1943 1110 1974 9"
1131 1962 1149 2008 ;
1173 1957 1227 1999 et
1255 1949 1320 2002 de
1358 1954 1638 2019 oppositis,
1671 1955 1872 2012 Stultus
1899 1938 2100 2017 uero-ut

562 2021 687 2077 lana
719 2038 952 2082 mutatur
981 2031 1046 2086 ⁸⁸.
1078 2033 1226 2088 Licet
1259 2053 1471 2108 quoque
1502 2044 1554 2096 in
1589 2045 1778 2100 talibus
1811 2049 1993 2106 videre
2017 2055 2099 2106 af-

561 2109 818 2170 fectiones
862 2121 1118 2185 quasdam
1174 2125 1413 2182 valentes
1460 2131 1526 2184 ad
1581 2137 2097 2195 commendationem

557 2203 828 2258 attrahere
853 2221 944 2261 eos
971 2211 1060 2276 qui
1109 2226 1214 2265 non
1260 2215 1574 2273 incumbunt
1619 2224 1798 2280 animo
1837 2227 2097 2283 instabili-

559 2291 654 2344 ιιιὶ
677 2306 886 2360 eorum,
915 2312 1083 2366 usque
1111 2303 1244 2357 adeo
1275 2314 1335 2357 ut
1368 2305 1451 2362 fas
1492 2311 1563 2363 sit
1587 2313 1764 2367 dicere
1791 2315 1965 2372 inesse
1995 2320 2100 2375 illis

555 2379 940 2450 plenilunium,
984 2398 1078 2440 aut
1121 2389 1232 2445 fere
1270 2393 1633 2462 plenilunium.
1677 2401 1883 2458 Videris
1934 2409 2096 2462 etiam

554 2482 738 2522 rursus
775 2470 1076 2529 simulatum
1105 2481 1247 2546 quod
1301 2483 1376 2536 illi
1414 2485 1627 2543 videtur
1664 2491 1838 2547 inesse
1876 2494 2095 2564 lumen;

553 2557 754 2622 lumen,
799 2560 1034 2629 inquam,
1069 2580 1170 2619 non
1217 2569 1462 2626 diurnum
1483 2616 1498 2639 ,
1527 2576 1620 2629 sed
1666 2589 1984 2637 nocturnum
2015 2585 2095 2638 lu-

553 2660 695 2710 men,
720 2657 774 2702 et
793 2649 844 2702 in
877 2659 1076 2706 tantum
1109 2656 1387 2724 deﬁciens,
1412 2663 1584 2718 donec
1615 2681 1718 2719 non
1766 2671 1992 2739 amplius
2017 2675 2096 2728 vi-

551 2739 738 2790 deatur
781 2753 900 2793 esse
929 2740 1128 2807 lumen,
1159 2749 1298 2813 quod
1347 2749 1399 2802 in
1455 2751 1562 2807 illis
1614 2758 1763 2812 cerui
1810 2763 1995 2829 possit.
2032 2761 2090 2819 Si

547 2841 675 2893 ergo
701 2831 876 2884 omnis
903 2833 1078 2888 anima
1104 2838 1291 2905 angelo
1318 2842 1561 2908 subjecta
1596 2861 1699 2912 est,
1736 2854 1958 2920 angelus
1982 2856 2092 2912 fue-

550 2916 620 2968 rit
659 2917 759 2972 iste
809 2919 1028 2976 lunatici
1059 2935 1230 2992 pater,
1266 2945 1426 2984 orans
1453 2943 1704 3003 tanquam
1735 2916 1832 3006 pro
1867 2944 1974 2998 lilio
2001 2945 2090 3000 Je-

544 3021 684 3070 sum,
709 3017 890 3077 utpote
909 3027 1013 3067 non
1043 3015 1252 3073 valente
1281 3019 1348 3073 ab
1392 3023 1632 3080 inferiori
1665 3031 1827 3086 verbo
1859 3030 2089 3104 discipu-

543 3097 714 3150 lorum
751 3103 928 3155 curari
950 3103 1018 3157 ab
1050 3103 1374 3169 inﬁrmitate.

609 3185 809 3243 Mutum
846 3206 910 3246 ac
931 3195 1148 3250 surdum
1193 3199 1538 3270 daemonium,
1582 3218 1708 3263 sunt
1747 3212 2080 3275 irrationales
2106 3235 2148 3290 (ι

539 3275 848 3335 aﬂactiones
877 3287 1362 3359 propensionesque
1394 3294 1460 3346 ad
1485 3296 1559 3360 id,
1589 3300 1726 3366 quod
1759 3304 1967 3359 videtur
1987 3309 2080 3361 bo-

540 3382 686 3433 num,
733 3384 764 3422 a
803 3374 1009 3428 ratione
1044 3378 1402 3448 depromptaa,
1446 3399 1579 3452 quas
1626 3389 1740 3457 ipsa
1790 3393 2080 3455 irrationali

541 3459 736 3527 impetu
777 3466 1122 3533 producebat,
1146 3485 1368 3542 quaeque
1393 3489 1422 3526 a
1451 3478 1743 3534 videntibus
1761 3487 2081 3550 putabantur

539 3548 721 3604 isthzec
763 3551 940 3608 facere
984 3559 1273 3614 secundum
1316 3564 1574 3619 rationem
1635 3569 1893 3627 doctrinae
1933 3573 2075 3631 Jesu.

539 3640 760 3697 Dillicile
780 3659 906 3699 vero
929 3652 1110 3703 curari
1146 3661 1319 3720 potest
1341 3657 1642 3722 bujusmodi
1668 3665 1906 3729 morbus,
1933 3667 2077 3722 vide-

536 3740 728 3803 turque
779 3756 1028 3812 magnum
1055 3746 1206 3814 quid,
1241 3763 1359 3816 qua:
1408 3749 1543 3804 bene
1574 3765 1677 3805 non
1717 3753 1914 3808 habent
1939 3758 2074 3813 bene

533 3818 698 3877 fuisse
721 3826 880 3895 facta,
917 3841 1105 3901 estque
1133 3835 1267 3888 adeo
1296 3837 1349 3890 in
1394 3837 1512 3894 istis
1545 3856 1730 3910 magna
1774 3845 2070 3915 bujusmodi

531 3907 829 3982 edicientia,
864 3927 922 3972 ut
949 3921 1114 3974 monti
1146 3937 1266 3977 eam
1301 3940 1614 3996 comparare
1635 3907 1826 3998 liceat,
1855 3951 1971 4004 quae
1999 3939 2072 3991 in-

534 3998 676 4066 diget
719 4015 776 4056 ut
817 4009 1218 4068 transferatura
1249 4018 1482 4084 patiente
1517 4035 1614 4088 per
1658 4036 1868 4078 omnem
1911 4025 2068 4081 ﬁdem

532 4095 785 4147 curantis.
837 4097 929 4151 Est
972 4116 1132 4168 porro
1176 4107 1353 4161 omnis
1395 4106 1527 4163 ﬁdes
1567 4123 1873 4178 comparata
1904 4132 2069 4184 grano

530 4178 794 4249 sinapeos.
828 4185 956 4252 Quia
987 4193 1134 4246 nihili
1166 4197 1378 4263 quidem
1425 4210 1700 4267 reputatur
1737 4203 1868 4258 lldcs
1893 4207 1958 4259 ab
1981 4208 2070 4261 ho-

532 4267 783 4336 minibus,
826 4285 879 4327 et
911 4280 1271 4337 modicissima
1313 4301 1397 4339 res
1427 4297 1509 4341 est
1553 4290 1691 4356 apud
1723 4292 1839 4346 illos
1863 4332 1878 4356 ,
1907 4305 2066 4363 atque

529 4353 648 4408 vilis
692 4373 807 4412 esse
850 4364 1090 4435 videtur;
1117 4382 1171 4425 at
1219 4375 1305 4428 ubi
1331 4376 1521 4429 sortita
1557 4353 1716 4432 fuerit
1751 4389 1944 4435 terram
1980 4386 2066 4438 bo-

529 4456 650 4496 nam
671 4485 687 4509 ,
715 4445 764 4498 id
797 4460 877 4502 est
913 4457 1163 4523 animam,
1200 4461 1258 4514 tit
1296 4465 1457 4517 arbor
1478 4478 1699 4532 procera
1731 4482 1897 4536 usque
1930 4473 2062 4525 adeo

529 4543 587 4584 ut
621 4533 819 4589 nullum
851 4539 950 4594 alis
979 4550 1302 4615 carentium,
1332 4554 1513 4622 utique
1541 4571 1665 4610 vero
1685 4557 1820 4611 alata
1849 4561 2059 4628 spirita-

529 4620 646 4645 Ιειιι-
667 4622 890 4645 -.-1---μξμ
1016 4633 1045 4645 ιο
1102 4637 1112 4645 .
1173 4639 1184 4645 -
1209 4639 1219 4645 .

2305 4533 2316 4541 ,
2422 4533 2428 4535 .
2748 4533 3055 4558 *"r"t"""
3113 4533 3283 4571 """i‘

2189 4560 2248 4612 οῦ
2277 4563 2501 4632 ούρανοῦ
2522 4578 2910 4643 κατασκηνοῦν
2933 4583 3197 4642 δύνασθαι
3227 4594 3283 4645 ἐν

526 4620 646 4674 liter
667 4622 901 4680 volucria
930 4633 1071 4700 caeli,
1100 4637 1342 4698 habitare
1375 4620 1580 4712 possint
1615 4647 1668 4700 in
1711 4649 1874 4704 ramis
1901 4660 2059 4708 tantae

2191 4651 2407 4722 οιαύτης
2439 4653 2692 4720 πίστεως.

523 4710 680 4777 hujus
701 4713 841 4767 lldei.

528 4795 588 4848 γ.
614 4796 704 4850 45.
731 4798 996 4896 ἔρυιηξὺιιε
1033 4822 1214 4896 ,ποιέω
1265 4819 1642 4896 admirantibus
1694 4829 1756 4879 de
1817 4831 2051 4886 omnibus

2189 4824 2298 4896 ἰτίχ.
2354 4843 2459 4896 μγ.
2494 4813 2746 4886 Πάντων

658 4868 838 4934 quibus
868 4873 984 4940 fecit
1017 4868 1168 4934 λεδαᾶ
1192 4925 1205 4948 ,
1243 4868 1764 4962 dixitﬂadatscipulos
1785 4915 1905 4952 suos
1939 4916 1957 4952 :

527 5015 565 5069 V
752 5020 934 5102 Ponite
959 5043 1045 5109 pos
1076 5030 1368 5109 in_auribus
1405 5046 1579 5098 vestris
1618 5065 1874 5105 sermones
1904 5055 2046 5109 istos.

1260 5085 1293 5088 ε-
1313 5085 1366 5091 --ν
1405 5085 1578 5098 ..ν-,νυν
1618 5085 1688 5100 σι’
1704 5085 1749 5101 1η
1904 5085 1916 5104 σ
1951 5085 1961 5105 ί
2032 5095 2046 5109 ο

593 5085 637 5136 F
639 5087 760 5141 ilius
792 5093 925 5144 enim
951 5096 1170 5152 hominis
1193 5109 1468 5164 tradendus
1493 5124 1565 5166 est
1584 5115 1647 5168 .t'n
1674 5085 2048 5176 "$31.55;?-

586 5172 727 5213 nam.

579 5247 629 5300 Δ
661 5264 896 5317 quonam
930 5256 1215 5313 tradendus
1247 5265 1376 5320 est?
1413 5269 1696 5339 Apostolus
1727 5279 1938 5346 quidem
1971 5281 2052 5334 di-

513 5335 610 5401 cit,
632 5343 886 5396 traditum
928 5343 1094 5400 fuisse
1143 5350 1332 5408 Filium
1379 5373 1408 5412 a
1453 5335 1598 5428 beo,
1629 5335 1875 5436 inquiens
1907 5385 1920 5422 :
1947 5372 2050 5436 Qui

511 5431 724 5495 proprio
755 5429 896 5485 Filio
932 5451 1026 5489 suo
1060 5453 1162 5491 non
1200 5449 1445 5516 pepercit,
1463 5455 1551 5506 sed
1577 5471 1672 5521 pro
1703 5429 1849 5511 nobis
1880 5464 2047 5514 ωιιηὶ-

512 5517 604 5568 tms
624 5523 844 5576 tradidit
864 5521 1011 5578 illuni
1040 5525 1104 5592 ",
1128 5543 1406 5598 passurum
1431 5517 1618 5613 nempe
1645 5559 1743 5613 pro
1763 5554 1874 5602 toto
1899 5564 2051 5604 mun-

581 5629 809 5692 “Ercli.
849 5650 1012 5702 xxvn,
1054 5639 1140 5695 12.
1212 5645 1258 5677 "
1278 5647 1402 5708 ibid.
1477 5653 1522 5686 '°
1554 5653 1706 5711 Rom.
1734 5671 1849 5723 vui,
1883 5659 1970 5714 52.

718 5723 878 5796 forte
902 5727 1074 5796 ἥκειν.

507 5863 515 5870 ί
575 5789 686 5859 (θι)
717 5791 871 5849 Forte
896 5789 1038 5853 deest
1062 5797 1144 5856 ἄν.

1452 471 1998 535 SUPPLEMENTUM
2033 483 2123 536 AD
2160 486 2472 547 ORIGENIS
2505 493 2918 558 EXEGETICA.

598 573 695 627 bus
729 573 856 627 nihil
891 573 1098 630 dill'erre
1151 579 1330 636 videas
1367 586 1506 642 hunc
1543 604 1820 661 aegrotum,
1853 609 1910 652 et
1946 601 2116 654 virum
2149 609 2189 664 Α
2220 623 2320 673 σιν,
2345 612 2400 662 ἐν

3621 517 3701 572 348

2437 609 2522 675 αἷς
2543 615 2690 668 οὐδὲν
2719 617 2967 690 διαφέρει
3014 622 3042 672 ὁ
3079 622 3349 690 πεπονθὼς
3376 628 3600 697 ὑγιαίνων
3639 652 3701 688 τε.

2214 699 2319 750 Καὶ
2347 699 2510 770 ψυχαὶ
2537 705 2662 770 γοῦν
2711 724 2856 771 τινες
2894 711 3150 778 ὑγιαίνειν
3208 716 3303 785 μὲν
3340 719 3393 767 ἐν
3439 724 3705 796 σωφροσύνῃ

2211 788 2347 857 τάχα
2369 793 2688 860 νομίζονται,
2722 799 2816 851 καὶ
2851 799 2999 868 βιοῦν
3033 801 3108 863 ὼς
3133 802 3325 871 ὁλόγος
3358 805 3594 875 βούλεταιι
3616 808 3706 866 εἶτα

2211 878 2319 931 ἔσθ’
2366 883 2452 934 ὅτε
2511 888 2940 944 καταπίπτουσιν
2992 893 3096 944 ὑπὸ
3139 893 3243 947 τῶν
3277 897 3451 950 παθῶν
3502 902 3594 954 ἀπὸ
3633 907 3705 958 τοῦ

2211 970 2491 1042 έστηκέναι
2544 977 2836 1033 δοκεῖν.....
2882 982 3008 1051 περὶ
3040 983 3138 1054 τὴν
3185 986 3391 1058 ἀπάτην
3429 991 3513 1043 τοῦ
3553 994 3708 1060 αἰῶνος

2208 1058 2393 1111 τούτου
2413 1064 2504 1114 καὶ
2539 1068 2653 1127 ταῖς
2677 1065 2884 1131 λοιπαῖς
2906 1069 3236 1140 ἐπιθυμίαις.
3274 1069 3442 1138 Οὗτοι,
3459 1094 3707 1149 πνευματι-

2210 1147 2320 1211 κῶς
2347 1151 2536 1216 εἰπεῖν,
2569 1155 2987 1226 σεληνιάξονται,
3024 1160 3467 1233 καταϐαλλόμενοι
3505 1169 3595 1220 ὑπὸ
3624 1172 3708 1224 τῶν

2208 1236 2265 1287 ἐν
2295 1241 2405 1300 τοῖς
2436 1241 2780 1312 ἐνδομυχοῦσι
2824 1248 3018 1300 πάθεσι
3053 1254 3425 1318 πνευματικῶν
3462 1256 3550 1324 τῆς
3577 1275 3708 1328 mm.

2211 1325 2345 1396 ρίας,
2381 1329 2662 1385 πίπτουσιν
2691 1337 2770 1398 είς
2795 1337 2854 1390 τὸ
2884 1339 2996 1409 πῦρ
3019 1341 3128 1394 τῶν
3157 1345 3460 1414 πυρώσεων·
3495 1349 3638 1401 ἐνίοτε

2207 1417 2284 1476 εἰς
2308 1417 2366 1468 τὸ
2395 1418 2554 1490 ὕδωρ,
2576 1422 2664 1473 ὅτε
2697 1425 2723 1474 ὁ
2748 1423 2999 1492 βασιλεὺς
3028 1431 3243 1484 πάντων
3270 1433 3376 1485 τῶν
3396 1435 3450 1484 ὲν
3475 1439 3575 1498 τοῖς
3590 1436 3709 1491 ὕδασι

2205 1502 2527 1572 δρακόντων,
2569 1512 2912 1567 καταϐάλλων
2955 1519 3155 1582 αὐτοὺς
3211 1521 3316 1573 ἀπὸ
3345 1523 3434 1576 τοῦ
3479 1524 3710 1597 ἐλεύθερον

2203 1591 2376 1646 δοκεῖν
2396 1597 2666 1664 ἀναπνεῖν,
2710 1604 2800 1656 ἐπὶ
2837 1605 2898 1657 τὸ
2922 1608 3092 1661 εἴκειν
3125 1611 3236 1682 (95)
3267 1615 3344 1675 είς
3375 1613 3440 1667 τὰ
3466 1615 3588 1687 βάθη
3627 1591 3714 1673 τῶν

2205 1685 2459 1752 κυμάτων
2496 1688 2596 1756 τῆς
2625 1690 2894 1766 θαλάσσης
2925 1698 3021 1750 τοῦ
3052 1699 3161 1752 τῶν
3195 1703 3484 1774 ἀνθρώπων
3516 1685 3630 1775 βίον.

2272 1776 2452 1848 Ταύτῃ
2482 1783 2546 1851 τῇ
2570 1782 2811 1854 διηγήσει
2837 1788 3194 1857 συμϐαλεῖται
3217 1795 3345 1863 ἡμῖν
3371 1797 3399 1846 ὁ
3425 1794 3578 1862 λέγων
3595 1799 3640 1849 ὲν
3662 1801 3712 1868 τῇ

2202 1865 2406 1931 Σοφίᾳ,
2444 1871 2569 1939 περὶ
2602 1872 2699 1941 μὲν
2728 1875 2825 1943 τῆς
2871 1876 2968 1929 τοῦ
3011 1879 3222 1932 δικαίου
3259 1883 3583 1954 ὀμαλότητος·
3611 1865 3718 1953 Ani;

2203 1970 2378 2022 τησις
2399 1959 2690 2026 εὐσεϐοῦς
2724 1963 2822 2018 διὰ
2861 1968 3093 2034 παντὸς
3135 1974 3340 2040 σοφίίν
3389 1977 3510 2045 περὶ
3545 1976 3590 2029 δὲ
3627 1977 3716 2031 τῶν

2201 2046 2619 2118 ἀποδεδομένωνο
2646 2054 2699 2105 Ὀ
2723 2053 2791 2106 δὲ
2817 2055 3024 2124 ἄφρων
3045 2061 3126 2125 ὡς
3147 2061 3376 2130 σελήνη
3403 2063 3714 2120 ἀλλοιοῦται.

2200 2136 2308 2188 Καὶ
2347 2138 2460 2191 ἔστι
2505 2142 2598 2193 καὶ
2628 2145 2685 2195 ὲν
2716 2148 2828 2208 τοῖς
2869 2148 3132 2212 τοιούτοις
3169 2152 3295 2205 ἰδεῖν
3324 2154 3492 2224 ὁρμὰς
3537 2171 3715 2208 συνεπι-

2201 2229 2432 2280 σπᾶσθαι
2461 2229 2757 2301 δυναμένας
2790 2237 2928 2306 πρὸς
2949 2237 3172 2292 ἔπαινον
3190 2243 3315 2305 τοὺς
3347 2243 3417 2314 μὴ
3441 2245 3717 2312 ἐφιστάντας

2196 2318 2368 2370 αὐτῶν
2383 2319 2460 2389 τῷ
2483 2323 2879 2395 ἀνερματίστῳ,
2915 2327 3059 2381 ὥστε
3085 2333 3260 2385 εἰπεῖν
3292 2333 3357 2386 ἂν
3379 2336 3527 2386 οἱονεὶ
3555 2338 3715 2389 πανσές

2196 2407 2351 2476 ληνον
2393 2405 2530 2465 εἶναι
2578 2415 2633 2466 ἐν
2677 2416 2879 2479 αὐτοῖς,
2927 2419 2960 2489 ἢ
2997 2425 3128 2491 παρ’
3166 2423 3361 2492 ⁵ὀλίγον
3409 2427 3711 2500 πανσέληνον.

2199 2498 2358 2562 Ἴδοις
2381 2501 2426 2552 δ’
2446 2501 2510 2554 ἂν
2535 2503 2693 2557 πάλιν
2717 2508 3059 2579 μιμούμενον
3091 2513 3148 2565 τὸ
3171 2513 3325 2578 δόξαν
3348 2498 3474 2570 εἶναι
3491 2520 3542 2571 ὲν
3568 2520 3714 2582 αὐτοῖς

2195 2589 2326 2656 φῶς·
2356 2591 2474 2660 οὐχὶ
2498 2594 2610 2660 φῶς
2630 2597 2885 2665 ἡμερινὸν
2917 2604 3207 2672 τυγχάνον,
3229 2605 3362 2658 ἀλλὰ
3381 2608 3492 2675 φῶς
3509 2625 3711 2677 νυκτερι-

2193 2680 2300 2743 νὸν,
2353 2684 2445 2734 καὶ
2478 2684 2568 2735 ἐπὶ
2601 2686 2856 2742 τοσοῦτον
2913 2689 3101 2761 λῆγον,
3142 2694 3249 2758 ἕως
3281 2698 3411 2769 μηδὲ
3435 2697 3592 2751 δοκεῖν
3625 2699 3713 2766 σῶς

2191 2768 2325 2824 εἶναι
2371 2773 2793 2846 ὲπιϐλεπόμενον
2838 2781 2950 2852 (94)
2981 2784 3038 2836 ὲν
3084 2785 3265 2850 αὐτοῖς
3297 2788 3526 2858 γένηται.
3557 2791 3617 2842 Ei
3643 2785 3712 2842 οὖν

2191 2862 2334 2913 πᾶσα
2381 2863 2521 2934 ψυχὴ
2567 2866 2656 2918 ὑπ’
2690 2868 2912 2940 ἀγγέλῳ
2951 2872 3232 2940 τέτακται,
3263 2879 3291 2930 ὀ
3333 2877 3424 2931 τοῦ
3449 2879 3713 2950 σεληνιαζο-

2192 2951 2352 3020 μένου
2385 2955 2565 3026 πατὴρ
2587 2957 2652 3008 ἂν
2701 2952 2861 3023 οὗτος
2912 2962 3080 3026 ἀξιῶν
3110 2966 3187 3030 ὡς
3204 2970 3330 3038 περὶ
3361 2969 3471 3022 υἱοῦ
3509 2972 3589 3022 τὸν
3633 2973 3712 3038 Ἰη-

2189 3041 2333 3104 σοῦν,
2369 3045 2444 3106 ὠς
2477 3045 2550 3114 μὴ
2583 3047 2882 3118 δυνηθέντα
2920 3053 3032 3126 (95)
3064 3057 3172 3110 ἀπὸ
3195 3059 3565 3135 ὑποδεεστέρου
3586 3063 3710 3132 λόγου

2185 3131 2290 3183 τῶν
2317 3132 2568 3201 μαθητῶν
2598 3135 3014 3214 θεραπευθῆναι
3048 3149 3154 3201 ὑπὸ
3185 3150 3276 3203 τοῦ
3305 3131 3515 3216 πάθους.

2239 3221 2402 3282 ,Ἔστι
2417 3222 2471 3274 δὲ
2493 3223 2683 3280 ἄλαλον
2708 3231 2808 3282 καὶ
2825 3235 3014 3301 κωφὸν
3042 3237 3317 3309 δαιμόνιον
3345 3245 3404 3299 αἱ
3427 3243 3591 3314 ἄλογοι
3603 3242 3712 3315 πρὸς

2180 3310 2239 3363 τὸ
2257 3311 2442 3364 δοκόῦν
2472 3315 2630 3369 καλὸν
2661 3319 2865 3389 ὁρμαὶ,
2897 3325 3005 3378 ὑπὸ
3027 3329 3123 3381 τοῦ
3159 3331 3315 3400 λόγου
3348 3310 3710 3405 ἐκϐαλλόμεναι,

2178 3401 2244 3464 ἃς
2268 3403 2426 3465 αὐτὸς
2464 3406 2633 3459 ὲ’τιεθίει
2682 3409 2875 3484 ἀλόγῳ
2911 3421 3077 3490 φορᾷ,
3124 3424 3464 3494 νομιζόμεναι
3500 3401 3590 3480 ὑπο
3629 3425 3713 3480 τῶν

2179 3490 2474 3559 βλεπόντων
2507 3496 2645 3548 κατά
2697 3498 2868 3570 λόγον
2915 3507 3098 3564 ταῦτα
3147 3490 3404 3583 πράττειν
3432 3516 3523 3586 τῆς
3573 3515 3712 3588 Ἰησοῦ

2174 3581 2529 3646 διδασκαλίας.
2561 3587 2830 3644 Δυσίατον
2859 3594 2918 3648 δὲ
2940 3599 3102 3654 τοῦτο
3121 3602 3180 3655 τὸ
3195 3581 3400 3670 Ῠπάθος,
3422 3581 3509 3660 καί
3540 3581 3715 3679 ἰσχυρὸν

2173 3670 2317 3722 δοκεί
2336 3670 2510 3734 καλῶς
2535 3678 2859 3747 πεπρᾶχθαι
2876 3684 2945 3737 τά
2963 3689 3039 3759 μὴ
3070 3691 3270 3757 καλῶς,
3298 3696 3388 3748 καὶ
3415 3696 3548 3749 ἐστιν

2172 3758 2230 3810 ὲν
2267 3762 2377 3822 τοῖς
2426 3761 2683 3827 τοιούτοις
2721 3772 2940 3845 μεγάλη
2975 3778 3007 3846 ἠ
3037 3781 3263 3854 τοιαύτη
3309 3785 3561 3855 ἐνέργεια,
3597 3786 3709 3839 ὥστε

2171 3846 2369 3920 ταύτην
2401 3850 2514 3922 ὄρει
2567 3858 3042 3931 παραϐάλλεσθαι,
3083 3846 3315 3944 δεομένη
3371 3846 3454 3930 ἵνα
3484 3846 3707 3946 μετατεθῇ

2169 3936 2276 3988 ἀπὸ
2307 3938 2398 3992 τοῦ
2444 3941 2744 4011 πάσχοντος
2795 3950 2891 4007 διὰ.
2922 3956 3110 4028 πάσης
3169 3963 3405 4029 πίστεως
3445 3968 3532 4020 τοῦ
3578 3966 3708 4038 θερα-

2168 4024 2436 4089 πεύοντος.
2475 4030 2622 4082 Ἔστι
2674 4033 2735 4085 δὲ
2781 4039 2814 4107 ὴ
2873 4044 3026 4097 πᾶσα
3063 4024 3256 4114 *πίστις
3303 4024 3706 4124 παραϐαλλομένη

2168 4112 2344 4182 κόκκῳ
2373 4117 2654 4183 σινάπεως·
2702 4124 2834 4178 ἐπεὶ
2880 4130 3246 4196 ὲξουθενεῖται
3299 4143 3396 4213 μὲν
3446 4144 3582 4216 παρὰ
3622 4144 3707 4196 τῶν

2165 4203 2460 4297 ἀνθρωπων
2491 4210 2522 4276 ή
2572 4210 2779 4278 πίστις,
2811 4220 2908 4273 καὶ
2935 4221 3279 4295 βραχύτατον
3299 4203 3437 4297 εστι,
3470 4203 3555 4286 καὶ
3585 4233 3707 4284 εὐτε-

2164 4288 2252 4353 λὲς
2284 4288 2416 4346 εἶναι
2451 4296 2717 4363 φαίνεταιο
2757 4308 3004 4376 τυχοῦσα
3027 4315 3084 4366 δὲ
3109 4319 3215 4388 γῆς
3249 4321 3475 4393 ἀγαθῆς,
3503 4323 3708 4376 τουτέστι

2162 4379 2356 4451 ψυχῆς,
2409 4383 2613 4451 γίνεται
2663 4389 2891 4468 δένδρον
2934 4402 3100 4471 μέγα·
3296 4379 3308 4389 .
3330 4379 3474 4466 οὐδέν
3511 4415 3598 4484 μὲν
3624 4413 3709 4464 τῶν

2165 4471 2434 4541 ἀπτέρων,
2465 4475 2529 4526 τὰ
2578 4475 2634 4528 δὲ
2680 4480 3055 4558 ὲπτερωμένα
3106 4504 3484 4571 πνευματικῶς
3525 4501 3710 4557 πετεινά

3299 4597 3406 4657 τοῖς
3419 4595 3611 4658 κλάδοις
3630 4594 3708 4662 τῆς

2791 4837 2862 4892 δὲ
2882 4848 3322 4919 ⁸θαυμαζόντων
3371 4857 3467 4911 ἐπὶ
3525 4858 3700 4919 πᾶσιν,

2223 4894 2309 4982 υζς
2330 4894 2612 4975 ἐπτοίησεν
2629 4903 2663 4954 ό
2709 4903 2784 4973 Ἰη
2790 4924 2866 4962 σο
2876 4894 2968 4978 εἷς,

2224 4967 2427 5018 αὑτοῦ.

2156 5055 2299 5124 Στίχ.
2330 5056 2427 5127 μδ’.
2457 5057 2643 5145 θέσθε
2676 5067 2851 5158 abrasit;
2893 5076 2996 5158 ei?
3017 5079 3092 5134 τὰ
3118 5077 3240 5158 (Tim
3269 5088 3434 5158 ὑμῶν
3451 5089 3582 5155 τοὺς
3614 5089 3700 5142 λό-

2219 5129 2640 5229 ζῖτξεξῖξξεξξε
2677 5129 2748 5229 :9
2771 5129 3041 5220 τάρ.ι’·ίδέ
3054 5129 3700 5229 ἓοῖίιῑνῖθῖωττὲὸιῖῑιὲλλει

2219 5195 2643 5260 παραδίδοσθαι
2672 5205 2764 5269 εἰς
2776 5195 2789 5205 ’
2801 5195 3380 5290 χὲῖράξδάῖθὶῶἓτῖνῒ

2229 5283 2552 5388 ’ξ’πὺὶτίνος
2599 5290 2712 5362 ἄρα
2759 5299 2952 5365 μέλλει
3018 5283 3440 5385 παραδίδοσθαι;
3505 5319 3558 5373 Ὀ
3615 5317 3695 5388 μὲν

2158 5372 2469 5466 Ἀττύστολός
2502 5395 2634 5448 φησι
2693 5372 3115 5455 παραδεδόσθαι.
3166 5407 3271 5462 ὑπὸ
3307 5412 3398 5465 τοῦ
3427 5372 3576 5466 ,Θεοῦ
3615 5372 3694 5462 ἶτδν

2145 5460 2290 5526 Υίὸν,
2316 5464 2454 5572 ὲκιῖης
2471 5466 2712 5572 (96);"09
2729 5493 2796 5542 γε
2812 5483 2920 5536 τοῦ
2941 5486 3099 5545 ἰδίου
3133 5460 3274 5552 Υἰοῦ
3424 5460 3692 5572 ἐξείσαιοι

2153 5553 2286 5607 ἀλλ’
2321 5557 2472 5625 ὑπὲρ
2498 5560 2669 5630 ἡμῶν
2707 5568 2956 5631 πάντων
2993 5553 3696 5662 παρέδωκεν-αὐτᾌκνήῦάθ

2347 5756 2505 5842 Eone
2532 5763 2872 5842 δυνηθέντος.

2214 5825 2322 5895 (Uti)
2353 5825 2546 5887 Εἰπὼν.
