3914 6450
37 121 106 156 ...κί’

209 359 254 415 55

87 419 351 632 92%.:

233 554 348 620 εατδ
423 568 450 581 ·’
495 554 737 600 iw"?
795 554 878 573 νο
938 554 1050 591 "It"
1096 554 1640 612 ξι⁷1“αυηνμξριελω.ει

241 647 284 660 -ι
356 585 574 660 ’-ητξς
609 597 753 637 ουκ
792 589 1282 660 ἀφαιρεθησεται
1309 593 1391 650 ἀπ
1436 611 1640 660 αυτης,

241 647 312 752 in:
341 655 442 725 μὲν
471 657 584 718 οὖν
609 669 715 734 τὸ,
761 647 1108 745 Ἑνόςῖἐστί
1129 681 1315 750 χρεία,
1339 647 1399 734 τὸ
1431 647 1800 752 Ἀταὲήσειςν

199 741 427 843 ρὴσξμον
468 752 631 826 (98),
687 763 819 817 τὸν
870 741 1405 836 πλησίονῂσοαὼς
1433 741 1678 824 ἑαυτόν·

151 817 246 925 ξέ
283 835 354 930 εδ,
380 817 706 920 fuam»
761 817 1680 930 έσέῖὶζοὲὲέι,’ξτᾶρξόηξέιῖζά-
1721 817 1802 914 ὄιῖ

196 927 454 1006 κλέψεις.
485 937 564 990 οὺ
622 927 1300 1016 ψευδομαρτυρήσεις-,⁷
1325 927 1421 1002 καί
1479 950 1533 1002 εἴ
1577 967 1630 1002 τι
1679 951 1804 1004 ἄλλο

215 1022 394 1104 δμοίως
447 1025 706 1099 εἴρηται.
760 1034 1014 1108 Ἐκλάϐῃ
1060 1037 1117 1090 δὲ
1159 1037 1382 1106 Μάρθαν
1435 1037 1532 1107 μὲν
1585 1038 1664 1099 είς
1707 1037 1802 1108 τὴν

232 1115 428 1187 πρᾶξιν,
454 1117 692 1188 Μαρίαν
741 1123 803 1175 δὲ
843 1126 927 1187 εἰς
959 1127 1056 1196 τὴν
1085 1126 1326 1197 θεωρίαν.
1376 1128 1445 1179 Ἢ
1471 1128 1567 1195 τὴν
1603 1127 1699 1196 μὲν
1725 1128 1803 1189 είς

243 1211 319 1279 τὴν
352 1208 642 1274 Ἰουδαίαν,
681 1213 792 1283 τὴν
827 1215 888 1268 δὲ
917 1219 999 1280 είς
1033 1217 1128 1287 τὴν
1171 1217 1230 1280 ἐξ
1256 1217 1420 1271 ἐθνῶν
1463 1217 1798 1287 Ἐκκλησίαν.

246 1299 302 1350 Ἦ
325 1298 555 1370 Μάρθαν
585 1300 689 1371 μὲν
725 1305 813 1365 εἰς
841 1305 971 1368 τοὺς
995 1306 1059 1358 ὲκ
1103 1305 1394 1376 περιτομῆς
1423 1305 1803 1367 πιστεύσαντας

238 1389 323 1441 καὶ
356 1388 732 1457 φυλάττοντας
775 1393 1088 1457 Ἰουδαϊκῶς
1133 1395 1201 1447 τὰ
1242 1395 1334 1447 τοῦ
1379 1396 1558 1466 νόμον,
1590 1395 1803 1466 Μαρίαν

231 1477 281 1529 δὲ
312 1479 438 1540 τοὺς
461 1477 668 1532 τούτων
699 1481 1176 1553 ἀπηλλαγμένους,
1226 1486 1316 1538 καὶ
1346 1486 1518 1555 μόνοις
1547 1488 1656 1548 τοῖς
1700 1488 1803 1556 Ἰη-

233 1565 331 1617 σοῦ
364 1567 491 1618 ποσὶ
521 1567 1094 1640 προσκαθεζομένους.
1143 1573 1419 1643 Διαφόρως
1451 1575 1556 1644 γὰρ
1587 1573 1802 1626 ἐπιϐάλ-

223 1655 363 1718 λων,
386 1657 636 1726 εὑρήσεις
663 1658 905 1729 Μάρθαν
929 1663 1026 1730 μὲν
1059 1664 1532 1734 σωματικωτέραν,
1559 1665 1650 1717 καὶ
1676 1665 1800 1734 περὶ

223 1745 410 1798 πολλὰ
450 1747 794 1826 εἱλουμένην,
837 1751 1058 1820 Μαρίαν
1089 1751 1146 1803 δὲ
1185 1754 1250 1822 τῇ
1285 1751 1482 1823 θεωρίᾳ
1526 1753 1678 1824 μόνῃ,
1710 1753 1801 1805 καὶ

219 1840 356 1899 τοῖς
388 1841 782 1907 πνευματικοῖς
809 1842 1270 1913 προσανέχουσαν.

883 2097 1039 2148 ΚΕΦ.
1081 2098 1176 2153 IA'.

213 2180 377 2264 Etix;
405 2178 474 2264 β’.
525 2182 728 2264 "deep
759 2184 950 2264 ἡμῶν,
994 2189 1027 2238 ό
1055 2187 1147 2264 εις-Α
1165 2185 1286 2264 τοῖς
1308 2185 1608 2264 ,ούρανο-ῖςς
1639 2187 1801 2256 ἁγια-

293 2251 506 2315 σθήτω
535 2251 604 2303 τὸ
637 2251 835 2319 ὄνομα
865 2270 980 2306 σου
999 2270 1012 2283 ο
1031 2254 1260 2327 ἐλθέτω
1289 2256 1326 2321 ή
1356 2251 1639 2318 ,βασιλεία
1665 2251 1798 2309 σου.

295 2331 470 2408 οἶμαι
497 2339 578 2401 δὲ,
616 2340 702 2391 ὅτι
751 2340 928 2402 οὐδεὶς
954 2340 1099 2407 λέγοι
1134 2339 1210 2410 τῷ
1235 2340 1351 2410 Θεῷ
1391 2342 1450 2394 τὸ
1474 2341 1680 2408 Πάτερ,
1729 2343 1800 2412 μὴ

215 2428 670 2500 πεπληρωμένος
683 2429 781 2482 τοῦ
797 2430 899 2500 τῆς
921 2429 1187 2492 υἱοθεσίας
1211 2429 1537 2500 πνεύματος⁸
1562 2433 1653 2483 καὶ
1677 2431 1802 2494 Υίὸς

213 2518 470 2582 δοξάζων
507 2519 741 2588 Πατέρα
777 2519 926 2587 λέγοι
967 2520 1033 2572 ἂν
1079 2519 1296 2586 Πάτερ·
1335 2519 1568 2586 φυλάξας
1607 2519 1662 2572 δὲ
1705 2520 1802 2589 τὴν

214 2608 472 2676 ἐντολὴν,
519 2608 626 2678 τὴν
686 2606 951 2675 λέγουσαν
969 2623 984 2636 ·
1050 2605 1333 2674 Ἀτπαπᾶτε
1378 2606 1517 2672 τοὺς
1555 2607 1802 2675 ἐχθροὺς

212 2697 414 2768 ὑμῶν,
447 2700 879 2768 προσεύχεσθε
905 2697 1058 2764 ὑπὲρ
1100 2696 1220 2749 τῶν
1264 2697 1590 2750 διωκόντων
1627 2695 1800 2764 ὑμᾶς,

215 2788 386 2852 ὅπως
416 2788 690 2856 γένησθε
719 2786 838 2840 υἱοὶ
865 2787 973 2839 τοῦ
1001 2784 1227 2851 Πατρός
1251 2784 1432 2853 ὑμῶν,
1461 2786 1565 2840 τοῦ
1591 2787 1660 2839 ἐν
1681 2787 1802 2851 τοῖς

215 2877 539 2944 οὐρανοῖς.

310 2967 577 3020 Ἐλθέτω
616 2966 658 3032 ἡ
689 2965 979 3029 ,ϐασιλεία
1011 2980 1145 3020 σου.
1185 2966 1298 3018 Ἵνα
1341 2964 1654 3035 καταργηθῇ
1707 2966 1804 3035 μὲν

219 3057 382 3108 πᾶσα
409 3055 564 3125 ἁρχὴ
593 3054 694 3106 καὶ
717 3053 936 3119 ἐξουσία
963 3054 1055 3107 καὶ
1081 3053 1327 3123 δύναμις,
1357 3054 1509 3106 ἔτιδὲ
1541 3055 1632 3106 καὶ
1657 3055 1802 3106 πᾶσα

1500 403 1785 460 SCHOLIA
1825 403 1887 456 IN
1928 403 2101 458 LUCA
2111 404 2178 460 Μ.

354 493 737 596 δ’ξιὲίαρζα
795 519 884 596 (ἳέ
934 522 1052 591 τὴν
1096 523 1339 596 ἀγαθὴν,
1359 523 1579 596 μερίδα.
1604 521 1802 590 έξελέ“

1908 520 1966 576 ν.
1997 523 2087 596 42.
2125 522 2496 596 [lariaautent
2539 524 2721 578 bonam
2757 532 2954 591 partem
2983 522 3162 594 elegit,
3189 543 3304 596 ante
3335 547 3438 586 non

3332 417 3438 472 356

1970 591 2238 658 auferetur
2261 592 2325 644 ab
2353 608 2432 645 ea.

1968 679 2045 731 Ad
2072 678 2461 747 explanantlum
2493 679 2618 734 illud
2645 697 2661 734 :
2696 678 2809 734 Uno
2834 696 2960 748 opus
2994 690 3094 746 est,
3119 681 3249 736 utile
3280 683 3438 741 fuerit

1901 769 2037 837 quod
2111 767 2302 821 dicitur
2347 782 2364 822 :
2412 768 2603 838 Diliges
2664 771 2952 838 proximum
3006 781 3151 823 tuum
3203 773 3332 825 sicut
3388 784 3438 828 te

1899 859 2084 922 ipsum.
2135 857 2267 913 Cum
2305 860 2391 913 illo
2438 869 2637 924 autem,
2693 858 2882 914 Paucis
2928 872 3002 914 est
3055 878 3203 925 opus,
3251 863 3438 918 eonl'er

1903 947 2076 1002 illud:
2126 947 2245 1002 Non
2293 949 2572 1017 furaberis,
2626 965 2725 1002 non
2782 951 2918 1003 dices
2967 952 3158 1017 falsum
3209 953 3436 1004 testimo-

1901 1037 2040 1090 nium
2071 1039 2136 1101 ",
2163 1047 2219 1092 et
2251 1038 2296 1091 si
2331 1040 2457 1106 quid
2491 1039 2632 1093 aliud
2680 1039 2926 1094 similiter
2955 1040 3151 1092 dictum
3199 1050 3302 1095 est.
3337 1040 3438 1094 Ae-

1900 1125 2061 1192 cipies
2104 1139 2314 1194 quoque
2346 1125 2604 1178 Martham
2654 1125 2720 1179 ad
2760 1124 3080 1180 innuendam
3130 1127 3392 1180 actionem
3417 1165 3435 1190 ,

1901 1212 2116 1267 Mariam
2155 1229 2280 1267 vero
2312 1215 2377 1267 ad
2414 1214 2735 1268 innuendam
2786 1214 3310 1281 contemplationem.
3340 1213 3437 1267 Vel

1899 1302 2042 1354 illam
2068 1302 2277 1370 quidem
2307 1304 2358 1356 in
2389 1303 2680 1372 symbolum
2711 1301 2924 1366 Judaue,
2955 1304 3092 1357 hanc
3125 1305 3174 1356 in
3212 1303 3436 1369 ﬁguram

1903 1389 2148 1445 Ecclesia:
2176 1393 2430 1460 gentium.
2465 1391 2589 1446 Sive
2616 1392 2819 1445 Martha
2848 1392 3166 1462 signiﬁcabit
3195 1407 3309 1455 eos,
3343 1393 3432 1460 qui

1898 1493 1963 1530 ex
2013 1480 2418 1533 circumcisione
2476 1480 2848 1542 crediderunt,
2895 1489 2948 1532 ct
2999 1478 3164 1546 legem
3216 1479 3434 1532 Judaice

1898 1568 2212 1633 observant;
2245 1567 2406 1621 Maria
2438 1569 2620 1622 inuuet
2648 1584 2739 1623 eos
2762 1569 2850 1637 qui
2879 1585 2909 1621 ει
2938 1567 3193 1636 legalibus
3227 1568 3433 1622 liberati

1899 1668 2040 1721 sunt,
2070 1668 2122 1710 et
2159 1661 2224 1712 ad
2263 1660 2406 1713 solos
2433 1659 2560 1713 Jesu
2599 1660 2758 1729 pedes
2787 1661 3041 1713 assident.
3074 1659 3437 1714 Diversimode

1898 1749 2038 1800 enim
2075 1763 2184 1801 rem
2240 1749 2589 1817 perpendens,
2637 1749 2872 1802 invenies
2907 1748 3171 1812 Martbam
3218 1747 3435 1816 quidem

1827 1834 1874 1891 Β
1901 1837 2058 1890 rebus
2101 1837 2372 1904 corporeis
2422 1837 2642 1891 nimium
2693 1838 2968 1905 aliquanto
3013 1838 3335 1903 obnoxiam,
3382 1847 3437 1891 et

1903 1925 2046 1979 circa
2081 1929 2242 1979 multa
2277 1937 2572 1980 versantem
2598 1965 2613 1990 ,
2646 1927 2860 1981 Mariam
2892 1943 3018 1982 vero
3063 1927 3161 1982 soli
3199 1937 3437 1983 contem-

1905 2014 2144 2081 plationi,
2171 2023 2223 2068 et
2251 2015 2412 2070 rebus
2441 2016 2805 2084 spiritualibus
2834 2025 3133 2071 vacantem.
3235 2033 3239 2038 ·

2525 2103 2674 2158 CAP.
2715 2103 2804 2160 XI.

1905 2188 1969 2242 ν.
1999 2190 2052 2244 2.
2079 2191 2233 2244 Pater
2268 2202 2459 2254 noster.
2484 2195 2656 2272 qui'in
2683 2195 2854 2258 caelis;
2878 2197 3232 2256 sancti/ieeur
3258 2213 3438 2252 nomen

2261 2272 2404 2312 tuum
2432 2276 2452 2313 :
2478 2272 2644 2314 veniat
2684 2279 2893 2331 regnum
2920 2273 3086 2320 tuum.

1974 2347 2127 2413 Puto,
2157 2350 2278 2418 quia
2311 2366 2466 2404 nemo
2488 2351 2690 2404 diceret
2727 2353 2834 2406 Deo
2857 2352 3038 2419 Pater,
3065 2355 3178 2420 nisi
3209 2357 3438 2424 repletus

1905 2439 2092 2504 spiritu
2147 2439 2442 2507 adoptionis
2483 2457 2497 2494 :
2545 2455 2609 2495 ac
2655 2439 2820 2495 Filius
2846 2442 3149 2512 gloriﬁcans
3193 2443 3438 2508 Patrem,

1906 2528 2043 2581 dicet
2070 2528 2276 2594 utique,
2309 2527 2486 2594 Pater,
2514 2539 2568 2582 at
2597 2532 2902 2586 custodiens
2937 2534 3264 2599 mandatum,
3295 2537 3438 2602 quod

1905 2617 2026 2670 ait:
2071 2615 2282 2685 Diligite
2331 2619 2568 2673 inimicos
2637 2630 2850 2684 vestros,
2905 2633 3047 2675 orate
3113 2639 3208 2690 pro
3272 2637 3440 2691 perse-

1903 2705 2170 2772 quentibus
2200 2721 2305 2769 vos,
2336 2715 2391 2759 ut
2421 2707 2540 2760 sitis
2568 2706 2667 2770 lilii
2698 2705 2873 2761 Patris
2902 2712 3074 2774 vestri,
3103 2712 3193 2779 qui
3220 2713 3273 2764 in
3302 2710 3441 2764 ralis

1905 2804 1976 2847 est
2003 2794 2046 2826 ¹³

1983 2965 2170 3022 Veniat
2204 2981 2415 3033 regnum
2444 2975 2613 3021 tuum.
2652 2965 2723 3021 Ut
2763 2975 3046 3020 evacuetur
3076 2969 3251 3022 omnis
3292 2979 3442 3036 pote-

1906 3067 2017 3112 stas
2058 3067 2112 3111 et
2145 3056 2336 3119 virtus,
2389 3057 2622 3123 itemque
2671 3071 2826 3110 omne
2875 3071 3091 3125 regnum
3131 3057 3346 3120 mundi,
3388 3067 3444 3112 et

225 3144 482 3213 βασιλεία
510 3142 612 3195 τοῦ
637 3143 864 3212 κόσμου,
897 3143 992 3195 καὶ
1026 3145 1059 3212 ἡ
1094 3141 1439 3211 βασιλεύουσα
1461 3145 1519 3196 ὲν
1541 3146 1650 3206 τοῖς
1674 3143 1800 3212 θνη-

1908 3147 2036 3217 quod
2066 3157 2249 3215 regnat
2297 3145 2346 3197 in
2380 3145 2686 3199 mortalibus
2730 3147 3041 3212 corporibus
3079 3147 3279 3200 nostris
3305 3161 3433 3214 pec-

221 3238 342 3298 τοῖς
365 3234 528 3305 ἡμῶν
563 3232 815 3303 σώμασιν
842 3231 1087 3302 ἁμαρτία
1104 3246 1117 3262 ο
1155 3231 1366 3285 πάντων
1395 3230 1450 3284 δὲ
1479 3229 1678 3283 τούτων
1707 3230 1802 3300 βα-

227 3325 456 3398 σιλεύσῃ
469 3327 512 3386 ,ὁ
543 3324 702 3387 Θεός.

227 3417 382 3486 Στίχ.
419 3415 494 3485 γ’.
547 3415 665 3470 Τὸν
701 3414 886 3481 ἄρτον
925 3413 1094 3482 ἡμῶν
1137 3412 1240 3466 τὸν
1278 3411 1584 3465 ἐπιούσιον
1618 3410 1806 3463 δίδου.

316 3503 669 3573 Ἀναγκαίως
708 3501 767 3553 δὲ
812 3501 908 3553 καὶ
937 3498 998 3552 τὸ
1041 3499 1168 3552 καθ’
1210 3499 1435 3564 ἡμέραν
1473 3496 1805 3564 πρόσκειται.

228 3593 412 3644 Οίονεὶ
437 3590 557 3660 γὰρ
583 3587 954 3656 ὲπισκευαστή
978 3586 1122 3636 ἐστιν
1146 3584 1298 3652 ἡμῶν
1321 3585 1353 3653 ἡ
1377 3581 1488 3654 ζωὴ
1508 3584 1540 3652 ἡ
1563 3581 1805 3651 ἀληθινὴ,

229 3684 325 3738 ἵνα
357 3684 498 3738 κατᾶ
527 3683 670 3735 Θεὸν
703 3681 844 3752 ζήσῃ
869 3681 898 3732 ὁ
924 3677 1032 3730 ἔσω
1055 3676 1358 3746 ἄνθρωπος.

227 3772 386 3844 Στξχ.
419 3781 488 3846 ε’,
521 3779 602 3837 ς’,
639 3771 704 3835 ζ’.

306 3863 383 3915 Τὸ
415 3865 524 3935 μὲν
552 3859 672 3926 οὖν,
715 3860 810 3924 Τίς
837 3859 905 3922 ἐξ
931 3855 1117 3926 ὑμῶν,
1146 3853 1279 3924 πρὸς
1307 3852 1430 3914 τοὺς
1458 3851 1695 3921 μαθητὰς
1721 3850 1807 3902 λέ-

229 3971 422 4021 γεταιο
466 3953 537 4006 τὸ
576 3953 660 4015 δὲ,
697 3950 822 4014 ἔξει
861 3950 1065 4017 φίλον,
1093 3945 1178 3998 ἵνα
1208 3943 1334 4012 εῐπῃ
1365 3941 1454 3994 τὸν
1493 3941 1622 3994 Θεὸν
1662 3940 1809 4008 φίλον

230 4048 584 4115 τυγχάνοντα
608 4045 725 4103 τοῖς
763 4041 958 4108 ἁγίοις,
986 4037 1061 4099 ὼς
1083 4035 1284 4103 Μωῦσῇ
1312 4032 1404 4085 καὶ
1427 4030 1503 4099 τῷ
1544 4030 1806 4115 Ἀϐραάμ,

229 4114 395 4206 Τάχα
413 4138 475 4190 δὲ
508 4136 610 4188 καὶ
642 4129 992 4202 μεσονύκτιον
1013 4127 1042 4178 ὁ
1070 4121 1489 4190 συνεσταλμένος
1515 4114 1666 4181 οὗτός
1697 4119 1809 4171 ἐστι

232 4226 426 4295 καιρὸς
455 4224 560 4277 τοῦ
596 4222 737 4292 βίου.
770 4220 856 4272 ὅτε
879 4214 1198 4286 ὀλοθρευτὴς
1219 4212 1516 4281 εἰσέρχεται
1537 4211 1613 4272 εἰς
1633 4210 1809 4261 πᾶσαν

228 4315 417 4368 οίκίαν
436 4315 548 4384 τῆς
579 4314 642 4364 ὲν
666 4309 858 4379 κόσμῳ
894 4306 1187 4373 Αἰγύπτου,
1215 4301 1341 4355 ἔνθα
1377 4301 1449 4371 μὴ
1475 4300 1750 4370 κέχρισται
1773 4300 1806 4368 ἡ

234 4404 382 4473 φλιὰ
407 4405 488 4474 τῷ
513 4402 616 4455 τοῦ
645 4396 886 4471 Χριστοῦ
915 4397 1121 4465 αἵματι.
1152 4394 1300 4444 Αἰτεῖ
1327 4391 1382 4442 δὲ
1409 4393 1437 4442 ὁ
1464 4389 1700 4459 μαθητὴς
1721 4387 1809 4440 τὸν

1904 3246 2078 3290 catum
2104 3251 2119 3298 ;
2146 3248 2304 3301 super
2333 3234 2416 3287 his
2446 3243 2623 3288 autem
2649 3235 2896 3289 onmibus
2927 3247 3110 3306 regnet
3141 3235 3298 3291 Deus.

1975 3407 2040 3464 ν.
2066 3409 2118 3464 5.
2153 3409 2344 3462 Panem
2379 3419 2608 3462 nostrum
2634 3409 2958 3478 sufﬁcientem
2985 3411 3073 3464 da.

1984 3497 2301 3553 Necessario
2374 3498 2677 3568 adiungitur
2728 3501 2978 3567 quotidie.
3041 3501 3442 3566 Quodammodo

1903 3589 2044 3642 enim
2078 3589 2422 3643 instaurativa
2453 3596 2534 3642 est
2572 3596 2810 3641 nostrum
2846 3605 2967 3643 vera
3012 3589 3139 3653 vita,
3167 3599 3223 3643 ut
3249 3605 3444 3644 secun-

1904 3677 2026 3729 dum
2057 3678 2218 3731 Deum
2251 3678 2393 3731 vivat
2423 3678 2646 3732 interior
2677 3679 2854 3732 homo.

1974 3765 2038 3818 V.
2069 3766 2127 3826 5.
2150 3766 2203 3828 6,
2231 3765 2282 3821 7.

1973 3853 2101 3920 Illud
2125 3854 2310 3922 igitur,
2339 3853 2469 3919 Quis
2494 3870 2556 3907 ex
2591 3855 2754 3916 vobis.
2784 3855 2848 3908 ad
2891 3856 3182 3924 discipulos
3215 3856 3441 3920 dicitur;

1905 3956 1960 3998 at
1990 3945 2151 4010 illud,
2197 3937 2400 3998 habebit
2446 3945 2702 4007 amicum,
2743 3945 2817 3996 ait
2865 3959 2974 4010 quo
3016 3953 3219 3998 asserat
3279 3943 3441 3997 Deum

1907 4036 2132 4089 amicum
2175 4048 2292 4088 esse
2328 4042 2660 4094 sanctorum.
2706 4042 2764 4086 ut
2802 4033 2998 4104 Moysis
3043 4043 3097 4104 et
3144 4033 3436 4087 Abraham.

1910 4119 2292 4176 Verosimiliter
2353 4119 2763 4182 medinoctimn,
2812 4131 2894 4174 est
2957 4121 3116 4175 breve
3170 4122 3267 4173 hoc
3321 4121 3443 4173 vine

1911 4223 2112 4280 tempus
2159 4211 2371 4278 quando
2431 4211 2820 4263 exterminatur
2875 4211 3172 4274 ingreditur
3235 4225 3442 4263 omnem

1910 4303 2120 4353 domum
2171 4299 2448 4352 mundanae
2509 4296 2756 4369 Egypti,
2802 4299 2890 4353 ubi
2925 4314 3028 4352 non
3078 4299 3175 4352 fuit
3222 4311 3440 4353 unctum

1912 4389 2069 4442 limen
2135 4388 2394 4457 sanguine
2459 4385 2682 4442 Christi.
2742 4387 2980 4442 Postulat
3049 4387 3335 4456 discipulus
3380 4390 3447 4441 ab

229 4494 401 4562 φίλον
432 4495 593 4564 τρεῖς
618 4491 841 4559 ἄρτους,
867 4481 1393 4556 βουλόμενοςνθρέψαι
1416 4481 1480 4550 τῇ
1514 4479 1636 4549 περὶ
1657 4478 1805 4549 Τριά-

1916 4478 2087 4531 nimico
2121 4487 2228 4532 tres
2265 4491 2447 4544 panes,
2495 4476 2677 4531 volens
2716 4478 2922 4530 nutrire
2961 4476 3198 4530 doctrina
3242 4478 3306 4530 de
3351 4475 3444 4529 Del

231 4586 337 4646 δος
371 4583 621 4653 θεολογίᾳ
645 4581 740 4634 τὸν
761 4579 1049 4648 γενόμενον
1075 4575 1208 4645 πρὸς
1229 4573 1386 4626 αὐτὸν
1410 4571 1514 4623 ἀπὸ
1549 4571 1645 4640 τῆς
1668 4567 1808 4632 ὀδοῦ,

233 4674 402 4725 καθά
439 4688 646 4742 φησιν’
708 4668 921 4733 Ἐκτὸς
963 4664 1106 4734 ἐμοῦ
1154 4664 1225 4717 οὐ
1267 4661 1526 4714 δύνασθε
1569 4657 1812 4726 ποιῆσαι

233 4751 453 4816 οὐδέν.
493 4759 662 4814 Ἀλλὰ
691 4757 813 4822 πῶς
855 4753 1202 4823 ἀποκρίνεται
1241 4750 1438 4802 ἔσωθεν
1473 4751 1501 4801 ὁ
1545 4747 1692 4816 φίλος
1727 4747 1813 4799 λέ-

232 4866 373 4916 γων
393 4867 404 4879 ·
431 4849 524 4915 Μή
556 4866 663 4917 μοι
692 4847 886 4900 κόπον
927 4841 1176 4910 adpelle;
1204 4839 1461 4910 Ζητήσεις
1498 4836 1574 4897 δὲ,
1611 4835 1813 4904 μήποτε

235 4941 298 4991 οἱ
338 4940 642 5000 κοπιῶντες
675 4938 771 4990 καὶ
806 4932 1217 5004 πεφορτισμένοι
1242 4930 1365 4991 τοὺς
1393 4924 1595 4979 ἑαυτῶν
1620 4923 1815 4986 κόπους

234 5029 541 5100 παρέχωσι
566 5029 647 5100 τῷ
677 5027 910 5097 Σωτῆρι.
941 5023 1030 5076 Διὸ
1062 5023 1165 5087 τὰς
1186 5019 1494 5080 ἀσθενείας
1524 5011 1688 5081 ἡμῶν
1717 5011 1818 5080 φέ-

227 5138 378 5186 ρει,
401 5120 489 5174 καὶ
508 5119 642 5185 περὶ
657 5115 830 5185 ἡμῶν
852 5111 1150 5166 ὀδυνᾶται.
1174 5109 1245 5162 ’Ἡ
1265 5109 1448 5176 ὥσπερ
1462 5102 1595 5173 τῷδε
1615 5101 1686 5170 μὴ
1708 5100 1814 5170 (99)

239 5209 430 5275 ὑπνοῖ
449 5211 476 5260 b
498 5209 650 5270 Θεὸς,
690 5205 836 5272 ἄλλῳ
862 5203 917 5255 δὲ
954 5199 1310 5270 ἁμαρτάνοντι
1339 5190 1642 5265 ὀργίζεσθαι
1667 5187 1816 5256 λέγε-

237 5313 356 5348 ται
372 5312 391 5324 °
419 5295 553 5348 οὕτω
581 5295 676 5348 καὶ
710 5293 875 5345 κόπον
893 5290 1035 5360 ἔχειν
1060 5286 1166 5339 ἀπὸ
1189 5284 1279 5338 τοῦ
1302 5284 1622 5355 παρέχοντος
1651 5281 1812 5351 αὐτῷ.

331 5382 419 5433 Σὺ
441 5383 496 5435 δὲ
527 5385 652 5456 ὅρα,
692 5382 742 5432 εἰ
781 5380 958 5446 ἄρτος
996 5374 1095 5446 μὲν
1129 5375 1164 5444 ἡ
1210 5369 1476 5441 ἀναγκαία
1515 5365 1613 5437 τῆς
1645 5367 1817 5438 ψυχῆς

335 5542 395 5572 ³⁸
430 5543 544 5597 Jac.
586 5557 662 5604 It.
695 5539 762 5604 8;
797 5538 953 5591 Rom.
1001 5545 1132 5593 xm,
1182 5529 1235 5583 9.
1312 5529 1353 5560 ⁸³
1389 5525 1575 5579 Matth.
1621 5540 1671 5589 v,
1703 5525 1790 5579 M.
1867 5527 1911 5559 “
1946 5525 2094 5580 Joan.
2143 5543 2228 5589 xv,
2283 5527 2331 5583 5.

1918 4567 2149 4623 trinitate
2179 4571 2474 4623 venientem
2507 4570 2572 4622 ad
2602 4583 2660 4624 se
2689 4568 2756 4621 de
2788 4567 2996 4630 itinere,
3032 4577 3088 4619 ut
3124 4568 3194 4620 ait
3222 4583 3237 4619 :
3278 4567 3445 4621 Eam-rs

1914 4673 1992 4710 me
2024 4675 2126 4712 non
2178 4661 2387 4726 potestis
2433 4659 2600 4725 facere
2657 4659 2934 4728 quidquam
2960 4658 3020 4710 “.
3066 4660 3131 4711 At
3182 4660 3448 4725 quomodo

1919 4750 2198 4818 respondet
2229 4750 2294 4803 de
2323 4751 2465 4803 intus
2496 4751 2715 4814 amicus,
2745 4749 2927 4803 dicens
2964 4767 2978 4803 :
3013 4747 3092 4801 Ne
3131 4749 3256 4802 mihi
3295 4765 3450 4816 nego-

1918 4838 2044 4890 tium
2084 4836 2346 4904 facessas?
2374 4835 2590 4902 Quares
2625 4850 2770 4898 vero,
2801 4850 2867 4890 an
2903 4837 3034 4890 forte
3073 4837 3162 4904 qui
3205 4830 3447 4888 laborant

1919 4935 1972 4980 et
2015 4925 2217 4977 onerati
2259 4934 2403 4990 sunt,
2447 4924 2557 4979 suis
2595 4924 2864 4979 laboribus
2898 4943 3000 4978 non
3049 4923 3315 4978 {arcessant
3348 4939 3445 4975 ue-

1919 5013 2116 5082 gotium
2179 5013 2463 5066 Salvatori.
2516 5013 2802 5082 Propterea
2871 5013 3192 5080 inﬁrmitates
3247 5021 3446 5064 nostras

1916 5109 2116 5169 portat,
2157 5109 2204 5153 et
2249 5117 2339 5167 pro
2372 5103 2513 5154 nobis
2563 5102 2697 5154 dolet
2736 5103 2800 5155 ".
2835 5101 2928 5156 Vel
2978 5102 3117 5155 sicut
3168 5100 3291 5154 huic
3342 5113 3448 5150 non

1921 5190 2115 5242 dormit
2153 5189 2308 5256 Dens,
2355 5191 2506 5245 alteri
2541 5207 2670 5246 vero
2717 5193 2956 5261 peccanti
3011 5193 3166 5246 irasci
3211 5189 3445 5246 dicitur:

1921 5278 1991 5332 ita
2018 5279 2180 5334 etiam
2206 5280 2502 5335 molestiam
2533 5281 2728 5337 habere
2747 5283 2814 5337 ab
2843 5280 3095 5336 aﬂ‘erente
3117 5278 3239 5333 sibi.

1987 5367 2064 5423 Tu
2096 5385 2252 5440 porro
2279 5372 2574 5438 considera,
2601 5386 2772 5425 annon
2799 5373 2969 5437 panis,
2998 5371 3065 5425 sit
3091 5362 3445 5422 necessarium

2433 5527 2476 5566 ι’
2515 5527 2612 5582 lsa.
2665 5541 2756 5582 ιω
2781 5563 2796 5588 ,
2835 5523 2886 5578 4.

331 5649 460 5716 (98)
491 5649 746 5716 Videtur
788 5640 1130 5698 scribendum
1187 5639 1443 5707 χρήσιμον
1489 5636 1588 5696 τὸ,
1649 5613 2005 5701 Ἀγαπήσεις.

339 5715 468 5784 (99)
503 5717 656 5769 Forte
686 5715 799 5783 μέν.
