3914 6410
602 356 707 412 355

1457 345 2004 404 SUPPLEMENTUM
2045 345 2129 398 AD
2162 343 2478 400 ORIGENIS
2512 341 2916 398 EXEGETICA.
3619 354 3700 410 356

599 473 785 524 animae
821 468 870 520 ln
912 465 1211 533 cognitione
1259 465 1661 527 nutrimentum,
1707 466 1825 518 sine
1875 480 1980 532 quo
2019 465 2111 517 im-

2222 465 2276 514 ἐν
2318 462 2513 530 γνώσει
2549 463 2740 531 τροφὴ,
2781 455 2849 530 ἧς
2882 461 3007 515 ἄνευ
3041 461 3137 513 οὐκ
3175 460 3288 514 ἔστι
3325 445 3588 527 σώζεσθαι·
3613 465 3703 525 οἷον

599 555 842 626 possibile
887 562 966 606 est
1018 551 1259 615 salvari;
1309 559 1466 619 puta,
1511 566 1684 605 sermo
1721 552 1942 620 diligens
1993 565 2120 618 quo-

597 646 746 699 modo
777 641 1050 694 vivendum
1083 640 1172 694 sil.
1204 639 1370 692 Piscis
1400 655 1546 704 vero,
1588 650 1679 693 aut
1720 649 1922 693 certum
1952 639 2118 707 quod-

594 733 710 786 dam
741 728 1034 796 opsonium,
1075 727 1306 780 discendi
1352 727 1600 781 studimn.
1638 726 1788 788 Puta,
1823 725 1962 779 scire
1994 740 2121 778 con—

591 819 913 872 stitntiouem
962 817 1164 880 mundi,
1197 819 1302 868 vim
1337 818 1748 880 elementorum,
1781 817 2117 884 principium,

556 906 744 959 linem
784 915 834 958 et
885 906 1111 957 medium
1167 913 1478 972 temporum,
1523 915 1575 956 et
1616 919 1732 972 quae
1779 906 1990 972 insuper
2035 919 2120 956 sa-

589 993 778 1061 pientia
813 992 1086 1060 recolligit.
1121 991 1229 1045 lloc
1276 993 1436 1057 igitur
1482 1003 1656 1060 pacto,
1691 1008 1784 1058 pro
1826 1009 1959 1060 pane
1993 994 2119 1060 lapi-

585 1085 701 1137 dem
739 1099 842 1136 non
877 1084 970 1134 dat
1007 1082 1162 1147 Deus,
1205 1097 1358 1149 quem
1399 1081 1636 1134 diabolus
1665 1081 1868 1134 volebat
1900 1081 1964 1134 ab
1994 1081 2116 1136 Jesu

585 1174 788 1226 comedi
819 1189 834 1225 :
871 1186 1042 1240 neque
1083 1187 1175 1238 pro
1219 1172 1363 1239 pisce
1409 1181 1728 1238 serpentem,
1758 1187 1914 1240 quem
1945 1186 2117 1224 come-

583 1261 713 1314 dunt
742 1261 1041 1329 }Ethiopes,
1069 1271 1248 1328 utpote
1277 1260 1474 1328 indigni
1501 1261 1589 1327 qui
1624 1263 1792 1328 pisces
1817 1263 2114 1315 comedam.

585 1351 670 1404 lbi
691 1353 855 1414 enim,
886 1353 959 1404 ait
984 1351 1284 1416 Psalmista,
1312 1360 1367 1403 tu
1390 1353 1685 1420 confregisti
1709 1361 1858 1416 caput
1881 1353 2117 1403 draconis

584 1442 639 1493 in
670 1458 824 1511 aqua,
870 1441 1056 1493 dedisti
1095 1455 1208 1491 eum
1241 1456 1408 1492 escam
1458 1439 1657 1508 populis
1685 1439 2021 1509 zEt/tiopibus
2053 1443 2113 1496 ¹⁶.

587 1529 692 1583 Nec
731 1530 1019 1598 generatim
1051 1544 1147 1597 pro
1181 1544 1241 1582 re
1277 1544 1428 1583 vesca
1456 1537 1510 1582 et
1541 1529 1678 1592 utili,
1710 1544 1793 1584 res
1828 1532 1893 1584 ad
1935 1546 2115 1586 come~

586 1619 811 1672 dendnm
840 1620 1044 1688 ineptas
1069 1627 1121 1671 et
1144 1632 1358 1671 nocuas.

585 1707 651 1762 ν.
677 1709 765 1764 54.
803 1709 1031 1762 Lucerna
1073 1710 1323 1774 corporis,
1355 1716 1428 1760 est
1469 1708 1665 1759 oculus.
1698 1707 1920 1772 Quando
1959 1709 2116 1776 igitur

2219 553 2246 601 6
2283 554 2406 622 περὶ
2435 551 2550 615 τοῦ,
2582 552 2696 613 πῶς
2726 550 2944 620 βιωτέον
2980 550 3206 621 ἀκριϐὴς
3237 552 3412 618 λόγος·
3433 555 3582 621 ἰχθὺς
3605 558 3648 611 δὲ
3677 562 3703 631 ἢ

2218 636 2325 693 οἷον
2356 640 2482 708 ὄψον
2512 640 2862 709 φιλομάθεια·
2898 634 3006 693 οἷον
3044 641 3104 692 τὸ
3153 641 3340 693 εἰδέναι
3376 641 3602 696 σύστασιν
3637 650 3708 700 κό-

2221 746 2374 798 σμου,
2410 729 2688 800 ἐνέργειαν
2723 729 3018 799 στοιχείων,
3054 731 3223 800 ἀρχὴν
3247 731 3337 783 καὶ
3364 731 3503 795 τέλος
3527 735 3606 786 καὶ
3638 754 3710 806 με·

2220 818 2415 888 σότητα
2444 818 2668 887 χρόνων,
2693 819 2786 870 καὶ
2813 819 2911 870 ὅσα
2937 818 3058 886 ἑξῆς
3084 821 3116 888 ἡ
3147 819 3301 886 σοφία
3328 820 3606 889 καταλέγει.
3629 826 3711 877 Οὖ-

2215 926 2321 971 τως
2346 905 2437 961 οὖν
2461 909 2578 960 ἀντὶ
2604 910 2764 979 ἄρτου
2790 909 2939 961 λίθον
2968 909 3028 961 οὐ
3059 908 3264 961 δίδωσιν
3292 913 3318 962 ό
3347 910 3485 974 Θεὸς,
3511 913 3560 964 ὃν
3585 915 3713 966 661:2-

2218 997 2370 1062 6ολος
2433 998 2681 1050 ἐϐούλετο
2732 998 2836 1050 ὑπὸ
2892 997 3062 1067 Ἰησοῦ
3127 998 3421 1052 ἐσθίεσθαιο
3467 1000 3573 1054 οὒτε
3621 1005 3713 1056 ἀντὶ

2219 1084 2398 1153 ἰχθύος
2419 1085 2562 1153 ὅφιν,
2587 1086 2644 1138 ὃν
2671 1085 2941 1138 ἐσθίουσιν
2961 1087 3010 1137 οἱ
3032 1085 3234 1148 ἀνάξιοι
3252 1087 3342 1138 τοῦ
3368 1086 3539 1156 ἰχθύας
3554 1089 3714 1142 ἐσθίειν

2215 1174 2486 1238 Αἰθίοπες.
2531 1174 2692 1227 Ἐκεῖ
2710 1176 2836 1245 γὰρ,
2870 1177 3032 1244 φησιν
3071 1177 3099 1227 6
3129 1175 3436 1245 Ψαλμῳδὸς,
3478 1176 3550 1229 σὺ
3598 1194 3714 1230 συν-

2227 1266 2494 1330 ἐθλασας
2531 1267 2646 1332 τὴν
2714 1265 2988 1333 κεφαλὴν
3047 1266 3150 1318 τοῦ
3197 1265 3501 1332 δίάκοντος
3527 1266 3609 1317 ἐπὶ
3630 1268 3710 1320 τοῦ

2215 1355 2446 1420 ὕδατος,
2469 1355 2691 1420 ἔδωκας
2712 1357 2894 1408 αὐτὸν
2906 1356 3116 1423 βρῶμα
3141 1355 3309 1420 λαοῖς
3335 1354 3449 1420 τοῖς
3469 1358 3707 1423 Αιθίοψιν

2214 1443 2333 1496 οὔτε
2360 1445 2540 1508 ἁπλῶς
2562 1446 2680 1498 ἀντὶ
2707 1447 2968 1518 τροφίμου
2999 1447 3091 1499 καὶ
3113 1445 3440 1513 ὠφελοῦντος
3453 1445 3515 1498 τὰ
3536 1445 3710 1516 ἄϐρωτα

2214 1534 2307 1586 καὶ
2333 1533 2657 1602 βλάπτοντα.

2214 1709 2359 1794 ΣτίχΣ
2399 1709 2505 1794 λξςλ
2531 1710 2594 1761 '0
2620 1710 2847 1794 λύχνος
2869 1709 2974 1794 eo?
3004 1706 3273 1794 σώματος
3534 1706 3712 1794 deidei:

646 1781 825 1848 oculus
857 1789 971 1830 tuus
999 1773 1214 1848 simplex
1246 1778 1334 1837 sit,
1362 1778 1517 1848 etiam
1553 1786 1712 1848 totum
1739 1791 1926 1840 corpus
1971 1773 2111 1829 tuum

2277 1773 2408 1848 ﬁde.
2446 1779 2617 1848 "Orate
2632 1773 2763 1848 Αοῦξθ
2788 1780 2820 1830 d
2853 1773 3174 1848 ὀφθαλμός
3189 1792 3301 1848 σου
3328 1776 3542 1848 ἁπλοῦς
3565 1773 3615 1848 ᾖ.

653 1846 881 1900 lucidum
901 1856 994 1898 est.
1015 1845 1076 1899 Si
1099 1861 1214 1898 vero
1239 1861 1454 1913 nequam
1476 1847 1576 1905 sit,
1599 1845 1753 1896 etiam
1771 1859 1954 1911 corpus
1973 1855 2116 1897 tuum

655 1916 1048 1967 tenebricosum.

584 1979 650 2034 ν.
681 1982 769 2035 55.
807 1980 1052 2048 Praspice
1079 1995 1221 2049 ergo,
1249 1995 1368 2033 num
1396 1978 1568 2033 lumen
1597 1979 1732 2048 quod
1760 1988 1832 2030 est
1865 1979 1917 2032 in
1947 1990 2015 2045 te,
2047 1989 2120 2034 te-

654 2051 822 2104 uebra:
851 2060 987 2102 sunt.

585 2117 648 2174 ν.
674 2119 764 2172 56.
797 2117 852 2172 Si
885 2121 1044 2185 igitur
1089 2117 1244 2184 fuerit
1287 2132 1472 2182 corpus
1517 2123 1662 2169 tuum
1692 2114 1938 2185 lucidum
1958 2155 1974 2180 ,
2018 2131 2120 2169 non

654 2189 845 2239 habens
887 2184 1082 2250 partem
1111 2185 1510 2247 tenebricosam;
1543 2186 1639 2236 erit
1681 2184 1908 2236 lucidum
1936 2195 2116 2247 totum,

656 2264 713 2307 ut
741 2270 856 2308 cum
895 2254 1101 2306 lucerna
1134 2253 1333 2320 fulgore
1367 2252 1710 2304 illuminatur.

655 2345 803 2414 Ejus,
833 2344 972 2411 quod
1009 2343 1107 2396 hoc
1140 2350 1386 2395 contextu
1417 2342 1629 2406 dicitur,
1674 2343 1810 2396 hanc
1858 2356 1976 2396 esse
2029 2359 2117 2395 ra-

587 2436 784 2489 tionem
833 2432 1116 2485 existimo:
1149 2429 1204 2482 Si
1251 2439 1528 2498 propterea
1569 2431 1707 2498 quod
1747 2445 1938 2498 corpus
1972 2441 2116 2484 tuum

587 2526 816 2580 lucidum
857 2520 1103 2576 eﬂectum
1135 2527 1234 2582 est,
1279 2519 1572 2572 illuminato
1619 2534 1807 2588 nempe
1839 2535 1868 2572 a
1903 2520 2114 2576 lucerna

585 2624 830 2680 corpore,
874 2607 1014 2662 nulla
1046 2615 1128 2661 est
1162 2607 1211 2659 in
1258 2617 1310 2660 te
1343 2620 1465 2671 pars
1493 2606 1719 2674 amplius
1753 2607 2112 2670 tenebricoso;

578 2702 690 2770 jam
731 2708 781 2752 te
810 2698 1034 2765 amplius
1062 2711 1163 2748 non
1206 2705 1482 2762 peccante,
1530 2709 1696 2763 usque
1736 2697 1868 2750 adeo
1898 2698 2000 2751 erit
2038 2698 2116 2750 lu-

583 2791 761 2846 cidum
801 2798 963 2842 totum
1011 2800 1226 2854 corpus,
1279 2793 1336 2836 nt
1382 2782 1629 2836 conferre
1679 2783 1834 2837 liceat
1883 2784 2114 2852 fulgores

585 2880 726 2934 illius
765 2892 884 2933 eum
933 2875 1146 2930 lucerna
1200 2873 1516 2928 illuminanti
1570 2873 1869 2940 Splendore,
1915 2890 1978 2930 ac
2023 2893 2114 2946 per

584 2969 990 3023 illustratiouem
1053 2963 1296 3018 tenebras
1349 2963 1608 3016 solvente.
1662 2962 1876 3032 Fulguri
1931 2966 2115 3036 utique

2285 1847 2432 1898 ὅλον
2460 1846 2526 1898 τὸ
2574 1845 2743 1914 (ζῶμά
2773 1862 2888 1898 σου
2923 1846 3213 1913 φωτεινόν
3240 1846 3424 1906 ἐστιν.
3471 1845 3631 1898 Ἐπᾶν
3663 1845 3715 1897 δὲ

2284 1917 2545 1984 πονηρὸς
2573 1910 2633 1984 ᾖ,
2660 1910 2759 1968 καὶ
2788 1915 2860 1984 to
2882 1910 3053 1984 σῶμα
3088 1928 3202 1984 σου
3233 1914 3545 1984 σκοτεινόν.

2217 1983 2364 2052 Στίχ.
2407 1979 2502 2036 λε’.
2524 1979 2759 2036 Σκόπει
2791 1979 2925 2045 οὖν,
2968 1979 3054 2050 μὴ
3087 1983 3150 2035 τὸ
3175 1981 3296 2050 φῶς
3323 1984 3385 2034 τὸ
3410 1983 3476 2034 ἐν
3499 1982 3578 2034 σοὶ
3599 1983 3718 2034 σ’κὸ-

2284 2070 2385 2116 tot;
2414 2052 2606 2104 ἐστίν.

2215 2120 2359 2190 Στίχ.
2388 2121 2492 2184 λς’.
2529 2123 2599 2174 El
2628 2115 2744 2190 οὖν,
2768 2118 3030 2190 τὸγονῶμά
3055 2132 3170 2172 σου
3202 2117 3494 2190 φωτεινόν,
3513 2116 3586 2190 μὴ
3603 2119 3718 2190 glow-

2279 2187 2460 2257 μέρος
2484 2189 2815 2249 σκοτεινὸν.
2837 2189 3011 2257 ἔσται
3037 2188 3320 2257 φωτεινόν
3343 2188 3498 2250 ὅλον,
3517 2189 3580 2251 ὡς
3603 2187 3718 2239 ὅταν

2283 2255 2315 2310 ὁ
2341 2259 2566 2325 λύχνος
2592 2257 2666 2324 τῇ
2690 2256 2969 2324 ἀστραπῇ
3002 2255 3322 2325 φωτίζεται.

2284 2346 2388 2397 Τοῦ
2416 2346 2471 2397 δὲ
2507 2345 2705 2414 ἐφεξῆς
2737 2346 2902 2416 ῥητοῦ
2933 2345 3170 2398 τοιοῦτον
3205 2341 3340 2398 εἶναι
3370 2344 3457 2398 τὸν
3495 2344 3628 2413 λόγον
3650 2361 3716 2396 νο-

2218 2439 2372 2508 μίζωο
2423 2441 2594 2511 Εἴπερ
2633 2441 2721 2492 διὰ
2758 2441 2816 2493 τὸ
2849 2441 3013 2510 σῶμά
3055 2457 3148 2494 σου
3193 2441 3439 2509 φωτεινὸν
3468 2440 3715 2508 γεγονέναι,

2216 2528 2570 2596 φωτισθέντος
2615 2530 2719 2582 ὑπὸ
2767 2530 2863 2582 τοῦ
2915 2531 3109 2600 λύχνου
3149 2531 3243 2584 τοῦ
3292 2530 3543 2601 σώματος,
3590 2530 3716 2600 μηδέν

2214 2618 2358 2669 ἐστιν
2390 2619 2446 2669 ἐν
2481 2619 2562 2670 σοὶ
2594 2619 2758 2688 μέρος
2790 2619 2876 2670 ἔτι
2914 2621 3205 2681 σκοτεινὸν,
3241 2619 3490 2689 μηδαμῶς
3519 2617 3717 2688 ἁμαρτά-

2213 2722 2350 2758 νοντι
2385 2705 2483 2768 ἔτι,
2531 2706 2700 2769 οὕτως
2745 2707 2899 2760 ἔσται
2931 2708 3194 2776 φωτεινόν
3221 2709 3282 2760 τὸ
3310 2709 3425 2761 ὅλον
3468 2708 3624 2778 σῶμα,
3664 2707 3720 2769 ὡς

2213 2795 2648 2865 παραϐάλλεσθαι
2674 2795 2772 2858 τὰς
2800 2797 2983 2865 αὐγὰς
3001 2799 3163 2850 αὑτοῦ
3189 2798 3363 2868 λύχνῳ
3391 2799 3444 2850 ὲν
3467 2795 3720 2866 φωτιξούσῃ

2211 2884 2458 2955 ἀστραπῇ
2511 2886 2613 2938 κάν
2646 2888 2916 2958 φωτισμῷ
2943 2888 3005 2940 τὸ
3032 2888 3221 2952 σκότος
3264 2888 3454 2940 λύοντι.
3493 2887 3717 2956 ’Δοτραπῇ

2214 2972 2310 3041 μὲν
2335 2975 2441 3043 γὰρ
2467 2972 2606 3026 ἔοικε
2638 2975 3002 3048 λαμπροτάτῃ
3031 2981 3058 3030 ό
3090 2978 3197 3030 ἀπὸ
3227 2978 3319 3031 τοῦ
3350 2977 3436 3030 νοῦ
3467 2975 3714 3047 φωτισμός’

580 3057 1005 3128 splendidissimo
1035 3054 1224 3109 similis
1259 3062 1347 3106 est
1390 3053 1672 3105 illustratio
1701 3067 1731 3107 a
1773 3063 1946 3108 mente
1988 3071 2111 3125 pro-

2212 3059 2383 3130 λύχνῳ
2407 3062 2462 3113 δὲ
2503 3063 2559 3114 ὲν
2587 3064 2846 3135 ἀστραπῇ
2885 3066 2948 3118 τὸ
2979 3069 3037 3119 ὲν
3069 3066 3149 3136 τῷ
3192 3066 3398 3138 σώματι
3435 3066 3558 3136 φῶς,
3584 3080 3718 3131 πεπρυ-

579 3147 830 3211 veniens;
872 3155 928 3200 et
967 3145 1195 3198 lucerna:
1237 3142 1516 3211 Splendore
1550 3143 1888 3210 illuminanti,
1938 3145 2112 3202 lmnen

2219 3151 2334 3202 κότι
2363 3147 2496 3203 εἶναι
2528 3153 2732 3216 σκότος,
2762 3157 3040 3227 ἀγομένῳ,
3071 3159 3205 3211 ὅπου
3235 3159 3263 3210 6
3286 3157 3406 3220 νοῦς
3433 3157 3662 3227 βούλεται.

579 3238 718 3305 quod
772 3237 825 3289 in
871 3247 1094 3302 corpore
1137 3241 1252 3296 est,
1298 3231 1437 3299 quod
1490 3243 1678 3285 natura
1747 3237 2032 3305 cmteroqui
2094 3240 2337 3295 tenebras
2379 3257 2500 3296 esse
2554 3256 2927 3313 comparatum
2985 3259 3090 3315 est,
3149 3250 3273 3304 dum
3305 3265 3407 3319 quo
3447 3263 3584 3303 mens
3617 3244 3719 3298 vuln

579 3334 811 3387 ducitur.

583 3421 647 3478 ν.
682 3423 771 3476 5|.
810 3421 856 3473 Α
899 3419 1151 3490 sanguine
1191 3415 1318 3538 Atei:
1372 3434 1528 3496 usque
1563 3419 1630 3472 ad
1673 3419 1970 3488 sanguinem
2013 3420 2116 3476 Za-

1316 3503 1462 3538 ante.

1316 3503 1462 3539 ame.

650 3582 935 3649 Propterea
983 3575 1284 3640 carniﬁces,
1328 3590 1448 3629 cum
1499 3575 1767 3629 Elisabeth
1810 3585 1864 3630 et
1906 3574 2043 3630 lilius
2084 3594 2115 3633 e

579 3671 823 3724 manibus
871 3683 1055 3723 eorum
1111 3667 1434 3729 evasissent,
1485 3666 1618 3720 iram
1676 3679 1885 3732 quoque
1931 3676 2111 3719 contra

577 3763 885 3817 Zachariam
939 3759 1245 3823 ell'undunt,
1295 3766 1355 3811 ut
1401 3758 1540 3810 fama
1595 3765 1700 3810 est.
1753 3754 1903 3810 Haud
1959 3758 2113 3813 aliter

578 3854 738 3922 igitur
781 3853 940 3906 etiam
977 3859 1192 3919 propter
1237 3847 1494 3919 virginem
1546 3848 1786 3912 Mariam,
1831 3857 2108 3916 postquam

576 3943 756 4013 genuit
797 3942 1126 3996 Salvatorem
1161 3947 1416 3992 nostrum.
1460 3940 1590 3993 Cum
1635 3937 1777 3990 enim
1827 3937 2109 3992 adoratura

579 4033 826 4095 venisset,
861 4031 1007 4086 stetit
1045 4031 1096 4085 in
1129 4030 1246 4084 loco
1279 4028 1564 4097 virginum.
1592 4025 1744 4092 Quod
1776 4041 1905 4102 cum
1928 4027 2108 4096 prohi-

579 4121 760 4176 berent
788 4121 877 4189 qui
910 4129 1165 4175 noverant
1208 4135 1325 4173 eam
1361 4120 1662 4187 peperisse;
1709 4115 1996 4171 Zacharias
2023 4118 2104 4170 di-

574 4210 728 4263 cebat
757 4209 1180 4277 prohibentibus,
1222 4222 1336 4261 eam
1377 4220 1496 4260 esse
1532 4205 1744 4271 dignam
1785 4204 1900 4258 loco
1946 4207 2106 4274 virgi-

578 4313 724 4363 num,
751 4298 943 4367 quippe
972 4298 1232 4368 virginem
1285 4299 1476 4351 adhuc.
1531 4295 1726 4363 Utpote
1775 4309 1902 4365 ergo
1937 4297 2106 4350 Inani-

577 4387 708 4447 feste
763 4387 936 4458 legum
990 4397 1470 4456 transgressorem,
1519 4383 1904 4438 interfecerunt
1967 4386 2107 4440 inter

577 4481 824 4551 templum
857 4492 914 4536 et
953 4481 1140 4543 altare,
1179 4481 1567 4536 ministrantem
1613 4477 2106 4546 sacrilicantemque

575 4571 705 4635 Deo.
729 4580 786 4626 et
816 4571 1147 4626 miscuerunt
1175 4571 1485 4638 sanguinem
1513 4567 1790 4636 sanguine.

1187 4656 1339 4711 CAP.
1380 4655 1494 4710 XII.

573 4753 638 4806 V.
666 4753 720 4807 6.
750 4749 934 4804 Nonne
955 4753 1181 4820 quinque
1194 4750 1408 4804 avicula:
1431 4741 1952 4820 vendanturassariis
1980 4740 2105 4792 duo-

644 4822 760 4884 bus,
791 4827 838 4870 et
875 4812 979 4870 und
1015 4812 1208 4871 ex'illis
1238 4835 1340 4870 non
1371 4827 1448 4870 est
1492 4813 1733 4867 oouuioni
1775 4812 1970 4863 tradita
2016 4826 2102 4871 co-

910 4888 932 4921 9

910 4888 932 4921 9

573 4885 950 5009 V.r‘(l?‘SDe¢ezoet
991 4953 1166 5018 capilli
1213 4953 1394 5019 capitis
1432 4951 1586 5005 vestri
1611 4965 1784 5004 omnes
1845 4945 2101 5019 numerati

638 5033 778 5102 sunt.
807 5021 886 5074 Ne
918 5017 1384 5088 ergotimuere‘tis;
1412 5021 1587 5073 ntultis
1635 5017 1928 5086 passeribus
1964 5030 2100 5082 prat-

637 5101 813 5146 statis.
2057 5114 2068 5127 .

639 5179 1036 5241 Animadverte,
1072 5177 1210 5244 quod
1256 5191 1356 5229 non
1403 5176 1595 5230 dixerit
1635 5175 1835 5246 lapsum
1883 5169 2096 5226 avicula:

570 5276 621 5328 in
657 5282 875 5331 terram,
905 5278 962 5322 ut
1005 5265 1300 5320 Matthaaus.
1346 5264 1441 5319 llic
1485 5281 1645 5334 porro
1697 5265 1929 5334 quinque
1981 5260 2093 5313 avi-

566 5361 721 5422 cuias,
746 5357 873 5427 justi
916 5368 1102 5410 sensus
1153 5357 1417 5406 iuuuunt:
1453 5354 1543 5422 qui
1577 5352 1823 5408 sublimia
1851 5359 1906 5404 et
1936 5363 2096 5416 supra

637 5469 684 5502 “
727 5466 867 5523 Psal.
892 5479 1079 5528 tum,
1106 5461 1188 5527 15,
1221 5463 1303 5516 Η.

629 5576 923 5648 (ηεοηίοιι
973 5575 1250 5648 Origenem
1297 5571 1606 5648 in__Mat_th.
1651 5573 1738 5628 ubi
1779 5570 2092 5648 sententiam

566 5638 716 5698 suam
743 5645 929 5698 allerre
962 5638 1185 5708 videtur,
1221 5656 1342 5695 cum
1373 5644 1457 5696 hic
1485 5644 1710 5697 alienam
1743 5642 1915 5710 potius
1943 5638 2094 5692 exhi-

2214 3423 2357 3492 Στίχ.
2384 3431 2482 3478 να’.
2501 3425 2631 3478 Ἀπό
2660 3427 2768 3480 τοῦ
2792 3429 3044 3496 αἳματος
3073 3432 3243 3486 Ἅϐελ
3270 3430 3377 3496 ἕως
3406 3428 3505 3483 τοῦ
3524 3427 3723 3496 αἵματος

2823 3499 3145 3566 Ζαχαρίου.

2279 3588 2354 3658 (1)
2387 3588 2473 3639 Διὸ
2499 3584 2598 3654 τῆς
2638 3583 2921 3639 Ἐλισὰϐετ
2953 3588 3048 3640 καὶ
3087 3588 3180 3640 τοῦ
3210 3589 3394 3652 παιδὸς
3415 3583 3719 3655 ἀποτυχόντες

2209 3679 2257 3730 οἱ
2288 3677 2486 3747 δήμιοι,
2527 3674 2619 3725 καὶ
2649 3673 2722 3743 (2)
2765 3675 2864 3727 τοῦ
2895 3677 3164 3748 Ζαχαρίου
3204 3679 3293 3730 τὸν
3329 3677 3489 3746 θυμὸν
3519 3674 3718 3742 ἀφιᾶσιν,

2208 3770 2282 3832 ὡς
2308 3767 2479 3835 λόγος.
2508 3765 2644 3818 Κατ’
2676 3764 2812 3816 αὐτὸ
2845 3765 3006 3819 τοῦτο
3044 3767 3174 3834 γοῦν
3209 3765 3416 3820 καιδιὰ
3443 3765 3533 3835 τὴν
3556 3759 3720 3832 παρθέ-

2208 3877 2294 3913 νον
2313 3858 2524 3927 Μαρίαν
2550 3852 2686 3926 μετὰ
2709 3855 2770 3907 τὸ
2794 3858 3057 3927 γεννῆσαι
3076 3859 3166 3910 τὸν
3193 3857 3415 3926 Σωτῆρα
3445 3854 3601 3926 ἡμῶν.
3637 3850 3723 3902 Ἐλο

2208 3948 2371 4000 θοῦσα
2399 3945 2504 4015 γὰρ
2533 3946 2928 4016 προσκυνῆσαι,
2961 3947 3093 4018 ἔστη
3128 3950 3185 4000 ὲν
3217 3948 3293 4018 τῷ
3323 3947 3467 4016 τόπῳ
3493 3944 3589 3996 τῶν
3615 3958 3723 4011 παρ-

2207 4035 2387 4088 θένων.
2429 4034 2535 4086 Καὶ
2563 4032 2882 4086 κωλυόντων
2911 4035 3020 4088 τῶν
3050 4037 3270 4089 είδότων
3300 4037 3462 4106 αὐτὴν
3505 4034 3721 4102 γεννήσαο

2208 4141 2323 4186 σαν,
2365 4127 2392 4176 6
2423 4122 2691 4192 Ζαχαρίας
2721 4122 2877 4192 ἔλεγε
2913 4130 3034 4189 τοῖς
3066 4126 3386 4190 κωλύουσιν,
3424 4123 3566 4190 ἀξίαν
3590 4119 3722 4187 αὐτὴν

2204 4211 2339 4266 εἶναι
2366 4211 2457 4265 τοῦ
2491 4213 2653 4264 τόπου
2694 4212 2808 4266 τῶν
2842 4217 3151 4286 παρθένων,
3184 4215 3262 4270 ἔτι
3293 4215 3546 4286 παρθένον
3575 4207 3722 4265 οὖσαν.

2215 4303 2299 4365 Ὡς
2325 4299 2415 4355 οὖν
2440 4300 2621 4369 σαφῶς
2645 4305 3074 4374 παρανομοῦντα
3101 4309 3423 4362 ἀπέκτειναν
3449 4305 3630 4379 μεταξὺ
3652 4299 3724 4353 τοῦ

2202 4392 2327 4445 ναοῦ
2356 4393 2446 4443 καὶ
2467 4390 2559 4442 τοῦ
2583 4390 2999 4464 θυσιαστηρίου,
3031 4397 3444 4467 λειτουργοῦντα
3462 4399 3547 4450 καὶ
3568 4394 3724 4448 θύοντα

2200 4481 2277 4551 τῷ
2305 4481 2440 4554 Θεῷ,
2469 4481 2559 4532 καὶ
2584 4479 2983 4549 ἀναμιγνύουσι
3013 4487 3075 4539 τὸ
3103 4483 3242 4558 αἷμα
3277 4488 3355 4559 τῷ
3385 4489 3582 4558 αἵματι.

2839 4659 3001 4712 ΚΕΦ.
3041 4659 3142 4715 ΙΒ’.

2200 4743 2346 4815 Στίχ.
2385 4750 2462 4815 ς’;
2508 4741 2653 4815 Ορχὶ
2684 4743 2869 4815 πέντε
2917 4752 3212 4815 στρουθία
3260 4749 3530 4804 πωλεῖται
3564 4743 3722 4815 deda-

2261 4811 2408 4879 ρίων
2433 4811 2724 4880 ὄυοῖννκαὶ
2758 4812 2829 4865 ἓν
2860 4815 2932 4880 ἐξ
2975 4811 3179 4871 αὐτῶν
3220 4823 3331 4874 οὐκ
3360 4821 3522 4873 ἐστιν
3563 4813 3719 4866 ἐπιλεο

2266 4878 2568 4952 ὲὶησμένον
2602 4878 2858 4952 ἐνώπιον
2885 4878 2994 4939 m7
3029 4887 3222 4952 Θεοῦ;

2200 4945 2347 5025 Στίχέ
2386 4945 2452 5012 ζ’.
2723 4951 2824 5002 καὶ
2850 4955 2922 5025 ab
2936 4957 3141 5025 τρίχες
3163 4945 3275 5025 τῆς
3299 4953 3554 5024 κεφαλῆς
3587 4945 3720 5025 τίίέῷν

2267 5017 2862 5094 πᾶσαιᾲῇριθρηντᾳι.
2904 5017 3003 5090 Μὴ
3035 5017 3154 5077 offr-
3181 5017 3474 5094 φοϐεἴὸνθε.
3508 5017 3720 5075 Πολλῶν

2266 5086 2593 5151 στρουθίων
2625 5084 2954 5154 διαφέρετε.

2268 5173 2433 5242 Τήρει
2481 5171 2554 5233 δὲ,
2599 5173 2679 5224 ὅτι
2719 5173 2780 5224 οὐ
2829 5176 3041 5232 πτῶσιν
3088 5183 3366 5253 στρουθίου
3401 5182 3488 5233 ἐπὶ
3520 5173 3608 5246 τῆς
3637 5169 3718 5238 τῆς

2200 5256 2367 5324 εἶπεν,
2401 5260 2474 5323 ὡς
2517 5261 2544 5311 6
2584 5260 2880 5327 Ματθαῖος.
2923 5269 3098 5322 Πέντε
3142 5271 3201 5324 δὲ
3245 5271 3493 5342 στρουθία
3527 5265 3612 5320 νῦν
3640 5259 3717 5318 τὰς

2202 5349 2474 5419 αἰσθήσεις
2503 5348 2594 5400 τοῦ
2624 5348 2830 5404 δικαίου
2864 5356 3193 5413 αἰνίττεται·
3243 5362 3300 5414 αἳ
3327 5361 3433 5414 τῶν
3473 5351 3717 5429 μετεώρων

2199 5567 2340 5622 beat.

2269 5633 2343 5703 (2)
2374 5632 2528 5686 Forte
2565 5633 2721 5685 κατά.
