3914 6432
214 341 301 407 ιιι

205 543 452 598 ἀκούουσαι
495 539 666 607 φωνῆς
712 536 864 599 Θεοῦ,
919 536 1207 605 γευόμεναι
1263 536 1459 600 ζῶντος
1505 538 1689 606 ἄρτου,

205 631 568 702 όσοραινόμεναι
597 626 825 697 Χριστοῦ
854 628 1038 697 μύρων
1060 627 1304 690 εὐωδίας,
1329 626 1504 680 ὲλαίου
1535 625 1694 693 ἁγαλ-

203 724 410 783 λιὰσεως,
437 717 716 788 ἁπτόμεναι
745 717 902 785 λόγου
932 718 1153 780 ζῶντος·
1176 718 1390 780 αἵτινες,
1424 717 1690 781 ἐξευτελι-

202 811 386 878 ζόμεναι
413 805 508 856 ὑπὸ
543 804 645 856 τῶν
671 803 735 855 τὰ
764 803 1066 873 πνεύματος
1110 804 1316 874 μωρίαν
1352 805 1442 855 καὶ
1475 802 1581 854 εῧω
1613 803 1687 871 (δ)

200 895 462 966 κρινόντων,
517 890 610 942 οὐκ
660 891 794 941 εἰσιν
843 890 1252 960 ὲπιλελησμέναι
1321 889 1545 942 ἐνώπιον
1595 891 1687 943 τοῦ

199 980 324 1034 Θεοῦ.
349 979 411 1030 Τὸ
433 977 620 1046 μέντοι
652 977 908 1045 ἐμφαῖνον
946 977 1124 1047 ῥητὸν,
1161 977 1290 1047 μηδὲ
1327 979 1388 1030 τὸ
1417 978 1687 1047 ἐλάχιστον

199 1068 432 1142 στρουθίον
480 1065 886 1135 ἐπιλελησμένον
937 1065 1071 1120 εἶναι
1119 1068 1342 1120 ἐνώπιον
1389 1069 1484 1121 τοῦ
1532 1068 1683 1130 Θεοῦ,

198 1157 492 1222 συνεξέτασον
516 1157 623 1216 τοῖς
654 1155 976 1224 ἐμφαίνουσι
1005 1159 1204 1227 ῥητοῖς,
1247 1157 1686 1211 ἐπιλανθάνεσθαι

193 1263 320 1299 τινων
344 1245 423 1297 τὸν
449 1244 571 1296 Θεὸν
609 1245 675 1296 δι’
704 1246 980 1316 ἁμαρτίαν
1007 1247 1200 1300 αὐτῶν.
1243 1248 1442 1317 Ῥητῶς
1473 1249 1568 1316 μὲν
1595 1245 1684 1300 οὖν

191 1339 237 1389 τὸ
258 1335 548 1405 λεπτομερὲς
563 1335 659 1404 τῆς
687 1335 971 1403 Προνοίας,
995 1338 1087 1389 καὶ
1109 1339 1140 1406 ἡ
1172 1338 1330 1407 μέχρι
1351 1339 1456 1390 τῶν
1477 1338 1685 1390 λεπτῶν

191 1427 367 1496 γνῶσις,
394 1428 445 1477 ἐν
480 1427 678 1487 τούτοις
704 1425 988 1495 δηλοῦται·
1041 1428 1244 1497 νοητῶς
1285 1429 1340 1480 δὲ
1384 1429 1565 1481 πίπτει
1594 1428 1684 1480 ἐπὶ

187 1519 264 1586 τῆς
284 1517 392 1586 γῆς,
430 1511 511 1568 οἷα
543 1515 813 1586 στρουθία,
855 1517 918 1568 τὸ
946 1517 1220 1588 φρόνιμον.
1278 1517 1442 1570 Ἐπὰν
1474 1518 1530 1571 δὲ
1573 1517 1684 1570 ἁνω

188 1605 377 1676 φέρεσθε
403 1604 490 1673 (4),
533 1604 597 1656 τὰ
627 1604 777 1657 κάτω
818 1603 978 1674 ζητεῖ
1003 1608 1112 1668 τοῖς
1137 1607 1236 1674 τῆς
1277 1606 1475 1676 σαρκὸς
1502 1607 1681 1674 ἐνεχο-

1409 331 1692 386 scuouA
1729 331 1797 385 IN
1835 305 2092 387 ιυοΑιι,
2495 399 2498 402 ρ

211 458 287 512 καὶ
326 450 449 523 ὐπὲρ
495 449 762 522 ἄνθρωπον
800 446 1160 509 αἰσθάνονται,
1211 449 1410 520 ὁρῶσαι
1443 448 1510 500 τά
1555 448 1670 500 θεῖα

1796 448 2062 502 hominem
2123 447 2295 516 posita
2353 447 2624 510 sentiunt,
2676 447 2918 502 videntes
2973 445 3182 518 divina,
3230 469 3330 506 au-

3223 339 3332 396 358

1789 538 1993 592 dientes
2033 551 2213 591 vocem
2246 537 2359 602 Dei,
2402 545 2676 606 gustantes
2712 553 2900 606 panem
2936 540 3147 606 vivum,
3190 542 3328 598 olla.

1789 627 1988 682 cientes
2016 627 2366 697 fragrantiam
2397 636 2784 692 unguentorum
2831 628 3050 690 Christi,
3079 629 3180 684 olei
3227 646 3326 685 ex-

1787 717 2119 778 sultationis,
2165 727 2217 770 et
2249 724 2648 772 contrectantes
2689 715 2922 770 Verbum
2965 719 3164 772 vivum.
3197 720 3318 787 (Qui

1788 822 1976 862 sensus
2030 808 2126 860 viri
2164 806 2329 875 justi)
2374 809 2631 860 attenuati
2673 807 2740 859 ab
2784 807 2852 861 iis
2882 809 2974 876 qui
3022 809 3316 877 spiritualia

1785 898 1944 950 stulta
1988 907 2038 951 et
2072 898 2195 949 vilia
2233 905 2497 964 reputant,
2529 911 2631 949 non
2670 905 2795 949 sunt
2836 899 2888 950 in
2934 898 3198 952 oblivione
3243 910 3319 953 ta-

1786 997 1905 1036 men
1946 998 2124 1037 coram
2176 983 2302 1036 Deo.
2353 984 2649 1037 Dictionem
2699 983 3043 1037 nihilominus
3079 1001 3200 1053 qua:
3243 989 3320 1039 si-

1783 1073 2030 1140 gniﬁcat,
2082 1087 2148 1126 ne
2202 1073 2475 1126 minimam
2528 1073 2735 1141 quidem
2770 1074 3026 1126 aviculam
3077 1075 3127 1127 in
3181 1077 3315 1128 obli-

1785 1159 1945 1212 vione
1989 1173 2108 1212 esse
2137 1173 2319 1212 coram
2361 1159 2496 1224 Deo,
2534 1161 2796 1229 perpende
2838 1177 2956 1214 cum
3002 1162 3318 1220 dictionibus

1785 1248 2225 1314 signiﬁcantibus,
2272 1249 2432 1304 Deum
2494 1251 2842 1318 quorumdam
2909 1251 3148 1305 oblivisci
3196 1267 3322 1319 pro-

1783 1346 1898 1404 pter
1927 1347 2139 1405 peccata
2170 1353 2372 1392 eorum.
2422 1337 2750 1392 Litteraliter
2782 1354 2912 1407 ergo
2949 1341 2998 1392 in
3031 1341 3175 1394 hisce
3222 1342 3321 1395 de-

1786 1425 2019 1477 claratur
2061 1426 2125 1476 ad
2158 1425 2372 1479 minima
2409 1442 2632 1496 quaeque
2662 1429 2860 1496 porrigi
2904 1427 3316 1492 Providentiam,

1779 1525 1830 1564 et
1861 1528 2024 1582 usque
2043 1514 2108 1566 ad
2135 1516 2370 1568 notitiam
2397 1531 2570 1569 rerum
2599 1517 3046 1572 tenuissimarum.
3066 1517 3322 1586 Spiritus-

1780 1597 1897 1652 liter
1921 1615 2085 1654 vero:
2115 1601 2256 1653 cadit
2286 1601 2335 1654 in
2385 1611 2605 1665 terram,
2637 1603 2778 1656 velut
2808 1605 3046 1669 aviculae,
3081 1606 3313 1674 pruden-

189 1697 338 1766 μένοις
364 1697 548 1756 κακοῖς,
579 1693 887 1764 παραδοθὲν
927 1695 1006 1756 εἰς
1033 1695 1199 1756 πάθος
1235 1695 1470 1764 ἀτιμίας,
1504 1695 1596 1746 καὶ
1621 1695 1670 1746 τι

1779 1691 1872 1741 tia.
1903 1690 2032 1742 Dum
2079 1691 2220 1744 enim
2251 1691 2480 1744 sublime
2514 1690 2703 1754 fertur,
2744 1706 2860 1758 qua:
2893 1693 3148 1747 inferiora
3191 1705 3318 1750 sunt

185 1781 421 1851 ἐλεύθερον
451 1779 572 1850 μετὰ
600 1779 692 1832 τοῦ
724 1781 916 1850 τιμίου
944 1780 1298 1843 ἁπολελωκός.
1345 1779 1591 1843 Τοιοῦτος
1619 1779 1670 1831 δὲ

1775 1779 1922 1847 petit,
1951 1789 2165 1848 propter
2194 1781 2482 1834 obtinentia
2523 1781 2700 1834 carnis
2741 1782 2898 1845 vitia;
2932 1783 3227 1850 traditaque
3259 1785 3310 1836 in

184 1876 209 1924 ό
245 1871 330 1924 ὑπὸ
353 1871 434 1923 τοῦ
462 1871 601 1938 λόγου
633 1872 1047 1943 μετεωρισθεὶς,
1079 1873 1171 1924 καὶ
1204 1873 1271 1924 τά
1297 1872 1456 1942 γήϊνα
1482 1873 1676 1942 φρονή-

184 1981 279 2025 σας.
307 1963 444 2016 Κατὰ
477 1965 526 2016 δὲ
561 1963 620 2017 τὸ
639 1963 801 2034 ῥητὸν
853 1965 1034 2024 πάλιν,
1059 1964 1118 2016 τό
1144 1981 1156 1993 ·
1192 1966 1272 2016 Οὐ
1293 1962 1551 2015 πεσεῖται
1575 1963 1670 2015 ἐπὶ

181 2053 270 2119 τὴν
293 2051 393 2122 ῆν
417 2053 547 2106 ἄνευ
577 2054 680 2107 τοῦ
709 2055 945 2120 Πατρός
977 2053 1159 2122 ὑμῶν,
1201 2052 1260 2106 οὐ
1305 2053 1398 2124 τὴν
1429 2053 1674 2122 βούλησιν

178 2145 416 2206 δείκνυσιν,
440 2143 564 2196 ἁλλὰ
587 2143 682 2215 τὴν
721 2145 1056 2216 πρόγνωσιν.
1083 2144 1200 2196 Τῶν
1227 2144 1334 2214 γὰρ
1361 2144 1670 2214 γινομένων,

176 2235 205 2286 ἃ
225 2234 303 2303 μὲν
323 2233 440 2286 κατὰ
465 2233 704 2304 βούλησιν
732 2235 973 2303 γίνεται,
996 2234 1031 2288 ἃ
1055 2235 1110 2288 δὲ
1129 2235 1245 2288 κατ’
1271 2234 1531 2296 εὐδοκίαν,
1551 2233 1587 2286 ἃ.
1615 2233 1671 2286 δὲ

177 2323 290 2375 κατὰ
310 2322 639 2394 συγχώρησιν.

749 2580 914 2632 xm.
949 2581 1040 2634 ll".
1103 2561 1106 2566 “

177 2667 290 2738 Στίχ.
326 2677 385 2741 κέ.
436 2669 616 2724 Πάλιν
649 2667 764 2726 οὖν
803 2669 962 2724 εἷπε·
999 2672 1116 2725 Τίνι
1141 2672 1400 2741 ὁμοιώσω
1429 2670 1539 2740 τὴν
1557 2673 1668 2736 βα-

229 2740 432 2791 σιλειαν
462 2741 561 2792 τοῦ
589 2741 777 2803 Θεοῦ;

174 2805 291 2878 Στίχ.
329 2815 424 2861 κα’.
472 2809 667 2877 Ὁμοία
714 2810 855 2864 ἐστὶ
887 2809 1052 2876 ζύμῃ,
1099 2807 1178 2873 ἢν
1212 2808 1490 2878 ,λαϐοῦσα
1512 2811 1665 2878 γυνὴ

225 2876 452 2996 Ξκιρυψεν
469 2874 551 2943 sit}
571 2879 838 2946 ἀλεύρου
857 2874 1011 2931 σάτα
1031 2879 1180 2944 τρία,
1199 2877 1308 2943 ἕως
1322 2874 1392 2932 οὗ
1411 2874 1664 2947 ἐζυμώοή

289 2962 368 2996 ον.

289 2962 368 2997 ον.

231 3031 429 3101 Ἑτέρως
457 3032 568 3086 ἐστὶ
617 3032 830 3097 λαϐεῖν,
870 3033 984 3102 τὴν
1031 3033 1128 3104 μὲν
1169 3034 1416 3103 γυναῖκα
1454 3035 1532 3098 είς
1567 3033 1662 3103 τὴν

178 3119 466 3191 Ἐκκλησίαν,
495 3123 606 3191 τὴν
629 3124 685 3176 δὲ
719 3122 908 3194 ζύμην
950 3125 1028 3188 είς
1063 3124 1124 3177 τὸ
1148 3123 1371 3194 Πνεῦμα
1396 3123 1456 3176 τὸ
1481 3125 1657 3192 ἅγιον.

166 3205 285 3262 Eriza
305 3211 353 3263 δὲ
376 3213 514 3280 τρία,
545 3213 734 3282 σῶμα,
768 3213 1001 3282 πνεῦμα,
1035 3213 1227 3284 ψυχήν.
1274 3214 1567 3282 Ἀγιὰζεται
1609 3214 1664 3266 δὲ

167 3299 300 3351 ταῦτα
331 3305 389 3372 τῇ
415 3301 553 3376 ζύμῃ
578 3303 671 3356 τοῦ
710 3304 865 3370 ἁγίου
899 3303 1225 3372 Πνεύματος,
1255 3303 1392 3355 ὥστε
1419 3303 1661 3370 γενέσθαι

167 3390 271 3458 πως
303 3391 356 3442 τὸ
384 3392 526 3460 ἅγιον
558 3393 790 3462 Πνεῦμα
826 3391 884 3444 ἐν
927 3391 1168 3463 φύραμα.
1201 3392 1319 3443 Ἔτι
1358 3391 1530 3462 ζύμην
1568 3392 1662 3462 τὴν
1694 3464 1704 3472 ,

166 3479 247 3529 ἀπὸ
268 3479 350 3531 τοῦ
377 3481 564 3549 σπόρου
600 3480 1142 3550 τελεσιουργηθεῖσαν
1167 3478 1388 3549 δύναμιν
1423 3481 1450 3530 ό
1479 3479 1663 3548 Σωτὴρ

163 3566 371 3637 ὀνομάζει
393 3570 448 3622 τὸ
473 3570 698 3642 Πνεῦμα
725 3569 786 3622 τὸ
810 3571 982 3637 ἅγιον,
1004 3567 1188 3620 τοῦτον
1213 3566 1547 3636 αἰνιξάμενος
1575 3567 1662 3619 τὸν

164 3655 340 3723 τρόπον.
390 3658 444 3710 '0
465 3660 590 3728 γοῦν
618 3662 722 3730 τῆς
749 3659 1002 3727 οὐρανίου
1033 3657 1298 3726 βασιλείας
1320 3657 1498 3724 Ἇόγος,
1530 3657 1662 3726 μετὰ

161 3743 237 3812 τὴν
263 3747 462 3818 πρώτην
498 3753 554 3802 ὲν
583 3748 895 3821 ἀνθρώποις
937 3747 1140 3817 σπορὰν
1165 3747 1429 3815 αὐξηθεὶς,
1459 3746 1662 3817 καρπὸν

162 3834 350 3899 dmino;
383 3839 582 3910 ἐντελῆ,
630 3839 728 3892 τοῦ
762 3839 919 3906 ἁγίου
949 3835 1259 3905 Πνεύματος
1293 3837 1388 3906 τὴν
1415 3837 1663 3906 ἐπιχορη-

160 3926 257 3992 γίαν
299 3932 400 3993 τοῖς
435 3930 520 3984 διὰ
563 3933 672 3984 τῶν
717 3936 947 4002 πρώτων
990 3926 1377 3996 ὠφελουμένοις
1416 3927 1658 3995 παρέχει,

159 4016 300 4087 ζύμης
331 4019 476 4089 δίκην
518 4023 748 4091 φύραμα
784 4016 1078 4088 ζυμούσης.
1121 4015 1258 4085 Γυνὴ
1286 4015 1340 4067 δὲ
1374 4015 1590 4083 ταύτην,
1629 4018 1661 4084 ἡ

159 4108 285 4174 σοφία
313 4110 398 4162 τοῦ
435 4111 589 4174 Θεοῦ,
628 4115 706 4174 εἰς
739 4109 970 4180 ἀλεύρου
1014 4109 1147 4161 σάτα
1185 4105 1307 4175 τρία
1349 4105 1657 4176 ἐγκρύπτει.

157 4197 253 4260 Τοῖς
269 4199 385 4265 γοῦν
409 4201 791 4271 πορισαμένοις
814 4200 879 4250 ὲκ
904 4195 1098 4266 πολλῆς
1119 4195 1428 4264 ἐπιμελείας
1452 4195 1540 4247 καὶ
1565 4194 1662 4262 τῆς

156 4285 228 4338 τοῦ
253 4289 435 4359 σπόρου
472 4291 744 4362 γεωργίας
786 4287 1012 4357 ἀλεύρου
1053 4287 1186 4338 σάτα
1219 4283 1357 4356 τρία,
1400 4284 1657 4354 δόγματα,

158 4373 278 4428 θείαν
305 4380 494 4445 γνῶσιν
537 4380 638 4449 τὴν
669 4379 796 4449 περὶ
825 4375 1034 4444 Πατρὸς
1073 4375 1164 4427 καὶ¹
1207 4373 1333 4426 Υίοῦ
1375 4374 1468 4426 καὶ
1508 4373 1658 4441 ἁγίου
1691 4391 1732 4444 ι)

158 4460 446 4532 Πνεύματος,
487 4468 520 4536 ἡ
555 4466 646 4519 τοῦ
683 4464 820 4518 Θεοῦ
859 4465 1016 4532 σοφία
1036 4462 1096 4514 τὸ
1139 4463 1286 4530 ἆγιον
1322 4462 1540 4531 Πνεῦμα
1573 4478 1661 4530 χο-

154 4555 300 4616 ρηγεῖ.
337 4554 394 4605 Ἦ
431 4555 474 4607 δ’
512 4555 668 4625 αὐτὴ,
699 4553 821 4607 καθ’
849 4550 1039 4622 ἑτέραν
1071 4552 1321 4613 διάνοιαν,
1364 4551 1537 4603 πάντα
1571 4549 1658 4602 τὸν

153 4638 202 4688 ὲκ
224 4639 346 4693 Θεοῦ
375 4643 652 4714 ἄνθρωπον
681 4646 746 4697 ὲκ
778 4640 1024 4711 σώματος
1050 4641 1140 4693 καὶ
1163 4640 1335 4708 ψυχῆς
1366 4639 1457 4690 καὶ
1498 4637 1658 4690 πνεύ-

153 4743 289 4793 ματος
310 4733 627 4796 συνεστῶτα,
667 4736 734 4803 τῇ
769 4729 1092 4801 ὲπιχορηγίᾳ
1131 4729 1226 4798 τῆς
1253 4727 1400 4790 θείας
1427 4728 1656 4794 ἐμπνεύ-

153 4830 281 4878 σεωςν
315 4818 483 4891 ζύμην
523 4823 923 4894 ὲγκρύπτουσα,
949 4817 1047 4888 τὴν
1075 4816 1134 4880 ἐξ
1171 4817 1336 4884 αὐτῆς
1375 4815 1654 4882 ὠφέλειαν,

148 4908 212 4967 είς
231 4909 439 4981 ἀλεύρου
469 4915 601 4966 σάτα
631 4913 758 4985 τρία
795 4909 864 4964 τὰ
889 4906 1200 4976 νενοημένα,
1229 4905 1330 4966 ἕως
1351 4898 1410 4956 οὗ
1437 4902 1654 4972 ζυμωθῇ

147 4991 264 5045 ὅλον.
306 4992 466 5061 Οὗτος
515 5000 662 5066 γοῦν,
711 5001 779 5068 τῇ
828 4996 1024 5066 μετοχῇ
1067 4993 1162 5062 τῆς
1201 4990 1444 5061 οὐρανίου
1487 4989 1658 5060 ζύμης

149 5084 369 5151 ποιωθεὶς
411 5093 505 5142 καὶ
545 5089 828 5162 ξυμωθεὶς,
879 5084 1126 5154 οὐράνιος
1165 5082 1256 5134 καὶ
1302 5081 1658 5147 πνευματικὸς

148 5180 507 5245 χρηματίσεται
547 5183 841 5252 ἄνθρωπος,
881 5175 976 5227 καὶ
1021 5171 1155 5224 νέον
1193 5172 1444 5239 φύραμα,
1487 5170 1560 5230 ὡς
1600 5170 1657 5222 ὃν

149 5264 260 5326 μιᾶς
285 5268 521 5337 κράσεως
544 5268 832 5338 γενομένης
873 5261 982 5315 τῶν
1017 5258 1175 5329 τριῶν
1205 5257 1440 5327 ἀλεύρων
1468 5256 1656 5307 ἁποδε-

140 5346 366 5416 δομένων,
417 5357 509 5407 καὶ
542 5358 637 5426 τῆς
679 5359 735 5408 ὲν
781 5352 967 5410 αὐτοῖς
1002 5347 1340 5416 ἐμπνεύσεως
1376 5343 1468 5396 τοῦ
1499 5344 1651 5412 ἁγίου

199 5478 233 5508 ιτ
272 5478 448 5534 ltattb.
494 5496 566 5546 ι,
602 5481 690 5536 29.
786 5478 829 5509 “
868 5477 886 5528 1
929 5475 1052 5528 Cor.
1078 5487 1125 5534 ν,
1161 5474 1210 5530 7.

211 5611 276 5682 (ὅ)
300 5613 453 5668 Forte
480 5615 665 5666 εὖωνα.

1775 1864 2068 1935 ρῑιεείοιιοιη
2115 1868 2436 1936 ignominiaa,
2466 1871 2624 1922 etiam
2662 1868 2960 1923 libertatem
2990 1886 3108 1924 cum
3138 1874 3308 1940 pretio

1773 1953 1988 2006 amittit.
2034 1951 2340 2022 Ilujnsmodi
2381 1969 2538 2022 porro
2576 1964 2658 2008 est
2698 1957 2786 2025 qui
2820 1970 2848 2008 a
2882 1957 3046 2010 verbo
3090 1958 3154 2010 ad
3183 1958 3307 2011 sub-

1771 2039 1914 2093 limia
1958 2041 2211 2104 elevatus,
2265 2042 2424 2094 etiam
2465 2056 2583 2109 quae
2631 2051 2842 2096 terrena
2882 2052 3007 2097 sunt
3038 2037 3196 2112 sapit.
3229 2046 3308 2098 Ad

1773 2130 1998 2184 litteram
2031 2146 2248 2194 rursus,
2283 2131 2431 2193 illud,
2478 2147 2578 2184 non
2614 2133 2764 2184 cadet
2800 2147 2953 2199 super
2981 2143 3169 2186 terram
3199 2135 3312 2187 sine

1774 2218 1931 2272 Patre
1967 2231 2130 2272 vestro
2155 2219 2219 2282 "’,
2248 2235 2350 2274 non
2384 2221 2702 2273 voluntatem
2748 2222 2996 2284 ostendit,
3041 2223 3132 2275 sed
3174 2237 3306 2290 prze-

1769 2309 2065 2362 scientiam.
2113 2310 2308 2363 Eorum
2358 2312 2498 2362 enim
2548 2325 2664 2378 qua:
2697 2311 3040 2378 contingunt,
3084 2311 3188 2363 alia
3237 2325 3304 2363 ex

1767 2396 2041 2449 voluntate
2081 2397 2237 2462 ﬁunt,
2283 2399 2386 2452 alia
2424 2413 2488 2452 ex
2539 2397 2890 2466 beneplacito,
2940 2398 3041 2450 alia
3079 2412 3143 2452 ex
3182 2413 3304 2468 per-

1769 2485 2040 2540 missione.

2384 2574 2531 2629 CAP.
2571 2573 2705 2628 XIII.

1769 2661 1974 2782 “3.2.9
1992 2661 2186 2716 Iterum
2233 2681 2352 2733 ergo
2395 2667 2524 2718 dixit
2557 2679 2576 2717 :
2618 2664 2718 2717 Cui
2749 2664 3045 2717 assimilabo
3091 2680 3303 2734 regnum

1770 2747 1962 2854 Vféel‘:
1989 2798 2169 2869 Simile
2197 2808 2273 2852 est
2302 2801 2573 2868 fermento,
2606 2818 2708 2869 quo
2737 2811 2944 2865 accepto
2971 2799 3156 2852 mulier
3183 2801 3304 2851 abs-

1834 2869 2002 2920 condit
2033 2867 2088 2918 in
2125 2867 2312 2935 [arium
2347 2877 2462 2922 sata
2490 2867 2626 2934 (ria,
2639 2873 2796 2922 donec
2825 2869 3184 2936 fermentatum
3221 2879 3301 2920 est

1833 2945 2014 2987 totum.

1831 3027 1949 3080 Alio
1981 3028 2135 3081 modo
2163 3027 2287 3082 licet
2329 3029 2590 3098 accipere,
2625 3029 2894 3083 mulierem
2939 3028 3154 3097 quidem
3200 3043 3300 3095 pro

1769 3117 2029 3183 Ecclesia,
2067 3127 2120 3171 et
2168 3118 2470 3186 fermemum
2510 3134 2608 3188 pro
2665 3117 2862 3188 Spiritu
2918 3129 3124 3172 sancto.
3175 3117 3300 3172 Tria

1766 3216 1900 3272 uta,
1946 3215 2068 3260 sunt
2109 3221 2322 3275 corpus,
2348 3208 2586 3274 spiritus,
2635 3209 2831 3262 anima.
2886 3208 3304 3262 Sanctiﬁcantur

1765 3297 1874 3349 haec
1908 3296 2162 3350 fermento
2200 3296 2428 3366 Spiritus
2462 3299 2656 3360 sancti,
2687 3307 2743 3351 ut
2779 3299 2907 3352 (iant
2943 3312 3058 3352 cum
3099 3295 3299 3366 Spiritu

1761 3396 1942 3440 sancto
1979 3402 2079 3440 una
2108 3387 2433 3455 conspersio.
2479 3386 2742 3441 Praeterea
2779 3386 3026 3440 Salvator
3063 3387 3302 3439 nominat

1763 3475 2016 3542 Spiritum
2077 3485 2345 3542 sanctum,
2399 3478 2510 3531 sive
2557 3479 2803 3531 virtutem
2850 3491 2968 3545 qua:
3013 3491 3042 3530 a
3097 3477 3302 3530 semine

1761 3555 2057 3634 perficitur,
2117 3569 2464 3631 fermentum,
2522 3571 2848 3624 subinnuens
2912 3570 3012 3622 hoc
3095 3570 3296 3623 modo:

1761 3655 1945 3710 Sermo
1961 3672 2148 3726 nempe
2170 3658 2314 3726 regni
2340 3658 2615 3723 caelorum,
2647 3670 2762 3727 post
2787 3661 3008 3727 primam
3031 3659 3291 3711 sationem

1772 3747 1909 3801 inter
1963 3746 2203 3800 homines
2261 3757 2480 3814 accepto
2551 3750 2912 3812 incremento,
2983 3746 3300 3815 redditaque

1761 3835 1932 3887 fructu
1966 3835 2223 3903 perfecto,
2270 3834 2500 3902 Spiritus
2529 3835 2700 3888 sancti
2746 3833 3295 3888 subministrationem

1760 3925 1824 3976 iis
1865 3924 1951 3990 qui
1987 3937 2080 3990 per
2108 3923 2218 3976 haec
2252 3925 2419 3990 prima
2448 3923 2613 3990 adjuti
2662 3931 2806 3986 sunt,
2851 3923 3092 3990 largitur,
3127 3923 3299 3974 instar

1761 4009 2002 4063 fermenti
2045 4009 2288 4063 videlicet
2336 4025 2563 4062 massam
2611 4008 3001 4063 fermentantis.
3035 4006 3145 4060 Iloc
3192 4007 3298 4060 fer-

1762 4108 1992 4152 mentum
2039 4099 2246 4162 mulier,
2297 4098 2388 4151 Dei
2441 4113 2630 4165 nempe
2682 4097 2977 4165 sapientia,
3022 4097 3072 4147 in
3109 4094 3296 4148 farina:

1764 4196 1878 4238 sata
1924 4187 2024 4240 tria
2075 4188 2326 4241 occultat.
2375 4187 2442 4240 lis
2477 4187 2724 4240 videlicet
2755 4186 2841 4254 qui
2890 4184 2988 4238 sibi
3021 4199 3319 4252 compara-v

1759 4284 1972 4340 verunt,
2013 4290 2074 4328 ex
2128 4278 2290 4329 multa
2341 4276 2691 4331 sollicitudine
2720 4286 2774 4329 et
2811 4274 3012 4327 cultura
3041 4273 3290 4335 seminis,

1761 4363 1944 4417 farina:
1991 4374 2102 4418 sata
2132 4368 2256 4428 tria,
2289 4368 2387 4419 boe
2413 4376 2495 4420 est
2538 4367 2781 4432 dogmata
2822 4373 2876 4418 et
2913 4362 3148 4415 divinam
3198 4376 3295 4412 cn-

1763 4457 2048 4526 gnitiouem
2080 4458 2144 4512 de
2163 4458 2338 4524 Patre,
2359 4459 2493 4513 Filio
2519 4472 2582 4510 ac
2609 4457 2808 4522 Spiritu
2836 4465 3040 4517 saneto,
3069 4453 3292 4520 ipsamet

1764 4547 1856 4600 Dei
1901 4547 2154 4616 sapientia
2198 4548 2453 4616 Spiritum
2505 4556 2745 4599 sanctum
2796 4541 3118 4610 suppeditat.
3169 4539 3294 4592 llaec

1760 4637 1983 4701 eadem,
2027 4637 2176 4702 juxta
2224 4637 2382 4690 aliam
2429 4633 2750 4704 intelligendi
2805 4633 3086 4691 rationem,
3120 4638 3288 4681 totum

1760 4739 1825 4776 ex
1866 4725 1970 4776 Deo
2001 4725 2263 4777 hominem
2290 4739 2356 4778 ex
2385 4738 2624 4791 corpore,
2651 4723 2824 4774 anima
2851 4729 2903 4774 et
2943 4718 3135 4784 spiritu
3168 4731 3292 4770 con-

1761 4823 1988 4865 stantem
2009 4851 2025 4873 ,
2054 4813 2330 4882 largitione
2359 4813 2550 4866 divina:
2587 4810 2944 4880 inspirationis
2974 4808 3286 4862 fermentum

1760 4902 2019 4963 occultat,
2069 4917 2218 4956 suam
2264 4915 2452 4969 nempe
2481 4901 2792 4964 utilitatem,
2838 4899 2892 4952 in
2941 4897 3125 4950 farina:
3175 4901 3285 4946 sata

1763 4991 1860 5044 tria
1901 4992 2212 5057 spiritaliter
2257 4993 2548 5055 intellecta,
2595 4993 2762 5046 donec
2813 4989 3159 5042 fermentatur
3207 4990 3290 5033 to-

1762 5092 1894 5133 tum.
1919 5078 2016 5133 Vir
2057 5081 2218 5151 igitur
2263 5082 2563 5150 huiusmodi
2610 5078 3012 5150 participatione
3054 5068 3290 5124 ctnlestis

1762 5170 2009 5223 frumenti
2055 5171 2388 5240 qualificatus
2432 5183 2486 5226 et
2525 5171 2890 5231 fermentatus,
2938 5159 3172 5217 caelestis
3225 5170 3290 5207 ac

1755 5259 2047 5326 spiritualis
2091 5260 2252 5315 homo
2285 5263 2450 5325 audit,
2490 5267 2545 5315 et
2581 5276 2710 5314 nova
2740 5251 3028 5322 conspersio
3051 5249 3115 5306 “,
3151 5245 3290 5296 iacta

1756 5348 2144 5418 quodammodo
2171 5365 2272 5405 una
2317 5351 2543 5405 mixtura
2585 5350 2745 5403 trium
2779 5343 3065 5396 farinarum
3107 5332 3294 5382 diver-

1724 5611 1800 5680 (ι)
1831 5610 1984 5665 Forte
2015 5610 2229 5682 φέρεται
