3914 6460
169 435 253 489 565
1363 426 1648 482 SCHOLIA
1685 426 1750 480 IN
1789 425 2039 479 LUCAM.

3173 428 3278 478 306

165 549 254 610 τοῖς
277 543 477 605 ἑαυτοὺς
502 542 987 612 ἀποθεὼσασιθεῷ·
1032 526 1084 595 ’ὸ
1112 544 1252 609 Θεὸς
1284 544 1388 614 γάρ
1408 544 1534 597 ἐστι
1555 542 1649 611 (9),

1761 539 1907 608 Apud
1941 553 2040 593 nos
2071 536 2243 608 igitur
2283 535 2523 592 homines
2554 532 2754 590 homini
2802 531 3122 587 assimilstus
3155 546 3274 594 est:

161 639 311 707 φησὶν,
335 635 396 686 ἐν
419 632 724 702 συναγωγῇ
746 632 910 687 θεῶν.

727 807 882 858 ΚΕΦ.
925 807 1022 858 IE'.

159 899 280 968 Στίχ.
306 904 396 964 κγ’.
418 897 519 968 Καὶ
540 897 884 968 ἐνέγκαντες
911 899 1015 952 τόν
1052 897 1286 968 μόσχον
1317 896 1416 949 τόν
1453 912 1648 951 σιτευ-

394 966 510 1029 τὸν,
548 967 642 1017 καὶ
669 969 961 1034 φαγόντες
985 966 1416 1034 εὐφρανθῶμεν.

214 1057 332 1110 me
375 1056 472 1126 χρὴ
515 1056 601 1108 τὸν
638 1057 800 1110 τόπον
846 1060 942 1111 καὶ
988 1057 1313 1128 ὑψηλότερον
1359 1055 1645 1126 θεωρῆσαι,

157 1146 532 1218 προκατάρχεται
566 1146 764 1214 λόγων,
795 1147 998 1217 ⁴ὴθιιιιῶν
1034 1149 1162 1218 μὲν,
1196 1145 1304 1200 οἷον
1335 1147 1557 1217 τροφῆς,
1591 1149 1648 1199 ἐν

157 1238 216 1306 τῷ
248 1238 498 1305 φαγόντες
529 1275 543 1298 ,
589 1238 899 1290 ἐποπτικῶν
937 1238 1025 1302 δὲ,
1075 1233 1182 1290 οἷον
1229 1238 1422 1298 ποτοῦ,
1463 1238 1519 1288 ἐν
1573 1233 1648 1305 τῷ

157 1327 532 1396 εὐφρανθῶμεν.
579 1323 751 1394 Οἷνος
783 1329 892 1398 γὰρ
939 1329 1092 1397 ἀρχὴ
1137 1329 1542 1397 εὐφροσύνης,
1575 1327 1649 1388 ὡς

157 1417 425 1486 γέγραπται.

711 1505 874 1558 ΚΕΦ.
916 1508 1029 1572 ις’.

152 1590 268 1669 Iri}.
296 1591 369 1655 ιζ’.
386 1591 797 1672 Εῇαοποξτερον
813 1593 882 1672 ᾷέ
895 1591 1024 1647 ἐστι
1034 1596 1144 1672 ,τὸν
1157 1596 1410 1672 οὐρανὸν
1424 1595 1519 1648 καὶ
1537 1594 1650 1672 τὴν

177 1663 583 1728 γῆνπαρελθεῖν,
598 1663 636 1728 ἢ
654 1663 763 1713 τοῦ
780 1663 966 1730 νόμου
976 1664 1120 1730 μίαν
1134 1665 1372 1731 κεραίαν
1391 1664 1615 1718 πεσεῖν.

206 1751 308 1802 Ἔτι
332 1751 424 1817 μία
452 1752 647 1817 κεραιά
691 1754 754 1805 οὑ
801 1753 928 1824 παρ’
975 1753 1195 1824 Ἕλλησι
1238 1755 1391 1823 μόνον
1437 1755 1550 1806 ἐστὶ
1589 1754 1650 1804 τὸ

149 1839 261 1890 ἰῶτα
280 1879 293 1901 ,
322 1840 438 1892 ἀλλά
456 1842 561 1894 ,καὶ
590 1843 721 1912 παρ’
780 1843 1045 1914 Ἑϐραίοις
1069 1842 1128 1895 τὸ
1159 1846 1286 1913 παρ’
1331 1845 1507 1906 αὑτοῖς
1548 1860 1648 1896 κα-

1753 628 1889 696 apud
1933 641 2026 681 eos
2061 639 2188 679 vero
2233 625 2322 692 qui
2367 639 2424 680 se
2450 625 2502 678 in
2561 624 2690 678 deos
2730 620 2984 684 referunt,
3030 621 3154 675 Deo.
3194 624 3274 678 lu-

1752 717 1867 784 quit
1910 716 2050 768 enim
2092 730 2106 767 :
2141 713 2278 766 Deus
2311 714 2444 766 stetit
2480 713 2533 765 in
2557 726 2818 780 synagoga
2859 710 3068 762 deorum
3097 709 3162 764 ”.

2357 802 2505 857 CAP.
2545 800 2660 853 XV.

1753 893 1817 950 ἴ.
1847 897 1935 950 '25.
1966 894 2033 948 Et
2055 895 2325 962 afferentes
2353 892 2572 1010 vitulum
2595 891 2854 959 pinguem,
2885 899 2934 942 et
2961 889 3274 943 comedentes

2410 971 2642 1010 wtemur.

2410 971 2642 1012 wtemur.

1822 1052 1878 1107 Si
1918 1053 2046 1107 licet
2085 1052 2227 1105 hunc
2266 1050 2437 1102 locum
2482 1047 2762 1103 sublimius
2797 1047 3166 1118 contemplari,
3200 1049 3274 1102 in-

1752 1144 1924 1198 stituit
1952 1157 2250 1205 sermones,
2303 1139 2530 1194 morales
2577 1139 2810 1206 quidem,
2851 1148 2972 1207 puta
3020 1140 3274 1193 ciborum.

1752 1235 1876 1287 dum
1916 1233 1992 1286 ait
2030 1235 2386 1294 comedentes;
2439 1229 2791 1298 speculativos
2830 1244 2972 1290 vero,
3020 1239 3142 1298 puta
3183 1245 3273 1298 po-

1755 1332 1921 1384 tuttm,
1954 1321 2078 1373 dum
2133 1319 2301 1386 inquit
2343 1323 2594 1373 laetemur.
2638 1317 2908 1386 Siquidem
2968 1315 3151 1371 Vinum
3195 1319 3275 1370 in-

1762 1411 1911 1463 itium
1939 1418 2012 1462 est
2046 1408 2239 1462 lwtitite
2262 1408 2328 1473 ⁸³,
2357 1411 2492 1462 sicut
2514 1408 2765 1474 scriptum
2791 1415 2890 1461 est.

2356 1496 2503 1551 CAP.
2543 1495 2680 1550 XVI.

1751 1589 1815 1644 Υ.
1839 1589 1923 1643 17.
1951 1587 2179 1642 Facilius
2210 1596 2381 1640 autem
2407 1595 2481 1640 est
2515 1586 2694 1639 caelum
2715 1595 2760 1638 et
2779 1594 2968 1638 terram
3001 1588 3277 1654 praeterire,

2025 1674 2181 1726 quam
2218 1666 2273 1709 ut
2316 1656 2439 1724 legis
2477 1671 2609 1708 unus
2630 1671 2760 1722 apex
2783 1656 3006 1707 excidat.

1820 1747 2078 1801 Praeterea
2107 1762 2241 1799 unus
2282 1760 2434 1814 apes,
2469 1759 2575 1798 non
2613 1754 2693 1799 est
2737 1745 2892 1798 modo
2935 1745 3041 1798 iota
3069 1741 3276 1800 ϐιαιω-
3311 1745 3319 1751 ’

1752 1854 1891 1904 rum,
1928 1839 2019 1892 sed
2038 1838 2238 1900 littera,
2273 1851 2390 1906 qua:
2415 1837 2574 1892 etiam
2615 1836 2752 1906 apud
2786 1835 3031 1890 Hebraeos
3066 1848 3276 1891 vocatur

147 1925 362 1993 λούμενον
389 1927 494 1980 libo.
520 1928 749 1982 Δύναται
783 1931 839 1983 δὲ
871 1929 1001 1983 ἰῶτα
1033 1931 1366 2000 συμϐολικῶς
1404 1931 1649 1999 λέγεσθαι

1761 1929 1860 1988 iod.
1897 1927 2076 1982 Potest
2118 1937 2294 1982 autem
2335 1926 2622 1998 symbolice
2659 1927 2814 1981 Iesus
2859 1927 3116 1995 appellari
3153 1927 3276 1992 iota,

156 2013 343 2084 Ἰησοὸς,
392 2016 602 2087 ἐπείπερ
649 2019 683 2087 ἡ
733 2018 886 2089 ἀρχὴ
917 2020 1009 2072 τοῦ
1053 2020 1309 2090 ὀνόματος
1353 2021 1514 2074 αὑτοῦ
1557 2020 1650 2074 καὶ¹

148 2107 247 2174 παρ’
270 2106 467 2176 Ἕλλησι
500 2110 588 2162 καὶ
637 2111 778 2180 παρ’
821 2111 1086 2182 Ἑϐραίοις
1122 2111 1229 2163 ἀπὸ
1255 2109 1344 2163 τοῦ
1379 2110 1476 2166 ὶὼθ
1515 2112 1648 2182 γρά-

151 2212 289 2260 φεται.
328 2197 467 2249 Ἔστι
499 2199 674 2250 τοίνυν
700 2200 768 2252 ὲν
818 2199 896 2269 τῷ
927 2200 1074 2269 νόμῳ
1111 2201 1140 2252 ό
1179 2199 1345 2266 Λόγος
1380 2199 1472 2251 τοῦ
1517 2199 1648 2252 Θεοῦ

149 2283 206 2352 μὴ
249 2284 621 2354 παρερχόμενος
663 2287 866 2352 αὑτὸν,
915 2287 1048 2356 μηδὲ
1097 2288 1355 2358 πρότερον
1420 2287 1647 2350 πίπτων,

151 2375 232 2438 ἕως
246 2374 311 2426 ἂν
327 2376 506 2430 πάντα
533 2379 784 2447 γένηται
806 2397 819 2410 ·
842 2379 962 2432 τότε
983 2381 1039 2432 δὲ
1061 2381 1270 2433 πίπτων
1286 2421 1299 2443 ,
1324 2381 1408 2433 ἵνα
1435 2381 1650 2433 πλείονα

151 2466 315 2534 καρπὸν
335 2467 489 2538 φέρῃο
524 2469 584 2522 οὑ
617 2471 902 2541 νικηθεὶς,
950 2471 1084 2523 ἀλλά
1125 2471 1489 2537 ταπεινώσας
1516 2472 1650 2524 ἐαυ-

152 2555 246 2616 τὸν,
267 2557 348 2608 καὶ
377 2560 684 2627 γενόμενος
717 2559 993 2627 ὑπήκοος
1036 2561 1208 2629 μέχρι
1240 2560 1520 2624 θανάτου,
1554 2559 1651 2614 θαμ-

150 2640 292 2697 νότου
319 2644 381 2698 δὲ
405 2649 684 2716 σταιςροῦ.

1001 2748 1013 2769 Ι

144 2799 256 2921 Στὲῖ.
281 2802 355 2857 ιϐ’.
381 2807 480 2858 Καὶ
507 2741 1144 2885 εἰσερχέἓιξῗουίξὺτοῦ
1168 2810 1255 2873 εἷς
1273 2824 1403 2861 τινα
1432 2809 1647 2875 κώμην,

225 2871 513 2921 πήντησην
533 2879 698 2921 αὐτο)
735 2877 882 2921 δέκα
905 2878 1109 2921 ,λεπροὶ
1131 2876 1358 2921 liv-8mm-
1393 2877 1447 2921 n2
1472 2877 1647 2921 ἓητιη-

225 2871 513 2945 πήντησαν
533 2871 719 2940 adt—(If
735 2871 882 2929 δέκα
904 2878 1109 2944 λεπροὶ
1131 2871 1359 2945 ἄνδρες,
1393 2877 1447 2930 οἳ
1472 2871 1648 2945 sirm;

195 2955 294 2990 σαν
319 2943 621 3009 πόρρωθεν.

143 3029 240 3097 Στίχ
286 3037 364 3098 ιγ’”
395 3033 496 3086 Καὶ
524 3035 705 3086 αὐτοὶ
750 3030 905 3101 ἦραν
936 3035 1168 3102 φωνὴν,
1197 3036 1470 3101 λέγοντες
1489 3053 1500 3064 ’
1549 3037 1651 3102 Ἰη-

406 3102 518 3154 σοῦ
544 3103 872 3169 ἑπιστάτα,
901 3103 1156 3170 ἐλέησον
1183 3103 1352 3172 ἡμᾶς.

1753 2018 1876 2085 quia
1907 2016 2112 2070 initium
2142 2016 2374 2071 nominis
2398 2016 2516 2085 ejus
2549 2025 2652 2070 tam
2683 2017 2819 2082 apud
2854 2015 3088 2076 Graecos.
3119 2031 3278 2082 quam

1753 2107 1891 2174 apud
1932 2105 2180 2161 Hebraeos
2212 2121 2305 2174 per
2334 2105 2430 2176 jod
2459 2105 2730 2160 scribitur.
2769 2105 2860 2159 Est
2895 2105 3052 2173 igitur
3088 2106 3139 2159 in
3169 2106 3277 2175 lege

1757 2197 1987 2251 Verbum
2025 2197 2114 2250 Dei
2141 2210 2468 2264 nequaquam
2502 2196 2640 2249 illam
2670 2197 2998 2264 praeteriens,
3021 2199 3278 2266 necprius

1751 2286 2024 2346 escitlens,
2061 2285 2221 2337 donec
2255 2281 2428 2337 omnia
2465 2284 2594 2352 ﬁant
2623 2284 2688 2335 “.
2732 2284 2878 2337 Tunc
2921 2297 3095 2339 autem
3139 2287 3278 2340 exci-

1752 2369 1904 2431 dens,
1938 2379 1994 2421 ut
2031 2369 2260 2423 fructum
2308 2372 2560 2439 majorem
2609 2370 2744 2424 ferat
2775 2388 2789 2424 :
2823 2387 2925 2424 non
2966 2373 3156 2435 victus,
3191 2374 3279 2428 sed

1752 2459 2028 2511 Immilians
2079 2462 2424 2526 semetipsum,
2460 2469 2507 2513 et
2546 2461 2713 2527 [actus
2764 2460 3000 2514 obediens
3033 2477 3191 2530 usque
3216 2464 3280 2514 ad

1753 2555 1988 2610 mortem,
2033 2557 2249 2601 mortem
2282 2557 2453 2601 autem
2485 2551 2653 2603 crucis
2682 2550 2747 2602 ⁸⁸.

2339 2719 2484 2776 CAP.
2536 2722 2698 2778 XVII.

1757 2808 1819 2864 V.
1857 2809 1940 2863 12.
1970 2813 2035 2863 Et
2082 2811 2368 2863 introeunte
2407 2811 2497 2863 illo
2545 2812 2598 2864 in
2649 2813 2918 2873 quemdam
2960 2814 3144 2875 vicum,
3193 2828 3279 2868 oc-

1821 2889 2088 2957 currerunt
2135 2881 2181 2931 ei
2245 2881 2420 2931 decem
2472 2880 2663 2946 leprosi
2735 2881 2850 2945 viri,
2897 2884 2984 2950 qui
3035 2893 3280 2935 steterunt

1820 2963 2037 2999 emmus.

1757 3031 1817 3086 γ.
1870 3033 1956 3086 15.
2000 3033 2066 3085 Et
2111 3033 2211 3103 ipsi
2258 3033 2546 3087 extulerunt
2586 3049 2779 3096 vocent,
2829 3036 3049 3089 dicentes
3099 3052 3118 3089 :
3158 3035 3281 3091 Iesu

2161 3103 2417 3170 magister,
2454 3106 2689 3156 miserere
2711 3105 2873 3158 nobis.

195 3190 286 3241 Καί
308 3207 366 3258 γε
387 3193 506 3254 τοὺς
534 3195 665 3263 περὶ
711 3193 919 3264 λέπρας
950 3194 1141 3262 νόμους
1172 3194 1550 3264 ὑπολαμϐάνῃς
1585 3194 1648 3263 δή

1827 3189 2066 3244 Profecto
2089 3190 2231 3260 leges
2257 3206 2375 3259 qua:
2396 3199 2521 3245 sunt
2546 3193 2611 3245 de
2634 3192 2779 3260 lepra
2805 3193 3100 3261 intelligere
3123 3209 3282 3264 queas

142 3294 233 3331 τινα
258 3282 344 3348 τῆς
389 3281 563 3351 ψυχῆς
611 3282 932 3352 διαγραφὴν
975 3282 1240 3352 διάφορον.
1285 3284 1377 3344 Τίς
1427 3283 1532 3353 γὰρ
1560 3284 1657 3337 οὐκ

141 3368 192 3418 ἂν
212 3370 459 3442 ἀπορήσαι
481 3372 660 3442 ὁρῶν,
702 3373 789 3424 ὅτι
820 3371 895 3442 πὴ
930 3373 1027 3441 μὲν
1066 3376 1098 3443 ἠ
1142 3373 1315 3443 λέπρα
1359 3373 1658 3444 ἀκάθαρτον

138 3463 250 3511 ποιεῖ
273 3462 352 3514 τὸν
378 3463 668 3533 ἄνθρωπον
703 3463 1040 3532 ἐγγενομένη
1068 3464 1233 3535 χρωτὶ
1259 3463 1445 3527 ζῶντι,
1485 3463 1560 3534 πὴ
1602 3463 1658 3515 δὲ

140 3549 284 3599 πᾶσαν
299 3551 628 3620 ἀκαθαρσίαν
648 3551 770 3622 (10)
795 3550 1018 3605 ἀπολύει
1041 3551 1158 3605 ὅλον
1176 3551 1369 3623 λεπρὺν
1385 3553 1656 3620 γεγονότα.

134 3637 236 3688 Τότε
266 3639 364 3710 γάρ
389 3641 709 3712 ἀκάθαρτος
745 3636 883 3694 εἶναι
905 3640 1209 3708 λογίζεται,
1236 3642 1320 3694 ὅτε
1348 3641 1490 3713 χρὼς
1533 3641 1658 3706 ζῶν,

135 3726 247 3792 μειά
277 3728 333 3779 τὸ
376 3729 671 3800 όλόλεπρον
725 3729 1012 3797 γεγονότα,
1057 3730 1320 3798 μιαίνεται
1346 3730 1436 3782 τοῦ
1467 3729 1662 3793 ζῶντος

129 3815 302 3882 χρωτὸς
334 3817 433 3886 τὴν
461 3817 520 3882 ἐξ
568 3817 718 3870 ὅλων
758 3815 964 3886 λέπραν
1003 3855 1016 3867 .
1057 3853 1070 3867 .
1105 3853 1116 3866 .
1149 3854 1163 3867 .
1197 3855 1209 3869 .
1249 3854 1264 3868 .
1295 3854 1308 3867 .
1347 3810 1482 3868 εἷναι
1509 3816 1660 3884 λεγο-

133 3903 289 3972 μένην.
357 3907 634 3978 Ἠγοῦμαι
697 3906 812 3976 γάρ
865 3907 964 3976 τὴν
1015 3905 1219 3975 λέπραν
1279 3907 1396 3958 ἀντὶ
1459 3905 1662 3974 ἀλόγων

125 3990 458 4059 λαμϐάνεσθαι
497 3996 605 4064 τῆς
649 3993 834 4063 ψυχῆς
876 3992 1243 4062 παθημάτων,
1279 3993 1366 4045 τὸν
1400 3993 1454 4044 δὲ
1491 3991 1662 4055 ζῶντα

127 4080 278 4146 χρῶτα
320 4083 440 4134 ἀντὶ
489 4085 596 4153 τῆς
641 4083 868 4151 λογικῆς
907 4081 1305 4143 καταστάσεως.
1374 4084 1529 4134 Δοκεῖ
1573 4080 1664 4134 οὖν

123 4185 192 4235 μοι
223 4175 517 4244 μυστήριον
573 4173 841 4241 παρέχειν
883 4173 911 4223 ό
955 4171 1125 4237 λόγος.
1172 4171 1258 4223 Ἑν
1301 4169 1408 4240 γὰρ
1454 4175 1518 4242 τῇ
1561 4172 1664 4227 τῶν

123 4256 305 4324 βρεφῶν
333 4261 526 4330 ἡλικίᾳ
578 4259 914 4328 ἀνέγκλητός
958 4259 1100 4310 ἐστιν
1136 4259 1168 4327 ἡ
1209 4257 1377 4328 ψυχὴ,
1417 4259 1512 4327 τῆς
1543 4260 1664 4312 ἀλο-

118 4347 222 4412 γίας
244 4349 563 4404 ἀπολύουσα
599 4349 775 4418 αὑτὴν
807 4347 1004 4410 παντὸς
1027 4347 1212 4416 ψόγου.
1277 4347 1399 4400 Ἐὰν
1436 4349 1492 4400 δὲ
1529 4349 1663 4419 ὀφθῇ

116 4435 240 4501 χρὼς
268 4437 374 4500 ζῶν
401 4441 464 4491 ὲν
503 4439 651 4508 αὑτῇ
677 4477 693 4501 ,
739 4438 766 4489 ὅ
805 4438 950 4489 ἐστιν
971 4475 983 4498 ,
1014 4436 1106 4488 ὲάν
1133 4435 1360 4506 ἄρχηται
1385 4435 1476 4487 τοῦ
1512 4436 1664 4505 λόγου

1757 3293 1852 3347 pro
1889 3279 2101 3333 diversa
2153 3283 2381 3348 quadam
2442 3281 2633 3334 animae
2683 3281 2912 3348 pictura.
2965 3283 3095 3348 Quis
3141 3285 3282 3336 enim

1758 3383 1864 3422 nou
1911 3369 2114 3424 haereat
2156 3371 2366 3436 videns,
2408 3385 2548 3424 nunc
2584 3370 2796 3438 quidem
2837 3371 3033 3440 lepram
3079 3372 3284 3428 efﬁcere

1758 3460 2022 3514 hominem
2057 3461 2404 3524 immundum,
2444 3462 2490 3514 si
2520 3463 2652 3514 vivae
2678 3461 2800 3516 insit
2824 3462 2966 3527 cuti;
2995 3477 3134 3516 nunc
3163 3478 3290 3516 vero

1758 3549 1824 3602 ab
1857 3549 1997 3602 omni
2032 3564 2150 3602 eum
2179 3551 2484 3619 impuritate
2524 3553 2781 3614 eximere,
2815 3552 2903 3620 qui
2943 3559 3083 3606 totus
3112 3552 3289 3620 lepro-

1759 3654 1853 3694 sus
1889 3638 2081 3693 fuerit?
2113 3639 2259 3694 Tunc
2290 3641 2429 3694 enim
2473 3641 2778 3696 immundus
2826 3655 2947 3696 esse
2993 3652 3289 3710 reputatur,

1759 3727 1970 3797 quando
1996 3729 2133 3782 cutis
2162 3730 2302 3794 viva,
2345 3739 2626 3798 postquam
2662 3739 2803 3786 totus
2833 3731 3070 3800 leprosus
3100 3734 3288 3796 evasit,

1760 3819 2168 3884 contaminetur,
2197 3829 2316 3872 cute
2342 3819 2459 3872 viva
2491 3819 2842 3875 contrahente
2863 3837 2926 3875 ex
2956 3830 3070 3876 toto
3092 3822 3289 3890 lepram

1760 3920 2009 3975 qua..."
2038 3921 2157 3960 esse
2188 3906 2383 3960 dicitur
2406 3904 2534 3976 (ll).
2553 3907 2809 3964 Existimo
2825 3909 2964 3963 enim
2992 3909 3186 3978 lepram
3202 3925 3291 3964 ac-

1761 3996 1862 4062 cipi
1889 4009 1987 4063 pro
2019 3994 2476 4049 irrationabilibus
2509 3997 2702 4049 animas
2731 3996 3092 4064 passionibus,
3118 4007 3172 4052 et
3193 4010 3291 4053 cu-

1763 4093 1867 4136 tem
1902 4083 2072 4136 vivam
2112 4098 2208 4151 pro
2233 4083 2480 4138 rationali
2503 4084 2618 4154 ejus
2643 4087 3039 4141 constitutione.
3073 4085 3292 4156 Videtur
3365 4077 3374 4087 ’

1762 4174 1939 4242 itaque
1981 4174 2108 4227 milii
2157 4189 2335 4228 sermo
2368 4174 2675 4245 mySIeriutn
2725 4175 2995 4229 exhibere.
3030 4175 3085 4229 In
3121 4175 3290 4230 infatto

1767 4265 1840 4318 tili
1868 4263 2061 4317 etenim
2087 4272 2242 4318 aetate
2271 4264 2540 4332 inculpata
2563 4274 2644 4318 est
2673 4265 2872 4332 anima,
2906 4265 3146 4322 eximetts
3175 4281 3292 4322 sese

1765 4356 1832 4409 ab
1873 4354 2016 4408 omni
2064 4353 2454 4420 vituperatione
2495 4354 2939 4410 irrationalitatis.
2983 4357 3051 4410 At
3089 4356 3134 4412 si
3179 4358 3292 4413 visa

1767 4443 1924 4496 fuerit
1965 4441 2103 4496 cutis
2133 4443 2251 4496 viva
2301 4441 2354 4494 iu
2387 4456 2473 4502 ea.
2514 4442 2614 4495 hoc
2653 4451 2754 4508 est,
2803 4445 2847 4498 si
2896 4445 3113 4515 incipiat
3156 4448 3294 4503 ratio

115 4524 430 4595 ὑπᾳὺωσις,
465 4529 598 4581 τότε
630 4527 775 4599 ἀρχὴ
813 4527 908 4594 τῆς
933 4525 1200 4594 ἁμαρτίας
1227 4525 1508 4593 ὑφίσταται
1530 4566 1542 4589 ,
1569 4529 1656 4590 ἓως

1772 4533 1968 4586 exoriri
1989 4573 2004 4596 ,
2041 4541 2165 4586 tunc
2187 4533 2390 4587 substat
2422 4532 2737 4601 principium
2765 4536 2986 4603 peccati.
3027 4552 3293 4608 quousque

111 4612 535 4686 ἑπικρατήσηται
572 4616 668 4668 τοῦ
715 4614 923 4686 χρωτὸς
985 4613 1075 4665 τοῦ
1133 4613 1359 4677 ζῶντος,
1406 4615 1662 4679 τουτέστι,

112 4699 190 4753 τοῦ
213 4702 370 4771 λόγου
411 4705 753 4770 αὑξάνοντος
791 4705 886 4757 καὶ
907 4703 1306 4773 τελειουμένου,
1351 4704 1466 4766 ὅλος
1505 4705 1663 4776 γένη-

107 4807 182 4844 tat
204 4796 232 4846 ό
260 4795 410 4863 χρὼς
438 4795 582 4858 ζῶν,
615 4795 708 4848 καὶ
739 4794 921 4847 τέλεον
954 4795 988 4863 ή
1020 4794 1191 4866 λέπρα
1222 4793 1564 4865 ὲξαφανισθῇ.

750 4884 905 4936 ΚΕΦ.
943 4883 1049 4934 ΙΗ’.

102 4967 238 5038 Στίχ.
268 4979 337 5024 κ’.
379 4974 501 5038 Τὰς
536 4973 795 5043 ἐντολὰς
827 4969 1027 5043 οῖδαςῂ
1068 4973 1162 5043 Μὴ
1191 4973 1518 5041 μοιχεύσῃς
1538 5013 1552 5037 ς
1579 4976 1664 5043 μὴ

168 5043 504 5106 φονεύσηςν
534 5042 624 5109 μὴ
649 5040 907 5111 κλέψῃς,
938 5041 1034 5093 καὶ
1068 5041 1154 5111 μὴ
1195 5040 1670 5111 ψευδομαρτυρήὲ

163 5123 310 5174 σεις.
357 5112 513 5178 Τᾲια
533 5111 642 5162 τὸν
669 5109 896 5175 πατέρα
914 5123 1026 5162 σου
1052 5110 1148 5162 καὶ
1168 5110 1280 5176 τὴν
1293 5109 1512 5178 μητέρα
1534 5109 1666 5164 σοὺ.

177 5196 574 5268 Ἐξελέγχεται
633 5201 694 5253 δὲ
728 5201 785 5251 ὲν
849 5197 926 5267 τῷ
983 5197 1122 5268 λόγῳ
1164 5199 1587 5270 Μαρκιωνιστῶν
1611 5219 1669 5253 τε

1771 4621 2006 4674 obtineat
2047 4621 2308 4674 viventem
2350 4630 2520 4674 cutem
2558 4637 2573 4674 :
2605 4621 2656 4674 id
2686 4632 2787 4682 est,
2831 4634 3150 4692 augescente
3178 4641 3294 4681 ora-

1773 4710 1914 4762 tione
1949 4719 2107 4777 atque
2146 4707 2400 4776 perfecta,
2438 4717 2544 4761 tota
2571 4709 2662 4763 ﬁat
2695 4712 2834 4766 cutis
2883 4713 3025 4774 viva,
3060 4724 3112 4768 et
3150 4715 3294 4784 peni-

1771 4807 1857 4851 tus
1888 4797 2030 4866 lepra
2061 4805 2363 4850 evanescat.

2352 4886 2498 4940 CAP.
2539 4885 2716 4943 XVIII.

1772 4975 1834 5034 V.
1865 4976 1954 5031 20.
1998 4975 2262 5044 Prwccpta
2295 4979 2430 5030 nosti
2454 4992 2475 5031 :
2500 4977 2619 5030 Non
2658 4979 3011 5046 fornicatum,
3043 4999 3144 5034 non
3168 4985 3294 5037 oeci-

1839 5047 1952 5107 des,
2003 5062 2103 5115 non
2149 5046 2422 5113 furaberis,
2468 5055 2514 5099 et
2555 5061 2655 5098 non
2690 5049 2826 5100 dices
2861 5050 3048 5115 falsum
3080 5053 3292 5104 testimo-

1842 5116 2002 5167 nium.
2034 5113 2244 5183 Honora
2270 5124 2464 5181 patrem
2493 5124 2636 5166 tuum
2658 5124 2704 5168 et
2731 5113 2945 5169 matrem
2969 5129 3140 5174 tuam.

1841 5202 2154 5258 Confutatur
2192 5204 2292 5260 hac
2339 5206 2580 5260 oratione
2634 5207 3092 5262 Marcionistarum
3129 5205 3293 5257 Mani-

100 5287 368 5356 παράνοια
429 5291 532 5343 καὶ
597 5288 910 5359 Μανιχαίων
933 5327 948 5352 ,
981 5290 1030 5341 οἳ
1059 5289 1147 5343 τὸν
1195 5291 1354 5359 νόμον
1401 5289 1656 5360 ἀλλότριοι

1774 5293 2144 5360 οὴιιιοιυιιιίιιιο
2171 5295 2406 5358 vesania,
2459 5296 2545 5363 qui
2577 5295 2743 5364 legent
2784 5295 3006 5349 alienam
3040 5308 3067 5342 ει
3088 5290 3294 5344 Christo

99 5373 232 5430 εἷναί
282 5397 422 5446 φασι
465 5380 734 5450 Χριστοῦ.
777 5380 913 5447 Φησὶ
963 5379 1067 5449 γὰρ
1111 5383 1138 5432 ὁ
1168 5381 1405 5450 Μάρκος,
1443 5381 1524 5432 ὅτι
1575 5381 1672 5449 ἐμ-

1773 5397 1891 5436 csse
1913 5392 2206 5438 autttmant.
2230 5385 2317 5436 Ait
2351 5386 2491 5438 enim
2523 5385 2752 5450 Marcus,
2783 5386 2919 5454 quod
2948 5380 3214 5447 respiciens
3243 5376 3296 5424 is
3336 5389 3340 5393 ·

167 5507 211 5536 ³³
245 5505 393 5562 Psal.
423 5523 624 5570 Lxxxt,
651 5509 702 5560 l.
783 5505 827 5536 ³³
857 5505 1014 5558 Eccli.
1049 5521 1194 5570 xm,
1215 5508 1304 5560 55.
1377 5507 1418 5538 ³⁴
1451 5507 1574 5560 Luc.
1603 5524 1656 5562 ιιι

1761 5509 1840 5562 52.
1917 5510 1959 5541 ³⁸
1989 5510 2209 5580 Philipp.
2236 5525 2295 5576 ιι,
2323 5510 2374 5564 8.

169 5658 243 5719 (9)
269 5659 447 5714 Forte
491 5661 650 5728 ἔστη.

170 5730 282 5790 illi)
297 5729 490 5785 Forte
524 5724 712 5786 πάσης
738 5724 1084 5786 ἀκαθαρσίας.

1781 5749 1809 5787 Σ
1839 5666 1953 5787 l(Ill)
1979 5667 2147 5724 Locus
2186 5668 2500 5737 impeditus,
2528 5669 2592 5725 ad
2616 5683 2768 5738 quem
2796 5662 2972 5719 confer
3000 5657 3068 5709 sis
3120 5651 3300 5710 Lavit.

1820 5752 1832 5787 Ι
1885 5777 1898 5787 .
