3914 6472
295 507 431 569 ’δτδ
1539 528 1841 583 Ακθκηιι

2138 531 2174 583 ι.
2215 560 2282 570 -
2316 529 2442 584 LIB.
2483 530 2523 585 ι.
3507 534 3611 587 δῖε
3668 510 3684 526 ’

328 632 563 723 380“:s
589 658 606 683 ι
638 626 920 723 (futilibus
951 633 1012 688 in
1050 626 1323 709 perpetuo
1365 643 1707 712 singulariter
1740 644 1976 714 fulgent,
2005 650 2052 705 Α
2078 659 2257 709 nosse,
2291 647 2374 700 vel
2400 647 2595 708 dicere,
2632 644 2714 698 vel
2746 642 3008 710 scribere,
3035 657 3149 712 quae
3165 642 3320 708 solus
3348 642 3503 699 Pater
3543 646 3612 700 ad

338 709 631 768 omnibus
658 711 718 767 in
769 727 1058 777 aeternum
1113 728 1384 785 bonorum
1431 735 1654 787 formam
1701 737 1978 801 tribuunt,
2082 732 2248 786 solum
2281 733 2469 786 Filium
2512 733 2717 787 locutus
2751 740 2835 786 est
2878 709 3098 786 dicens:
3126 729 3408 784 Faciamus
3442 733 3610 790 Itami-

350 805 640 892 umn'tbus
699 807 807 861 sub
872 812 995 867 sole
1052 818 1278 885 pietatis
1324 823 1621 892 exemplum
1670 827 1978 881 ostendunt.
2081 837 2194 874 nem
2215 823 2259 884 ³,
2293 832 2344 877 et
2376 832 2568 876 caetera
2605 822 2875 884 universa,
2907 821 3009 874 nisi
3043 819 3187 874 solus
3219 819 3425 890 Moyses
3451 860 3465 884 ,
3493 836 3611 889 quas

351 889 547 958 Quod
593 907 785 952 autem
815 902 1106 960 sideribus
1152 917 1317 978 atque
1361 889 1715 968 luminaribus
1763 930 1981 984 compa-
2082 911 2336 967 revelavit
2377 913 2448 966 illi
2496 911 2727 981 Spiritus
2764 919 2982 966 sanctus
3016 889 3322 964 Paracletus
3360 911 3450 980 qui
3479 927 3612 980 prte-

353 995 588 1043 rentur
604 1005 800 1046 omnes
815 998 993 1049 sancti
1024 999 1372 1056 demonstrat
1394 1003 1700 1071 Apostolus,
1745 1005 1929 1060 dicens
1961 1021 1975 1059 :
2050 1019 2205 1066 .sens
2233 1015 2345 1058 erat
2369 1020 2384 1059 ε
2411 1004 2487 1057 sic
2529 1003 2773 1057 similiter
2807 1002 2983 1056 nullus
3021 1001 3161 1058 illius
3187 1001 3436 1070 temporis
3467 1011 3611 1070 pote-

351 1074 566 1135 Stella
595 1086 740 1139 enim
775 1102 808 1138 ο
837 1087 992 1142 stella
1034 1093 1219 1161 diﬂ'ert
1247 1095 1303 1147 in
1327 1095 1585 1154 claritate.
1615 1097 1690 1149 ita
1726 1107 1772 1149 et
1809 1115 1980 1151 resur-
2082 1105 2164 1149 rat
2195 1109 2348 1149 nosse
2381 1096 2430 1148 in
2455 1104 2660 1148 secreto
2687 1109 2804 1162 quae
2837 1094 2970 1147 Deus
2995 1092 3060 1145 ad
3089 1091 3355 1145 diabolum
3400 1091 3608 1147 locutus

353 1177 556 1229 rectio
590 1183 938 1230 mortuorum
957 1180 1003 1246 ‘,
1030 1182 1400 1249 proculdubio
1420 1187 1978 1240 sanctorum.Eviden-
2077 1195 2159 1238 est
2189 1201 2284 1252 pro
2335 1184 2694 1251 increpatione
2721 1183 2836 1248 ejus
2869 1195 2988 1248 qua:
3017 1181 3068 1233 in
3104 1194 3168 1234 eo
3193 1191 3309 1234 erat
3331 1180 3611 1248 cogitatio-

352 1260 499 1318 tius
533 1276 738 1320 autem
771 1270 1012 1324 ostendit
1045 1272 1148 1326 hoc
1190 1274 1447 1342 angelus,
1481 1276 1569 1342 qui
1604 1275 1668 1327 ad
1704 1275 1974 1329 Danielem
2079 1276 2295 1338 nis,nisi
2334 1276 2478 1328 solus
2505 1274 2734 1344 Moyses,
2751 1273 2835 1326 cui
2860 1281 3050 1326 cuncta
3091 1281 3211 1326 sunt
3237 1270 3464 1325 revelata
3494 1285 3612 1338 qua:

355 1352 609 1410 locutus
658 1368 751 1413 est
785 1359 974 1416 dicens
1015 1378 1030 1414 :
1074 1361 1220 1416 Tunc
1252 1363 1388 1432 justi
1451 1365 1765 1433 effulgebant
1842 1368 1977 1419 sicut
2080 1374 2205 1416 ante
2229 1375 2388 1416 erant
2417 1363 2725 1416 abscondita
2754 1401 2769 1424 ,
2797 1375 2892 1430 pro
2918 1361 2981 1414 iis
3010 1361 3097 1429 qui
3130 1371 3255 1413 tunc
3280 1359 3410 1428 legis
3436 1361 3612 1428 auspi-

349 1442 699 1501 luminaria
740 1449 862 1502 caeli
886 1489 902 1514 ,
935 1461 1184 1520 tanquam
1212 1454 1326 1517 sol,
1357 1463 1404 1507 et
1441 1455 1564 1507 luna
1585 1496 1601 1519 ,
1639 1466 1685 1508 et
1731 1464 1974 1525 tanquam
2075 1452 2211 1504 cium
2243 1462 2390 1505 erant
2423 1451 2872 1518 accepturi.Quod
2905 1461 3081 1503 autem
3113 1448 3316 1518 Moyses
3345 1449 3456 1504 hinc
3479 1450 3613 1503 scri-

353 1539 552 1592 stellc
605 1541 671 1592 in
721 1541 924 1594 swcula
950 1545 993 1597 ’.
1029 1542 1202 1610 Super
1234 1545 1344 1599 haec
1366 1546 1612 1599 universa
1654 1546 1813 1599 etiam
1865 1549 1975 1616 ipse
2076 1543 2238 1608 pserit
2272 1543 2322 1594 in
2346 1541 2616 1612 Egypto,
2647 1541 2812 1594 etiam
2851 1541 2999 1606 juxta
3046 1540 3214 1608 ipsum
3250 1549 3456 1607 tempus
3489 1554 3610 1592 cunt

353 1622 667 1682 Dominus
741 1631 796 1682 in
860 1631 1168 1700 Evangeliis
1207 1634 1338 1687 dicit
1401 1651 1415 1688 :
1453 1634 1593 1687 Tum:
1630 1635 1765 1703 justi
1807 1637 1972 1704 fulge-
2073 1630 2306 1696 ejusdem
2333 1631 2402 1685 sit
2432 1632 2635 1684 numeri
2665 1631 2893 1684 maxime
2909 1631 3308 1698 comprobatur.
3337 1629 3469 1682 Nam
3504 1630 3610 1682 sic-

355 1715 450 1770 bu
463 1732 509 1773 nt
536 1721 595 1772 in
630 1731 924 1790 conspectu
943 1723 1117 1777 Patris
1135 1725 1218 1777 sui
1239 1727 1418 1794 quiest
1453 1727 1507 1778 in
1531 1727 1668 1780 caelis
1691 1727 1734 1778 ³.
1759 1727 1847 1782 Sic
1873 1729 1972 1782 ita-
2075 1729 2127 1772 ut
2155 1721 2368 1788 quintus
2388 1721 2616 1776 cratJob
2638 1721 2704 1774 ab
2737 1720 3026 1783 Abraham,
3051 1719 3122 1771 ita
3151 1718 3330 1785 quinta
3364 1717 3611 1785 progenie

351 1821 500 1876 que
517 1811 804 1880 eﬂ'ulgent
839 1821 1007 1881 atque
1034 1815 1267 1868 emicant
1291 1829 1478 1869 omnes
1502 1815 1705 1881 sancti,
1734 1832 1838 1870 non
1887 1831 1974 1870 so-
2073 1811 2266 1866 missus
2282 1822 2363 1866 est
2383 1813 2586 1882 Moyses
2605 1812 2829 1866 educere
2851 1809 3161 1864 ﬁlioslsrael
3183 1809 3247 1861 de
3275 1816 3417 1860 terra
3444 1805 3610 1876 Egy-

362 1897 504 1954 Ium
534 1904 598 1955 in
643 1911 898 1971 tempore
939 1905 1298 1960 restitutionis
1321 1947 1336 1972 ,
1381 1907 1475 1961 sed
1504 1917 1558 1960 et
1584 1923 1722 1961 nunc
1753 1908 1803 1960 in
1841 1916 1972 1960 tem-
2003 1963 2039 1972 κ
2073 1902 2165 1967 pti.
2198 1901 2368 1970 Super
2398 1903 2510 1956 hinc
2535 1910 2714 1955 autem
2738 1901 2941 1962 omnia,
2967 1914 2998 1953 o
3026 1898 3205 1959 amici,
3235 1895 3532 1949 invenimus
3555 1894 3611 1946 in

361 1999 518 2056 pore
557 1991 731 2059 hujus
750 1993 1058 2059 praesentis
1082 1993 1280 2048 seaculi.
1315 1963 1468 2048 silius
1501 1997 1640 2049 enim
1674 1997 1774 2050 fide
1809 1997 1972 2064 fulget
2002 1963 2042 2016 Β
2072 1963 2407 2060 antiquorum
2439 1992 2614 2056 dictis,
2645 1991 2784 2059 quod
2814 2005 2934 2042 cum
2968 2002 3186 2056 magnus
3215 1986 3304 2039 ille
3327 1984 3534 2052 Moyses
3556 1981 3610 2036 ln

354 2091 445 2132 ut
483 2081 806 2147 Abraham;
843 2083 988 2136 alius
1023 2085 1269 2138 castitate
1299 2086 1440 2140 lucet
1473 2096 1528 2139 ut
1559 2087 1788 2156 Joscpli;
1836 2089 1971 2141 alius
2070 2080 2296 2149 Egyplo
2324 2095 2351 2131 a
2383 2080 2491 2132 Deo
2526 2079 2716 2132 fuisset
2745 2079 2971 2143 missus,
3011 2086 3067 2131 et
3088 2077 3450 2130 vehementem
3485 2071 3611 2126 ami-

359 2169 758 2224 nihilominus
805 2172 1230 2224 mansuetudine
1258 2209 1274 2235 ,
1308 2180 1368 2224 ut
1401 2171 1562 2225 homo
1611 2172 1701 2225 Dei
1735 2172 1966 2240 Moyses.
2071 2173 2298 2224 ctionem
2329 2169 2560 2223 ﬁliorum
2593 2169 2754 2222 Israel
2787 2168 3028 2231 videret,
3055 2175 3108 2219 et
3131 2165 3396 2218 consolari
3423 2180 3514 2218 eos
3542 2165 3610 2220 alt

355 2254 516 2311 hem
559 2275 700 2314 vero
748 2261 898 2314 alius
939 2261 1251 2314 constantia
1297 2270 1456 2330 atque
1500 2262 1780 2316 tolerantia
1807 2264 1970 2314 vehe-
2071 2260 2342 2314 anxietate
2389 2257 2748 2312 lamentabilis
2793 2272 2980 2312 eorum
3020 2253 3320 2312 alllictionis
3350 2269 3450 2322 qua
3493 2255 3617 2308 illos"

359 2352 650 2403 utentium
685 2349 948 2403 dolorum
978 2392 992 2415 ,
1032 2351 1174 2405 sicut
1217 2351 1546 2405 admirabilis
1592 2350 1726 2412 Job,
1776 2351 1842 2404 de
1867 2365 1971 2418 quo
2069 2349 2306 2418 Egyptii
2353 2349 2692 2416 alliigcbant,
2737 2349 2953 2402 minime
2982 2350 3226 2411 valeret,
3266 2348 3609 2402 vehementes

355 2439 652 2502 plurimus
690 2455 884 2495 sermo
916 2482 932 2506 ,
964 2441 1033 2494 de
1067 2455 1178 2509 quo
1203 2442 1492 2495 vehemens
1520 2441 1838 2508 disputatio,
1874 2455 1966 2493 cu.
2072 2442 2190 2496 illos
2231 2452 2389 2508 atque
2423 2440 2684 2494 terribiles
2728 2439 2828 2494 Job
2865 2439 3079 2492 dolores
3109 2454 3203 2504 pro
3245 2438 3610 2492 consolatione

337 2521 467 2587 ius
492 2541 699 2584 sancta:
727 2531 964 2582 virtutis
997 2529 1424 2598 insignia,cujns
1450 2529 1819 2582 admirabilem
1853 2544 1972 2583 con-
2072 2530 2173 2582 illis
2199 2528 2544 2587 enarraverit,
2581 2541 2780 2581 necnon
2805 2535 2858 2580 et
2890 2527 2941 2580 in
2973 2525 3246 2592 Scriptura
3285 2540 3376 2578 eos
3410 2539 3611 2594 ponens

328 2618 632 2670 stantiam
664 2658 679 2681 ,
714 2617 890 2685 cujus
943 2616 1365 2670 inenarrabilem
1413 2617 1782 2679 tolerantiam,
1820 2617 1971 2683 cujus
2070 2619 2243 2671 adhuc
2269 2633 2388 2671 cum
2429 2627 2607 2671 essent
2647 2617 2998 2679 recentiores,
3031 2615 3103 2668 illi
3134 2614 3326 2682 popqu
3356 2613 3606 2668 dederit:

310 2699 715 2761 Iniserabiles
749 2707 1010 2768 dolores,
1046 2707 1175 2774 quis
1204 2707 1422 2760 edicere
1447 2744 1463 2768 ,
1492 2705 1584 2772 vel.
1609 2704 1761 2770 juxta
1809 2710 1971 2759 nieri-
2071 2716 2128 2760 ut
2156 2724 2250 2776 per
2271 2709 2620 2776 cognationes
2645 2718 2699 2762 et
2729 2708 2900 2760 tribus
2922 2721 3048 2760 suas
3079 2707 3194 2758 haec
3229 2706 3486 2774 legentes,
3519 2717 3611 2758 ve-

293 2794 456 2848 !ﬂm
501 2796 792 2866 proferre,
831 2797 925 2850 vel
953 2795 1226 2849 admirari
1260 2796 1450 2854 valeat,
1485 2810 1601 2861 quae
1625 2795 1823 2862 scripta
1851 2805 1972 2848 sunt
2073 2799 2344 2852 uenientes
2375 2810 2536 2867 atque
2571 2797 2841 2852 terribiles
2880 2797 2998 2850 illos
3036 2796 3175 2849 beati
3213 2796 3354 2849 illius
3383 2795 3482 2847 viri
3509 2795 3608 2848 do-

275 2879 626 2953 Syrorum
677 2888 885 2956 lingua
916 2927 932 2950 ,
970 2888 1099 2941 sive
1132 2887 1200 2940 ab
1239 2887 1352 2954 ipso
1381 2885 1480 2940 Job
1504 2925 1518 2948 ,
1549 2887 1660 2938 sive
1689 2887 1756 2940 ab
1784 2886 1970 2939 amicis
2070 2887 2210 2940 lores
2237 2886 2510 2939 audientes
2534 2924 2550 2950 ,
2582 2885 2809 2938 invicem
2849 2898 2908 2937 se
2946 2882 3375 2946 consolarentur,
3404 2889 3458 2934 et
3484 2896 3608 2938 cum

269 2973 459 3043 ejus
487 2979 513 3030 ἲ
558 2977 650 3032 0b
712 2979 832 3032 hoc
895 2977 1056 3030 enim
1107 2977 1236 3030 dicit
1279 2977 1390 3044 ipse
1432 2975 1770 3029 beatissimus
1819 2975 1916 3028 Job
1951 2993 1966 3028 :
2069 2976 2316 3044 patientia
2345 2987 2502 3044 atque
2530 2977 2821 3044 gratiarum
2863 2974 3159 3027 actionibus
3209 2972 3344 3025 mala
3370 2986 3488 3039 qua:
3510 2985 3609 3024 eos

276 3068 493 3136 Qui:
521 3069 681 3121 dabit
727 3081 790 3121 ut
824 3068 1153 3137 scribantur
1184 3081 1440 3119 sermones
1479 3066 1608 3128 mei,
1639 3076 1685 3118 et
1711 3074 1971 3132 ponantur
2069 3065 2524 3118 circumdederant
2559 3063 2872 3127 sulIcrrent,
2915 3074 2970 3117 et
2993 3071 3050 3117 ut
3077 3064 3266 3116 bonam
3297 3075 3611 3114 remunera-

275 3163 363 3217 ἰη
433 3159 589 3210 libro
636 3159 697 3209 in
744 3165 1086 3224 perpetuum
1108 3155 1170 3206 ’δῖ
1213 3156 1554 3222 Interpretata
1586 3165 1759 3207 autem
1789 3166 1913 3208 sunt
1939 3172 1968 3208 a
2072 3157 2266 3209 tionem
2298 3156 2508 3210 Domini
2535 3171 2691 3223 quam
2720 3155 2820 3209 Job
2847 3163 2970 3222 post
3005 3153 3347 3207 tolerantiam
3381 3151 3608 3219 largitus

299 3262 562 3319 magno
592 3247 694 3300 illo
724 3248 856 3300 viro
891 3245 1092 3314 Moyse
1124 3245 1175 3297 in
1209 3243 1518 3298 llebraicam
1546 3244 1794 3313 linguam,
1814 3255 1969 3314 atque
1996 3282 2038 3337 ο
2072 3253 2152 3296 est
2179 3243 2471 3307 audientes,
2503 3245 2660 3296 etiam
2696 3243 2795 3310 ipsi
2825 3242 3189 3295 liberationem
3212 3249 3488 3308 sperarent
3512 3279 3526 3303 ,
3551 3248 3609 3294 et

315 3345 496 3399 (iiiis
543 3337 721 3390 Israel
773 3337 1012 3390 tradita.
1057 3335 1212 3400 Quod
1260 3337 1491 3388 ostendit
1537 3336 1645 3403 ipsa
1693 3337 1966 3402 Scriptura
2003 3330 2037 3337 '
2072 3331 2326 3385 beneficia
2358 3334 2524 3386 beata:
2562 3331 2830 3386 mercedis
2862 3330 3100 3385 laborum
3128 3345 3343 3384 suorum
3375 3365 3378 3370 -
3406 3343 3605 3398 exspe-

335 3429 512 3486 ιοὶι,
553 3424 751 3477 dicens
790 3445 802 3477 :
837 3422 959 3476 Hoc
995 3425 1368 3486 interi-matus
1407 3433 1480 3476 est
1509 3441 1572 3478 ea:
1601 3424 1857 3493 Syrorum
1899 3427 1967 3478 li-
2069 3432 2298 3478 ctarent.
2331 3422 2491 3490 llujus
2514 3437 2741 3489 namque
2766 3426 2837 3478 rei
2855 3423 3068 3477 evidens
3095 3419 3602 3490 atqueirrelutabile

373 3523 507 3571 bro.
539 3514 580 3565 A
613 3529 726 3581 quo
779 3514 1232 3580 interpretatus?
1266 3513 1602 3567 Manifestum
1647 3525 1729 3567 est
1770 3519 1910 3583 quod
1939 3529 1968 3568 a
2069 3510 2318 3566 indicium
2352 3523 2435 3567 est
2479 3514 2578 3566 hoc
2601 3553 2616 3578 ,
2649 3513 2789 3582 quod
2823 3513 2985 3566 etiam
3019 3512 3194 3565 adhuc
3228 3525 3394 3580 usque
3423 3509 3474 3563 in
3518 3511 3606 3564 bo-

376 3603 583 3671 mum
609 3603 666 3655 in
696 3600 1180 3655 llebracuithem
1211 3616 1337 3654 vero
1366 3616 1393 3653 a
1422 3601 1763 3670 Septuaginta
1801 3603 1969 3655 luter-
2070 3606 2308 3659 diernum
2360 3606 2496 3659 diem
2550 3605 2688 3658 beati
2724 3603 2822 3658 Job
2872 3603 3152 3657 tolerantia
3199 3610 3325 3656 ante
3371 3616 3464 3656 eos
3514 3602 3604 3669 qui

388 3692 641 3754 pretibus
688 3707 762 3744 ex
803 3691 1040 3745 Hebraeo
1087 3691 1138 3742 in
1174 3689 1415 3744 Graecum
1456 3690 1743 3744 translatus
1781 3699 1880 3744 est.
1915 3691 1969 3745 ln
2068 3705 2190 3749 sunt
2212 3697 2266 3750 in
2295 3697 2474 3749 dolore
2495 3704 2548 3749 et
2569 3695 2710 3748 luctu
2743 3704 2902 3761 atque
2917 3693 3128 3762 planctu
3154 3691 3346 3760 legitur
3364 3705 3460 3758 pro
3481 3703 3605 3744 con-

360 3775 639 3859 xllgypto
666 3783 888 3836 scilicet
926 3781 1056 3835 olim
1094 3779 1302 3849 Moyses
1346 3779 1490 3830 illum
1520 3793 1584 3833 ex
1617 3779 1752 3848 Syro
1782 3780 1832 3832 in
1864 3779 1904 3859 ll

2067 3787 2326 3840 solatione
2371 3795 2532 3853 atque
2576 3785 2948 3839 exhortatione
2985 3783 3228 3836 dolorum
3274 3781 3482 3835 illorum
3508 3818 3524 3844 ,
3553 3788 3603 3834 et

323 3856 394 3907 bi
453 3853 948 3922 rteum.transtulit.
999 3867 1130 3921 Item
1168 3867 1218 3918 in
1263 3865 1491 3934 Egypto
1538 3867 1694 3918 etiam
1748 3865 1869 3934 Sept

2071 3889 2164 3943 pro
2195 3875 2459 3928 ablatione
2487 3873 2742 3942 angustia:
2778 3871 2952 3926 cordis
2986 3883 3191 3923 eorum.
3224 3867 3490 3921 Similiter
3513 3880 3602 3918 au-

324 3953 406 4009 εμ
453 3950 556 4004 iuta
584 3955 684 4006 sub
714 3953 1012 4007 Ptolemzeo
1045 3967 1112 4005 ex
1160 3950 1386 4004 Hebraeo
1439 3952 1489 4002 in
1542 3951 1788 4005 Graecum
1824 3953 1870 4005 ill

2070 3976 2173 4018 leui
2208 3973 2262 4018 et
2289 3966 2343 4018 in
2369 3973 2630 4018 conventu
2669 3961 2916 4016 ecclesia:
2946 3963 2998 4014 in
3024 3959 3213 4014 diebus
3251 3959 3456 4014 sanctis
3479 3957 3600 4025 legi-

325 4040 854 4106 t‘anstulerunt,
902 4052 959 4098 et
1004 4043 1132 4098 inde
1173 4058 1240 4095 ex
1285 4040 1516 4110 [Egyplo
1561 4057 1654 4110 per
1696 4043 1871 4096 univel

2070 4065 2154 4108 tur
2188 4055 2364 4124 passio
2404 4053 2502 4108 Job
2535 4093 2550 4116 ,
2578 4053 2629 4105 in
2661 4052 2846 4106 diebus
2871 4050 3059 4120 jejunii
3089 4089 3105 4113 ,
3136 4052 3188 4102 in
3219 4048 3405 4103 diebus
3438 4047 3599 4102 absti-

327 4142 600 4196 εεηιεε
647 4135 790 4188 item
843 4134 944 4188 ³οδ
977 4135 1256 4202 Scriptura
1297 4133 1559 4202 di“'“'3~“3
1589 4144 1668 4186 εει
1699 4150 1713 4184 ³
1741 4135 1968 4201 Primum
2069 4145 2292 4208 nentiae,
2318 4144 2370 4198 in
2403 4145 2590 4198 diebus
2621 4143 2674 4196 in
2708 4141 2900 4212 quibus
2928 4152 3179 4210 tanquam
3207 4142 3601 4208 compatiuntur

329 4223 629 4289 (.uidem
661 4225 714 4277 in
746 4224 950 4278 Arabia
982 4223 1204 4293 Syriace
1235 4223 1452 4289 scripta,
1491 4223 1577 4276 ubi
1613 4231 1663 4277 et
1689 4222 1787 4277 Job
1814 4225 1968 4278 liabi-
2068 4237 2102 4289 ii
2131 4235 2218 4303 qui
2253 4233 2501 4303 ieiunam
2523 4243 2576 4288 ei
2602 4232 2907 4294 abstinent,
2929 4230 3228 4285 admirabili
3268 4229 3345 4283 illi
3377 4228 3504 4295 Job,
3548 4229 3600 4283 in

333 4315 364 4357 ι
399 4315 565 4366 =ibat
593 4332 607 4367 :
638 4325 759 4383 post
790 4314 895 4369 hoc
920 4328 1051 4368 vero
1077 4324 1133 4367 et
1168 4313 1222 4366 in
1265 4311 1502 4367 Hebraeis
1526 4352 1541 4377 ,
1569 4321 1622 4367 et
1650 4315 1700 4366 in
1731 4313 1879 4368 Graec

2067 4324 2255 4378 diebus
2297 4324 2348 4377 in
2375 4323 2569 4392 quibus
2601 4323 2653 4375 in
2676 4321 2878 4388 jejunio
2910 4330 2966 4374 et
2996 4318 3319 4374 abstinentia
3362 4327 3599 4373 sanctam

331 4403 658 4469 ἓ-ιτιιιθῖη
687 4404 949 4460 omnibus
974 4400 1416 4471 sentibusiuxla
1443 4401 1552 4454 haec
1581 4415 1698 4470 quae
1731 4401 1968 4456 inlimata
2069 4413 2276 4467 Domini
2319 4413 2484 4466 nostri
2532 4411 2655 4466 Jesu
2699 4410 2900 4464 Christi
2946 4410 3247 4478 passionem
3287 4416 3598 4462 sectamur:

331 4495 575 4559 δισμω
620 4502 844 4548 ostensa
888 4501 1055 4556 sum.
1099 4492 1374 4544 ίηιηιυιθιθ
1419 4499 1577 4558 atque
1621 4491 1970 4561 interpretata
2069 4513 2128 4555 ut
2155 4502 2440 4556 terribilem
2464 4501 2579 4570 ejus
2603 4501 2902 4570 passionem
2932 4508 3270 4553 transeuntes
3297 4497 3362 4551 ad
3390 4498 3598 4552 beatam

330 4584 517 4634 ast.
552 4583 677 4636 Erat
706 4582 969 4637 nimirum
1004 4578 1210 4648 pridem
1245 4578 1468 4646 Syriace
1495 4594 1560 4632 ex
1593 4592 1744 4649 parte
1768 4583 1869 4636 scri

2068 4593 2186 4661 ejus
2234 4592 2673 4646 resurrectionem
2716 4590 2904 4644 venire
2948 4603 3302 4651 mereamur,
3332 4587 3599 4656 compassi

331 4671 524 4722 non
557 4670 625 4723 ita
662 4671 956 4740 diligenter
980 4681 1154 4736 neque
1181 4667 1251 4719 ita
1281 4667 1583 4734 vigilanter,
1618 4671 1877 4736 quemadn

2061 4698 2199 4736 nunc
2219 4692 2277 4736 ut
2304 4690 2356 4736 et
2378 4694 2762 4750 conregnemus
2782 4719 2797 4745 ,
2833 4677 3173 4734 condoleutes
3202 4677 3361 4732 modo
3388 4677 3438 4729 in
3472 4675 3598 4730 tem-

326 4753 538 4810 Elum
559 4770 740 4828 postea
767 4775 799 4813 a
834 4757 1038 4826 Moyse.
1065 4755 1203 4808 Sola:
1227 4755 1367 4808 enim
1393 4758 1782 4823 responsiones,
1801 4767 1872 4811 att

2060 4788 2188 4842 pore
2203 4771 2608 4838 passionis,utet
2629 4769 3054 4837 congaudeamus
3075 4777 3192 4836 post
3206 4768 3306 4821 hoc
3329 4767 3380 4820 in
3399 4775 3597 4833 tempo-

322 4847 796 4935 rcplicaiimes
845 4865 876 4902 3
923 4847 1218 4916 [η’ίιηοτάίο
1247 4848 1460 4911 scrip”?
1489 4855 1631 4900 ευηῑ·
1679 4845 1808 4899 Nam
1839 4848 1960 4915 (illis
2062 4878 2119 4914 re
2145 4860 2563 4914 resurrectionis.
2593 4859 2759 4924 Quam
2795 4859 3094 4927 passionem
3135 4858 3389 4913 Dominus
3413 4867 3595 4910 noster

319 4935 388 4977 ι
431 4937 620 4993 Ilorum
648 4947 868 5008 poterat
901 4951 1066 4991 nosse
1091 4937 1358 5005 quomodo
1387 4936 1634 4990 venerint
1679 4937 1865 5006 angeli,

2060 4945 2210 5000 Jesus
2240 4944 2485 4999 Cbristus
2509 4945 2574 4998 ad
2607 4954 2776 4997 terras
2798 4946 3019 4999 veniens
3049 4947 3102 4998 in
3134 4946 3366 4999 humano
3400 4958 3593 5010 corpo-

313 5023 609 5081 ’διηνθοι
639 5037 765 5082 utile
797 5027 976 5080 Deum
1004 5063 1020 5088 9
1050 5023 1132 5078 νει
1161 5025 1424 5095 quomodo
1451 5024 1694 5078 diabo'us
1720 5028 1958 5092 venerit.
2063 5051 2121 5088 re
2161 5035 2411 5088 sustinuit
2440 5049 2533 5103 pro
2564 5032 2802 5087 omnium
2833 5034 3104 5087 hominum
3138 5034 3350 5096 salute,
3400 5041 3459 5085 ut
3501 5047 3595 5099 per

303 5103 490 5169 Vel
517 5118 642 5186 quid
675 5117 883 5171 ἀίκθτίῑ
902 5153 918 5178 ν
954 5112 1042 5166 Vel
1072 5113 1196 5181 (ιιιῙά
1225 5114 1602 5182 responderit?
1633 5113 1820 5170 Nullus
1846 5116 1964 5171 illo-
2066 5123 2367 5190 passionem
2411 5137 2540 5176 sane
2569 5131 2794 5176 mortem
2845 5123 3211 5188 interficeret,
3240 5137 3334 5191 per
3362 5133 3595 5174 resurre-

293 5193 517 5277 δοίη
541 5218 756 5277 poterat
783 5207 896 5259 hoc
929 5217 1098 5257 nosse
1121 5241 1137 5267 ,
1167 5204 1247 5257 vel
1285 5206 1383 5259 hoc
1412 5206 1549 5273 quod
1580 5206 1717 5260 Deus
1745 5208 1810 5259 ad
1839 5208 1957 5262 dia-
2065 5212 2292 5265 ctionem
2323 5225 2450 5264 vero
2477 5227 2627 5265 suam
2666 5211 2954 5264 recidivam
2978 5213 3141 5266 vitam
3167 5210 3373 5266 cunctis
3404 5216 3596 5260 osten-

297 5269 563 5352 ‘oluin
591 5298 814 5352 locutus
833 5292 1032 5353 fuerit,
1063 5292 1160 5345 nisi
1186 5294 1324 5348 solus
1357 5269 1562 5364 Moyses
1588 5292 1814 5361 Spiritus
1839 5311 1963 5350 san-
2064 5304 2229 5354 deret.
2259 5300 2420 5369 Cujus
2446 5300 2711 5370 passionis
2739 5311 2898 5370 atque
2939 5300 3347 5356 resurrectionis
3390 5295 3597 5349 Domini

305 5391 456 5444 ‘ti
485 5388 849 5444 revelatione.
888 5383 1056 5435 Sicut
1082 5382 1217 5434 enim
1255 5385 1318 5436 de
1341 5383 1539 5437 factura
1571 5383 1692 5437 coeli
1724 5394 1775 5436 et
1803 5394 1959 5440 terra:
2063 5389 2286 5441 formam
2313 5398 2470 5457 atque
2498 5389 2803 5458 exetiiplum
2848 5389 2972 5456 quia
3005 5388 3102 5441 Job
3137 5389 3311 5456 passio
3336 5385 3387 5437 iu
3411 5379 3597 5434 multis

301 5475 528 5541 ἦιεωο
560 5482 712 5534 alius
754 5476 835 5528 ila
887 5470 1186 5537 diligam"
1222 5483 1425 5539 Ροιθτεὶί
1453 5487 1630 5533 110886,
1661 5472 1744 5524 νει
1788 5473 1955 5541 Ιοίιυὶ,
2065 5480 2280 5546 gerebat
2306 5519 2319 5543 ,
2347 5480 2483 5534 sicut
2511 5481 2546 5533 ii
2573 5480 2667 5548 qui
2697 5479 2999 5545 diligentius
3027 5477 3379 5544 requisierunt
3400 5505 3414 5528 ,
3440 5481 3596 5532 repe-

327 5576 442 5634 Ἴθι
465 5573 737 5630 scribere
760 5561 928 5616 sicut
967 5554 1202 5625 MoyseS,
1233 5559 1302 5612 ita
1330 5576 1429 5614 nec
1465 5576 1526 5614 ea
1553 5576 1670 5628 quae
1700 5561 1841 5614 circa
1863 5561 1960 5618 Job
2071 5579 2250 5623 reruut
2277 5587 2291 5623 :
2321 5572 2512 5625 merito
2539 5571 2703 5624 etiam
2737 5583 2877 5622 nunc
2918 5567 2972 5620 in
3009 5566 3196 5618 diebus
3221 5554 3478 5629 passionis
3497 5593 3512 5616 .
3547 5556 3600 5607 iu

351 5680 496 5746 gesta
530 5669 696 5720 sunt.
739 5652 866 5708 Sed
903 5649 999 5702 ita.
1025 5649 1216 5713 adhuc,
1245 5653 1381 5707 sicut
1409 5669 1563 5709 nemo
1602 5655 1734 5708 alius
1759 5663 1964 5723 poterat
2069 5660 2255 5714 diebus
2284 5657 2761 5726 sanctificationis,
2799 5656 2851 5708 in
2886 5655 3076 5708 diebus
3105 5647 3310 5718 jejunii,
3334 5641 3475 5695 beati
3504 5638 3603 5697 Jub

409 5843 638 5899 ilcor.
671 5845 774 5893 xv,
813 5825 920 5889 41,
969 5822 1068 5876 42.
1147 5828 1163 5857 ²
1192 5826 1318 5884 Dan.
1351 5847 1439 5899 xu,
1477 5835 1527 5889 ’5.
1600 5836 1616 5864 ³
1650 5832 1838 5894 Matth.
1876 5847 1955 5888 xu

1523 5876 1527 5889 .
1600 5836 1616 5864 ³
1650 5832 1838 5894 Matth.
1876 5847 1989 5904 λιιι,
2031 5839 2113 5901 45.
2205 5840 2221 5869 ’⁸
2247 5839 2341 5898 Job
2369 5858 2471 5906 xix,
2509 5841 2596 5894 23.
2695 5840 2712 5868 "
2748 5837 2882 5890 Gott.
2915 5847 2949 5891 t,
2984 5828 3069 5879 Q5.
