3914 6436
530 448 633 503 375

1585 428 1955 486 ANONYMUS
1991 429 2055 483 IN
2093 428 2228 485 JOB.
2268 459 2332 469 —
2368 429 2491 482 LIB.
2531 428 2572 481 Ι.

3622 426 3712 477 5Ἱ6

526 555 700 626 passio
738 551 947 615 legitur,
980 547 1263 599 meditatur
1307 550 1465 611 atque
1510 554 1791 598 scrutatur.
1844 546 1947 600 Sed
1981 544 2045 596 ad
2073 546 2119 601 Α
2146 543 2242 595 sibi
2285 552 2441 595 erant
2487 541 2713 595 invicem
2740 578 2756 604 ,
2799 550 2971 609 atque
3020 537 3232 609 integri
3287 535 3493 603 amici,
3537 547 3707 608 utpote

524 649 748 715 priorem
781 647 1107 693 revertamur
1139 648 1463 689 sermonem.
1494 676 1497 677 ν

591 734 822 787 Diximus
849 728 987 797 quod
1019 740 1238 796 magnus
1282 725 1370 778 ille
1413 724 1619 793 Moyses
1663 723 1901 777 scribens
1928 737 2047 791 pas-

520 826 719 881 sionem
750 819 850 874 Job
875 860 889 884 ,
925 827 978 873 et
1003 817 1235 872 dolorem
1261 856 1278 880 ,
1316 824 1370 869 et
1398 814 1633 868 laborem
1664 856 1678 880 ,
1712 825 1866 884 atque
1912 830 2041 868 con-

518 913 763 969 stantiam
791 949 806 975 ,
850 923 949 978 pro
1000 907 1363 962 consolatione
1414 905 1621 958 dederit
1671 905 1792 958 filiis
1835 905 2039 969 Israel;

513 1002 707 1057 blande
741 1009 797 1054 et
835 999 1062 1067 benigne
1094 1011 1157 1050 ac
1192 995 1393 1065 placide
1441 995 1664 1062 loquens
1698 996 1762 1049 ad
1811 1009 1932 1057 eos,
1981 1008 2042 1047 ac

513 1092 695 1147 dicens
726 1102 742 1143 :
784 1088 1103 1142 Constantes
1131 1093 1321 1147 estote,
1344 1084 1435 1136 lilii
1465 1082 1658 1149 Israel;
1694 1084 2038 1152 animatquio-

512 1190 602 1233 res
636 1185 828 1238 estote,
872 1174 1157 1243 posteritas
1179 1172 1405 1225 Abrahae
1433 1210 1449 1235 ,
1484 1173 1745 1226 sustinete
1789 1172 1995 1227 dolores
2021 1212 2037 1236 ,

512 1268 730 1325 sollerte
763 1268 879 1321 haec
908 1266 1066 1331 mala,
1100 1265 1224 1333 quia
1249 1274 1303 1318 et
1328 1264 1453 1317 olim
1482 1271 1598 1316 erat
1624 1264 1837 1331 quidam
1880 1264 2038 1319 homo

512 1360 563 1414 in
594 1358 811 1426 regione
835 1356 1097 1418 Ausitide,
1135 1354 1219 1408 cui
1250 1367 1440 1406 nomen
1472 1360 1588 1405 erat
1619 1351 1719 1406 Job
1755 1370 1768 1405 :
1800 1352 1889 1420 qui
1918 1368 2035 1406 cum

510 1456 654 1502 esset
679 1448 854 1515 justus
883 1454 937 1499 et
960 1458 1143 1507 verax,
1172 1452 1225 1496 et
1249 1442 1360 1495 sine
1380 1441 1617 1509 querela,
1657 1442 1897 1509 ingentes
1923 1455 2038 1495 sus—

511 1536 670 1590 tinuit
691 1534 923 1597 dolores,
944 1546 1122 1585 amara
1154 1529 1483 1600 supportavit
1513 1540 1796 1595 tormenta,
1821 1538 2036 1598 propter

511 1627 680 1680 zelum
721 1623 1052 1685 adversarii,
1085 1631 1241 1688 atque
1287 1619 1604 1688 nequissimi
1649 1619 1845 1673 diaboli
1895 1619 2033 1673 invi-

507 1717 675 1773 diam.
712 1714 786 1767 Ita
826 1722 880 1766 et
911 1728 1004 1767 vos
1028 1752 1041 1774 ,
1075 1712 1288 1780 inquit,
1321 1712 1478 1766 modo
1504 1726 1532 1764 a
1570 1710 1851 1764 Pharaone
1877 1724 2035 1763 vexa-

509 1807 661 1868 mini,
692 1806 757 1858 ab
786 1803 1044 1872 Egyptiis
1071 1803 1470 1871 oppressionem
1503 1802 1745 1870 patimini
1774 1840 1789 1863 ,
1826 1802 1892 1855 ab
1925 1802 2027 1854 im-

510 1893 940 1949 misericordihus
970 1892 1306 1945 vehementes
1339 1890 1611 1944 sustinetis
1643 1888 1872 1955 dolores,
1909 1903 2028 1943 cum

510 1984 721 2038 omnino
756 1996 859 2034 non
901 1979 1313 2050 comprobeminl
1350 1987 1654 2047 peccatores
1674 2016 1689 2042 ,
1722 1992 1891 2045 neque
1918 1978 2031 2031 cul-

508 2072 727 2141 pabiles,
757 2070 847 2123 sed
877 2078 931 2123 et
959 2068 1152 2131 sancti,
1190 2065 1312 2121 boni
1343 2068 1596 2131 factores,
1627 2075 1683 2120 et
1712 2066 1952 2134 perfecti,
1977 2074 2031 2120 et

506 2162 639 2231 grati
674 2160 827 2214 amici
860 2169 912 2213 et
957 2158 1087 2227 ipsis
1131 2167 1185 2212 et
1231 2159 1471 2226 patribus
1498 2172 1680 2211 eorum
1713 2157 1844 2211 estis
1880 2171 2028 2209 coms

504 2252 708 2319 probati
742 2259 901 2319 atque
931 2248 1154 2303 ostensi.
1190 2247 1293 2302 Sed
1327 2262 1446 2301 cum
1488 2248 1601 2300 haec
1646 2246 1884 2314 patimini
1921 2245 2029 2298 illi-

503 2342 605 2394 cite
631 2342 697 2393 ab
734 2340 1001 2410 Egyptiis
1026 2340 1078 2392 in
1119 2339 1427 2392 servitutem
1475 2338 1708 2398 redacti,
1738 2347 1792 2390 et
1830 2336 2029 2404 absque

504 2429 651 2498 culpa
683 2428 749 2482 ab
774 2429 852 2482 eis
883 2426 1173 2489 macerati,
1207 2438 1364 2493 atque
1397 2425 1588 2493 injuste
1620 2424 1797 2478 atliicti
1840 2440 1905 2477 ne
1933 2425 2024 2478 de-

501 2518 732 2573 feceritis
758 2561 771 2585 ,
808 2532 978 2584 neque
1026 2515 1441 2571 succubueritis.
1487 2514 1656 2569 Nolite
1700 2516 1807 2566 fieri
1842 2515 2025 2582 despe-

500 2618 675 2662 rantes
711 2648 726 2673 ,
774 2609 864 2662 sed
926 2608 1183 2661 sustinete
1225 2616 1554 2671 constanter,
1603 2614 1761 2674 atque
1806 2605 2025 2659 suﬁ‘crte

495 2700 742 2755 viriliter.
781 2700 894 2752 Erit
941 2712 1169 2765 namque
1210 2706 1263 2752 et
1300 2698 1452 2752 vobis
1492 2699 1734 2754 liberatio
1763 2701 2022 2767 quemad-

468 2788 469 2791 “
496 2792 709 2844 modum
738 2799 790 2843 et
821 2790 916 2844 illi.
953 2789 1222 2842 Reddetur
1246 2789 1405 2841 etiam
1437 2788 1589 2842 vobis
1615 2788 1894 2842 retributio
1925 2790 2023 2841 hu-

488 2881 577 2947 jus
612 2879 966 2933 tribulationis
994 2919 1008 2941 ,
1041 2879 1178 2931 sicut
1224 2887 1278 2930 et
1313 2879 1385 2931 illi
1434 2878 1638 2931 reddita
1684 2888 1785 2931 est.
1829 2877 1881 2930 Si
1922 2891 2020 2930 vos

494 2984 628 3037 quos
653 2967 995 3022 honorabiles
1026 2977 1184 3035 atque
1214 2968 1408 3021 divites
1436 2981 1552 3020 esse
1583 2968 1865 3034 oportebat
1895 2980 2020 3031 pro-

494 3073 612 3130 pter
645 3072 853 3129 patrttm
893 3062 1186 3114 bonitatem
1219 3073 1375 3127 atque
1400 3060 1642 3123 divitias,
1678 3056 2019 3110 inhonorabi-

2146 632 2301 684 unius
2329 631 2539 699 generis
2563 642 2728 697 atque
2764 630 2931 683 unius
2976 628 3196 697 lingua:
3216 667 3235 692 ,
3266 635 3361 692 et,
3411 638 3472 682 ut
3500 630 3716 689 breviter

2143 720 2350 784 dicam,
2384 719 2544 773 unius
2574 719 2750 788 gentis
2781 725 2949 772 erant
2978 727 3037 772 et
3068 716 3324 783 contigui
3374 715 3715 779 habitatores.

2140 809 2271 862 Nam
2307 818 2432 863 tunc
2478 808 2748 863 universae
2797 808 2977 862 tribus
3008 806 3245 862 Idummi
3291 806 3548 861 vocitata:
3587 821 3716 875 sunt,

2139 913 2204 951 ex
2239 899 2452 951 nomine
2495 897 2637 951 Esau
2675 897 2749 949 ita
2781 906 3149 965 nuncupatas.
3190 894 3354 948 Nunc
3383 907 3513 948 vero
3541 909 3716 953 omnes

2139 1001 2244 1041 uno
2271 986 2484 1040 nomine
2513 985 2719 1040 Arabes
2743 985 3130 1054 appellantur,
3161 1000 3275 1039 non
3306 983 3488 1039 solum
3515 984 3718 1042 ldumzci

2137 1076 2225 1145 qui
2267 1086 2421 1130 erant
2448 1091 2512 1130 ex
2538 1076 2677 1130 Esau
2703 1114 2719 1142 ,
2754 1077 2848 1131 sed
2897 1086 2956 1130 et
2982 1076 3334 1130 Ammanitae
3368 1084 3425 1127 et
3450 1075 3683 1132 Moabitae
3702 1118 3718 1143 ,

2135 1178 2324 1218 omnes
2363 1165 2567 1232 pariter
2601 1179 2748 1218 nunc
2801 1165 2855 1218 in
2904 1163 3159 1218 Arabum
3213 1164 3449 1217 nomine
3481 1168 3721 1231 perstrin-

2136 1266 2352 1323 guntur.
2385 1254 2510 1308 Ilaec
2555 1254 2737 1323 itaque
2783 1253 3027 1308 diximus
3054 1290 3072 1318 ,
3130 1261 3195 1306 ut
3240 1253 3595 1309 ostendamus
3639 1255 3718 1323 qui

2133 1340 2329 1395 fuerint
2360 1341 2585 1406 Ausitae,
2617 1356 2686 1396 ex
2721 1355 2956 1409 quorum
2993 1339 3104 1394 .Iob
3152 1339 3471 1410 appellatur
3499 1344 3717 1411 regione,

2133 1430 2257 1497 quia
2288 1431 2457 1502 tribus
2479 1441 2634 1486 erant
2659 1439 2712 1486 et
2730 1431 3096 1500 cognationes
3128 1430 3339 1495 Edoni,
3373 1431 3548 1500 quiet
3572 1433 3717 1487 Esau.

2136 1518 2266 1573 Nam
2299 1521 2435 1574 sicut
2464 1522 2637 1576 tribus
2668 1521 2867 1586 Israel,
2903 1520 2997 1588 qui
3033 1530 3095 1574 et
3121 1518 3306 1575 Iacob
3335 1561 3350 1585 ,
3379 1522 3458 1575 ita
3486 1532 3542 1576 et
3569 1523 3721 1581 tribus

2132 1609 2321 1674 Edom,
2353 1611 2442 1678 qui
2484 1620 2538 1664 et
2569 1610 2708 1664 Esau
2728 1649 2744 1675 ,
2780 1609 2937 1677 juxta
2984 1609 3260 1665 carnales
3291 1610 3473 1664 tribus
3498 1651 3513 1674 ,
3542 1622 3594 1664 et
3630 1629 3719 1667 non

2129 1698 2281 1764 iuxta
2328 1701 2506 1755 studia
2548 1701 2835 1771 spiritalia.
2866 1703 3087 1757 Ausiue
3135 1716 3277 1771 ergo
3317 1711 3377 1756 et
3408 1702 3645 1767 Euchei,
3676 1717 3722 1759 et

2133 1787 2286 1844 Minei
2316 1799 2371 1844 et
2405 1790 2777 1860 Themanitte,
2824 1808 3026 1850 omnes
3074 1795 3301 1861 pariter
3353 1792 3574 1847 Idumasi
3615 1794 3720 1850 fue-~

2131 1892 2273 1941 runt.
2303 1883 2384 1940 0b
2427 1886 2528 1941 hoc
2558 1901 2688 1958 ergo
2728 1890 2862 1945 dicit
2892 1907 2908 1944 :
2939 1888 3131 1943 Homo
3174 1889 3413 1961 quidam
3446 1891 3504 1943 in
3536 1892 3723 1960 regione

2128 1973 2379 2030 Ausitide.
2432 1975 2627 2031 Statim
2681 1979 2735 2033 in
2777 1980 3093 2051 primordio
3155 1979 3385 2034 Iaudem
3442 1979 3729 2033 beatissimi

2128 2063 2226 2119 Job
2255 2066 2602 2123 demonstrat.
2637 2068 2774 2124 Nam
2818 2085 2945 2125 cum
2993 2071 3302 2125 hominem
3355 2071 3507 2125 illum
3538 2086 3725 2125 memo-

2130 2164 2232 2221 rat,
2257 2160 2490 2213 ostendit
2518 2160 2766 2229 protinus
2794 2163 2942 2230 quod
2984 2162 3087 2217 ille
3123 2163 3301 2216 homo
3336 2162 3526 2225 fuerit,
3549 2171 3602 2214 et
3627 2174 3721 2215 non

2121 2246 2417 2315 iumentum
2456 2262 2629 2318 neque
2671 2252 2863 2309 bestia.
2915 2250 3109 2308 Homo
3157 2255 3396 2322 quidam
3442 2265 3553 2307 erat
3590 2268 3608 2306 :
3639 2254 3725 2307 sed

2125 2339 2249 2406 quia
2298 2340 2455 2394 homo
2500 2355 2620 2396 esse
2657 2347 3085 2411 comprobatur,
3141 2344 3354 2397 merito
3404 2343 3585 2397 factus
3616 2358 3721 2396 esse

2123 2429 2440 2483 ostenditur.
2476 2429 2647 2484 Homo
2680 2433 2901 2498 quidam
2939 2444 3089 2486 erat.
3134 2431 3304 2486 Unus
3354 2442 3478 2487 erat
3514 2449 3581 2487 ex
3618 2448 3720 2486 om-

2126 2517 2277 2569 nibus
2309 2516 2613 2572 hominibus
2653 2521 2953 2573 secundum
2986 2535 3236 2590 corpus,
3271 2522 3581 2574 secundum
3610 2538 3719 2574 cor-

2124 2607 2416 2673 ruptionem
2442 2645 2457 2671 ,
2485 2610 2575 2661 sed
2605 2608 2899 2677 singularis
2928 2618 3061 2664 erat
3111 2627 3234 2680 pra:
3265 2613 3530 2666 omnibus
3559 2612 3719 2666 homi-

2121 2697 2276 2750 nibus
2308 2697 2457 2764 juxta
2490 2698 2708 2764 spiritus
2735 2700 3062 2753 instantiam
3102 2711 3173 2755 et
3211 2702 3423 2757 anima:
3453 2703 3720 2756 sincerita-

2121 2796 2261 2849 tem,
2307 2798 2467 2856 atque
2507 2789 2729 2857 justitia:
2779 2792 3228 2859 perfectionem.
3291 2794 3476 2849 Ilomo
3523 2796 3722 2864 quidam

2119 2886 2249 2932 erat.
2289 2878 2424 2932 Vere
2453 2879 2633 2945 homo,
2653 2890 2837 2948 utpote
2866 2883 3038 2936 homo
3072 2883 3294 2948 factus,
3335 2896 3399 2940 ut
3424 2888 3585 2941 homo
3608 2901 3718 2955 per-

2119 2983 2357 3030 manens,
2386 2980 2565 3035 utpote
2600 2970 2665 3022 ad
2702 2970 2996 3038 imaginem
3036 2971 3146 3027 Dei
3180 2974 3439 3041 creatus,
3471 2986 3525 3031 et
3562 2976 3625 3029 ad
3651 2974 3717 3029 si-

2118 3055 2465 3110 militudinem
2492 3057 2854 3125 iumentorum
2892 3074 2957 3114 ac
2992 3062 3331 3118 bestiarum
3361 3076 3529 3136 atque
3569 3067 3720 3134 repti-

494 3152 569 3204 les
602 3163 762 3219 atque
806 3152 958 3215 egeni
1002 3150 1172 3203 eITecti
1214 3150 1342 3202 estis
1366 3189 1381 3212 ,
1414 3149 1575 3201 nolite
1618 3162 1969 3214 expavescere
1999 3165 2011 3199 :
2040 3161 2081 3217 (ε
2116 3149 2242 3202 lium
2271 3166 2373 3203 non
2407 3160 2490 3206 est
2521 3153 3045 3216 immutatus,sicuti
3072 3160 3299 3213 dicitur
3334 3162 3406 3213 de
3429 3162 3715 3230 aliquibus:

491 3237 615 3301 quia
643 3246 695 3288 et
725 3235 976 3302 pra-fatus
1008 3236 1090 3286 hic
1115 3235 1196 3287 vir
1218 3234 1317 3290 Job
1359 3235 1423 3287 de
1461 3234 1585 3287 sede
1615 3234 1775 3301 regali
1811 3242 1864 3286 et
1898 3234 2016 3300 glo-

493 3324 634 3375 riosa
679 3323 743 3374 ad
773 3321 1165 3388 sterquiliniom
1212 3322 1488 3375 devolutus
1518 3318 1598 3374 est
1633 3336 1751 3374 cum
1792 3322 2017 3389 ignomi-

493 3411 602 3474 nia,
635 3424 698 3463 ex
732 3410 1007 3462 immensis
1033 3410 1230 3463 divitiis
1265 3418 1422 3475 atque
1457 3409 1726 3477 opulentia
1757 3411 1821 3461 ad
1854 3411 2015 3464 mise-

490 3500 709 3551 rabilem
737 3509 1097 3567 paupertatem
1128 3499 1436 3553 immutatus
1466 3510 1549 3553 est
1577 3510 1734 3567 atque
1763 3500 2011 3568 inepiam.

491 3587 547 3639 Si
580 3588 809 3657 Egyptii
857 3602 990 3656 quos
1041 3589 1241 3643 amicos
1287 3604 1404 3644 esse
1448 3598 1755 3657 oportuerat
1801 3602 2016 3659 propter

488 3681 711 3750 gratiam
738 3679 931 3748 Joseph
958 3722 971 3744 ,
1012 3692 1171 3749 atque
1199 3682 1556 3736 sinceritatem
1585 3680 1744 3735 Israel
1769 3720 1785 3746 ,
1818 3684 1881 3736 ad
1913 3685 2014 3736 ini-

487 3769 747 3820 micorum
794 3768 1082 3841 nequitiam
1126 3770 1385 3824 immutati
1414 3781 1576 3836 sunt,
1603 3786 1702 3825 nec
1729 3772 1832 3825 hoc
1865 3773 2014 3826 vobis

486 3857 556 3907 sit
600 3856 793 3909 mirum
827 3875 841 3908 :
874 3858 997 3926 quia
1037 3867 1088 3912 et
1130 3857 1229 3913 Job
1268 3857 1386 3914 boni
1425 3861 1495 3913 illi
1539 3862 1747 3915 sodales
1772 3901 1787 3925 ,
1826 3862 1913 3929 qui
1961 3863 2010 3915 ei

485 3942 661 3998 devoti
690 3952 848 4014 atque
880 3948 1070 4015 integri
1114 3949 1273 4002 amici
1319 3964 1438 4004 esse
1465 3950 1794 4013 debuerant,
1820 3951 1883 4002 ad
1910 3951 2011 4004 ini-

485 4034 737 4087 miciliam
769 4038 1013 4091 conversi
1056 4048 1218 4102 sunt,
1258 4050 1313 4093 et
1345 4041 1410 4093 ad
1457 4041 1740 4093 maximam
1777 4042 2006 4096 relucta-

486 4121 708 4184 tionem,
749 4132 908 4191 atque
930 4126 1353 4181 criminationem
1397 4128 1541 4182 circa
1570 4128 1712 4181 illum
1746 4129 2006 4182 immutati

480 4220 622 4264 sunt.
656 4210 750 4265 His
776 4226 903 4280 ergo
929 4215 1122 4268 similia
1151 4216 1310 4270 etiam
1344 4232 1437 4271 vos
1458 4257 1472 4279 ,
1510 4219 1677 4284 inquit
1701 4258 1721 4284 ,
1750 4220 2008 4273 sustinen-

484 4308 583 4363 tes,
612 4301 700 4354 iilii
734 4301 915 4363 Israel,
954 4319 1121 4372 usque
1139 4306 1189 4358 in
1224 4305 1381 4359 ﬁnem
1408 4316 1736 4375 supportatc,
1760 4322 1927 4376 usque
1952 4310 2004 4364 in

480 4388 642 4441 linem
673 4390 904 4445 sufferte.
939 4394 1053 4446 Erit
1082 4395 1222 4447 enim
1254 4403 1426 4448 vestra
1468 4396 1761 4465 inspectio,
1784 4399 1924 4451 sicut
1950 4406 2005 4452 et

481 4477 622 4529 illius
649 4476 786 4530 facta
814 4489 913 4534 est.
946 4482 1078 4545 Erit,
1104 4492 1262 4550 atque
1297 4484 1548 4537 reddetur
1580 4485 1733 4537 vobis
1766 4486 2003 4540 toleran-
2034 4467 2079 4524 Β
2103 4480 2272 4536 Homo
2307 4485 2522 4552 quidam
2564 4499 2679 4542 erat
2701 4528 2717 4553 .
2762 4492 2925 4547 homo
2958 4467 3100 4556 vere

482 4568 570 4619 tias
598 4570 974 4631 remuneratio,
1008 4571 1144 4624 sicut
1163 4580 1215 4624 et
1246 4572 1316 4625 illi
1348 4573 1551 4626 reddita
1579 4581 1677 4626 est.
1706 4573 1827 4628 Haec
1853 4590 2003 4627 nam-

479 4667 584 4723 que
627 4664 678 4707 et
710 4654 792 4708 bis
834 4657 1021 4710 similia
1053 4659 1256 4729 Moyses
1282 4662 1498 4729 loquens
1545 4663 1611 4716 ad
1657 4663 1795 4717 ﬁlios
1838 4662 2000 4720 Israel

479 4744 695 4811 scripsit
739 4745 916 4800 dicens
946 4765 959 4799 :
989 4747 1155 4803 Homo
1192 4754 1401 4819 quidam
1433 4762 1541 4805 erat
1576 4754 1631 4807 in
1661 4757 1862 4823 regione
1892 4757 2000 4809 Au-

477 4834 628 4886 sitide
657 4834 699 4885 ⁶.
731 4832 897 4887 Homo
922 4847 1099 4904 utpote
1129 4851 1320 4894 natura
1358 4844 1624 4897 exsistens
1650 4844 1808 4897 homo
1840 4863 1852 4897 :
1880 4845 1999 4913 qui-

477 4925 598 4975 dam
628 4937 755 4975 vero
778 4962 792 4985 ,
822 4934 1002 4991 utpote
1030 4942 1105 4995 ex.
1129 4930 1375 4985 omnibus
1405 4933 1705 5000 singularis.
1743 4935 1795 4988 In
1827 4937 1999 5003 regio-

475 5024 544 5065 ne
570 5020 747 5063 autem
786 5011 1026 5066 Ausitide
1052 5053 1068 5077 ,
1098 5026 1278 5083 utpote
1311 5020 1400 5085 qui
1437 5021 1544 5074 illic
1589 5033 1907 5086 moraretur,
1943 5034 1996 5078 et

474 5100 585 5155 illic
616 5110 773 5171 natus
798 5111 956 5169 atque
987 5118 1050 5157 ex
1082 5108 1204 5172 ipsis
1248 5108 1405 5161 fuerit
1431 5149 1446 5173 ,
1474 5121 1527 5164 et
1556 5113 1695 5165 inter
1724 5128 1815 5167 eos
1846 5114 1994 5166 advi-

471 5191 631 5244 xerit.
668 5189 734 5243 Et
765 5190 854 5257 qui
883 5200 1007 5244 sunt
1036 5193 1118 5248 isti
1158 5196 1399 5250 Λιιςίιωῖ
1425 5198 1604 5253 Genus
1627 5199 1783 5263 Esau,
1822 5211 1997 5267 poste-7

472 5279 605 5334 ritas
635 5288 795 5348 atque
825 5282 994 5334 tribus
1024 5281 1209 5339 Edom.
1239 5284 1368 5338 Nam
1406 5288 1599 5341 Ausitae
1650 5300 1704 5342 et
1733 5290 1912 5354 Minei,
1938 5299 1992 5343 et

471 5370 692 5439 Euchei,
712 5371 1125 5443 ethemanitaa,
1146 5388 1200 5434 et
1213 5387 1417 5433 czeteras
1443 5394 1628 5433 omnes
1649 5384 1815 5435 tribus
1835 5396 1989 5437 erant

468 5472 533 5514 ex
562 5463 882 5530 cognatione
907 5476 1066 5534 atque
1106 5471 1349 5542 prosapia
1384 5469 1520 5522 Esau
1552 5468 1644 5522 lilii
1684 5469 1828 5524 Isaac
1850 5509 1867 5532 ,
1896 5472 1985 5535 qui

465 5557 522 5602 et
552 5550 715 5605 Edom
746 5556 1153 5624 cognominatus
1198 5568 1306 5619 est.
1350 5557 1552 5613 Idcirco
1590 5560 1984 5615 cohabitatores

541 5733 561 5764 '
586 5732 680 5791 Job
711 5752 747 5806 ι,
784 5740 832 5795 1.
884 5748 917 5823 ετ
944 5748 1084 5819 Ρεδι,
1112 5769 1293 5823 cmi,
1333 5747 1386 5805 ι,
1464 5747 1484 5779 ⁸
1517 5743 1657 5805 Psal.
1696 5763 1883 5817 xu'ui,
1907 5749 2003 5803 2]..

2120 3239 2287 3293 Homo
2316 3242 2563 3294 vanitatis
2598 3243 2786 3296 similis
2813 3246 2993 3312 [actus
3026 3261 3121 3302 est
3158 3253 3278 3306 illis
3305 3256 3350 3306 ⁷.
3394 3255 3463 3308 Ει
3509 3257 3675 3309 adhuc
3702 3272 3716 3312 ς

2116 3327 2426 3411 Homo‘cnm
2453 3334 2506 3382 in
2545 3332 2738 3386 honore
2781 3346 2913 3387 esset
2946 3352 3061 3389 non
3097 3341 3427 3409 intellexit,
3457 3361 3719 3411 compara-

2115 3425 2196 3467 tus
2239 3406 2312 3469 es?
2346 3420 2600 3483 jumentis
2638 3420 3039 3487 insipientibus,
3095 3434 3159 3477 et
3201 3406 3421 3481 similis
3447 3406 3622 3498 factus
3652 3440 3718 3480 est

2112 3501 2217 3554 illis
2234 3504 2273 3555 ⁸.
2309 3501 2478 3556 Homo
2506 3506 2719 3572 quidam
2742 3516 2879 3566 erat,
2905 3511 3215 3575 patientiae
3245 3517 3591 3584 exemplum.
3609 3532 3718 3570 cou-

2111 3591 2318 3644 stantize
2361 3592 2762 3657 testimonium,
2808 3596 3137 3656 tolerantia:
3199 3605 3506 3661 indicium.
3563 3606 3719 3661 Homo

2110 3682 2323 3746 quidam
2350 3693 2463 3735 erat
2494 3699 2647 3750 quem
2665 3685 2931 3747 innumeri
2960 3689 3214 3747 beatum
3248 3697 3549 3761 dixerunt,
3572 3712 3717 3765 quem

2111 3779 2394 3836 praesentes
2428 3773 2722 3826 timuerunt
2747 3812 2764 3837 ,
2789 3790 2951 3843 quem
2982 3781 3280 3839 absentes
3316 3789 3555 3843 reveriti
3582 3799 3717 3851 sunt,

2108 3873 2262 3925 quem
2285 3861 2456 3929 angeli
2488 3862 2733 3916 admirati
2765 3874 2927 3928 sunt,
2956 3882 3142 3935 quem
3183 3875 3315 3942 ipse
3348 3877 3620 3932 Dominus
3643 3878 3718 3930 di-

2108 3946 2257 4001 lexit.
2296 3949 2462 4004 Homo
2490 3951 2702 4018 quidam
2742 3961 2859 4006 erat
2887 3969 3057 4022 quem
3100 3965 3517 4032 nequissimus
3564 3982 3719 4021 mniu-

2106 4036 2245 4092 latus
2274 4049 2378 4105 est,
2409 4040 2494 4093 cui
2527 4040 2870 4097 adversarius
2897 4044 3235 4111 invidebat.
3272 4070 3447 4124 quem
3480 4059 3721 4111 inimicus

2107 4126 2378 4215 hominum
2411 4129 2654 4183 diabolus
2686 4134 2826 4200 apud
2873 4132 3194 4196 Dominum
3254 4150 3717 4215 reprehendebat.

2104 4212 2271 4270 Homo
2308 4215 2521 4284 quidam
2549 4226 2667 4271 erat
2686 4220 2778 4287 qui
2804 4227 3013 4278 versuti
3046 4228 3217 4287 illius
3257 4212 3535 4293 draconis
3564 4250 3717 4308 caput

2104 4307 2454 4373 conculcavit,
2479 4308 2570 4377 qui
2597 4309 2925 4367 sceleratum
2951 4316 3263 4379 diabolum
3301 4329 3361 4382 in
3388 4329 3580 4401 fugam
3601 4307 3717 4386 con-

2104 4395 2297 4492 vertit,
2332 4396 2433 4492 qui.
2471 4398 2522 4450 in
2578 4412 2805 4467 corpore
2853 4402 3279 4476 incorporeum
3317 4395 3714 4492 supplantavit.

3137 4514 3433 4578 tanquam
3463 4526 3716 4570 constan-

2106 4571 2340 4626 tissimus
2373 4573 2736 4641 belligerator,
2772 4589 3038 4651 tanquam
3067 4571 3406 4661 εἰηειιίδι-εε
3435 4620 3715 4659 mamma.

2099 4664 2270 4729 chus,
2308 4674 2559 4733 tanquam
2607 4679 2918 4729 constanter
2969 4689 3141 4738 stans
3192 4691 3487 4751 adversus
3535 4711 3715 4751 omnes

2099 4753 2296 4808 diaboli
2332 4757 2618 4825 exercitus,
2650 4770 2908 4831 tanquam
2942 4773 3041 4837 qui
3067 4775 3470 4847 singulariter
3497 4788 3567 4841 de
3601 4802 3712 4840 om-

2096 4844 2250 4948 tribus
2279 4845 2574 4901 daemonum
2603 4852 2893 4912 virtutibus
2938 4844 3252 4924 victoriam
3295 4881 3615 4948 sumpserit
3634 4894 3715 4934 so-

2099 4933 2201 4988 lus.
2244 4936 2409 4993 Homo
2453 4942 2666 5007 quidam
2695 4956 2844 5011 erat,
2882 4966 2993 5005 non
3027 4970 3160 5014 erat
3209 4933 3713 5034 hellua‘cruenta,

2095 5206 2371 5301 spurcitia,
2400 5224 2569 5277 neque
2603 5214 2789 5282 vulpes
2817 5220 2943 5276 dolo
2970 5234 3143 5295 atque
3170 5239 3423 5301 astutia,
3463 5258 3574 5293 non
3599 5252 3711 5296 erat

2094 5297 2374 5396 scorpius,
2420 5316 2589 5396 neque
2629 5312 2820 5365 veneni
2861 5312 3085 5375 Iethalis
3122 5325 3324 5396 vipera
3360 5376 3374 5396 ,
3414 5338 3518 5388 sed
3552 5338 3711 5389 homo

2093 5395 2225 5438 erat.
2277 5387 2407 5443 Nam
2441 5392 2577 5446 sicut
2611 5397 2833 5456 obsceni
2879 5418 3047 5477 atque
3098 5387 3425 5490 impudici,
3480 5387 3709 5499 maligni

2091 5487 2301 5591 filioque
2322 5496 2384 5537 ac
2411 5488 2603 5591 versuti
2637 5492 2724 5548 his
2752 5500 3009 5560 omnibus
3058 5487 3487 5580 comparantur
3545 5487 3709 5591 auius

2092 5567 2280 5627 horum
2309 5579 2544 5635 omnium
2577 5589 2939 5657 appeIIatione
2967 5567 3411 5679 nuncupantur,
3448 5614 3604 5670 sicut
3626 5567 3699 5669 'di-
