3914 6460
7 37 273 185 /
1678 98 1784 99 θ

1332 492 1698 549 QNONYMUS
1727 492 1793 548 IN
1828 493 1966 551 I03.
2005 526 2073 537 -—
2108 492 2220 547 LIB

900 612 1023 698 {tes
1082 609 1331 679 improbi
1358 618 1531 669 animo
1571 618 1793 671 neseien~
1820 621 1864 676 Α
1897 632 1999 672 non
2031 616 2154 669 talis
2177 613 2493 683 fuit'qttatc‘s
2514 625 2567 674 et
2600 625 2683 673 ultr
2715 613 2849 673 (ἴση)
2881 619 3023 675 inter
3053 620 3240 690 impios
3268 643 3427 698 esset,

58 558 101 614 3n
220 554 699 653 ’ehujusmudi
737 603 753 639 :
793 588 893 645 Ca

57 684 139 733 citur
173 650 543 751 liwi‘m‘m
578 666 632 720 ὀ
673 672 755 728 Et.
806 650 1043 748 adhuc

212 736 241 751 1
529 754 542 765 ,
908 736 1043 748 “_"
1086 739 1104 755 ι
1148 736 1195 754 υ
1240 736 1295 755 ιιι
1334 736 1629 757 ααηηοῠιυη
1694 736 1793 759 υιη

64 736 199 819 ut!”
290 756 702 887 ’ἒαιηξιιξηιιε
752 772 833 823 ad
874 792 1156 842 uxorem
1201 736 1435 860 ιἔτι-θειῖίιηὶ
1472 794 1555 845 sui
1597 736 1793 847 ltitiuie-

70 858 187 899 mill
363 839 571 899 ιῆὶὼι
623 868 640 899 :
698 856 1054 899 ΧΩΜΔἊΙΑ-
1422 882 1467 899 ,-.
1732 884 1769 899 ..

461 856 571 942 ttbt
623 868 640 904 :
698 856 1085 941 Serpentes,
1112 882 1384 946 generatio
1416 882 1704 947 viperarum
1732 884 1795 937 ¹¹.

142 940 187 1064 ἓ
202 940 932 1064 ltgﬁtﬁttopsierpentium
962 965 1320 1031 volantium,
1347 972 1437 1036 qui
1461 970 1650 1024 veloces
1680 980 1797 1025 sunt

270 1046 341 1064 ,ι
439 1058 456 1064 -
640 1044 866 1064 ....---_
922 1060 936 1064 -
1023 1052 1040 1064 .
1207 1061 1216 1064 -
1321 1060 1349 1064 ,ξ
1511 1061 1550 1064 __

78 1022 458 1127 iugatio.
511 1025 873 1127 macrum
920 1060 941 1099 ε
998 1022 1399 1123 Αφρνειιεηάεἱε
1441 1022 1798 1127 υόδέευιιίρέέ

371 1122 837 1217 ejilet‘minantes
875 1137 959 1193 “.
1003 1109 1110 1207 Et,
1139 1145 1407 1217 Tanquam
1429 1151 1599 1217 vulpes
1626 1151 1683 1203 in
1709 1109 1797 1203 ἕο-

88 1194 365 1331 7m
389 1206 525 1331 chti
550 1227 705 1331 funt
734 1228 1065 1331 [propheta
1093 1194 1204 1301 ,tui,
1250 1194 1612 1293 Israel“’.rEt
1647 1258 1661 1293 :
1696 1239 1796 1304 Ite.

354 1299 507 1371 “(vi
548 1307 914 1406 ""if_(t“<:'tt
968 1299 1247 1380 Dominus
1293 1328 1357 1382 de
1402 1327 1610 1383 Herode
1637 1299 1801 1397 “),et

161 1402 603 1485 nnumera
652 1402 751 1460 bis
807 1409 1035 1469 similia
1084 1419 1333 1472 dicuntut
1390 1419 1463 1471 de
1495 1418 1799 1486 hujusmodi

190 1523 247 1568 χχχ
263 1494 598 1567 “ruitura.
624 1498 743 1555 Sed
775 1504 998 1564 beatus
1032 1510 1139 1566 Job
1174 1529 1278 1568 non
1314 1523 1429 1566 erat
1458 1514 1600 1577 talis,
1628 1529 1798 1583 neqne

1086 715 1104 755 :
1148 701 1296 771 Equi
1334 705 1629 757 admissarii
1670 706 1795 773 facti

226 1602 306 1651 bis
323 1588 535 1649 similis.
560 1587 673 1646 Sed
699 1594 879 1650 homo
907 1611 1043 1654 erat
1073 1604 1445 1670 intaminatus,
1473 1614 1527 1659 et
1553 1606 1802 1659 immacn.

231 1693 361 1750 tatus
392 1688 549 1750 atque
592 1682 869 1742 illibatus.
923 1689 1106 1746 llomo
1135 1733 1149 1755 ,
1182 1702 1364 1762 utpote
1408 1694 1507 1749 hoc
1541 1695 1677 1761 quod
1733 1697 1797 1747 ad

240 1774 517 1844 imaginem
541 1784 594 1830 et
621 1777 1047 1835 similitudinem
1086 1783 1179 1838 Dei
1209 1785 1380 1840 factus
1412 1795 1513 1851 est,
1535 1787 1799 1854 integrum

228 1865 557 1920 custodiens.
591 1865 682 1922 Sic
714 1867 904 1937 itaque
937 1872 1103 1926 homo
1134 1875 1352 1942 quidam
1379 1885 1494 1930 erat
1513 1876 1661 1942 juxta
1684 1877 1796 1930 haec

229 1956 486 2009 universa
523 1971 637 2024 quae
667 1968 979 2014 monstrata
1009 1971 1155 2015 sunt.
1194 1962 1309 2016 Non
1339 1974 1491 2018 erant
1519 1965 1649 2018 tales
1681 1978 1795 2017 om-

214 2058 324 2098 nes
352 2045 622 2108 homines,
658 2047 754 2101 sed
785 2063 929 2102 unus
961 2061 1080 2103 erat
1112 2053 1260 2106 solus
1287 2091 1303 2115 ,
1340 2053 1460 2107 talis
1487 2055 1696 2118 quidem
1729 2069 1792 2107 ex

212 2137 477 2190 omnibus
508 2136 612 2191 Job
640 2139 1017 2195 beatissimus.
1055 2142 1157 2197 Ubi
1186 2152 1359 2198 autem
1404 2153 1516 2197 erat
1562 2145 1647 2198 hic
1696 2146 1794 2198 ho~

203 2243 308 2282 mo
340 2228 369 2280 ἲ
396 2228 451 2282 In
483 2244 596 2296 qua
625 2232 871 2299 regione,
905 2233 959 2286 in
998 2248 1104 2301 qua
1132 2235 1405 2303 provincia
1435 2236 1457 2288 γ
1496 2234 1795 2304 Respondet

203 2319 454 2372 dicens:
494 2318 568 2374 In
623 2321 835 2388 regione
877 2322 1138 2377 Ausitide.
1182 2323 1281 2389 Qui
1327 2333 1500 2377 autem
1548 2325 1652 2378 sint
1704 2324 1795 2378 isti

191 2409 424 2461 Ausitte
453 2448 469 2471 ,
499 2411 761 2477 superius
788 2412 1314 2481 demonstravimus,
1346 2416 1483 2482 quod
1514 2429 1577 2468 ex
1603 2427 1794 2483 genere

195 2496 444 2552 fuerunt
472 2500 648 2563 Esau,
679 2504 796 2554 sive
820 2518 887 2555 ex
920 2503 1047 2556 ﬁliis
1084 2504 1245 2566 Esau,
1276 2505 1388 2556 sive
1418 2506 1485 2558 ab
1526 2506 1636 2570 ipso
1656 2505 1790 2559 Esau

190 2590 428 2642 Ausitte
456 2600 626 2643 erant
655 2591 855 2644 vocali.
894 2592 960 2645 Et
1008 2594 1197 2661 quales
1237 2594 1320 2646 isti
1358 2604 1511 2646 erant
1553 2595 1794 2648 Ausim?

188 2680 406 2747 lmpii,
439 2682 637 2750 injusti
659 2724 675 2746 ,
707 2684 977 2747 infideles,
1012 2684 1251 2746 obsceni,
1289 2684 1634 2745 insatiabiles,
1656 2685 1793 2739 sicut

179 2779 252 2819 et
302 2780 467 2833 pater
494 2785 689 2823 eorum
728 2771 891 2831 Esau.
924 2773 992 2825 de
1022 2787 1126 2839 quo
1164 2772 1361 2824 dictum
1392 2782 1473 2825 est
1501 2788 1529 2824 a
1559 2774 1787 2827 sanctis:

184 2858 402 2913 Nemo
431 2862 505 2912 sit
540 2862 797 2915 obscenus
825 2872 875 2916 et
896 2860 1207 2916 insatiabilis
1233 2862 1361 2913 sicut
1391 2860 1531 2913 Esau
1569 2862 1632 2915 “’.
1659 2862 1788 2916 Cum

177 2966 366 3019 ergo
401 2962 549 3007 esset
584 2952 709 3006 talis
748 2953 865 3020 ipse
914 2954 1100 3017 Esau,
1134 2968 1235 3005 non
1276 2952 1452 3005 docuit
1494 2952 1627 3007 ﬁlios
1668 2968 1791 3008 suos

181 3044 483 3110 pietatem
531 3058 713 3111 neque
754 3043 1016 3113 justitiam
1062 3058 1219 3111 quam
1255 3043 1367 3111 ipse
1398 3058 1501 3096 non
1550 3047 1790 3099 sectaba-

179 3143 330 3192 tur.
362 3136 451 3187 sed
491 3136 831 3203 impietatem
866 3148 960 3187 eos
994 3134 1270 3197 docuit,et
1300 3132 1613 3200 iniustitiam
1631 3143 1789 3202 atque

3334 513 3436 568 378

1899 723 2003 762 non
2032 706 2318 761 declinavit
2348 708 2411 760 ad
2442 709 2789 775 impietatem.
2821 712 2954 765 Cum
2986 722 3127 766 esset
3156 715 3293 770 inter
3315 719 3429 773 inti-

1897 799 2061 862 dcles,
2093 812 2195 852 non
2227 799 2411 854 habuit
2440 799 2827 855 inﬁdelitatem.
2860 802 2989 855 Cum
3015 814 3157 858 esset
3186 805 3322 861 inter
3343 809 3427 862 in-

1891 887 2085 956 jnstns,
2118 903 2220 942 non
2240 898 2332 942 ‘est
2359 891 2668 944 commistus
2703 892 3113 960 injustitiis:sed
3141 901 3429 962 permansit

1898 978 1950 1030 in
2000 980 2174 1032 ntedio
2220 978 2500 1045 impiorum
2547 988 2794 1049 tanquam
2836 981 3053 1035 adamas
3099 983 3425 1051 immobilis,

1898 1065 2113 1122 lucerna
2143 1069 2592 1136 inexstinguibilis
2616 1108 2630 1132 ,
2668 1079 2918 1139 tanquam
2945 1072 3118 1125 lumen
3148 1078 3286 1141 quod
3322 1086 3423 1130 nan

1898 1155 2227 1218 immutatur,
2272 1165 2523 1225 tanquam
2572 1159 2755 1212 radius
2799 1159 2890 1226 qui
2933 1175 3036 1213 non
3074 1163 3286 1215 occidit.
3335 1164 3426 1220 Sic

1894 1246 2056 1298 etiam
2089 1254 2298 1313 oportet
2321 1261 2419 1299 nos
2450 1260 2589 1310 esse,
2624 1261 2657 1300 ο
2688 1248 2866 1311 amici,
2898 1260 3115 1304 sanctos
3148 1263 3303 1320 atque
3326 1254 3426 1307 im-

1896 1333 2190 1387 maculatos
2215 1372 2229 1395 ,
2263 1334 2378 1400 pios
2419 1349 2479 1387 ac
2515 1335 2786 1403 religiosos
2809 1376 2825 1400 ,
2857 1339 3171 1392 charitatem
3221 1343 3423 1409 ample-

1894 1432 2101 1477 ctentcs
2125 1430 2283 1491 atque
2313 1423 2596 1490 perfectos,
2647 1424 2982 1481 inviolabiles
3010 1438 3168 1497 atque
3197 1430 3422 1485 illibatos

1897 1514 1949 1566 in
1998 1515 2171 1568 medio
2197 1514 2410 1583 generis
2438 1517 2586 1582 pravi
2617 1530 2677 1568 ac
2725 1518 2962 1585 perversi
2990 1557 3005 1581 ,
3037 1528 3095 1571 ut
3132 1520 3422 1589 fulgeamus

1899 1611 2149 1670 tanquam
2193 1605 2466 1657 luminaria
2511 1604 2630 1657 caeli
2667 1606 2717 1658 in
2776 1610 3002 1668 mundo,
3033 1610 3249 1662 verbum
3300 1610 3421 1665 vita!

1896 1695 2223 1748 continentes
2250 1696 2301 1748 in
2325 1697 2410 1749 die
2436 1696 2660 1761 Christi,
2684 1707 2740 1750 ut
2768 1708 2823 1751 et
2840 1700 2903 1752 de
2922 1699 3071 1754 nobis
3098 1700 3304 1753 dicatur
3325 1702 3424 1755 sic-

1896 1792 1954 1835 ut
1990 1793 2043 1836 et
2096 1785 2163 1838 de
2187 1787 2342 1839 beato
2369 1786 2458 1841 illo
2483 1804 2497 1841 :
2528 1786 2596 1840 Et
2627 1798 2734 1839 erat
2768 1788 2879 1841 sine
2904 1789 3108 1855 querela
3137 1790 3285 1843 homo
3312 1791 3418 1857 ille,

1888 1874 2274 1941 jnstus,vera:s,
2291 1876 2384 1929 Dei
2409 1875 2575 1929 cultor
2598 1877 2661 1931 ¹⁶.
2686 1877 2851 1930 Homo
2884 1877 2971 1931 ille
2995 1889 3316 1933 memoratus
3341 1889 3421 1934 at-

1897 1977 1999 2030 que
2021 1965 2343 2032 designatus,
2363 1966 2452 2032 qui
2483 1966 2534 2018 in
2566 1966 2779 2032 regione
2797 1975 2917 2019 erat
2942 1966 3201 2029 Ausitide,
3220 1968 3301 2020 cui
3326 1982 3421 2019 no-

1894 2068 2013 2106 men
2040 2065 2152 2106 erat
2181 2054 2299 2108 Job.
2319 2053 2566 2109 Ostendit
2595 2057 2884 2120 hominem,
2903 2058 3166 2125 cognitam
3194 2057 3318 2111 fecit
3336 2072 3421 2109 re-

1893 2144 2100 2211 gionem
2119 2182 2132 2205 ,
2162 2143 2456 2211 designavit
2487 2158 2674 2197 nomen
2700 2184 2713 2205 ,
2736 2144 2953 2198 dicens:
2979 2145 3073 2198 Cui
3106 2162 3285 2197 nomen
3308 2154 3421 2203 erat

1891 2231 1989 2285 Job
2023 2233 2084 2294 ³⁷,
2114 2234 2254 2300 quod
2279 2248 2395 2286 cum
2434 2232 2593 2299 justis
2622 2234 2877 2301 scriptum
2905 2244 3022 2297 est,
3054 2235 3193 2301 quod
3232 2236 3283 2287 in
3335 2248 3420 2287 re-

1891 2322 2049 2387 gione
2078 2324 2316 2376 vivorum
2349 2323 2610 2391 signatum
2657 2332 2769 2387 est,
2796 2326 2934 2392 quod
2971 2324 3022 2377 in
3060 2324 3423 2377 tabernaculis

1890 2413 2100 2466 aeternis
2121 2421 2200 2467 est
2236 2414 2561 2481 deputatum.
2592 2413 2689 2467 Cui
2715 2430 2895 2468 nomen
2928 2425 3035 2466 erat
3067 2413 3188 2466 Job.
3220 2414 3414 2483 Dignos

1892 2501 2087 2554 habeat
2137 2502 2295 2555 etiam
2334 2517 2430 2555 nos
2468 2503 2736 2568 Dominus,
2771 2513 2828 2555 ut
2859 2505 3070 2557 nomina
3120 2513 3304 2557 nostra
3338 2505 3416 2559 sic

1890 2590 2194 2643 scribantur
2244 2605 2364 2643 cum
2412 2593 2732 2655 viventibus,
2777 2593 2852 2646 sic
2893 2607 3010 2643 cum
3053 2592 3120 2645 iis
3162 2593 3251 2661 qui
3281 2592 3414 2646 salvi

1893 2680 2024 2732 ﬁunt
2056 2680 2416 2744 nominentur,
2464 2682 2541 2735 sic
2578 2695 2698 2735 cum
2737 2682 2895 2750 jnstis
2944 2692 3413 2735 connumerentur.

1890 2769 1991 2823 Sed
2020 2772 2213 2835 adhuc,
2234 2772 2422 2838 inquit,
2441 2772 2590 2824 homo
2612 2772 2821 2840 quidam
2858 2781 2962 2823 erat
2993 2772 3045 2823 in
3076 2771 3277 2838 regione
3309 2772 3415 2823 Au-

1886 2861 2062 2924 sitide,
2086 2862 2172 2913 cui
2224 2877 2407 2914 nomen
2442 2871 2550 2913 erat
2577 2860 2697 2913 Job.
2729 2860 2996 2912 Adversus
3022 2860 3289 2913 diabolum
3331 2868 3417 2914 est

1888 2951 1976 3004 hic
2010 2964 2202 3015 sermo,
2234 2950 2489 3002 adversus
2518 2950 2903 3016 nequissimum
2935 2958 3015 3001 est
3044 2950 3154 3001 bare
3180 2949 3415 3016 disputa-

1888 3040 1985 3101 tio,
2024 3046 2270 3107 tanquam
2311 3039 2355 3092 si
2402 3038 2601 3091 diceret
2646 3056 2660 3091 :
2696 3040 2739 3091 0
2771 3037 3146 3103 malignissima
3183 3038 3409 3102 diabolo,

1887 3140 1919 3179 ο
1944 3128 2260 3194 nequissime
2283 3126 2496 3190 Satana,
2525 3128 2774 3180 adversus
2802 3140 2954 3193 quem
2980 3126 3287 3180 altercaris?
3314 3127 3412 3177 ad-

180 3223 631 3277 issﬁdelitatem.
702 3222 859 3289 Quod
903 3222 945 3277 si
993 3222 1187 3274 dixerit
1233 3221 1421 3289 aliquis
1450 3222 1621 3276 :Cum
1665 3239 1790 3292 ergo
1815 3232 1857 3287 C.
1889 3229 2071 3269 Versus
2092 3230 2249 3282 quem
2283 3214 2474 3270 bellum
2503 3216 2687 3284 geriS?
2715 3218 2974 3269 adversus
3002 3230 3160 3283 quem
3202 3215 3412 3282 praelia-

185 3312 367 3363 satis
398 3311 557 3365 fuerit
586 3311 731 3364 Esau
766 3318 929 3377 atque
959 3308 1329 3377 generationes
1362 3310 1500 3379 ejus,
1527 3312 1789 3380 quomodo

180 3400 329 3452 fuit
388 3399 483 3454 Job
518 3415 586 3454 ex
616 3400 745 3464 illis,
784 3409 945 3465 atque
990 3398 1130 3450 inter
1161 3397 1280 3450 illos
1317 3399 1434 3467 pius
1465 3414 1527 3453 ac
1578 3400 1790 3454 bonus?

178 3488 291 3542 Ita
342 3491 445 3544 fuit
469 3491 609 3544 sicut
641 3504 769 3542 mox
800 3489 853 3542 in
898 3486 1158 3556 principio
1199 3487 1331 3541 Abel
1380 3488 1633 3543 innocens
1670 3504 1787 3543 cum

179 3580 458 3645 iniusto,
495 3582 639 3635 sicut
664 3578 781 3632 Noe
830 3577 1008 3645 justus
1037 3576 1176 3630 inter
1206 3577 1448 3643 gigantes
1480 3579 1597 3632 illos
1621 3578 1787 3633 scele-

183 3678 409 3732 ratos,
433 3671 577 3725 sicut
623 3666 1025 3722 Melchisedech
1058 3671 1309 3719 sacerdos
1335 3667 1426 3720 Dei
1463 3667 1703 3723 altissimi
1733 3670 1785 3737 in

176 3758 418 3811 medio
437 3757 850 3812 maledictorum
879 3755 1320 3820 Chananmorum,
1348 3755 1485 3809 sicut
1518 3757 1783 3811 Abraham

176 3849 313 3915 qui
364 3850 586 3904 credidit
610 3849 665 3902 in
693 3847 868 3901 medio
904 3845 1276 3901 Chaldaeorum
1308 3846 1447 3900 idola
1475 3847 1781 3903 colentium.

181 3934 399 3988 Sicut
434 3951 558 4003 ergo
589 3936 678 3991 isti
726 3948 913 3988 omnes
954 3948 1073 3986 cum
1125 3942 1303 3987 essent
1351 3934 1423 4002 pii
1469 3949 1530 3988 ac
1573 3937 1781 4001 sancti,

180 4034 407 4088 atque
440 4023 676 4093 religiosi
710 4020 806 4076 Dei
835 4019 1035 4082 amici,
1064 4033 1130 4072 ex
1158 4018 1440 4084 impiorum
1467 4028 1592 4072 sunt
1621 4034 1782 4087 gene-

182 4112 531 4166 rationibus
564 4107 837 4179 procreati
868 4124 883 4160 :
920 4108 993 4160 ita
1043 4105 1378 4160 admirabilis
1416 4104 1515 4161 Job
1542 4121 1667 4175 ~cum
1716 4122 1781 4162 ex

182 4202 455 4254 obsceni
484 4195 984 4268 atqucinsatiabilis
1016 4195 1155 4248 Esau
1182 4209 1375 4263 genere
1398 4203 1557 4263 atque
1582 4211 1780 4264 cogna—

186 4290 398 4342 tione
421 4290 713 4357 prodierit,
743 4295 965 4343 sanctus
1010 4298 1073 4336 ac
1116 4284 1295 4353 justus
1335 4294 1522 4351 sponte
1565 4284 1782 4339 effectus

178 4390 307 4434 est
340 4396 365 4441 ;
402 4382 490 4436 hoc
511 4381 713 4435 scilicet
748 4379 1083 4431 demonstrat
1117 4374 1298 4427 dicens
1330 4392 1343 4426 :
1378 4373 1549 4427 Homo
1571 4376 1783 4444 quidam

179 4479 350 4524 erat
391 4470 435 4523 in
458 4472 661 4539 regione
702 4465 968 4520 Ausitide.
1011 4463 1140 4517 Erat
1183 4471 1434 4531 tanquam
1478 4478 1602 4517 rosa
1640 4465 1776 4519 inter

1888 3305 1999 3358 ris?
2049 3306 2301 3358 adversus
2352 3319 2507 3372 quem
2561 3304 2676 3359 zelo
2722 3304 3091 3359 succenderis?
3141 3304 3411 3358 Adversus

1886 3394 2172 3460 hominem,
2203 3393 2456 3447 adversus
2475 3394 2901 3463 corruptibilem,
2925 3376 3180 3447 adversus
3207 3402 3407 3445 morta-

1884 3482 2008 3548 lem,
2040 3485 2293 3537 adversus
2329 3482 2619 3545 carnalem,
2658 3484 2913 3537 adversus
2948 3490 3237 3542 terrenum,
3288 3495 3407 3533 cum

1884 3571 1955 3625 sis
1973 3571 2385 3640 incorruptibilis
2401 3582 2454 3626 et
2480 3574 2847 3639 incorporeus,
2874 3580 3033 3640 atque
3052 3568 3368 3622 immortalis
3391 3587 3406 3622 :

1883 3662 2137 3715 adversus
2168 3676 2288 3715 eum
2321 3664 2411 3730 qui
2444 3663 2494 3715 in
2530 3662 2746 3730 regione
2788 3672 3026 3714 moratur
3061 3658 3324 3720 Ausitide,
3353 3664 3409 3709 tu

1881 3751 1969 3819 qui
1995 3751 2060 3804 de
2087 3751 2220 3805 caelo
2247 3752 2503 3806 cecidisti.
2538 3749 2639 3805 Sed
2668 3759 2724 3803 et
2770 3750 2847 3805 sic
2875 3749 3166 3817 superaris,
3191 3746 3410 3801 concul-

1881 3840 2042 3904 c:tris,
2074 3841 2367 3895 humiliaris
2421 3842 2487 3894 ab
2518 3856 2623 3895 uno
2654 3841 2890 3905 homine,
2918 3854 3038 3892 cum
3070 3839 3144 3892 sis
3166 3838 3403 3906 spiritus,

1882 3929 1948 3981 ab
1978 3944 2084 3983 uno
2109 3942 2175 3983 ex
2204 3929 2659 3997 corruptibilibus,
2691 3938 2745 3982 tu
2771 3929 2861 3997 qui
2893 3943 2956 3982 ex
2988 3927 3408 3994 incorruptibili-

1879 4017 1979 4070 bus
2009 4018 2281 4071 cherubim
2336 4018 2574 4072 cecidisti
2607 4019 2903 4072 ordinibus.
2942 4015 3066 4070 Haec
3106 4017 3289 4084 itaque
3329 4015 3407 4069 si-

1879 4110 2061 4173 gnavit
2087 4108 2304 4161 dicens:
2341 4107 2509 4161 Homo
2539 4108 2755 4176 quidam
2779 4114 2895 4161 erat
2924 4107 2977 4159 in
3004 4109 3223 4175 regione
3250 4105 3406 4159 Ausi-

1880 4196 1985 4250 tide
2013 4198 2098 4264 qui
2123 4210 2331 4250 omnem
2363 4196 2653 4251 exercitum
2687 4196 2881 4251 diaboli
2914 4195 3133 4264 fugavit,
3169 4194 3258 4263 qui
3286 4208 3403 4246 om-

1878 4300 1997 4339 nem
2047 4286 2295 4340 virtutem
2341 4286 2647 4355 nequissimi
2704 4286 3018 4348 debilitavit,
3060 4286 3149 4352 qui
3194 4297 3411 4339 omnem

1877 4375 2123 4428 virtutem
2164 4384 2217 4440 et
2244 4385 2611 4445 argumentum
2652 4377 2844 4431 diaboli
2875 4389 3258 4444 supervacuum
3306 4374 3413 4428 de-.

1882 4467 2211 4531 monstravit,
2229 4468 2317 4535 qui
2338 4482 2548 4521 omnem
2573 4478 2783 4521 ventum
2810 4477 2864 4521 et
2890 4481 3103 4534 aquam,
3130 4475 3289 4533 atque
3306 4465 3401 4518 im.

181 4554 424 4618 spinas
445 4595 461 4621 ,
490 4538 746 4624 tanquam
783 4552 953 4605 lilium
988 4551 1126 4603 inter
1173 4550 1397 4604 tribulos
1427 4552 1687 4606 candidus
1715 4568 1778 4609 ac
1809 4538 1852 4592 Ῑ)
1880 4563 2055 4622 petum
2086 4556 2300 4624 maligni
2337 4557 2389 4611 in
2424 4571 2483 4611 se
2511 4556 2853 4611 collidentem
2887 4564 3196 4611 constanter
3222 4566 3400 4609 sustu-

184 4638 436 4694 rubens
459 4682 475 4704 ,
509 4641 775 4696 candidus
820 4637 925 4690 ﬁde
952 4651 1015 4691 ac
1050 4636 1337 4691 sanctitate
1363 4676 1380 4702 ,
1416 4638 1610 4692 rubens
1631 4642 1775 4695 velut

183 4742 366 4779 rosa
381 4766 393 4787 .
418 4732 560 4797 plane
580 4731 707 4799 quia
745 4725 1006 4783 sustinuit
1031 4724 1240 4780 dolores
1262 4740 1325 4780 ac
1347 4728 1638 4795 passiones.
1667 4729 1777 4781 Ηυ-

180 4831 307 4867 uso
350 4822 548 4881 quidem
580 4832 691 4874 erat
717 4820 773 4873 in
820 4817 1024 4884 regione
1060 4814 1315 4868 Ausitide.
1349 4815 1475 4868 Erat
1519 4823 1773 4884 tanquam

182 4906 479 4963 columba
511 4912 651 4965 inter
680 4907 947 4976 raptrices
990 4903 1218 4971 aquilas,
1253 4914 1501 4972 tanquam
1531 4918 1696 4972 agnus
1720 4906 1773 4959 in

179 4993 413 5048 medio
437 4996 1092 5066 luporumdiripientium,
1129 5003 1379 5062 tanquam
1414 4994 1566 5046 stella
1590 4994 1641 5046 in
1666 5010 1772 5049 me-

175 5082 309 5135 dio
362 5089 567 5143 nubium
614 5087 1036 5142 teterrimarum.
1071 5084 1239 5137 Homo
1263 5084 1475 5151 quidam
1504 5093 1617 5135 erat
1644 5122 1659 5146 ,
1686 5084 1772 5151 jn-

172 5183 354 5225 stus
379 5175 503 5234 inter
534 5181 766 5247 injustos
791 5215 807 5239 ,
838 5176 976 5229 inter
1020 5174 1267 5242 profanos
1323 5181 1539 5226 sanctus
1564 5211 1579 5233 ,
1632 5174 1772 5230 inter

169 5264 489 5325 Obscenos
536 5269 770 5323 mundus
797 5304 813 5329 ,
856 5265 976 5332 pius
1008 5274 1145 5317 Inter
1172 5264 1387 5331 impios,
1434 5262 1600 5315 bonus
1631 5265 1771 5319 inter

163 5349 419 5418 malos.
443 5368 701 5428 tanquam
739 5355 1059 5423 smaragdus
1093 5354 1143 5405 in
1178 5352 1310 5415 luto,
1347 5360 1592 5419 tanquam
1624 5368 1768 5407 mar-

160 5436 389 5503 εει-ηδ
414 5450 466 5503 in
501 5462 698 5501 arena.
735 5445 826 5498 Sic
860 5456 1092 5507 namque
1113 5453 1227 5495 erat
1247 5448 1569 5495 memoratus
1606 5442 1767 5497 homo

152 5526 285 5577 ille
322 5524 381 5582 in
416 5540 642 5609 regione
670 5534 933 5589 Ausitide.
965 5532 1095 5587 Cum
1126 5546 1248 5600 ergo
1278 5533 1419 5586 inter
1451 5529 1576 5584 tales
1600 5543 1762 5597 esset,

1875 4644 1954 4704 lit.
1983 4656 2038 4698 et
2060 4646 2347 4701 immobilis
2371 4647 2622 4716 perstitit.
2642 4648 2716 4700 Ac
2745 4648 2788 4701 si
2814 4661 2941 4717 ergo
2969 4648 3205 4700 diceret:
3235 4645 3413 4701 Homo.

1873 4733 2085 4802 quidam
2118 4744 2253 4801 erat,
2283 4751 2317 4789 ο
2357 4736 2587 4800 diabole,
2623 4738 2711 4805 qui
2760 4737 2852 4791 tibi
2907 4736 3199 4806 praevaluit.
3236 4734 3399 4789 Homo

1873 4823 2086 4889 quidam
2113 4833 2229 4876 erat
2281 4824 2371 4892 qui
2404 4839 2614 4878 omnem
2658 4827 2923 4885 virtutem,
2959 4835 3102 4878 tuam
3137 4824 3399 4878 inﬁrmam

1872 4913 2126 4967 ostendit.
2164 4913 2331 4967 Homo
2381 4916 2591 4982 quidam
2620 4926 2736 4970 erat
2783 4917 2869 4984 qui
2902 4929 3115 4969 omnem
3146 4913 3398 4967 malitiam

1878 5011 2017 5055 tuam
2047 5002 2098 5054 in
2121 5003 2437 5056 derisionem
2466 5005 2701 5070 deduxit,
2734 5015 2785 5059 et
2811 5006 2948 5073 quod
2975 5012 3058 5059 est
3085 5003 3400 5066 mavimum,

1876 5090 2122 5143 habitans
2140 5090 2192 5144 in
2222 5091 2439 5160 regione
2464 5092 2725 5158 Ausitide,
2753 5094 2803 5146 id
2827 5092 3217 5157 est,impiorum
3241 5099 3398 5156 atque

1873 5179 2194 5243 inﬁdelium,
2224 5183 2572 5236 obscenorum
2602 5195 2814 5250 quoque
2846 5191 3009 5248 atque
3059 5179 3396 5244 iniustorum.

1871 5269 2002 5322 Nam
2031 5284 2150 5324 cum
2194 5271 2301 5325 illic
2338 5281 2655 5338 moraretur,
2699 5288 2804 5326 non
2839 5269 3081 5339 potuisti,
3102 5281 3134 5320 ο
3168 5262 3401 5323 diabolo;

1870 5361 2180 5425 immutare,
2212 5377 2381 5431 neque
2417 5375 2728 5417 convertere
2759 5375 2893 5413 eum
2941 5365 3057 5425 post
3104 5352 3294 5417 impios
3338 5348 3411 5400 ad

1870 5450 2215 5518 impietatem,
2247 5467 2418 5520 neque
2464 5464 2581 5521 post
2624 5450 2884 5506 inﬁdeles
2923 5450 2988 5503 ad
3021 5440 3421 5497 inﬁdelitatem,

1871 5553 2042 5609 neque
2066 5551 2180 5609 post
2213 5543 2437 5611 injustos
2466 5545 2531 5598 ad
2560 5538 3037 5615 injustitiam,sed
3057 5535 3195 5585 inter
3208 5536 3429 5582 omnes,

261 5704 449 5792 ;_l_sa,
485 5737 607 5784 Lvt,
632 5719 726 5792 ij.
788 5712 1203 5792 _‘_°}e_remg,§._
1229 5708 1529 5792 ..ξι-31³111).
1558 5724 1711 5779 mu,
1746 5716 1784 5769 3

1913 5724 1952 5754 ’³
1974 5721 2121 5778 Cant.
2148 5741 2204 5792 tt,
2229 5727 2309 5781 l5.
2387 5728 2424 5759 ³⁵
2456 5727 2647 5782 Bacch,
2679 5721 2897 5785 νυνι,
2987 5714 3026 5747 ιι
3056 5706 3328 5760 ιμυεαω,
3350 5694 3463 5751 Ἅι

137 5770 198 5805 ι·
236 5768 449 5850 Hei};
477 5768 713 5847 £1,116“.
788 5782 829 5814 η
856 5779 952 5834 tab
980 5793 1019 5841 ι.
1048 5768 1129 5835 t.’
1163 5782 1203 5813 ιτ
1226 5780 1353 5835 ibid.
