  <div class='ocr_page' id='page_1' title='image "/cluster/home/n/w/nwhite01/storage/ocr_20150623/17 (Origenes, pt. 7)/nyp.33433081862348/201.png"; bbox 0 0 3914 6424; ppageno 0'>
   <div class='ocr_carea' id='block_1_1' title="bbox 539 430 641 488">
    <p class='ocr_par' dir='ltr' id='par_1_1' title="bbox 539 430 641 488">
     <span class='ocr_line' id='line_1_1' title="bbox 539 430 641 488; baseline -0.029 0"><span class='ocrx_word' id='word_1_1' title='bbox 539 430 641 488; x_wconf 71' lang='lat' dir='ltr'><strong>ara</strong></span> 
     </span>
    </p>
   </div>
   <div class='ocr_carea' id='block_1_2' title="bbox 1599 409 2602 473">
    <p class='ocr_par' dir='ltr' id='par_1_2' title="bbox 1599 409 2602 473">
     <span class='ocr_line' id='line_1_2' title="bbox 1599 409 2602 473; baseline -0.006 -3"><span class='ocrx_word' id='word_1_2' title='bbox 1599 415 1974 473; x_wconf 65' lang='lat' dir='ltr'><strong>ANONYMUS</strong></span> <span class='ocrx_word' id='word_1_3' title='bbox 2010 413 2077 468; x_wconf 78' lang='lat' dir='ltr'><strong>IN</strong></span> <span class='ocrx_word' id='word_1_4' title='bbox 2116 412 2252 468; x_wconf 82' lang='lat' dir='ltr'><strong>JOB.</strong></span> <span class='ocrx_word' id='word_1_5' title='bbox 2292 443 2356 452; x_wconf 90' lang='lat'><strong>—</strong></span> <span class='ocrx_word' id='word_1_6' title='bbox 2392 409 2517 464; x_wconf 86' lang='lat' dir='ltr'><strong>LIB.</strong></span> <span class='ocrx_word' id='word_1_7' title='bbox 2558 409 2602 464; x_wconf 68' lang='grc' dir='ltr'><strong>ι.</strong></span> 
     </span>
    </p>
   </div>
   <div class='ocr_carea' id='block_1_3' title="bbox 3669 395 3762 448">
    <p class='ocr_par' dir='ltr' id='par_1_3' title="bbox 3669 395 3762 448">
     <span class='ocr_line' id='line_1_3' title="bbox 3669 395 3762 448; baseline 0 0"><span class='ocrx_word' id='word_1_8' title='bbox 3669 395 3762 448; x_wconf 71' lang='lat'><strong>380</strong></span> 
     </span>
    </p>
   </div>
   <div class='ocr_carea' id='block_1_4' title="bbox 539 507 3762 610">
    <p class='ocr_par' dir='ltr' id='par_1_4' title="bbox 539 507 3762 610">
     <span class='ocr_line' id='line_1_4' title="bbox 539 507 3762 610; baseline -0.003 -12"><span class='ocrx_word' id='word_1_9' title='bbox 539 555 591 598; x_wconf 91' lang='lat' dir='ltr'><strong>et</strong></span> <span class='ocrx_word' id='word_1_10' title='bbox 617 539 750 610; x_wconf 88' lang='lat' dir='ltr'><strong>apud</strong></span> <span class='ocrx_word' id='word_1_11' title='bbox 784 550 965 591; x_wconf 90' lang='lat' dir='ltr'><strong>omnes</strong></span> <span class='ocrx_word' id='word_1_12' title='bbox 997 535 1225 603; x_wconf 75' lang='lat' dir='ltr'><strong>iniustos</strong></span> <span class='ocrx_word' id='word_1_13' title='bbox 1255 535 1552 602; x_wconf 78' lang='lat' dir='ltr'><strong>permansit</strong></span> <span class='ocrx_word' id='word_1_14' title='bbox 1593 535 1792 600; x_wconf 76' lang='lat' dir='ltr'><strong>iustus,</strong></span> <span class='ocrx_word' id='word_1_15' title='bbox 1819 537 1955 588; x_wconf 91' lang='lat' dir='ltr'><strong>sicut</strong></span> <span class='ocrx_word' id='word_1_16' title='bbox 1978 542 2056 586; x_wconf 84' lang='lat' dir='ltr'><strong>te-</strong></span> <span class='ocrx_word' id='word_1_17' title='bbox 2087 536 2125 590; x_wconf 74' lang='grc' dir='ltr'>Α</span> <span class='ocrx_word' id='word_1_18' title='bbox 2159 544 2340 582; x_wconf 66' lang='lat' dir='ltr'><strong>verax.</strong></span> <span class='ocrx_word' id='word_1_19' title='bbox 2373 527 2506 580; x_wconf 81' lang='lat' dir='ltr'><strong>Nam</strong></span> <span class='ocrx_word' id='word_1_20' title='bbox 2541 523 2696 577; x_wconf 73' lang='grc' dir='ltr'><strong>ῐῐιυιιί</strong></span> <span class='ocrx_word' id='word_1_21' title='bbox 2744 521 3012 575; x_wconf 59' lang='lat' dir='ltr'><strong>ﬁdem“?</strong></span> <span class='ocrx_word' id='word_1_22' title='bbox 3052 513 3204 610; x_wconf 44' lang='lat' dir='ltr'><strong>J93&quot;</strong></span> <span class='ocrx_word' id='word_1_23' title='bbox 3241 523 3393 610; x_wconf 52' lang='lat' dir='ltr'><strong>esse:</strong></span> <span class='ocrx_word' id='word_1_24' title='bbox 3555 520 3657 610; x_wconf 54' lang='lat'><strong>&#39;9“</strong></span> <span class='ocrx_word' id='word_1_25' title='bbox 3683 523 3762 563; x_wconf 59' lang='grc' dir='ltr'><strong>’θ’</strong></span> 
     </span>
    </p>
   </div>
   <div class='ocr_carea' id='block_1_5' title="bbox 535 621 2060 690">
    <p class='ocr_par' dir='ltr' id='par_1_5' title="bbox 535 621 2060 690">
     <span class='ocr_line' id='line_1_5' title="bbox 535 621 2060 690; baseline -0.005 -7"><span class='ocrx_word' id='word_1_26' title='bbox 535 639 704 683; x_wconf 84' lang='lat' dir='ltr'><strong>statur</strong></span> <span class='ocrx_word' id='word_1_27' title='bbox 727 639 845 677; x_wconf 86' lang='lat' dir='ltr'><strong>mox</strong></span> <span class='ocrx_word' id='word_1_28' title='bbox 875 631 1262 690; x_wconf 78' lang='lat' dir='ltr'><strong>consequenter</strong></span> <span class='ocrx_word' id='word_1_29' title='bbox 1293 621 1474 675; x_wconf 87' lang='lat' dir='ltr'><strong>dicens</strong></span> <span class='ocrx_word' id='word_1_30' title='bbox 1506 640 1518 674; x_wconf 91' lang='lat'>:</span> <span class='ocrx_word' id='word_1_31' title='bbox 1557 621 1622 674; x_wconf 87' lang='lat' dir='ltr'><strong>Et</strong></span> <span class='ocrx_word' id='word_1_32' title='bbox 1649 635 1756 676; x_wconf 80' lang='lat' dir='ltr'><strong>erat</strong></span> <span class='ocrx_word' id='word_1_33' title='bbox 1804 625 1952 677; x_wconf 84' lang='lat' dir='ltr'><strong>homo</strong></span> <span class='ocrx_word' id='word_1_34' title='bbox 1973 624 2060 675; x_wconf 87' lang='lat' dir='ltr'><strong>ille</strong></span> 
     </span>
    </p>
   </div>
   <div class='ocr_carea' id='block_1_6' title="bbox 534 711 2059 784">
    <p class='ocr_par' dir='ltr' id='par_1_6' title="bbox 534 711 2059 784">
     <span class='ocr_line' id='line_1_6' title="bbox 534 711 2059 784; baseline 0.001 -17"><span class='ocrx_word' id='word_1_35' title='bbox 534 731 764 784; x_wconf 74' lang='lat' dir='ltr'><strong>magnus,</strong></span> <span class='ocrx_word' id='word_1_36' title='bbox 808 712 1152 764; x_wconf 76' lang='lat' dir='ltr'><strong>admirabilis.</strong></span> <span class='ocrx_word' id='word_1_37' title='bbox 1200 711 1393 764; x_wconf 77' lang='lat' dir='ltr'><strong>Beatus</strong></span> <span class='ocrx_word' id='word_1_38' title='bbox 1449 712 1604 764; x_wconf 90' lang='lat' dir='ltr'><strong>homo</strong></span> <span class='ocrx_word' id='word_1_39' title='bbox 1650 713 1736 766; x_wconf 90' lang='lat' dir='ltr'><strong>ille</strong></span> <span class='ocrx_word' id='word_1_40' title='bbox 1763 715 1852 780; x_wconf 84' lang='lat' dir='ltr'><strong>qui</strong></span> <span class='ocrx_word' id='word_1_41' title='bbox 1891 730 1918 766; x_wconf 93' lang='lat' dir='ltr'><strong>a</strong></span> <span class='ocrx_word' id='word_1_42' title='bbox 1954 714 2059 768; x_wconf 90' lang='lat' dir='ltr'><strong>Deo</strong></span> 
     </span>
    </p>
   </div>
   <div class='ocr_carea' id='block_1_7' title="bbox 532 801 2057 870">
    <p class='ocr_par' dir='ltr' id='par_1_7' title="bbox 532 801 2057 870">
     <span class='ocr_line' id='line_1_7' title="bbox 532 801 2057 870; baseline 0 -14"><span class='ocrx_word' id='word_1_43' title='bbox 532 802 891 857; x_wconf 81' lang='lat' dir='ltr'><strong>testimonium</strong></span> <span class='ocrx_word' id='word_1_44' title='bbox 925 801 1152 868; x_wconf 90' lang='lat' dir='ltr'><strong>accepit,</strong></span> <span class='ocrx_word' id='word_1_45' title='bbox 1191 802 1278 868; x_wconf 85' lang='lat' dir='ltr'><strong>qui</strong></span> <span class='ocrx_word' id='word_1_46' title='bbox 1326 801 1392 853; x_wconf 89' lang='lat' dir='ltr'><strong>ab</strong></span> <span class='ocrx_word' id='word_1_47' title='bbox 1421 801 1623 869; x_wconf 78' lang='lat' dir='ltr'><strong>angelis</strong></span> <span class='ocrx_word' id='word_1_48' title='bbox 1669 803 1919 870; x_wconf 65' lang='lat' dir='ltr'><strong>praelatus</strong></span> <span class='ocrx_word' id='word_1_49' title='bbox 1953 813 2057 866; x_wconf 91' lang='lat' dir='ltr'><strong>est,</strong></span> 
     </span>
    </p>
   </div>
   <div class='ocr_carea' id='block_1_8' title="bbox 529 888 2058 959">
    <p class='ocr_par' dir='ltr' id='par_1_8' title="bbox 529 888 2058 959">
     <span class='ocr_line' id='line_1_8' title="bbox 529 888 2058 959; baseline 0.005 -20"><span class='ocrx_word' id='word_1_50' title='bbox 529 890 616 957; x_wconf 91' lang='lat' dir='ltr'><strong>qui</strong></span> <span class='ocrx_word' id='word_1_51' title='bbox 647 890 742 956; x_wconf 84' lang='lat' dir='ltr'><strong>ipsi</strong></span> <span class='ocrx_word' id='word_1_52' title='bbox 775 890 988 943; x_wconf 88' lang='lat' dir='ltr'><strong>diabolo</strong></span> <span class='ocrx_word' id='word_1_53' title='bbox 1016 890 1068 942; x_wconf 92' lang='lat' dir='ltr'><strong>i-n</strong></span> <span class='ocrx_word' id='word_1_54' title='bbox 1099 888 1505 942; x_wconf 87' lang='lat' dir='ltr'><strong>admirationem</strong></span> <span class='ocrx_word' id='word_1_55' title='bbox 1553 890 1719 954; x_wconf 90' lang='lat' dir='ltr'><strong>venit,</strong></span> <span class='ocrx_word' id='word_1_56' title='bbox 1746 901 1925 958; x_wconf 90' lang='lat' dir='ltr'><strong>utpote</strong></span> <span class='ocrx_word' id='word_1_57' title='bbox 1967 893 2058 959; x_wconf 89' lang='lat' dir='ltr'><strong>qui</strong></span> 
     </span>
    </p>
   </div>
   <div class='ocr_carea' id='block_1_9' title="bbox 526 977 2058 1046">
    <p class='ocr_par' dir='ltr' id='par_1_9' title="bbox 526 977 2058 1046">
     <span class='ocr_line' id='line_1_9' title="bbox 526 977 2058 1046; baseline 0.004 -17"><span class='ocrx_word' id='word_1_58' title='bbox 526 977 1012 1031; x_wconf 75' lang='lat' dir='ltr'><strong>vehementioribus</strong></span> <span class='ocrx_word' id='word_1_59' title='bbox 1048 978 1218 1045; x_wconf 81' lang='lat' dir='ltr'><strong>plagis</strong></span> <span class='ocrx_word' id='word_1_60' title='bbox 1257 987 1414 1046; x_wconf 88' lang='lat' dir='ltr'><strong>atque</strong></span> <span class='ocrx_word' id='word_1_61' title='bbox 1443 978 1756 1046; x_wconf 82' lang='lat' dir='ltr'><strong>periculosis</strong></span> <span class='ocrx_word' id='word_1_62' title='bbox 1788 980 2058 1035; x_wconf 85' lang='lat' dir='ltr'><strong>doloribus</strong></span> 
     </span>
    </p>
   </div>
   <div class='ocr_carea' id='block_1_10' title="bbox 527 1066 2053 1136">
    <p class='ocr_par' dir='ltr' id='par_1_10' title="bbox 527 1066 2053 1136">
     <span class='ocr_line' id='line_1_10' title="bbox 527 1066 2053 1136; baseline 0.003 -18"><span class='ocrx_word' id='word_1_63' title='bbox 527 1080 630 1118; x_wconf 87' lang='lat' dir='ltr'><strong>non</strong></span> <span class='ocrx_word' id='word_1_64' title='bbox 662 1066 964 1120; x_wconf 80' lang='lat' dir='ltr'><strong>succubuit.</strong></span> <span class='ocrx_word' id='word_1_65' title='bbox 1008 1066 1102 1120; x_wconf 90' lang='lat' dir='ltr'><strong>Hic</strong></span> <span class='ocrx_word' id='word_1_66' title='bbox 1146 1082 1273 1135; x_wconf 81' lang='lat' dir='ltr'><strong>ergo</strong></span> <span class='ocrx_word' id='word_1_67' title='bbox 1316 1068 1474 1121; x_wconf 88' lang='lat' dir='ltr'><strong>homo</strong></span> <span class='ocrx_word' id='word_1_68' title='bbox 1516 1077 1631 1122; x_wconf 86' lang='lat' dir='ltr'><strong>erat</strong></span> <span class='ocrx_word' id='word_1_69' title='bbox 1661 1069 1776 1122; x_wconf 91' lang='lat' dir='ltr'><strong>sine</strong></span> <span class='ocrx_word' id='word_1_70' title='bbox 1817 1070 2053 1136; x_wconf 86' lang='lat' dir='ltr'><strong>querela,</strong></span> 
     </span>
    </p>
   </div>
   <div class='ocr_carea' id='block_1_11' title="bbox 526 1155 2057 1223">
    <p class='ocr_par' dir='ltr' id='par_1_11' title="bbox 526 1155 2057 1223">
     <span class='ocr_line' id='line_1_11' title="bbox 526 1155 2057 1223; baseline 0.002 -18"><span class='ocrx_word' id='word_1_71' title='bbox 526 1163 711 1222; x_wconf 87' lang='lat' dir='ltr'><strong>utpote</strong></span> <span class='ocrx_word' id='word_1_72' title='bbox 733 1156 798 1206; x_wconf 92' lang='lat' dir='ltr'><strong>ab</strong></span> <span class='ocrx_word' id='word_1_73' title='bbox 822 1155 964 1207; x_wconf 90' lang='lat' dir='ltr'><strong>omni</strong></span> <span class='ocrx_word' id='word_1_74' title='bbox 996 1155 1199 1208; x_wconf 86' lang='lat' dir='ltr'><strong>macula</strong></span> <span class='ocrx_word' id='word_1_75' title='bbox 1231 1155 1482 1221; x_wconf 91' lang='lat' dir='ltr'><strong>illibatus,</strong></span> <span class='ocrx_word' id='word_1_76' title='bbox 1505 1164 1688 1223; x_wconf 84' lang='lat' dir='ltr'><strong>utpote</strong></span> <span class='ocrx_word' id='word_1_77' title='bbox 1714 1157 1780 1208; x_wconf 91' lang='lat' dir='ltr'><strong>ab</strong></span> <span class='ocrx_word' id='word_1_78' title='bbox 1803 1158 1942 1210; x_wconf 92' lang='lat' dir='ltr'><strong>omni</strong></span> <span class='ocrx_word' id='word_1_79' title='bbox 1975 1172 2057 1209; x_wconf 93' lang='lat' dir='ltr'><strong>re-</strong></span> 
     </span>
    </p>
   </div>
   <div class='ocr_carea' id='block_1_12' title="bbox 525 1244 2056 1313">
    <p class='ocr_par' dir='ltr' id='par_1_12' title="bbox 525 1244 2056 1313">
     <span class='ocr_line' id='line_1_12' title="bbox 525 1244 2056 1313; baseline 0.002 -17"><span class='ocrx_word' id='word_1_80' title='bbox 525 1244 879 1311; x_wconf 87' lang='lat' dir='ltr'><strong>prehensione</strong></span> <span class='ocrx_word' id='word_1_81' title='bbox 923 1257 1127 1297; x_wconf 78' lang='lat' dir='ltr'><strong>exsors.</strong></span> <span class='ocrx_word' id='word_1_82' title='bbox 1157 1245 1284 1298; x_wconf 84' lang='lat' dir='ltr'><strong>Erat</strong></span> <span class='ocrx_word' id='word_1_83' title='bbox 1331 1246 1444 1298; x_wconf 83' lang='lat' dir='ltr'><strong>sine</strong></span> <span class='ocrx_word' id='word_1_84' title='bbox 1486 1246 1700 1313; x_wconf 83' lang='lat' dir='ltr'><strong>querela</strong></span> <span class='ocrx_word' id='word_1_85' title='bbox 1739 1262 1918 1298; x_wconf 90' lang='lat' dir='ltr'><strong>coram</strong></span> <span class='ocrx_word' id='word_1_86' title='bbox 1951 1247 2056 1300; x_wconf 88' lang='lat' dir='ltr'><strong>Deo</strong></span> 
     </span>
    </p>
   </div>
   <div class='ocr_carea' id='block_1_13' title="bbox 523 1330 2055 1400">
    <p class='ocr_par' dir='ltr' id='par_1_13' title="bbox 523 1330 2055 1400">
     <span class='ocr_line' id='line_1_13' title="bbox 523 1330 2055 1400; baseline 0 -16"><span class='ocrx_word' id='word_1_87' title='bbox 523 1339 577 1384; x_wconf 82' lang='lat' dir='ltr'><strong>et.</strong></span> <span class='ocrx_word' id='word_1_88' title='bbox 605 1330 926 1392; x_wconf 90' lang='lat' dir='ltr'><strong>hominibus,</strong></span> <span class='ocrx_word' id='word_1_89' title='bbox 960 1347 1142 1384; x_wconf 89' lang='lat' dir='ltr'><strong>coram</strong></span> <span class='ocrx_word' id='word_1_90' title='bbox 1173 1331 1375 1399; x_wconf 81' lang='lat' dir='ltr'><strong>angelis</strong></span> <span class='ocrx_word' id='word_1_91' title='bbox 1402 1340 1457 1384; x_wconf 89' lang='lat' dir='ltr'><strong>et</strong></span> <span class='ocrx_word' id='word_1_92' title='bbox 1487 1332 1762 1400; x_wconf 82' lang='lat' dir='ltr'><strong>spiritibus</strong></span> <span class='ocrx_word' id='word_1_93' title='bbox 1791 1333 2055 1400; x_wconf 87' lang='lat' dir='ltr'><strong>corrupti-</strong></span> 
     </span>
    </p>
   </div>
   <div class='ocr_carea' id='block_1_14' title="bbox 522 1418 2056 1488">
    <p class='ocr_par' dir='ltr' id='par_1_14' title="bbox 522 1418 2056 1488">
     <span class='ocr_line' id='line_1_14' title="bbox 522 1418 2056 1488; baseline 0.001 -16"><span class='ocrx_word' id='word_1_94' title='bbox 522 1418 719 1472; x_wconf 84' lang='lat' dir='ltr'><strong>bilibus</strong></span> <span class='ocrx_word' id='word_1_95' title='bbox 744 1426 798 1471; x_wconf 90' lang='lat' dir='ltr'><strong>et</strong></span> <span class='ocrx_word' id='word_1_96' title='bbox 843 1419 1348 1486; x_wconf 81' lang='lat' dir='ltr'><strong>incorruptibilibus.</strong></span> <span class='ocrx_word' id='word_1_97' title='bbox 1381 1420 1510 1472; x_wconf 88' lang='lat' dir='ltr'><strong>Erat</strong></span> <span class='ocrx_word' id='word_1_98' title='bbox 1559 1422 1672 1474; x_wconf 88' lang='lat' dir='ltr'><strong>sine</strong></span> <span class='ocrx_word' id='word_1_99' title='bbox 1700 1422 1939 1488; x_wconf 85' lang='lat' dir='ltr'><strong>querela,</strong></span> <span class='ocrx_word' id='word_1_100' title='bbox 1973 1431 2056 1474; x_wconf 90' lang='lat' dir='ltr'><strong>ut-</strong></span> 
     </span>
    </p>
   </div>
   <div class='ocr_carea' id='block_1_15' title="bbox 521 1506 2051 1578">
    <p class='ocr_par' dir='ltr' id='par_1_15' title="bbox 521 1506 2051 1578">
     <span class='ocr_line' id='line_1_15' title="bbox 521 1506 2051 1578; baseline 0.002 -19"><span class='ocrx_word' id='word_1_101' title='bbox 521 1517 646 1574; x_wconf 83' lang='lat' dir='ltr'><strong>pote</strong></span> <span class='ocrx_word' id='word_1_102' title='bbox 675 1506 898 1560; x_wconf 82' lang='lat' dir='ltr'><strong>formam</strong></span> <span class='ocrx_word' id='word_1_103' title='bbox 927 1507 977 1560; x_wconf 92' lang='lat' dir='ltr'><strong>in</strong></span> <span class='ocrx_word' id='word_1_104' title='bbox 1007 1522 1064 1562; x_wconf 89' lang='lat' dir='ltr'><strong>se</strong></span> <span class='ocrx_word' id='word_1_105' title='bbox 1090 1510 1376 1564; x_wconf 87' lang='lat' dir='ltr'><strong>ostendens</strong></span> <span class='ocrx_word' id='word_1_106' title='bbox 1403 1525 1551 1563; x_wconf 76' lang='lat' dir='ltr'><strong>nova:</strong></span> <span class='ocrx_word' id='word_1_107' title='bbox 1585 1511 1792 1576; x_wconf 73' lang='lat' dir='ltr'><strong>gratiae,</strong></span> <span class='ocrx_word' id='word_1_108' title='bbox 1822 1510 1907 1563; x_wconf 91' lang='lat' dir='ltr'><strong>ubi</strong></span> <span class='ocrx_word' id='word_1_109' title='bbox 1938 1510 2051 1578; x_wconf 84' lang='lat' dir='ltr'><strong>cpi-</strong></span> 
     </span>
    </p>
   </div>
   <div class='ocr_carea' id='block_1_16' title="bbox 521 1597 2052 1667">
    <p class='ocr_par' dir='ltr' id='par_1_16' title="bbox 521 1597 2052 1667">
     <span class='ocr_line' id='line_1_16' title="bbox 521 1597 2052 1667; baseline 0.003 -19"><span class='ocrx_word' id='word_1_110' title='bbox 521 1611 741 1664; x_wconf 90' lang='lat' dir='ltr'><strong>scopum</strong></span> <span class='ocrx_word' id='word_1_111' title='bbox 771 1597 1287 1664; x_wconf 86' lang='lat' dir='ltr'><strong>irreprehensibilem</strong></span> <span class='ocrx_word' id='word_1_112' title='bbox 1335 1615 1452 1653; x_wconf 87' lang='lat' dir='ltr'><strong>esse</strong></span> <span class='ocrx_word' id='word_1_113' title='bbox 1489 1609 1715 1667; x_wconf 86' lang='lat' dir='ltr'><strong>oportet.</strong></span> <span class='ocrx_word' id='word_1_114' title='bbox 1766 1600 1898 1653; x_wconf 85' lang='lat' dir='ltr'><strong>Erat</strong></span> <span class='ocrx_word' id='word_1_115' title='bbox 1937 1601 2052 1653; x_wconf 87' lang='lat' dir='ltr'><strong>sine</strong></span> 
     </span>
    </p>
   </div>
   <div class='ocr_carea' id='block_1_17' title="bbox 521 1683 2053 1758">
    <p class='ocr_par' dir='ltr' id='par_1_17' title="bbox 521 1683 2053 1758">
     <span class='ocr_line' id='line_1_17' title="bbox 521 1683 2053 1758; baseline 0.006 -25"><span class='ocrx_word' id='word_1_116' title='bbox 521 1683 734 1749; x_wconf 83' lang='lat' dir='ltr'><strong>querela</strong></span> <span class='ocrx_word' id='word_1_117' title='bbox 771 1685 823 1738; x_wconf 92' lang='lat' dir='ltr'><strong>in</strong></span> <span class='ocrx_word' id='word_1_118' title='bbox 855 1687 1032 1740; x_wconf 91' lang='lat' dir='ltr'><strong>animo</strong></span> <span class='ocrx_word' id='word_1_119' title='bbox 1063 1697 1115 1739; x_wconf 90' lang='lat' dir='ltr'><strong>et</strong></span> <span class='ocrx_word' id='word_1_120' title='bbox 1151 1701 1391 1754; x_wconf 88' lang='lat' dir='ltr'><strong>corpore,</strong></span> <span class='ocrx_word' id='word_1_121' title='bbox 1442 1688 1494 1741; x_wconf 90' lang='lat' dir='ltr'><strong>in</strong></span> <span class='ocrx_word' id='word_1_122' title='bbox 1527 1689 1766 1744; x_wconf 84' lang='lat' dir='ltr'><strong>consiliis</strong></span> <span class='ocrx_word' id='word_1_123' title='bbox 1811 1699 1865 1743; x_wconf 91' lang='lat' dir='ltr'><strong>et</strong></span> <span class='ocrx_word' id='word_1_124' title='bbox 1909 1689 2053 1758; x_wconf 85' lang='lat' dir='ltr'><strong>cogi-</strong></span> 
     </span>
    </p>
   </div>
   <div class='ocr_carea' id='block_1_18' title="bbox 526 1773 2051 1847">
    <p class='ocr_par' dir='ltr' id='par_1_18' title="bbox 526 1773 2051 1847">
     <span class='ocr_line' id='line_1_18' title="bbox 526 1773 2051 1847; baseline 0.005 -21"><span class='ocrx_word' id='word_1_125' title='bbox 526 1773 831 1837; x_wconf 84' lang='lat' dir='ltr'><strong>tationibus,</strong></span> <span class='ocrx_word' id='word_1_126' title='bbox 857 1774 911 1828; x_wconf 89' lang='lat' dir='ltr'><strong>in</strong></span> <span class='ocrx_word' id='word_1_127' title='bbox 938 1776 1117 1830; x_wconf 83' lang='lat' dir='ltr'><strong>verbis</strong></span> <span class='ocrx_word' id='word_1_128' title='bbox 1140 1785 1296 1844; x_wconf 79' lang='lat' dir='ltr'><strong>atque</strong></span> <span class='ocrx_word' id='word_1_129' title='bbox 1313 1779 1587 1844; x_wconf 83' lang='lat' dir='ltr'><strong>operibus,</strong></span> <span class='ocrx_word' id='word_1_130' title='bbox 1603 1779 1655 1832; x_wconf 94' lang='lat' dir='ltr'><strong>in</strong></span> <span class='ocrx_word' id='word_1_131' title='bbox 1679 1779 1873 1832; x_wconf 88' lang='lat' dir='ltr'><strong>studiis</strong></span> <span class='ocrx_word' id='word_1_132' title='bbox 1893 1788 2051 1847; x_wconf 87' lang='lat' dir='ltr'><strong>atque</strong></span> 
     </span>
    </p>
   </div>
   <div class='ocr_carea' id='block_1_19' title="bbox 2162 599 3763 679">
    <p class='ocr_par' dir='ltr' id='par_1_19' title="bbox 2162 599 3763 679">
     <span class='ocr_line' id='line_1_19' title="bbox 2162 599 3763 679; baseline -0.011 -9"><span class='ocrx_word' id='word_1_133' title='bbox 2162 619 2372 679; x_wconf 89' lang='lat' dir='ltr'><strong>raciter,</strong></span> <span class='ocrx_word' id='word_1_134' title='bbox 2409 616 2502 670; x_wconf 89' lang='lat' dir='ltr'><strong>sed</strong></span> <span class='ocrx_word' id='word_1_135' title='bbox 2557 612 2853 673; x_wconf 77' lang='lat' dir='ltr'><strong>fallaciter,</strong></span> <span class='ocrx_word' id='word_1_136' title='bbox 2891 623 3010 662; x_wconf 90' lang='lat' dir='ltr'><strong>non</strong></span> <span class='ocrx_word' id='word_1_137' title='bbox 3067 606 3261 672; x_wconf 85' lang='lat' dir='ltr'><strong>jusle,</strong></span> <span class='ocrx_word' id='word_1_138' title='bbox 3295 601 3396 655; x_wconf 86' lang='lat' dir='ltr'><strong>sed</strong></span> <span class='ocrx_word' id='word_1_139' title='bbox 3431 599 3648 666; x_wconf 74' lang='lat' dir='ltr'><strong>injuste,</strong></span> <span class='ocrx_word' id='word_1_140' title='bbox 3671 615 3763 652; x_wconf 86' lang='lat' dir='ltr'><strong>non</strong></span> 
     </span>
    </p>
   </div>
   <div class='ocr_carea' id='block_1_20' title="bbox 2163 688 3764 776">
    <p class='ocr_par' dir='ltr' id='par_1_20' title="bbox 2163 688 3764 776">
     <span class='ocr_line' id='line_1_20' title="bbox 2163 688 3764 776; baseline -0.013 -13"><span class='ocrx_word' id='word_1_141' title='bbox 2163 710 2317 776; x_wconf 89' lang='lat' dir='ltr'><strong>plane</strong></span> <span class='ocrx_word' id='word_1_142' title='bbox 2356 708 2448 761; x_wconf 90' lang='lat' dir='ltr'><strong>sed</strong></span> <span class='ocrx_word' id='word_1_143' title='bbox 2491 705 2703 758; x_wconf 80' lang='lat' dir='ltr'><strong>ﬁctitie.</strong></span> <span class='ocrx_word' id='word_1_144' title='bbox 2764 701 2972 754; x_wconf 79' lang='lat' dir='ltr'><strong>Merito</strong></span> <span class='ocrx_word' id='word_1_145' title='bbox 3023 709 3187 749; x_wconf 91' lang='lat' dir='ltr'><strong>nunc</strong></span> <span class='ocrx_word' id='word_1_146' title='bbox 3236 693 3372 746; x_wconf 85' lang='lat' dir='ltr'><strong>istic</strong></span> <span class='ocrx_word' id='word_1_147' title='bbox 3421 688 3764 756; x_wconf 81' lang='lat' dir='ltr'><strong>cumjustum</strong></span> 
     </span>
    </p>
   </div>
   <div class='ocr_carea' id='block_1_21' title="bbox 2158 782 3765 858">
    <p class='ocr_par' dir='ltr' id='par_1_21' title="bbox 2158 782 3765 858">
     <span class='ocr_line' id='line_1_21' title="bbox 2158 782 3765 858; baseline -0.012 -6"><span class='ocrx_word' id='word_1_148' title='bbox 2158 800 2361 852; x_wconf 90' lang='lat' dir='ltr'><strong>diceret</strong></span> <span class='ocrx_word' id='word_1_149' title='bbox 2389 799 2604 850; x_wconf 86' lang='lat' dir='ltr'><strong>beatum</strong></span> <span class='ocrx_word' id='word_1_150' title='bbox 2638 793 2766 855; x_wconf 85' lang='lat' dir='ltr'><strong>Job,</strong></span> <span class='ocrx_word' id='word_1_151' title='bbox 2799 791 3005 858; x_wconf 83' lang='lat' dir='ltr'><strong>adjecit</strong></span> <span class='ocrx_word' id='word_1_152' title='bbox 3054 787 3246 839; x_wconf 87' lang='lat' dir='ltr'><strong>etiam</strong></span> <span class='ocrx_word' id='word_1_153' title='bbox 3300 782 3410 835; x_wconf 86' lang='lat' dir='ltr'><strong>hoc</strong></span> <span class='ocrx_word' id='word_1_154' title='bbox 3437 782 3583 848; x_wconf 82' lang='lat' dir='ltr'><strong>quod</strong></span> <span class='ocrx_word' id='word_1_155' title='bbox 3617 795 3765 833; x_wconf 76' lang='lat' dir='ltr'><strong>verax</strong></span> 
     </span>
    </p>
   </div>
   <div class='ocr_carea' id='block_1_22' title="bbox 2158 870 3764 956">
    <p class='ocr_par' dir='ltr' id='par_1_22' title="bbox 2158 870 3764 956">
     <span class='ocr_line' id='line_1_22' title="bbox 2158 870 3764 956; baseline -0.012 -16"><span class='ocrx_word' id='word_1_156' title='bbox 2158 890 2335 942; x_wconf 82' lang='lat' dir='ltr'><strong>fuerit.</strong></span> <span class='ocrx_word' id='word_1_157' title='bbox 2364 886 2445 942; x_wconf 90' lang='lat' dir='ltr'><strong>0b</strong></span> <span class='ocrx_word' id='word_1_158' title='bbox 2473 902 2638 956; x_wconf 90' lang='lat' dir='ltr'><strong>quam</strong></span> <span class='ocrx_word' id='word_1_159' title='bbox 2695 883 2857 936; x_wconf 69' lang='lat' dir='ltr'><strong>rem?</strong></span> <span class='ocrx_word' id='word_1_160' title='bbox 2880 880 2964 934; x_wconf 81' lang='grc' dir='ltr'><strong>οι)</strong></span> <span class='ocrx_word' id='word_1_161' title='bbox 3020 879 3165 938; x_wconf 86' lang='lat' dir='ltr'><strong>hoc,</strong></span> <span class='ocrx_word' id='word_1_162' title='bbox 3205 882 3271 927; x_wconf 91' lang='lat' dir='ltr'><strong>ut</strong></span> <span class='ocrx_word' id='word_1_163' title='bbox 3304 871 3629 926; x_wconf 83' lang='lat' dir='ltr'><strong>ostenderet</strong></span> <span class='ocrx_word' id='word_1_164' title='bbox 3656 870 3764 938; x_wconf 82' lang='lat' dir='ltr'><strong>quia</strong></span> 
     </span>
    </p>
   </div>
   <div class='ocr_carea' id='block_1_23' title="bbox 2151 965 3769 1047">
    <p class='ocr_par' dir='ltr' id='par_1_23' title="bbox 2151 965 3769 1047">
     <span class='ocr_line' id='line_1_23' title="bbox 2151 965 3769 1047; baseline -0.009 -15"><span class='ocrx_word' id='word_1_165' title='bbox 2151 979 2359 1047; x_wconf 88' lang='lat' dir='ltr'><strong>justitia</strong></span> <span class='ocrx_word' id='word_1_166' title='bbox 2383 979 2500 1047; x_wconf 84' lang='lat' dir='ltr'><strong>ejus</strong></span> <span class='ocrx_word' id='word_1_167' title='bbox 2527 993 2653 1032; x_wconf 82' lang='lat' dir='ltr'><strong>vera</strong></span> <span class='ocrx_word' id='word_1_168' title='bbox 2683 985 2825 1030; x_wconf 85' lang='lat' dir='ltr'><strong>erat.</strong></span> <span class='ocrx_word' id='word_1_169' title='bbox 2864 972 2988 1027; x_wconf 86' lang='lat' dir='ltr'><strong>Non</strong></span> <span class='ocrx_word' id='word_1_170' title='bbox 3039 979 3176 1025; x_wconf 89' lang='lat' dir='ltr'><strong>erat</strong></span> <span class='ocrx_word' id='word_1_171' title='bbox 3211 965 3489 1028; x_wconf 93' lang='lat' dir='ltr'><strong>mendax,</strong></span> <span class='ocrx_word' id='word_1_172' title='bbox 3518 979 3623 1019; x_wconf 92' lang='lat' dir='ltr'><strong>non</strong></span> <span class='ocrx_word' id='word_1_173' title='bbox 3665 972 3769 1019; x_wconf 86' lang='lat' dir='ltr'><strong>erat</strong></span> 
     </span>
    </p>
   </div>
   <div class='ocr_carea' id='block_1_24' title="bbox 2155 1056 3766 1138">
    <p class='ocr_par' dir='ltr' id='par_1_24' title="bbox 2155 1056 3766 1138">
     <span class='ocr_line' id='line_1_24' title="bbox 2155 1056 3766 1138; baseline -0.006 -16"><span class='ocrx_word' id='word_1_174' title='bbox 2155 1067 2424 1133; x_wconf 89' lang='lat' dir='ltr'><strong>simulata,</strong></span> <span class='ocrx_word' id='word_1_175' title='bbox 2450 1069 2543 1122; x_wconf 82' lang='lat' dir='ltr'><strong>sed</strong></span> <span class='ocrx_word' id='word_1_176' title='bbox 2580 1069 2793 1138; x_wconf 84' lang='lat' dir='ltr'><strong>integra</strong></span> <span class='ocrx_word' id='word_1_177' title='bbox 2822 1076 2972 1132; x_wconf 87' lang='lat' dir='ltr'><strong>erat,</strong></span> <span class='ocrx_word' id='word_1_178' title='bbox 3011 1072 3205 1131; x_wconf 81' lang='lat' dir='ltr'><strong>atque</strong></span> <span class='ocrx_word' id='word_1_179' title='bbox 3243 1060 3366 1115; x_wconf 91' lang='lat' dir='ltr'><strong>Deo</strong></span> <span class='ocrx_word' id='word_1_180' title='bbox 3410 1056 3766 1125; x_wconf 82' lang='lat' dir='ltr'><strong>acceptabilis.</strong></span> 
     </span>
    </p>
   </div>
   <div class='ocr_carea' id='block_1_25' title="bbox 2155 1149 3770 1227">
    <p class='ocr_par' dir='ltr' id='par_1_25' title="bbox 2155 1149 3770 1227">
     <span class='ocr_line' id='line_1_25' title="bbox 2155 1149 3770 1227; baseline -0.006 -15"><span class='ocrx_word' id='word_1_181' title='bbox 2155 1158 2233 1212; x_wconf 90' lang='lat' dir='ltr'><strong>0b</strong></span> <span class='ocrx_word' id='word_1_182' title='bbox 2260 1159 2362 1213; x_wconf 90' lang='lat' dir='ltr'><strong>hoc</strong></span> <span class='ocrx_word' id='word_1_183' title='bbox 2387 1173 2515 1227; x_wconf 85' lang='lat' dir='ltr'><strong>ergo</strong></span> <span class='ocrx_word' id='word_1_184' title='bbox 2533 1159 2683 1220; x_wconf 88' lang='lat' dir='ltr'><strong>dicit,</strong></span> <span class='ocrx_word' id='word_1_185' title='bbox 2719 1173 2908 1210; x_wconf 83' lang='lat' dir='ltr'><strong>verax.</strong></span> <span class='ocrx_word' id='word_1_186' title='bbox 2941 1154 3192 1210; x_wconf 87' lang='lat' dir='ltr'><strong>Sciebat</strong></span> <span class='ocrx_word' id='word_1_187' title='bbox 3223 1165 3478 1218; x_wconf 87' lang='lat' dir='ltr'><strong>namque</strong></span> <span class='ocrx_word' id='word_1_188' title='bbox 3503 1150 3673 1216; x_wconf 80' lang='lat' dir='ltr'><strong>justus</strong></span> <span class='ocrx_word' id='word_1_189' title='bbox 3693 1149 3770 1202; x_wconf 87' lang='lat' dir='ltr'><strong>ille</strong></span> 
     </span>
    </p>
   </div>
   <div class='ocr_carea' id='block_1_26' title="bbox 2156 1237 3769 1314">
    <p class='ocr_par' dir='ltr' id='par_1_26' title="bbox 2156 1237 3769 1314">
     <span class='ocr_line' id='line_1_26' title="bbox 2156 1237 3769 1314; baseline -0.004 -19"><span class='ocrx_word' id='word_1_190' title='bbox 2156 1247 2237 1297; x_wconf 89' lang='lat' dir='ltr'><strong>vir</strong></span> <span class='ocrx_word' id='word_1_191' title='bbox 2264 1247 2403 1314; x_wconf 91' lang='lat' dir='ltr'><strong>quod</strong></span> <span class='ocrx_word' id='word_1_192' title='bbox 2435 1245 2694 1297; x_wconf 86' lang='lat' dir='ltr'><strong>veritates</strong></span> <span class='ocrx_word' id='word_1_193' title='bbox 2736 1245 2974 1311; x_wconf 82' lang='lat' dir='ltr'><strong>requirit</strong></span> <span class='ocrx_word' id='word_1_194' title='bbox 3020 1240 3344 1294; x_wconf 77' lang='lat' dir='ltr'><strong>Dominus.</strong></span> <span class='ocrx_word' id='word_1_195' title='bbox 3383 1237 3594 1289; x_wconf 90' lang='lat' dir='ltr'><strong>Idcirco</strong></span> <span class='ocrx_word' id='word_1_196' title='bbox 3625 1251 3769 1290; x_wconf 79' lang='lat' dir='ltr'><strong>verax</strong></span> 
     </span>
    </p>
   </div>
   <div class='ocr_carea' id='block_1_27' title="bbox 2154 1329 3767 1403">
    <p class='ocr_par' dir='ltr' id='par_1_27' title="bbox 2154 1329 3767 1403">
     <span class='ocr_line' id='line_1_27' title="bbox 2154 1329 3767 1403; baseline -0.006 -11"><span class='ocrx_word' id='word_1_197' title='bbox 2154 1347 2292 1400; x_wconf 89' lang='lat' dir='ltr'><strong>erat,</strong></span> <span class='ocrx_word' id='word_1_198' title='bbox 2318 1351 2495 1402; x_wconf 86' lang='lat' dir='ltr'><strong>verus,</strong></span> <span class='ocrx_word' id='word_1_199' title='bbox 2525 1351 2712 1403; x_wconf 87' lang='lat' dir='ltr'><strong>purus,</strong></span> <span class='ocrx_word' id='word_1_200' title='bbox 2739 1336 2999 1402; x_wconf 84' lang='lat' dir='ltr'><strong>simplex,</strong></span> <span class='ocrx_word' id='word_1_201' title='bbox 3040 1348 3163 1386; x_wconf 85' lang='lat' dir='ltr'><strong>non</strong></span> <span class='ocrx_word' id='word_1_202' title='bbox 3204 1333 3402 1385; x_wconf 81' lang='lat' dir='ltr'><strong>ﬁctus.</strong></span> <span class='ocrx_word' id='word_1_203' title='bbox 3437 1329 3560 1383; x_wconf 85' lang='lat' dir='ltr'><strong>Non</strong></span> <span class='ocrx_word' id='word_1_204' title='bbox 3585 1330 3767 1384; x_wconf 87' lang='lat' dir='ltr'><strong>eratin</strong></span> 
     </span>
    </p>
   </div>
   <div class='ocr_carea' id='block_1_28' title="bbox 2154 1421 3769 1494">
    <p class='ocr_par' dir='ltr' id='par_1_28' title="bbox 2154 1421 3769 1494">
     <span class='ocr_line' id='line_1_28' title="bbox 2154 1421 3769 1494; baseline -0.005 -14"><span class='ocrx_word' id='word_1_205' title='bbox 2154 1428 2241 1480; x_wconf 89' lang='lat' dir='ltr'><strong>illo</strong></span> <span class='ocrx_word' id='word_1_206' title='bbox 2263 1427 2550 1480; x_wconf 62' lang='lat' dir='ltr'><strong>hmsitatio.</strong></span> <span class='ocrx_word' id='word_1_207' title='bbox 2577 1427 2691 1479; x_wconf 86' lang='lat' dir='ltr'><strong>Non</strong></span> <span class='ocrx_word' id='word_1_208' title='bbox 2711 1426 3045 1494; x_wconf 82' lang='lat' dir='ltr'><strong>loquebatur</strong></span> <span class='ocrx_word' id='word_1_209' title='bbox 3067 1424 3122 1475; x_wconf 89' lang='lat' dir='ltr'><strong>al</strong></span> <span class='ocrx_word' id='word_1_210' title='bbox 3139 1422 3243 1476; x_wconf 81' lang='lat' dir='ltr'><strong>iud</strong></span> <span class='ocrx_word' id='word_1_211' title='bbox 3271 1422 3330 1475; x_wconf 87' lang='lat' dir='ltr'><strong>in</strong></span> <span class='ocrx_word' id='word_1_212' title='bbox 3357 1421 3641 1482; x_wconf 89' lang='lat' dir='ltr'><strong>ore,aliud</strong></span> <span class='ocrx_word' id='word_1_213' title='bbox 3659 1434 3769 1472; x_wconf 89' lang='lat' dir='ltr'><strong>vero</strong></span> 
     </span>
    </p>
   </div>
   <div class='ocr_carea' id='block_1_29' title="bbox 2151 1510 3771 1583">
    <p class='ocr_par' dir='ltr' id='par_1_29' title="bbox 2151 1510 3771 1583">
     <span class='ocr_line' id='line_1_29' title="bbox 2151 1510 3771 1583; baseline -0.005 -11"><span class='ocrx_word' id='word_1_214' title='bbox 2151 1519 2420 1583; x_wconf 73' lang='lat' dir='ltr'><strong>cogitabat</strong></span> <span class='ocrx_word' id='word_1_215' title='bbox 2464 1520 2517 1570; x_wconf 94' lang='lat' dir='ltr'><strong>in</strong></span> <span class='ocrx_word' id='word_1_216' title='bbox 2566 1518 2772 1570; x_wconf 88' lang='lat' dir='ltr'><strong>animo.</strong></span> <span class='ocrx_word' id='word_1_217' title='bbox 2807 1515 2927 1569; x_wconf 81' lang='lat' dir='ltr'><strong>Non</strong></span> <span class='ocrx_word' id='word_1_218' title='bbox 2983 1515 3150 1567; x_wconf 81' lang='lat' dir='ltr'><strong>aliud</strong></span> <span class='ocrx_word' id='word_1_219' title='bbox 3207 1512 3447 1566; x_wconf 88' lang='lat' dir='ltr'><strong>dicebat</strong></span> <span class='ocrx_word' id='word_1_220' title='bbox 3498 1510 3696 1574; x_wconf 86' lang='lat' dir='ltr'><strong>verbis,</strong></span> <span class='ocrx_word' id='word_1_221' title='bbox 3725 1520 3771 1564; x_wconf 89' lang='lat' dir='ltr'><strong>et</strong></span> 
     </span>
    </p>
   </div>
   <div class='ocr_carea' id='block_1_30' title="bbox 2152 1601 3769 1676">
    <p class='ocr_par' dir='ltr' id='par_1_30' title="bbox 2152 1601 3769 1676">
     <span class='ocr_line' id='line_1_30' title="bbox 2152 1601 3769 1676; baseline -0.003 -17"><span class='ocrx_word' id='word_1_222' title='bbox 2152 1608 2292 1660; x_wconf 89' lang='lat' dir='ltr'><strong>aliud</strong></span> <span class='ocrx_word' id='word_1_223' title='bbox 2323 1608 2588 1676; x_wconf 87' lang='lat' dir='ltr'><strong>cegitabat</strong></span> <span class='ocrx_word' id='word_1_224' title='bbox 2613 1606 2799 1660; x_wconf 90' lang='lat' dir='ltr'><strong>corde.</strong></span> <span class='ocrx_word' id='word_1_225' title='bbox 2835 1605 2956 1659; x_wconf 81' lang='lat' dir='ltr'><strong>Non</strong></span> <span class='ocrx_word' id='word_1_226' title='bbox 2987 1615 3174 1659; x_wconf 83' lang='lat' dir='ltr'><strong>erant</strong></span> <span class='ocrx_word' id='word_1_227' title='bbox 3231 1605 3417 1659; x_wconf 83' lang='lat' dir='ltr'><strong>verba</strong></span> <span class='ocrx_word' id='word_1_228' title='bbox 3457 1603 3576 1672; x_wconf 81' lang='lat' dir='ltr'><strong>ejus</strong></span> <span class='ocrx_word' id='word_1_229' title='bbox 3609 1601 3769 1654; x_wconf 81' lang='lat' dir='ltr'><strong>mollia</strong></span> 
     </span>
    </p>
   </div>
   <div class='ocr_carea' id='block_1_31' title="bbox 2150 1693 3769 1764">
    <p class='ocr_par' dir='ltr' id='par_1_31' title="bbox 2150 1693 3769 1764">
     <span class='ocr_line' id='line_1_31' title="bbox 2150 1693 3769 1764; baseline -0.003 -15"><span class='ocrx_word' id='word_1_230' title='bbox 2150 1697 2202 1749; x_wconf 92' lang='lat' dir='ltr'><strong>in</strong></span> <span class='ocrx_word' id='word_1_231' title='bbox 2240 1698 2413 1760; x_wconf 91' lang='lat' dir='ltr'><strong>labiis,</strong></span> <span class='ocrx_word' id='word_1_232' title='bbox 2464 1697 2643 1764; x_wconf 85' lang='lat' dir='ltr'><strong>jacula</strong></span> <span class='ocrx_word' id='word_1_233' title='bbox 2686 1711 2819 1750; x_wconf 90' lang='lat' dir='ltr'><strong>vero</strong></span> <span class='ocrx_word' id='word_1_234' title='bbox 2878 1697 2932 1749; x_wconf 87' lang='lat' dir='ltr'><strong>in</strong></span> <span class='ocrx_word' id='word_1_235' title='bbox 2988 1695 3260 1756; x_wconf 86' lang='lat' dir='ltr'><strong>occulto,</strong></span> <span class='ocrx_word' id='word_1_236' title='bbox 3315 1693 3769 1764; x_wconf 75' lang='lat' dir='ltr'><strong>quentadmttdutn</strong></span> 
     </span>
    </p>
   </div>
   <div class='ocr_carea' id='block_1_32' title="bbox 2153 1786 3772 1856">
    <p class='ocr_par' dir='ltr' id='par_1_32' title="bbox 2153 1786 3772 1856">
     <span class='ocr_line' id='line_1_32' title="bbox 2153 1786 3772 1856; baseline 0 -16"><span class='ocrx_word' id='word_1_237' title='bbox 2153 1804 2292 1842; x_wconf 91' lang='lat' dir='ltr'><strong>nunc</strong></span> <span class='ocrx_word' id='word_1_238' title='bbox 2323 1797 2447 1840; x_wconf 87' lang='lat' dir='ltr'><strong>sttnt</strong></span> <span class='ocrx_word' id='word_1_239' title='bbox 2472 1788 2852 1856; x_wconf 89' lang='lat' dir='ltr'><strong>plurimorum,</strong></span> <span class='ocrx_word' id='word_1_240' title='bbox 2897 1786 3416 1856; x_wconf 83' lang='lat' dir='ltr'><strong>quemadmodum</strong></span> <span class='ocrx_word' id='word_1_241' title='bbox 3460 1796 3588 1840; x_wconf 88' lang='lat' dir='ltr'><strong>sunt</strong></span> <span class='ocrx_word' id='word_1_242' title='bbox 3627 1788 3772 1840; x_wconf 88' lang='lat' dir='ltr'><strong>innu-</strong></span> 
     </span>
    </p>
   </div>
   <div class='ocr_carea' id='block_1_33' title="bbox 519 1859 3775 1946">
    <p class='ocr_par' dir='ltr' id='par_1_33' title="bbox 519 1859 3775 1946">
     <span class='ocr_line' id='line_1_33' title="bbox 519 1859 3775 1946; baseline 0.003 -30"><span class='ocrx_word' id='word_1_243' title='bbox 519 1864 1033 1920; x_wconf 85' lang='lat' dir='ltr'><strong>eonversationibus.</strong></span> <span class='ocrx_word' id='word_1_244' title='bbox 1054 1866 1106 1920; x_wconf 89' lang='lat' dir='ltr'><strong>In</strong></span> <span class='ocrx_word' id='word_1_245' title='bbox 1135 1868 1278 1920; x_wconf 88' lang='lat' dir='ltr'><strong>omni</strong></span> <span class='ocrx_word' id='word_1_246' title='bbox 1309 1867 1651 1921; x_wconf 84' lang='lat' dir='ltr'><strong>nihilominus</strong></span> <span class='ocrx_word' id='word_1_247' title='bbox 1677 1869 1788 1922; x_wconf 90' lang='lat' dir='ltr'><strong>vita</strong></span> <span class='ocrx_word' id='word_1_248' title='bbox 1815 1884 1908 1922; x_wconf 84' lang='lat' dir='ltr'><strong>sua</strong></span> <span class='ocrx_word' id='word_1_249' title='bbox 1934 1878 2050 1922; x_wconf 89' lang='lat' dir='ltr'><strong>erat</strong></span> <span class='ocrx_word' id='word_1_250' title='bbox 2081 1859 2121 1913; x_wconf 88' lang='grc' dir='ltr'>Β</span> <span class='ocrx_word' id='word_1_251' title='bbox 2150 1877 2510 1940; x_wconf 84' lang='lat' dir='ltr'><strong>merabilium,</strong></span> <span class='ocrx_word' id='word_1_252' title='bbox 2541 1879 2607 1932; x_wconf 90' lang='lat' dir='ltr'><strong>de</strong></span> <span class='ocrx_word' id='word_1_253' title='bbox 2635 1877 2832 1946; x_wconf 82' lang='lat' dir='ltr'><strong>quibus</strong></span> <span class='ocrx_word' id='word_1_254' title='bbox 2868 1878 3087 1930; x_wconf 91' lang='lat' dir='ltr'><strong>dicitur</strong></span> <span class='ocrx_word' id='word_1_255' title='bbox 3121 1897 3135 1930; x_wconf 91' lang='lat'><strong>:</strong></span> <span class='ocrx_word' id='word_1_256' title='bbox 3171 1875 3386 1929; x_wconf 79' lang='lat' dir='ltr'><strong>Molles</strong></span> <span class='ocrx_word' id='word_1_257' title='bbox 3425 1875 3640 1943; x_wconf 75' lang='lat' dir='ltr'><strong>fuerunt</strong></span> <span class='ocrx_word' id='word_1_258' title='bbox 3675 1892 3775 1930; x_wconf 77' lang='lat' dir='ltr'><strong>ser.</strong></span> 
     </span>
    </p>
   </div>
   <div class='ocr_carea' id='block_1_34' title="bbox 518 1953 2050 2025">
    <p class='ocr_par' dir='ltr' id='par_1_34' title="bbox 518 1953 2050 2025">
     <span class='ocr_line' id='line_1_34' title="bbox 518 1953 2050 2025; baseline 0.003 -19"><span class='ocrx_word' id='word_1_259' title='bbox 518 1953 634 2006; x_wconf 89' lang='lat' dir='ltr'><strong>sine</strong></span> <span class='ocrx_word' id='word_1_260' title='bbox 658 1953 890 2020; x_wconf 86' lang='lat' dir='ltr'><strong>querela.</strong></span> <span class='ocrx_word' id='word_1_261' title='bbox 943 1954 1019 2008; x_wconf 91' lang='lat' dir='ltr'><strong>lta</strong></span> <span class='ocrx_word' id='word_1_262' title='bbox 1056 1956 1256 2010; x_wconf 86' lang='lat' dir='ltr'><strong>dictum</strong></span> <span class='ocrx_word' id='word_1_263' title='bbox 1287 1967 1369 2011; x_wconf 89' lang='lat' dir='ltr'><strong>est</strong></span> <span class='ocrx_word' id='word_1_264' title='bbox 1397 1967 1516 2025; x_wconf 90' lang='lat' dir='ltr'><strong>post</strong></span> <span class='ocrx_word' id='word_1_265' title='bbox 1547 1958 1648 2011; x_wconf 91' lang='lat' dir='ltr'><strong>hoc</strong></span> <span class='ocrx_word' id='word_1_266' title='bbox 1695 1961 1760 2010; x_wconf 89' lang='lat' dir='ltr'><strong>de</strong></span> <span class='ocrx_word' id='word_1_267' title='bbox 1806 1958 2050 2011; x_wconf 87' lang='lat' dir='ltr'><strong>Samuele</strong></span> 
     </span>
    </p>
   </div>
   <div class='ocr_carea' id='block_1_35' title="bbox 518 2044 2045 2114">
    <p class='ocr_par' dir='ltr' id='par_1_35' title="bbox 518 2044 2045 2114">
     <span class='ocr_line' id='line_1_35' title="bbox 518 2044 2045 2114; baseline 0.003 -18"><span class='ocrx_word' id='word_1_268' title='bbox 518 2045 573 2096; x_wconf 84' lang='lat' dir='ltr'><strong>in</strong></span> <span class='ocrx_word' id='word_1_269' title='bbox 607 2044 853 2099; x_wconf 77' lang='lat' dir='ltr'><strong>laudibus</strong></span> <span class='ocrx_word' id='word_1_270' title='bbox 874 2056 1082 2113; x_wconf 87' lang='lat' dir='ltr'><strong>patrum</strong></span> <span class='ocrx_word' id='word_1_271' title='bbox 1111 2065 1123 2100; x_wconf 92' lang='lat'>:</span> <span class='ocrx_word' id='word_1_272' title='bbox 1158 2047 1222 2099; x_wconf 84' lang='lat' dir='ltr'><strong>Et</strong></span> <span class='ocrx_word' id='word_1_273' title='bbox 1246 2065 1344 2100; x_wconf 83' lang='lat' dir='ltr'><strong>non</strong></span> <span class='ocrx_word' id='word_1_274' title='bbox 1371 2049 1685 2114; x_wconf 77' lang='lat' dir='ltr'><strong>reprehendit</strong></span> <span class='ocrx_word' id='word_1_275' title='bbox 1708 2048 1857 2100; x_wconf 88' lang='lat' dir='ltr'><strong>homo</strong></span> <span class='ocrx_word' id='word_1_276' title='bbox 1877 2049 2045 2113; x_wconf 78' lang='lat' dir='ltr'><strong>illum,</strong></span> 
     </span>
    </p>
   </div>
   <div class='ocr_carea' id='block_1_36' title="bbox 518 2130 2050 2207">
    <p class='ocr_par' dir='ltr' id='par_1_36' title="bbox 518 2130 2050 2207">
     <span class='ocr_line' id='line_1_36' title="bbox 518 2130 2050 2207; baseline 0.007 -24"><span class='ocrx_word' id='word_1_277' title='bbox 518 2130 573 2184; x_wconf 88' lang='lat' dir='ltr'><strong>id</strong></span> <span class='ocrx_word' id='word_1_278' title='bbox 616 2142 717 2196; x_wconf 89' lang='lat' dir='ltr'><strong>est,</strong></span> <span class='ocrx_word' id='word_1_279' title='bbox 774 2148 877 2186; x_wconf 90' lang='lat' dir='ltr'><strong>non</strong></span> <span class='ocrx_word' id='word_1_280' title='bbox 910 2135 1220 2188; x_wconf 87' lang='lat' dir='ltr'><strong>criminatus</strong></span> <span class='ocrx_word' id='word_1_281' title='bbox 1261 2146 1343 2189; x_wconf 89' lang='lat' dir='ltr'><strong>est</strong></span> <span class='ocrx_word' id='word_1_282' title='bbox 1371 2137 1516 2189; x_wconf 92' lang='lat' dir='ltr'><strong>illum</strong></span> <span class='ocrx_word' id='word_1_283' title='bbox 1570 2138 1747 2203; x_wconf 83' lang='lat' dir='ltr'><strong>homo,</strong></span> <span class='ocrx_word' id='word_1_284' title='bbox 1779 2141 1904 2207; x_wconf 89' lang='lat' dir='ltr'><strong>quia</strong></span> <span class='ocrx_word' id='word_1_285' title='bbox 1934 2150 2050 2193; x_wconf 89' lang='lat' dir='ltr'><strong>erat</strong></span> 
     </span>
    </p>
   </div>
   <div class='ocr_carea' id='block_1_37' title="bbox 514 2220 2048 2297">
    <p class='ocr_par' dir='ltr' id='par_1_37' title="bbox 514 2220 2048 2297">
     <span class='ocr_line' id='line_1_37' title="bbox 514 2220 2048 2297; baseline 0.008 -25"><span class='ocrx_word' id='word_1_286' title='bbox 514 2220 634 2273; x_wconf 80' lang='lat' dir='ltr'><strong>sine</strong></span> <span class='ocrx_word' id='word_1_287' title='bbox 660 2223 893 2290; x_wconf 88' lang='lat' dir='ltr'><strong>querela,</strong></span> <span class='ocrx_word' id='word_1_288' title='bbox 927 2226 1063 2279; x_wconf 90' lang='lat' dir='ltr'><strong>sicut</strong></span> <span class='ocrx_word' id='word_1_289' title='bbox 1094 2235 1148 2279; x_wconf 86' lang='lat' dir='ltr'><strong>et</strong></span> <span class='ocrx_word' id='word_1_290' title='bbox 1175 2226 1299 2279; x_wconf 90' lang='lat' dir='ltr'><strong>olim</strong></span> <span class='ocrx_word' id='word_1_291' title='bbox 1321 2225 1442 2279; x_wconf 82' lang='lat' dir='ltr'><strong>Job.</strong></span> <span class='ocrx_word' id='word_1_292' title='bbox 1469 2226 1531 2278; x_wconf 91' lang='lat' dir='ltr'><strong>Et</strong></span> <span class='ocrx_word' id='word_1_293' title='bbox 1561 2229 1702 2282; x_wconf 91' lang='lat' dir='ltr'><strong>unde</strong></span> <span class='ocrx_word' id='word_1_294' title='bbox 1730 2229 2048 2297; x_wconf 76' lang='lat' dir='ltr'><strong>invenithoc</strong></span> 
     </span>
    </p>
   </div>
   <div class='ocr_carea' id='block_1_38' title="bbox 513 2307 2048 2386">
    <p class='ocr_par' dir='ltr' id='par_1_38' title="bbox 513 2307 2048 2386">
     <span class='ocr_line' id='line_1_38' title="bbox 513 2307 2048 2386; baseline 0.007 -22"><span class='ocrx_word' id='word_1_295' title='bbox 513 2307 614 2365; x_wconf 88' lang='lat' dir='ltr'><strong>Job</strong></span> <span class='ocrx_word' id='word_1_296' title='bbox 637 2323 692 2364; x_wconf 90' lang='lat' dir='ltr'><strong>ut</strong></span> <span class='ocrx_word' id='word_1_297' title='bbox 716 2325 859 2368; x_wconf 89' lang='lat' dir='ltr'><strong>esset</strong></span> <span class='ocrx_word' id='word_1_298' title='bbox 885 2315 999 2370; x_wconf 91' lang='lat' dir='ltr'><strong>sine</strong></span> <span class='ocrx_word' id='word_1_299' title='bbox 1021 2316 1279 2370; x_wconf 88' lang='lat' dir='ltr'><strong>crimine?</strong></span> <span class='ocrx_word' id='word_1_300' title='bbox 1305 2317 1379 2370; x_wconf 86' lang='lat' dir='ltr'><strong>Ex</strong></span> <span class='ocrx_word' id='word_1_301' title='bbox 1407 2318 1506 2371; x_wconf 90' lang='lat' dir='ltr'><strong>hoc</strong></span> <span class='ocrx_word' id='word_1_302' title='bbox 1529 2317 1757 2380; x_wconf 89' lang='lat' dir='ltr'><strong>invenit,</strong></span> <span class='ocrx_word' id='word_1_303' title='bbox 1779 2321 1901 2386; x_wconf 89' lang='lat' dir='ltr'><strong>quia</strong></span> <span class='ocrx_word' id='word_1_304' title='bbox 1930 2329 2048 2374; x_wconf 86' lang='lat' dir='ltr'><strong>erat</strong></span> 
     </span>
    </p>
   </div>
   <div class='ocr_carea' id='block_1_39' title="bbox 511 2400 2046 2474">
    <p class='ocr_par' dir='ltr' id='par_1_39' title="bbox 511 2400 2046 2474">
     <span class='ocr_line' id='line_1_39' title="bbox 511 2400 2046 2474; baseline 0.007 -22"><span class='ocrx_word' id='word_1_305' title='bbox 511 2400 708 2467; x_wconf 84' lang='lat' dir='ltr'><strong>justus.</strong></span> <span class='ocrx_word' id='word_1_306' title='bbox 741 2404 817 2456; x_wconf 89' lang='lat' dir='ltr'><strong>Ex</strong></span> <span class='ocrx_word' id='word_1_307' title='bbox 853 2406 951 2458; x_wconf 92' lang='lat' dir='ltr'><strong>hoc</strong></span> <span class='ocrx_word' id='word_1_308' title='bbox 982 2407 1202 2471; x_wconf 79' lang='lat' dir='ltr'><strong>invenit,</strong></span> <span class='ocrx_word' id='word_1_309' title='bbox 1233 2408 1354 2474; x_wconf 88' lang='lat' dir='ltr'><strong>quia</strong></span> <span class='ocrx_word' id='word_1_310' title='bbox 1386 2423 1413 2458; x_wconf 92' lang='lat' dir='ltr'><strong>a</strong></span> <span class='ocrx_word' id='word_1_311' title='bbox 1437 2407 1644 2474; x_wconf 87' lang='lat' dir='ltr'><strong>justitia</strong></span> <span class='ocrx_word' id='word_1_312' title='bbox 1675 2424 1779 2464; x_wconf 90' lang='lat' dir='ltr'><strong>non</strong></span> <span class='ocrx_word' id='word_1_313' title='bbox 1810 2411 2046 2464; x_wconf 85' lang='lat' dir='ltr'><strong>declina-</strong></span> 
     </span>
    </p>
   </div>
   <div class='ocr_carea' id='block_1_40' title="bbox 513 2492 2041 2567">
    <p class='ocr_par' dir='ltr' id='par_1_40' title="bbox 513 2492 2041 2567">
     <span class='ocr_line' id='line_1_40' title="bbox 513 2492 2041 2567; baseline 0.005 -24"><span class='ocrx_word' id='word_1_314' title='bbox 513 2493 610 2546; x_wconf 88' lang='lat' dir='ltr'><strong>vit.</strong></span> <span class='ocrx_word' id='word_1_315' title='bbox 648 2492 723 2546; x_wconf 83' lang='lat' dir='ltr'><strong>Ex</strong></span> <span class='ocrx_word' id='word_1_316' title='bbox 759 2495 860 2549; x_wconf 89' lang='lat' dir='ltr'><strong>hoc</strong></span> <span class='ocrx_word' id='word_1_317' title='bbox 889 2495 1107 2560; x_wconf 85' lang='lat' dir='ltr'><strong>invenit,</strong></span> <span class='ocrx_word' id='word_1_318' title='bbox 1135 2499 1257 2565; x_wconf 89' lang='lat' dir='ltr'><strong>quia</strong></span> <span class='ocrx_word' id='word_1_319' title='bbox 1295 2499 1552 2563; x_wconf 85' lang='lat' dir='ltr'><strong>justitiam</strong></span> <span class='ocrx_word' id='word_1_320' title='bbox 1602 2515 1708 2553; x_wconf 94' lang='lat' dir='ltr'><strong>non</strong></span> <span class='ocrx_word' id='word_1_321' title='bbox 1741 2499 2041 2567; x_wconf 85' lang='lat' dir='ltr'><strong>dereliquit,</strong></span> 
     </span>
    </p>
   </div>
   <div class='ocr_carea' id='block_1_41' title="bbox 513 2581 2034 2656">
    <p class='ocr_par' dir='ltr' id='par_1_41' title="bbox 513 2581 2034 2656">
     <span class='ocr_line' id='line_1_41' title="bbox 513 2581 2034 2656; baseline 0.012 -26"><span class='ocrx_word' id='word_1_322' title='bbox 513 2581 637 2646; x_wconf 87' lang='lat' dir='ltr'><strong>quia</strong></span> <span class='ocrx_word' id='word_1_323' title='bbox 669 2597 696 2634; x_wconf 91' lang='lat' dir='ltr'><strong>a</strong></span> <span class='ocrx_word' id='word_1_324' title='bbox 718 2581 924 2647; x_wconf 91' lang='lat' dir='ltr'><strong>justitia</strong></span> <span class='ocrx_word' id='word_1_325' title='bbox 952 2600 1052 2639; x_wconf 92' lang='lat' dir='ltr'><strong>non</strong></span> <span class='ocrx_word' id='word_1_326' title='bbox 1084 2587 1347 2652; x_wconf 84' lang='lat' dir='ltr'><strong>discessit,</strong></span> <span class='ocrx_word' id='word_1_327' title='bbox 1378 2589 1774 2656; x_wconf 88' lang='lat' dir='ltr'><strong>quiajustitiam</strong></span> <span class='ocrx_word' id='word_1_328' title='bbox 1819 2609 1921 2647; x_wconf 92' lang='lat' dir='ltr'><strong>non</strong></span> <span class='ocrx_word' id='word_1_329' title='bbox 1948 2597 2034 2648; x_wconf 85' lang='lat' dir='ltr'><strong>de-</strong></span> 
     </span>
    </p>
   </div>
   <div class='ocr_carea' id='block_1_42' title="bbox 511 2673 2044 2748">
    <p class='ocr_par' dir='ltr' id='par_1_42' title="bbox 511 2673 2044 2748">
     <span class='ocr_line' id='line_1_42' title="bbox 511 2673 2044 2748; baseline 0.011 -27"><span class='ocrx_word' id='word_1_330' title='bbox 511 2674 706 2738; x_wconf 82' lang='lat' dir='ltr'><strong>spexit.</strong></span> <span class='ocrx_word' id='word_1_331' title='bbox 737 2673 938 2728; x_wconf 90' lang='lat' dir='ltr'><strong>Idcirco</strong></span> <span class='ocrx_word' id='word_1_332' title='bbox 972 2687 1250 2744; x_wconf 86' lang='lat' dir='ltr'><strong>postquam</strong></span> <span class='ocrx_word' id='word_1_333' title='bbox 1294 2683 1409 2733; x_wconf 91' lang='lat' dir='ltr'><strong>sine</strong></span> <span class='ocrx_word' id='word_1_334' title='bbox 1437 2681 1652 2748; x_wconf 90' lang='lat' dir='ltr'><strong>querela</strong></span> <span class='ocrx_word' id='word_1_335' title='bbox 1687 2682 1831 2736; x_wconf 91' lang='lat' dir='ltr'><strong>illum</strong></span> <span class='ocrx_word' id='word_1_336' title='bbox 1862 2695 2044 2740; x_wconf 93' lang='lat' dir='ltr'><strong>osten-</strong></span> 
     </span>
    </p>
   </div>
   <div class='ocr_carea' id='block_1_43' title="bbox 512 2761 2044 2838">
    <p class='ocr_par' dir='ltr' id='par_1_43' title="bbox 512 2761 2044 2838">
     <span class='ocr_line' id='line_1_43' title="bbox 512 2761 2044 2838; baseline 0.01 -25"><span class='ocrx_word' id='word_1_337' title='bbox 512 2761 606 2823; x_wconf 88' lang='lat' dir='ltr'><strong>dit,</strong></span> <span class='ocrx_word' id='word_1_338' title='bbox 626 2774 744 2830; x_wconf 88' lang='lat' dir='ltr'><strong>post</strong></span> <span class='ocrx_word' id='word_1_339' title='bbox 769 2764 868 2818; x_wconf 86' lang='lat' dir='ltr'><strong>hoc</strong></span> <span class='ocrx_word' id='word_1_340' title='bbox 896 2765 1240 2821; x_wconf 89' lang='lat' dir='ltr'><strong>nihilominus</strong></span> <span class='ocrx_word' id='word_1_341' title='bbox 1260 2768 1422 2821; x_wconf 87' lang='lat' dir='ltr'><strong>etiam</strong></span> <span class='ocrx_word' id='word_1_342' title='bbox 1441 2769 1641 2838; x_wconf 81' lang='lat' dir='ltr'><strong>justum</strong></span> <span class='ocrx_word' id='word_1_343' title='bbox 1666 2771 1810 2824; x_wconf 86' lang='lat' dir='ltr'><strong>illum</strong></span> <span class='ocrx_word' id='word_1_344' title='bbox 1824 2775 2044 2828; x_wconf 84' lang='lat' dir='ltr'><strong>demon-</strong></span> 
     </span>
    </p>
   </div>
   <div class='ocr_carea' id='block_1_44' title="bbox 509 2853 2043 2931">
    <p class='ocr_par' dir='ltr' id='par_1_44' title="bbox 509 2853 2043 2931">
     <span class='ocr_line' id='line_1_44' title="bbox 509 2853 2043 2931; baseline 0.011 -29"><span class='ocrx_word' id='word_1_345' title='bbox 509 2858 687 2906; x_wconf 86' lang='lat' dir='ltr'><strong>strans</strong></span> <span class='ocrx_word' id='word_1_346' title='bbox 737 2853 886 2918; x_wconf 92' lang='lat' dir='ltr'><strong>dicit,</strong></span> <span class='ocrx_word' id='word_1_347' title='bbox 925 2854 1040 2908; x_wconf 86' lang='lat' dir='ltr'><strong>sine</strong></span> <span class='ocrx_word' id='word_1_348' title='bbox 1071 2858 1289 2924; x_wconf 87' lang='lat' dir='ltr'><strong>querela</strong></span> <span class='ocrx_word' id='word_1_349' title='bbox 1334 2857 1535 2927; x_wconf 79' lang='lat' dir='ltr'><strong>justus.</strong></span> <span class='ocrx_word' id='word_1_350' title='bbox 1559 2858 1740 2916; x_wconf 87' lang='lat' dir='ltr'><strong>Justus</strong></span> <span class='ocrx_word' id='word_1_351' title='bbox 1779 2871 1893 2916; x_wconf 90' lang='lat' dir='ltr'><strong>erat</strong></span> <span class='ocrx_word' id='word_1_352' title='bbox 1920 2865 2043 2931; x_wconf 88' lang='lat' dir='ltr'><strong>quia</strong></span> 
     </span>
    </p>
   </div>
   <div class='ocr_carea' id='block_1_45' title="bbox 508 2939 2041 3020">
    <p class='ocr_par' dir='ltr' id='par_1_45' title="bbox 508 2939 2041 3020">
     <span class='ocr_line' id='line_1_45' title="bbox 508 2939 2041 3020; baseline 0.011 -29"><span class='ocrx_word' id='word_1_353' title='bbox 508 2939 627 2995; x_wconf 89' lang='lat' dir='ltr'><strong>sine</strong></span> <span class='ocrx_word' id='word_1_354' title='bbox 661 2943 886 2999; x_wconf 89' lang='lat' dir='ltr'><strong>crimine</strong></span> <span class='ocrx_word' id='word_1_355' title='bbox 917 2954 1057 3010; x_wconf 89' lang='lat' dir='ltr'><strong>erat,</strong></span> <span class='ocrx_word' id='word_1_356' title='bbox 1089 2955 1142 2999; x_wconf 92' lang='lat' dir='ltr'><strong>et</strong></span> <span class='ocrx_word' id='word_1_357' title='bbox 1172 2947 1286 3000; x_wconf 89' lang='lat' dir='ltr'><strong>sine</strong></span> <span class='ocrx_word' id='word_1_358' title='bbox 1311 2949 1526 3016; x_wconf 86' lang='lat' dir='ltr'><strong>querela</strong></span> <span class='ocrx_word' id='word_1_359' title='bbox 1552 2960 1690 3016; x_wconf 91' lang='lat' dir='ltr'><strong>erat,</strong></span> <span class='ocrx_word' id='word_1_360' title='bbox 1714 2952 1833 3020; x_wconf 86' lang='lat' dir='ltr'><strong>quia</strong></span> <span class='ocrx_word' id='word_1_361' title='bbox 1865 2952 2041 3020; x_wconf 68' lang='lat' dir='ltr'><strong>justus</strong></span> 
     </span>
    </p>
   </div>
   <div class='ocr_carea' id='block_1_46' title="bbox 507 3035 2040 3110">
    <p class='ocr_par' dir='ltr' id='par_1_46' title="bbox 507 3035 2040 3110">
     <span class='ocr_line' id='line_1_46' title="bbox 507 3035 2040 3110; baseline 0.007 -24"><span class='ocrx_word' id='word_1_362' title='bbox 507 3043 842 3099; x_wconf 78' lang='lat' dir='ltr'><strong>nuncupatus</strong></span> <span class='ocrx_word' id='word_1_363' title='bbox 863 3043 965 3088; x_wconf 90' lang='lat' dir='ltr'><strong>est.</strong></span> <span class='ocrx_word' id='word_1_364' title='bbox 1000 3035 1065 3088; x_wconf 93' lang='lat' dir='ltr'><strong>Et</strong></span> <span class='ocrx_word' id='word_1_365' title='bbox 1089 3045 1206 3089; x_wconf 87' lang='lat' dir='ltr'><strong>erat</strong></span> <span class='ocrx_word' id='word_1_366' title='bbox 1233 3037 1390 3090; x_wconf 90' lang='lat' dir='ltr'><strong>homo</strong></span> <span class='ocrx_word' id='word_1_367' title='bbox 1415 3037 1502 3091; x_wconf 86' lang='lat' dir='ltr'><strong>ille</strong></span> <span class='ocrx_word' id='word_1_368' title='bbox 1535 3041 1650 3092; x_wconf 89' lang='lat' dir='ltr'><strong>sine</strong></span> <span class='ocrx_word' id='word_1_369' title='bbox 1679 3043 1892 3108; x_wconf 88' lang='lat' dir='ltr'><strong>querela</strong></span> <span class='ocrx_word' id='word_1_370' title='bbox 1953 3043 2040 3110; x_wconf 84' lang='lat' dir='ltr'><strong>ju-</strong></span> 
     </span>
    </p>
   </div>
   <div class='ocr_carea' id='block_1_47' title="bbox 2148 1968 3768 2037">
    <p class='ocr_par' dir='ltr' id='par_1_47' title="bbox 2148 1968 3768 2037">
     <span class='ocr_line' id='line_1_47' title="bbox 2148 1968 3768 2037; baseline 0.003 -18"><span class='ocrx_word' id='word_1_371' title='bbox 2148 1985 2322 2020; x_wconf 84' lang='lat' dir='ltr'><strong>mones</strong></span> <span class='ocrx_word' id='word_1_372' title='bbox 2347 1985 2508 2035; x_wconf 84' lang='lat' dir='ltr'><strong>super</strong></span> <span class='ocrx_word' id='word_1_373' title='bbox 2533 1969 2726 2033; x_wconf 85' lang='lat' dir='ltr'><strong>oleum,</strong></span> <span class='ocrx_word' id='word_1_374' title='bbox 2751 1981 2798 2022; x_wconf 90' lang='lat' dir='ltr'><strong>et</strong></span> <span class='ocrx_word' id='word_1_375' title='bbox 2828 1970 2935 2034; x_wconf 86' lang='lat' dir='ltr'><strong>ipsi</strong></span> <span class='ocrx_word' id='word_1_376' title='bbox 2961 1979 3099 2021; x_wconf 80' lang='lat' dir='ltr'><strong>sunt</strong></span> <span class='ocrx_word' id='word_1_377' title='bbox 3122 1968 3348 2037; x_wconf 87' lang='lat' dir='ltr'><strong>jacula</strong></span> <span class='ocrx_word' id='word_1_378' title='bbox 3378 1970 3452 2023; x_wconf 78' lang='grc'><strong>¹¹.</strong></span> <span class='ocrx_word' id='word_1_379' title='bbox 3481 1968 3545 2021; x_wconf 87' lang='grc' dir='ltr'><strong>Ει</strong></span> <span class='ocrx_word' id='word_1_380' title='bbox 3569 1971 3768 2024; x_wconf 86' lang='lat' dir='ltr'><strong>adhuc:</strong></span> 
     </span>
    </p>
   </div>
   <div class='ocr_carea' id='block_1_48' title="bbox 2151 2058 3771 2128">
    <p class='ocr_par' dir='ltr' id='par_1_48' title="bbox 2151 2058 3771 2128">
     <span class='ocr_line' id='line_1_48' title="bbox 2151 2058 3771 2128; baseline 0.004 -19"><span class='ocrx_word' id='word_1_381' title='bbox 2151 2058 2398 2111; x_wconf 74' lang='lat' dir='ltr'><strong>Proximo</strong></span> <span class='ocrx_word' id='word_1_382' title='bbox 2433 2075 2527 2112; x_wconf 88' lang='lat' dir='ltr'><strong>suo</strong></span> <span class='ocrx_word' id='word_1_383' title='bbox 2561 2061 2794 2128; x_wconf 83' lang='lat' dir='ltr'><strong>loquitur</strong></span> <span class='ocrx_word' id='word_1_384' title='bbox 2823 2061 2990 2123; x_wconf 85' lang='lat' dir='ltr'><strong>bona,</strong></span> <span class='ocrx_word' id='word_1_385' title='bbox 3025 2070 3085 2113; x_wconf 84' lang='lat' dir='ltr'><strong>et</strong></span> <span class='ocrx_word' id='word_1_386' title='bbox 3118 2063 3288 2113; x_wconf 80' lang='lat' dir='ltr'><strong>intra</strong></span> <span class='ocrx_word' id='word_1_387' title='bbox 3326 2076 3387 2113; x_wconf 85' lang='lat' dir='ltr'><strong>se</strong></span> <span class='ocrx_word' id='word_1_388' title='bbox 3430 2058 3586 2114; x_wconf 79' lang='lat' dir='ltr'><strong>habet</strong></span> <span class='ocrx_word' id='word_1_389' title='bbox 3620 2063 3771 2120; x_wconf 81' lang='lat' dir='ltr'><strong>mala.</strong></span> 
     </span>
    </p>
   </div>
   <div class='ocr_carea' id='block_1_49' title="bbox 2149 2148 3772 2214">
    <p class='ocr_par' dir='ltr' id='par_1_49' title="bbox 2149 2148 3772 2214">
     <span class='ocr_line' id='line_1_49' title="bbox 2149 2148 3772 2214; baseline 0.004 -15"><span class='ocrx_word' id='word_1_390' title='bbox 2149 2148 2209 2199; x_wconf 83' lang='lat' dir='ltr'><strong>Et</strong></span> <span class='ocrx_word' id='word_1_391' title='bbox 2233 2149 2358 2201; x_wconf 87' lang='lat' dir='ltr'><strong>alibi</strong></span> <span class='ocrx_word' id='word_1_392' title='bbox 2387 2166 2400 2201; x_wconf 87' lang='lat'><strong>:</strong></span> <span class='ocrx_word' id='word_1_393' title='bbox 2434 2149 2499 2200; x_wconf 84' lang='lat' dir='ltr'><strong>In</strong></span> <span class='ocrx_word' id='word_1_394' title='bbox 2539 2149 2691 2203; x_wconf 81' lang='lat' dir='ltr'><strong>labiis</strong></span> <span class='ocrx_word' id='word_1_395' title='bbox 2727 2152 2836 2203; x_wconf 88' lang='lat' dir='ltr'><strong>suis</strong></span> <span class='ocrx_word' id='word_1_396' title='bbox 2884 2151 3132 2203; x_wconf 80' lang='lat' dir='ltr'><strong>blandus</strong></span> <span class='ocrx_word' id='word_1_397' title='bbox 3198 2152 3476 2205; x_wconf 84' lang='lat' dir='ltr'><strong>obdulcat</strong></span> <span class='ocrx_word' id='word_1_398' title='bbox 3520 2154 3772 2214; x_wconf 79' lang='lat' dir='ltr'><strong>inimicus,</strong></span> 
     </span>
    </p>
   </div>
   <div class='ocr_carea' id='block_1_50' title="bbox 2144 2239 3776 2297">
    <p class='ocr_par' dir='ltr' id='par_1_50' title="bbox 2144 2239 3776 2297">
     <span class='ocr_line' id='line_1_50' title="bbox 2144 2239 3776 2297; baseline 0.005 -8"><span class='ocrx_word' id='word_1_399' title='bbox 2144 2239 2196 2290; x_wconf 84' lang='lat' dir='ltr'><strong>in</strong></span> <span class='ocrx_word' id='word_1_400' title='bbox 2229 2239 2380 2291; x_wconf 76' lang='lat' dir='ltr'><strong>corde</strong></span> <span class='ocrx_word' id='word_1_401' title='bbox 2421 2255 2515 2290; x_wconf 88' lang='lat' dir='ltr'><strong>suo</strong></span> <span class='ocrx_word' id='word_1_402' title='bbox 2558 2255 2674 2292; x_wconf 69' lang='lat' dir='ltr'><strong>vero</strong></span> <span class='ocrx_word' id='word_1_403' title='bbox 2731 2241 3030 2293; x_wconf 83' lang='lat' dir='ltr'><strong>insidiatur</strong></span> <span class='ocrx_word' id='word_1_404' title='bbox 3058 2243 3135 2295; x_wconf 81' lang='lat'><strong>”.</strong></span> <span class='ocrx_word' id='word_1_405' title='bbox 3183 2243 3310 2297; x_wconf 87' lang='lat' dir='ltr'><strong>Sed</strong></span> <span class='ocrx_word' id='word_1_406' title='bbox 3369 2258 3484 2296; x_wconf 91' lang='lat' dir='ltr'><strong>non</strong></span> <span class='ocrx_word' id='word_1_407' title='bbox 3521 2251 3640 2296; x_wconf 89' lang='lat' dir='ltr'><strong>erat</strong></span> <span class='ocrx_word' id='word_1_408' title='bbox 3666 2244 3776 2297; x_wconf 87' lang='lat' dir='ltr'><strong>talis</strong></span> 
     </span>
    </p>
   </div>
   <div class='ocr_carea' id='block_1_51' title="bbox 2145 2325 3776 2401">
    <p class='ocr_par' dir='ltr' id='par_1_51' title="bbox 2145 2325 3776 2401">
     <span class='ocr_line' id='line_1_51' title="bbox 2145 2325 3776 2401; baseline 0.004 -21"><span class='ocrx_word' id='word_1_409' title='bbox 2145 2326 2333 2380; x_wconf 86' lang='lat' dir='ltr'><strong>beatus</strong></span> <span class='ocrx_word' id='word_1_410' title='bbox 2356 2325 2478 2393; x_wconf 89' lang='lat' dir='ltr'><strong>Job,</strong></span> <span class='ocrx_word' id='word_1_411' title='bbox 2508 2329 2599 2381; x_wconf 88' lang='lat' dir='ltr'><strong>sed</strong></span> <span class='ocrx_word' id='word_1_412' title='bbox 2620 2344 2786 2382; x_wconf 91' lang='lat' dir='ltr'><strong>verax</strong></span> <span class='ocrx_word' id='word_1_413' title='bbox 2819 2340 3173 2394; x_wconf 86' lang='lat' dir='ltr'><strong>erat,verax</strong></span> <span class='ocrx_word' id='word_1_414' title='bbox 3219 2343 3430 2401; x_wconf 89' lang='lat' dir='ltr'><strong>utpote</strong></span> <span class='ocrx_word' id='word_1_415' title='bbox 3459 2349 3655 2388; x_wconf 78' lang='lat' dir='ltr'><strong>servus</strong></span> <span class='ocrx_word' id='word_1_416' title='bbox 3671 2336 3776 2399; x_wconf 78' lang='lat' dir='ltr'><strong>ejus</strong></span> 
     </span>
    </p>
   </div>
   <div class='ocr_carea' id='block_1_52' title="bbox 2145 2418 3776 2495">
    <p class='ocr_par' dir='ltr' id='par_1_52' title="bbox 2145 2418 3776 2495">
     <span class='ocr_line' id='line_1_52' title="bbox 2145 2418 3776 2495; baseline 0.006 -25"><span class='ocrx_word' id='word_1_417' title='bbox 2145 2418 2208 2470; x_wconf 91' lang='lat' dir='ltr'><strong>de</strong></span> <span class='ocrx_word' id='word_1_418' title='bbox 2253 2432 2364 2485; x_wconf 90' lang='lat' dir='ltr'><strong>quo</strong></span> <span class='ocrx_word' id='word_1_419' title='bbox 2411 2418 2631 2481; x_wconf 92' lang='lat' dir='ltr'><strong>dicitur,</strong></span> <span class='ocrx_word' id='word_1_420' title='bbox 2665 2419 2750 2473; x_wconf 85' lang='lat' dir='ltr'><strong>Sit</strong></span> <span class='ocrx_word' id='word_1_421' title='bbox 2784 2420 2925 2474; x_wconf 82' lang='lat' dir='ltr'><strong>Deus</strong></span> <span class='ocrx_word' id='word_1_422' title='bbox 2981 2439 3162 2477; x_wconf 68' lang='lat' dir='ltr'><strong>verax</strong></span> <span class='ocrx_word' id='word_1_423' title='bbox 3197 2425 3252 2456; x_wconf 75' lang='lat'>“</span> <span class='ocrx_word' id='word_1_424' title='bbox 3288 2443 3302 2478; x_wconf 93' lang='lat'>:</span> <span class='ocrx_word' id='word_1_425' title='bbox 3357 2435 3628 2495; x_wconf 88' lang='lat' dir='ltr'><strong>tanquam</strong></span> <span class='ocrx_word' id='word_1_426' title='bbox 3663 2441 3776 2480; x_wconf 84' lang='lat' dir='ltr'><strong>vere</strong></span> 
     </span>
    </p>
   </div>
   <div class='ocr_carea' id='block_1_53' title="bbox 2143 2507 3774 2578">
    <p class='ocr_par' dir='ltr' id='par_1_53' title="bbox 2143 2507 3774 2578">
     <span class='ocr_line' id='line_1_53' title="bbox 2143 2507 3774 2578; baseline 0.004 -18"><span class='ocrx_word' id='word_1_427' title='bbox 2143 2520 2330 2560; x_wconf 90' lang='lat' dir='ltr'><strong>servus</strong></span> <span class='ocrx_word' id='word_1_428' title='bbox 2359 2507 2502 2561; x_wconf 91' lang='lat' dir='ltr'><strong>illius</strong></span> <span class='ocrx_word' id='word_1_429' title='bbox 2529 2509 2592 2562; x_wconf 91' lang='lat' dir='ltr'><strong>de</strong></span> <span class='ocrx_word' id='word_1_430' title='bbox 2623 2524 2730 2578; x_wconf 91' lang='lat' dir='ltr'><strong>quo</strong></span> <span class='ocrx_word' id='word_1_431' title='bbox 2759 2511 2971 2564; x_wconf 90' lang='lat' dir='ltr'><strong>dietum</strong></span> <span class='ocrx_word' id='word_1_432' title='bbox 3007 2524 3100 2567; x_wconf 85' lang='lat' dir='ltr'><strong>est</strong></span> <span class='ocrx_word' id='word_1_433' title='bbox 3135 2528 3158 2566; x_wconf 89' lang='lat'><strong>:</strong></span> <span class='ocrx_word' id='word_1_434' title='bbox 3203 2514 3354 2569; x_wconf 75' lang='lat' dir='ltr'><strong>Hcce</strong></span> <span class='ocrx_word' id='word_1_435' title='bbox 3386 2528 3468 2569; x_wconf 81' lang='lat' dir='ltr'><strong>est</strong></span> <span class='ocrx_word' id='word_1_436' title='bbox 3507 2518 3616 2570; x_wconf 79' lang='lat' dir='ltr'><strong>vita</strong></span> <span class='ocrx_word' id='word_1_437' title='bbox 3637 2527 3774 2570; x_wconf 78' lang='lat' dir='ltr'><strong>(Btcr-</strong></span> 
     </span>
    </p>
   </div>
   <div class='ocr_carea' id='block_1_54' title="bbox 2143 2600 3773 2676">
    <p class='ocr_par' dir='ltr' id='par_1_54' title="bbox 2143 2600 3773 2676">
     <span class='ocr_line' id='line_1_54' title="bbox 2143 2600 3773 2676; baseline 0.01 -31"><span class='ocrx_word' id='word_1_438' title='bbox 2143 2609 2233 2657; x_wconf 86' lang='lat' dir='ltr'><strong>na,</strong></span> <span class='ocrx_word' id='word_1_439' title='bbox 2273 2605 2327 2647; x_wconf 88' lang='lat' dir='ltr'><strong>ut</strong></span> <span class='ocrx_word' id='word_1_440' title='bbox 2369 2608 2680 2664; x_wconf 83' lang='lat' dir='ltr'><strong>cognoscant</strong></span> <span class='ocrx_word' id='word_1_441' title='bbox 2729 2610 2778 2652; x_wconf 83' lang='lat' dir='ltr'><strong>te</strong></span> <span class='ocrx_word' id='word_1_442' title='bbox 2821 2600 3000 2653; x_wconf 86' lang='lat' dir='ltr'><strong>solum</strong></span> <span class='ocrx_word' id='word_1_443' title='bbox 3049 2619 3265 2658; x_wconf 82' lang='lat' dir='ltr'><strong>verum</strong></span> <span class='ocrx_word' id='word_1_444' title='bbox 3315 2606 3526 2670; x_wconf 86' lang='lat' dir='ltr'><strong>Deum,</strong></span> <span class='ocrx_word' id='word_1_445' title='bbox 3553 2617 3602 2660; x_wconf 85' lang='lat' dir='ltr'><strong>ct</strong></span> <span class='ocrx_word' id='word_1_446' title='bbox 3641 2624 3773 2676; x_wconf 78' lang='lat' dir='ltr'><strong>quem</strong></span> 
     </span>
    </p>
   </div>
   <div class='ocr_carea' id='block_1_55' title="bbox 2142 2685 3782 2764">
    <p class='ocr_par' dir='ltr' id='par_1_55' title="bbox 2142 2685 3782 2764">
     <span class='ocr_line' id='line_1_55' title="bbox 2142 2685 3782 2764; baseline 0.009 -29"><span class='ocrx_word' id='word_1_447' title='bbox 2142 2685 2327 2738; x_wconf 78' lang='lat' dir='ltr'><strong>misisti</strong></span> <span class='ocrx_word' id='word_1_448' title='bbox 2369 2685 2550 2739; x_wconf 82' lang='lat' dir='ltr'><strong>Jesum</strong></span> <span class='ocrx_word' id='word_1_449' title='bbox 2579 2688 2844 2742; x_wconf 79' lang='lat' dir='ltr'><strong>Christum</strong></span> <span class='ocrx_word' id='word_1_450' title='bbox 2870 2691 2939 2747; x_wconf 71' lang='lat'><strong>“.</strong></span> <span class='ocrx_word' id='word_1_451' title='bbox 2981 2691 3132 2746; x_wconf 89' lang='lat' dir='ltr'><strong>Cum</strong></span> <span class='ocrx_word' id='word_1_452' title='bbox 3174 2711 3333 2764; x_wconf 84' lang='lat' dir='ltr'><strong>ergo</strong></span> <span class='ocrx_word' id='word_1_453' title='bbox 3364 2709 3523 2751; x_wconf 86' lang='lat' dir='ltr'><strong>esset</strong></span> <span class='ocrx_word' id='word_1_454' title='bbox 3555 2700 3664 2752; x_wconf 88' lang='lat' dir='ltr'><strong>veri</strong></span> <span class='ocrx_word' id='word_1_455' title='bbox 3695 2699 3782 2753; x_wconf 74' lang='lat' dir='ltr'><strong>Dei</strong></span> 
     </span>
    </p>
   </div>
   <div class='ocr_carea' id='block_1_56' title="bbox 2143 2787 3774 2854">
    <p class='ocr_par' dir='ltr' id='par_1_56' title="bbox 2143 2787 3774 2854">
     <span class='ocr_line' id='line_1_56' title="bbox 2143 2787 3774 2854; baseline 0.008 -21"><span class='ocrx_word' id='word_1_456' title='bbox 2143 2793 2330 2834; x_wconf 88' lang='lat' dir='ltr'><strong>servus</strong></span> <span class='ocrx_word' id='word_1_457' title='bbox 2371 2791 2552 2840; x_wconf 84' lang='lat' dir='ltr'><strong>verax,</strong></span> <span class='ocrx_word' id='word_1_458' title='bbox 2585 2790 2702 2832; x_wconf 89' lang='lat' dir='ltr'><strong>erat</strong></span> <span class='ocrx_word' id='word_1_459' title='bbox 2747 2796 2944 2847; x_wconf 81' lang='lat' dir='ltr'><strong>verax,</strong></span> <span class='ocrx_word' id='word_1_460' title='bbox 2975 2800 3082 2839; x_wconf 89' lang='lat' dir='ltr'><strong>nec</strong></span> <span class='ocrx_word' id='word_1_461' title='bbox 3119 2787 3268 2854; x_wconf 90' lang='lat' dir='ltr'><strong>ipse</strong></span> <span class='ocrx_word' id='word_1_462' title='bbox 3317 2791 3640 2854; x_wconf 89' lang='lat' dir='ltr'><strong>mentiens,</strong></span> <span class='ocrx_word' id='word_1_463' title='bbox 3689 2805 3774 2846; x_wconf 78' lang='lat' dir='ltr'><strong>nec</strong></span> 
     </span>
    </p>
   </div>
   <div class='ocr_carea' id='block_1_57' title="bbox 2140 2869 3781 2946">
    <p class='ocr_par' dir='ltr' id='par_1_57' title="bbox 2140 2869 3781 2946">
     <span class='ocr_line' id='line_1_57' title="bbox 2140 2869 3781 2946; baseline 0.01 -24"><span class='ocrx_word' id='word_1_464' title='bbox 2140 2869 2431 2922; x_wconf 88' lang='lat' dir='ltr'><strong>mendaciis</strong></span> <span class='ocrx_word' id='word_1_465' title='bbox 2469 2872 2909 2938; x_wconf 79' lang='lat' dir='ltr'><strong>communicatis,</strong></span> <span class='ocrx_word' id='word_1_466' title='bbox 2953 2889 3064 2928; x_wconf 88' lang='lat' dir='ltr'><strong>nec</strong></span> <span class='ocrx_word' id='word_1_467' title='bbox 3127 2877 3274 2946; x_wconf 83' lang='lat' dir='ltr'><strong>ipse</strong></span> <span class='ocrx_word' id='word_1_468' title='bbox 3340 2883 3648 2945; x_wconf 88' lang='lat' dir='ltr'><strong>mentiens,</strong></span> <span class='ocrx_word' id='word_1_469' title='bbox 3691 2899 3781 2938; x_wconf 81' lang='lat' dir='ltr'><strong>nec</strong></span> 
     </span>
    </p>
   </div>
   <div class='ocr_carea' id='block_1_58' title="bbox 2140 2957 3773 3035">
    <p class='ocr_par' dir='ltr' id='par_1_58' title="bbox 2140 2957 3773 3035">
     <span class='ocr_line' id='line_1_58' title="bbox 2140 2957 3773 3035; baseline 0.01 -25"><span class='ocrx_word' id='word_1_470' title='bbox 2140 2957 2260 3010; x_wconf 90' lang='lat' dir='ltr'><strong>aliis</strong></span> <span class='ocrx_word' id='word_1_471' title='bbox 2291 2957 2570 3011; x_wconf 89' lang='lat' dir='ltr'><strong>mendacia</strong></span> <span class='ocrx_word' id='word_1_472' title='bbox 2603 2974 2905 3027; x_wconf 80' lang='lat' dir='ltr'><strong>congruere</strong></span> <span class='ocrx_word' id='word_1_473' title='bbox 2939 2966 3340 3030; x_wconf 85' lang='lat' dir='ltr'><strong>permittens.</strong></span> <span class='ocrx_word' id='word_1_474' title='bbox 3371 2971 3564 3025; x_wconf 83' lang='lat' dir='ltr'><strong>Verax</strong></span> <span class='ocrx_word' id='word_1_475' title='bbox 3594 2973 3647 3025; x_wconf 91' lang='lat' dir='ltr'><strong>in</strong></span> <span class='ocrx_word' id='word_1_476' title='bbox 3668 2987 3773 3035; x_wconf 82' lang='lat' dir='ltr'><strong>ore,</strong></span> 
     </span>
    </p>
   </div>
   <div class='ocr_carea' id='block_1_59' title="bbox 2138 3049 3774 3124">
    <p class='ocr_par' dir='ltr' id='par_1_59' title="bbox 2138 3049 3774 3124">
     <span class='ocr_line' id='line_1_59' title="bbox 2138 3049 3774 3124; baseline 0.012 -25"><span class='ocrx_word' id='word_1_477' title='bbox 2138 3049 2379 3113; x_wconf 60' lang='lat' dir='ltr'><strong>veraxain</strong></span> <span class='ocrx_word' id='word_1_478' title='bbox 2407 3051 2589 3112; x_wconf 90' lang='lat' dir='ltr'><strong>corde,</strong></span> <span class='ocrx_word' id='word_1_479' title='bbox 2612 3065 2775 3104; x_wconf 85' lang='lat' dir='ltr'><strong>verax</strong></span> <span class='ocrx_word' id='word_1_480' title='bbox 2809 3053 2861 3105; x_wconf 91' lang='lat' dir='ltr'><strong>in</strong></span> <span class='ocrx_word' id='word_1_481' title='bbox 2892 3056 3378 3124; x_wconf 85' lang='lat' dir='ltr'><strong>cogitationibus</strong></span> <span class='ocrx_word' id='word_1_482' title='bbox 3413 3074 3475 3118; x_wconf 91' lang='lat' dir='ltr'><strong>et</strong></span> <span class='ocrx_word' id='word_1_483' title='bbox 3537 3080 3698 3120; x_wconf 83' lang='lat' dir='ltr'><strong>verax</strong></span> <span class='ocrx_word' id='word_1_484' title='bbox 3729 3068 3774 3119; x_wconf 92' lang='lat' dir='ltr'><strong>in</strong></span> 
     </span>
    </p>
   </div>
   <div class='ocr_carea' id='block_1_60' title="bbox 508 3123 3774 3222">
    <p class='ocr_par' dir='ltr' id='par_1_60' title="bbox 508 3123 3774 3222">
     <span class='ocr_line' id='line_1_60' title="bbox 508 3123 3774 3222; baseline 0.01 -45"><span class='ocrx_word' id='word_1_485' title='bbox 508 3132 624 3177; x_wconf 90' lang='lat' dir='ltr'><strong>stus</strong></span> <span class='ocrx_word' id='word_1_486' title='bbox 659 3123 710 3176; x_wconf 94' lang='lat' dir='ltr'><strong>in</strong></span> <span class='ocrx_word' id='word_1_487' title='bbox 736 3123 974 3191; x_wconf 87' lang='lat' dir='ltr'><strong>judiciis,</strong></span> <span class='ocrx_word' id='word_1_488' title='bbox 1002 3123 1179 3189; x_wconf 83' lang='lat' dir='ltr'><strong>justus</strong></span> <span class='ocrx_word' id='word_1_489' title='bbox 1233 3125 1284 3177; x_wconf 92' lang='lat' dir='ltr'><strong>in</strong></span> <span class='ocrx_word' id='word_1_490' title='bbox 1328 3128 1524 3190; x_wconf 87' lang='lat' dir='ltr'><strong>causis,</strong></span> <span class='ocrx_word' id='word_1_491' title='bbox 1541 3127 1716 3193; x_wconf 88' lang='lat' dir='ltr'><strong>justus</strong></span> <span class='ocrx_word' id='word_1_492' title='bbox 1743 3130 2036 3199; x_wconf 81' lang='lat' dir='ltr'><strong>inlegibus,</strong></span> <span class='ocrx_word' id='word_1_493' title='bbox 2067 3165 2108 3222; x_wconf 65' lang='grc' dir='ltr'>ο</span> <span class='ocrx_word' id='word_1_494' title='bbox 2142 3139 2601 3205; x_wconf 87' lang='lat' dir='ltr'><strong>responsionibus,</strong></span> <span class='ocrx_word' id='word_1_495' title='bbox 2626 3154 2789 3194; x_wconf 83' lang='lat' dir='ltr'><strong>verax</strong></span> <span class='ocrx_word' id='word_1_496' title='bbox 2825 3142 2890 3196; x_wconf 85' lang='lat' dir='ltr'><strong>in</strong></span> <span class='ocrx_word' id='word_1_497' title='bbox 2922 3123 3120 3200; x_wconf 87' lang='lat' dir='ltr'><strong>verbis</strong></span> <span class='ocrx_word' id='word_1_498' title='bbox 3173 3159 3243 3204; x_wconf 89' lang='lat' dir='ltr'><strong>et</strong></span> <span class='ocrx_word' id='word_1_499' title='bbox 3305 3167 3491 3207; x_wconf 89' lang='lat' dir='ltr'><strong>verax</strong></span> <span class='ocrx_word' id='word_1_500' title='bbox 3523 3155 3580 3208; x_wconf 94' lang='lat' dir='ltr'><strong>in</strong></span> <span class='ocrx_word' id='word_1_501' title='bbox 3613 3157 3774 3217; x_wconf 72' lang='lat' dir='ltr'><strong>factis,</strong></span> 
     </span>
    </p>
   </div>
   <div class='ocr_carea' id='block_1_61' title="bbox 503 3212 2040 3280">
    <p class='ocr_par' dir='ltr' id='par_1_61' title="bbox 503 3212 2040 3280">
     <span class='ocr_line' id='line_1_61' title="bbox 503 3212 2040 3280; baseline 0.007 -15"><span class='ocrx_word' id='word_1_502' title='bbox 503 3212 677 3280; x_wconf 83' lang='lat' dir='ltr'><strong>justus</strong></span> <span class='ocrx_word' id='word_1_503' title='bbox 721 3215 774 3266; x_wconf 92' lang='lat' dir='ltr'><strong>in</strong></span> <span class='ocrx_word' id='word_1_504' title='bbox 830 3214 1266 3270; x_wconf 90' lang='lat' dir='ltr'><strong>ordinationibus.</strong></span> <span class='ocrx_word' id='word_1_505' title='bbox 1313 3217 1442 3269; x_wconf 87' lang='lat' dir='ltr'><strong>Nam</strong></span> <span class='ocrx_word' id='word_1_506' title='bbox 1497 3233 1614 3272; x_wconf 90' lang='lat' dir='ltr'><strong>eum</strong></span> <span class='ocrx_word' id='word_1_507' title='bbox 1667 3227 1798 3272; x_wconf 90' lang='lat' dir='ltr'><strong>esset</strong></span> <span class='ocrx_word' id='word_1_508' title='bbox 1841 3222 1944 3274; x_wconf 89' lang='lat' dir='ltr'><strong>dux</strong></span> <span class='ocrx_word' id='word_1_509' title='bbox 1975 3237 2040 3278; x_wconf 88' lang='lat' dir='ltr'><strong>ac</strong></span> 
     </span>
    </p>
   </div>
   <div class='ocr_carea' id='block_1_62' title="bbox 507 3302 2039 3379">
    <p class='ocr_par' dir='ltr' id='par_1_62' title="bbox 507 3302 2039 3379">
     <span class='ocr_line' id='line_1_62' title="bbox 507 3302 2039 3379; baseline 0.008 -26"><span class='ocrx_word' id='word_1_510' title='bbox 507 3303 758 3370; x_wconf 74' lang='lat' dir='ltr'><strong>princeps</strong></span> <span class='ocrx_word' id='word_1_511' title='bbox 783 3302 1067 3368; x_wconf 77' lang='lat' dir='ltr'><strong>provincia:</strong></span> <span class='ocrx_word' id='word_1_512' title='bbox 1097 3317 1227 3368; x_wconf 70' lang='lat' dir='ltr'><strong>suae,</strong></span> <span class='ocrx_word' id='word_1_513' title='bbox 1259 3315 1314 3358; x_wconf 91' lang='lat' dir='ltr'><strong>et</strong></span> <span class='ocrx_word' id='word_1_514' title='bbox 1337 3310 1478 3375; x_wconf 86' lang='lat' dir='ltr'><strong>leges</strong></span> <span class='ocrx_word' id='word_1_515' title='bbox 1520 3310 1718 3373; x_wconf 87' lang='lat' dir='ltr'><strong>sanxit,</strong></span> <span class='ocrx_word' id='word_1_516' title='bbox 1752 3321 1805 3362; x_wconf 91' lang='lat' dir='ltr'><strong>et</strong></span> <span class='ocrx_word' id='word_1_517' title='bbox 1840 3311 2039 3379; x_wconf 84' lang='lat' dir='ltr'><strong>judicia</strong></span> 
     </span>
    </p>
   </div>
   <div class='ocr_carea' id='block_1_63' title="bbox 503 3389 2047 3471">
    <p class='ocr_par' dir='ltr' id='par_1_63' title="bbox 503 3389 2047 3471">
     <span class='ocr_line' id='line_1_63' title="bbox 503 3389 2047 3471; baseline 0.008 -30"><span class='ocrx_word' id='word_1_518' title='bbox 503 3389 784 3458; x_wconf 79' lang='lat' dir='ltr'><strong>judicavit.</strong></span> <span class='ocrx_word' id='word_1_519' title='bbox 817 3389 920 3442; x_wconf 91' lang='lat' dir='ltr'><strong>Sed</strong></span> <span class='ocrx_word' id='word_1_520' title='bbox 945 3391 1128 3457; x_wconf 89' lang='lat' dir='ltr'><strong>procul</strong></span> <span class='ocrx_word' id='word_1_521' title='bbox 1157 3391 1316 3446; x_wconf 88' lang='lat' dir='ltr'><strong>dubio</strong></span> <span class='ocrx_word' id='word_1_522' title='bbox 1337 3396 1478 3461; x_wconf 89' lang='lat' dir='ltr'><strong>quod</strong></span> <span class='ocrx_word' id='word_1_523' title='bbox 1493 3398 1669 3449; x_wconf 91' lang='lat' dir='ltr'><strong>omnia</strong></span> <span class='ocrx_word' id='word_1_524' title='bbox 1693 3397 1836 3465; x_wconf 85' lang='lat' dir='ltr'><strong>juste</strong></span> <span class='ocrx_word' id='word_1_525' title='bbox 1862 3402 2047 3471; x_wconf 86' lang='lat' dir='ltr'><strong>dispo-..</strong></span> 
     </span>
    </p>
   </div>
   <div class='ocr_carea' id='block_1_64' title="bbox 509 3478 2034 3560">
    <p class='ocr_par' dir='ltr' id='par_1_64' title="bbox 509 3478 2034 3560">
     <span class='ocr_line' id='line_1_64' title="bbox 509 3478 2034 3560; baseline 0.01 -28"><span class='ocrx_word' id='word_1_526' title='bbox 509 3479 677 3532; x_wconf 88' lang='lat' dir='ltr'><strong>suerit</strong></span> <span class='ocrx_word' id='word_1_527' title='bbox 699 3488 752 3532; x_wconf 91' lang='lat' dir='ltr'><strong>et</strong></span> <span class='ocrx_word' id='word_1_528' title='bbox 775 3478 1113 3545; x_wconf 65' lang='lat' dir='ltr'><strong>iudicaverit,</strong></span> <span class='ocrx_word' id='word_1_529' title='bbox 1133 3490 1294 3549; x_wconf 90' lang='lat' dir='ltr'><strong>atque</strong></span> <span class='ocrx_word' id='word_1_530' title='bbox 1310 3483 1728 3541; x_wconf 91' lang='lat' dir='ltr'><strong>misericorditer</strong></span> <span class='ocrx_word' id='word_1_531' title='bbox 1748 3490 2034 3560; x_wconf 76' lang='lat' dir='ltr'><strong>deﬁnierit,</strong></span> 
     </span>
    </p>
   </div>
   <div class='ocr_carea' id='block_1_65' title="bbox 509 3567 2039 3644">
    <p class='ocr_par' dir='ltr' id='par_1_65' title="bbox 509 3567 2039 3644">
     <span class='ocr_line' id='line_1_65' title="bbox 509 3567 2039 3644; baseline 0.012 -26"><span class='ocrx_word' id='word_1_532' title='bbox 509 3579 614 3619; x_wconf 88' lang='lat' dir='ltr'><strong>non</strong></span> <span class='ocrx_word' id='word_1_533' title='bbox 647 3567 904 3620; x_wconf 87' lang='lat' dir='ltr'><strong>reveritus</strong></span> <span class='ocrx_word' id='word_1_534' title='bbox 934 3583 1356 3636; x_wconf 88' lang='lat' dir='ltr'><strong>personam,non</strong></span> <span class='ocrx_word' id='word_1_535' title='bbox 1381 3575 1649 3642; x_wconf 89' lang='lat' dir='ltr'><strong>accipiens</strong></span> <span class='ocrx_word' id='word_1_536' title='bbox 1671 3591 1908 3644; x_wconf 89' lang='lat' dir='ltr'><strong>munera,</strong></span> <span class='ocrx_word' id='word_1_537' title='bbox 1935 3598 2039 3636; x_wconf 90' lang='lat' dir='ltr'><strong>non</strong></span> 
     </span>
    </p>
   </div>
   <div class='ocr_carea' id='block_1_66' title="bbox 507 3654 2039 3738">
    <p class='ocr_par' dir='ltr' id='par_1_66' title="bbox 507 3654 2039 3738">
     <span class='ocr_line' id='line_1_66' title="bbox 507 3654 2039 3738; baseline 0.012 -32"><span class='ocrx_word' id='word_1_538' title='bbox 507 3654 784 3709; x_wconf 88' lang='lat' dir='ltr'><strong>ambulans</strong></span> <span class='ocrx_word' id='word_1_539' title='bbox 813 3666 929 3720; x_wconf 87' lang='lat' dir='ltr'><strong>post</strong></span> <span class='ocrx_word' id='word_1_540' title='bbox 956 3657 1351 3727; x_wconf 86' lang='lat' dir='ltr'><strong>retributiones,</strong></span> <span class='ocrx_word' id='word_1_541' title='bbox 1367 3677 1471 3715; x_wconf 92' lang='lat' dir='ltr'><strong>non</strong></span> <span class='ocrx_word' id='word_1_542' title='bbox 1496 3664 1796 3733; x_wconf 86' lang='lat' dir='ltr'><strong>despiciens</strong></span> <span class='ocrx_word' id='word_1_543' title='bbox 1819 3684 2039 3738; x_wconf 82' lang='lat' dir='ltr'><strong>oppres-</strong></span> 
     </span>
    </p>
   </div>
   <div class='ocr_carea' id='block_1_67' title="bbox 507 3749 2039 3829">
    <p class='ocr_par' dir='ltr' id='par_1_67' title="bbox 507 3749 2039 3829">
     <span class='ocr_line' id='line_1_67' title="bbox 507 3749 2039 3829; baseline 0.012 -31"><span class='ocrx_word' id='word_1_544' title='bbox 507 3757 648 3808; x_wconf 80' lang='lat' dir='ltr'><strong>sum,</strong></span> <span class='ocrx_word' id='word_1_545' title='bbox 677 3757 778 3796; x_wconf 77' lang='lat' dir='ltr'><strong>nun</strong></span> <span class='ocrx_word' id='word_1_546' title='bbox 807 3759 1061 3812; x_wconf 88' lang='lat' dir='ltr'><strong>spernens</strong></span> <span class='ocrx_word' id='word_1_547' title='bbox 1086 3749 1318 3816; x_wconf 83' lang='lat' dir='ltr'><strong>viduam,</strong></span> <span class='ocrx_word' id='word_1_548' title='bbox 1361 3767 1464 3806; x_wconf 91' lang='lat' dir='ltr'><strong>non</strong></span> <span class='ocrx_word' id='word_1_549' title='bbox 1495 3755 1818 3812; x_wconf 88' lang='lat' dir='ltr'><strong>obliviscens</strong></span> <span class='ocrx_word' id='word_1_550' title='bbox 1842 3762 2039 3829; x_wconf 85' lang='lat' dir='ltr'><strong>orpha-</strong></span> 
     </span>
    </p>
   </div>
   <div class='ocr_carea' id='block_1_68' title="bbox 508 3835 2034 3916">
    <p class='ocr_par' dir='ltr' id='par_1_68' title="bbox 508 3835 2034 3916">
     <span class='ocr_line' id='line_1_68' title="bbox 508 3835 2034 3916; baseline 0.012 -31"><span class='ocrx_word' id='word_1_551' title='bbox 508 3847 635 3885; x_wconf 88' lang='lat' dir='ltr'><strong>num</strong></span> <span class='ocrx_word' id='word_1_552' title='bbox 661 3849 678 3889; x_wconf 87' lang='lat'><strong>:</strong></span> <span class='ocrx_word' id='word_1_553' title='bbox 709 3849 803 3901; x_wconf 90' lang='lat' dir='ltr'><strong>pro</strong></span> <span class='ocrx_word' id='word_1_554' title='bbox 833 3835 916 3887; x_wconf 90' lang='lat' dir='ltr'><strong>his</strong></span> <span class='ocrx_word' id='word_1_555' title='bbox 947 3849 1074 3903; x_wconf 77' lang='lat' dir='ltr'><strong>ergo</strong></span> <span class='ocrx_word' id='word_1_556' title='bbox 1116 3838 1390 3904; x_wconf 90' lang='lat' dir='ltr'><strong>omnibus,</strong></span> <span class='ocrx_word' id='word_1_557' title='bbox 1427 3849 1478 3894; x_wconf 93' lang='lat' dir='ltr'><strong>et</strong></span> <span class='ocrx_word' id='word_1_558' title='bbox 1527 3858 1592 3896; x_wconf 88' lang='lat' dir='ltr'><strong>ex</strong></span> <span class='ocrx_word' id='word_1_559' title='bbox 1638 3845 1721 3899; x_wconf 91' lang='lat' dir='ltr'><strong>his</strong></span> <span class='ocrx_word' id='word_1_560' title='bbox 1770 3851 2034 3916; x_wconf 90' lang='lat' dir='ltr'><strong>omnibus,</strong></span> 
     </span>
    </p>
   </div>
   <div class='ocr_carea' id='block_1_69' title="bbox 508 3924 2035 4004">
    <p class='ocr_par' dir='ltr' id='par_1_69' title="bbox 508 3924 2035 4004">
     <span class='ocr_line' id='line_1_69' title="bbox 508 3924 2035 4004; baseline 0.014 -29"><span class='ocrx_word' id='word_1_561' title='bbox 508 3932 670 3992; x_wconf 86' lang='lat' dir='ltr'><strong>atque</strong></span> <span class='ocrx_word' id='word_1_562' title='bbox 703 3939 796 3990; x_wconf 91' lang='lat' dir='ltr'><strong>per</strong></span> <span class='ocrx_word' id='word_1_563' title='bbox 826 3924 938 3978; x_wconf 71' lang='lat' dir='ltr'><strong>haec</strong></span> <span class='ocrx_word' id='word_1_564' title='bbox 962 3937 1154 3986; x_wconf 87' lang='lat' dir='ltr'><strong>cuncta</strong></span> <span class='ocrx_word' id='word_1_565' title='bbox 1183 3939 1299 3982; x_wconf 87' lang='lat' dir='ltr'><strong>erat</strong></span> <span class='ocrx_word' id='word_1_566' title='bbox 1325 3930 1505 3998; x_wconf 87' lang='lat' dir='ltr'><strong>justus</strong></span> <span class='ocrx_word' id='word_1_567' title='bbox 1539 3945 1790 4004; x_wconf 89' lang='lat' dir='ltr'><strong>tanquam</strong></span> <span class='ocrx_word' id='word_1_568' title='bbox 1823 3954 2035 3996; x_wconf 89' lang='lat' dir='ltr'><strong>onmem</strong></span> 
     </span>
    </p>
   </div>
   <div class='ocr_carea' id='block_1_70' title="bbox 507 4011 2037 4095">
    <p class='ocr_par' dir='ltr' id='par_1_70' title="bbox 507 4011 2037 4095">
     <span class='ocr_line' id='line_1_70' title="bbox 507 4011 2037 4095; baseline 0.013 -31"><span class='ocrx_word' id='word_1_569' title='bbox 507 4011 820 4080; x_wconf 71' lang='lat' dir='ltr'><strong>iniustitiam</strong></span> <span class='ocrx_word' id='word_1_570' title='bbox 851 4017 1189 4081; x_wconf 85' lang='lat' dir='ltr'><strong>conculcans,</strong></span> <span class='ocrx_word' id='word_1_571' title='bbox 1217 4028 1465 4088; x_wconf 88' lang='lat' dir='ltr'><strong>tanquam</strong></span> <span class='ocrx_word' id='word_1_572' title='bbox 1487 4038 1696 4079; x_wconf 85' lang='lat' dir='ltr'><strong>omnem</strong></span> <span class='ocrx_word' id='word_1_573' title='bbox 1726 4026 2037 4095; x_wconf 89' lang='lat' dir='ltr'><strong>injustitiam</strong></span> 
     </span>
    </p>
   </div>
   <div class='ocr_carea' id='block_1_71' title="bbox 505 4103 2036 4180">
    <p class='ocr_par' dir='ltr' id='par_1_71' title="bbox 505 4103 2036 4180">
     <span class='ocr_line' id='line_1_71' title="bbox 505 4103 2036 4180; baseline 0.012 -24"><span class='ocrx_word' id='word_1_574' title='bbox 505 4103 805 4170; x_wconf 86' lang='lat' dir='ltr'><strong>eradicans,</strong></span> <span class='ocrx_word' id='word_1_575' title='bbox 833 4113 1080 4174; x_wconf 86' lang='lat' dir='ltr'><strong>tanquam</strong></span> <span class='ocrx_word' id='word_1_576' title='bbox 1110 4123 1320 4164; x_wconf 90' lang='lat' dir='ltr'><strong>omnem</strong></span> <span class='ocrx_word' id='word_1_577' title='bbox 1375 4109 1628 4180; x_wconf 87' lang='lat' dir='ltr'><strong>injustum</strong></span> <span class='ocrx_word' id='word_1_578' title='bbox 1669 4116 1952 4174; x_wconf 83' lang='lat' dir='ltr'><strong>buntilians</strong></span> <span class='ocrx_word' id='word_1_579' title='bbox 1983 4131 2036 4175; x_wconf 88' lang='lat' dir='ltr'><strong>et</strong></span> 
     </span>
    </p>
   </div>
   <div class='ocr_carea' id='block_1_72' title="bbox 505 4197 2034 4280">
    <p class='ocr_par' dir='ltr' id='par_1_72' title="bbox 505 4197 2034 4280">
     <span class='ocr_line' id='line_1_72' title="bbox 505 4197 2034 4280; baseline 0.013 -35"><span class='ocrx_word' id='word_1_580' title='bbox 505 4208 608 4246; x_wconf 91' lang='lat' dir='ltr'><strong>non</strong></span> <span class='ocrx_word' id='word_1_581' title='bbox 641 4197 952 4262; x_wconf 90' lang='lat' dir='ltr'><strong>permittens</strong></span> <span class='ocrx_word' id='word_1_582' title='bbox 979 4213 1269 4268; x_wconf 89' lang='lat' dir='ltr'><strong>emergere.</strong></span> <span class='ocrx_word' id='word_1_583' title='bbox 1301 4201 1429 4255; x_wconf 85' lang='lat' dir='ltr'><strong>Erat</strong></span> <span class='ocrx_word' id='word_1_584' title='bbox 1457 4203 1654 4271; x_wconf 88' lang='lat' dir='ltr'><strong>justus,</strong></span> <span class='ocrx_word' id='word_1_585' title='bbox 1685 4217 1865 4277; x_wconf 90' lang='lat' dir='ltr'><strong>utpote</strong></span> <span class='ocrx_word' id='word_1_586' title='bbox 1895 4212 2034 4280; x_wconf 87' lang='lat' dir='ltr'><strong>inju-</strong></span> 
     </span>
    </p>
   </div>
   <div class='ocr_carea' id='block_1_73' title="bbox 504 4283 2037 4370">
    <p class='ocr_par' dir='ltr' id='par_1_73' title="bbox 504 4283 2037 4370">
     <span class='ocr_line' id='line_1_73' title="bbox 504 4283 2037 4370; baseline 0.015 -36"><span class='ocrx_word' id='word_1_587' title='bbox 504 4283 663 4336; x_wconf 69' lang='lat' dir='ltr'><strong>stitiae</strong></span> <span class='ocrx_word' id='word_1_588' title='bbox 681 4301 781 4340; x_wconf 93' lang='lat' dir='ltr'><strong>non</strong></span> <span class='ocrx_word' id='word_1_589' title='bbox 799 4291 1214 4355; x_wconf 85' lang='lat' dir='ltr'><strong>communicans,</strong></span> <span class='ocrx_word' id='word_1_590' title='bbox 1235 4301 1412 4360; x_wconf 90' lang='lat' dir='ltr'><strong>utpote</strong></span> <span class='ocrx_word' id='word_1_591' title='bbox 1426 4294 1700 4361; x_wconf 76' lang='lat' dir='ltr'><strong>injustitize</strong></span> <span class='ocrx_word' id='word_1_592' title='bbox 1723 4315 1824 4352; x_wconf 88' lang='lat' dir='ltr'><strong>non</strong></span> <span class='ocrx_word' id='word_1_593' title='bbox 1845 4315 2037 4370; x_wconf 88' lang='lat' dir='ltr'><strong>appro-</strong></span> 
     </span>
    </p>
   </div>
   <div class='ocr_carea' id='block_1_74' title="bbox 501 4370 2035 4456">
    <p class='ocr_par' dir='ltr' id='par_1_74' title="bbox 501 4370 2035 4456">
     <span class='ocr_line' id='line_1_74' title="bbox 501 4370 2035 4456; baseline 0.016 -36"><span class='ocrx_word' id='word_1_594' title='bbox 501 4370 786 4456; x_wconf 75' lang='lat' dir='ltr'><strong>pinquans,</strong></span> <span class='ocrx_word' id='word_1_595' title='bbox 815 4385 994 4442; x_wconf 88' lang='lat' dir='ltr'><strong>utpote</strong></span> <span class='ocrx_word' id='word_1_596' title='bbox 1017 4377 1350 4446; x_wconf 73' lang='lat' dir='ltr'><strong>iniustitiam,</strong></span> <span class='ocrx_word' id='word_1_597' title='bbox 1382 4383 1502 4436; x_wconf 88' lang='lat' dir='ltr'><strong>odio</strong></span> <span class='ocrx_word' id='word_1_598' title='bbox 1527 4383 1726 4439; x_wconf 85' lang='lat' dir='ltr'><strong>habens</strong></span> <span class='ocrx_word' id='word_1_599' title='bbox 1753 4396 1909 4456; x_wconf 90' lang='lat' dir='ltr'><strong>atque</strong></span> <span class='ocrx_word' id='word_1_600' title='bbox 1938 4392 2035 4444; x_wconf 87' lang='lat' dir='ltr'><strong>ab-</strong></span> 
     </span>
    </p>
   </div>
   <div class='ocr_carea' id='block_1_75' title="bbox 502 4459 2694 4548">
    <p class='ocr_par' dir='ltr' id='par_1_75' title="bbox 502 4459 2694 4548">
     <span class='ocr_line' id='line_1_75' title="bbox 502 4459 2694 4548; baseline 0.01 -38"><span class='ocrx_word' id='word_1_601' title='bbox 502 4459 768 4514; x_wconf 86' lang='lat' dir='ltr'><strong>ominans.</strong></span> <span class='ocrx_word' id='word_1_602' title='bbox 811 4461 941 4517; x_wconf 88' lang='lat' dir='ltr'><strong>Erat</strong></span> <span class='ocrx_word' id='word_1_603' title='bbox 982 4464 1156 4530; x_wconf 84' lang='lat' dir='ltr'><strong>justus</strong></span> <span class='ocrx_word' id='word_1_604' title='bbox 1205 4471 1454 4537; x_wconf 89' lang='lat' dir='ltr'><strong>quoniam</strong></span> <span class='ocrx_word' id='word_1_605' title='bbox 1476 4471 1618 4526; x_wconf 90' lang='lat' dir='ltr'><strong>illum</strong></span> <span class='ocrx_word' id='word_1_606' title='bbox 1653 4460 1924 4544; x_wconf 83' lang='lat' dir='ltr'><strong>diligebat,</strong></span> <span class='ocrx_word' id='word_1_607' title='bbox 1969 4481 2034 4534; x_wconf 91' lang='lat' dir='ltr'><strong>de</strong></span> <span class='ocrx_word' id='word_1_608' title='bbox 2065 4491 2110 4548; x_wconf 84' lang='grc' dir='ltr'><strong>ι)</strong></span> <span class='ocrx_word' id='word_1_609' title='bbox 2137 4491 2277 4529; x_wconf 91' lang='lat' dir='ltr'><strong>mum</strong></span> <span class='ocrx_word' id='word_1_610' title='bbox 2310 4477 2524 4544; x_wconf 90' lang='lat' dir='ltr'><strong>quidem</strong></span> <span class='ocrx_word' id='word_1_611' title='bbox 2576 4479 2694 4534; x_wconf 91' lang='lat' dir='ltr'><strong>sine</strong></span> 
     </span>
    </p>
   </div>
   <div class='ocr_carea' id='block_1_76' title="bbox 503 4549 2027 4630">
    <p class='ocr_par' dir='ltr' id='par_1_76' title="bbox 503 4549 2027 4630">
     <span class='ocr_line' id='line_1_76' title="bbox 503 4549 2027 4630; baseline 0.017 -32"><span class='ocrx_word' id='word_1_612' title='bbox 503 4561 611 4614; x_wconf 90' lang='lat' dir='ltr'><strong>quo</strong></span> <span class='ocrx_word' id='word_1_613' title='bbox 657 4549 853 4604; x_wconf 87' lang='lat' dir='ltr'><strong>dicitur</strong></span> <span class='ocrx_word' id='word_1_614' title='bbox 895 4553 947 4606; x_wconf 89' lang='lat' dir='ltr'><strong>in</strong></span> <span class='ocrx_word' id='word_1_615' title='bbox 996 4559 1266 4626; x_wconf 90' lang='lat' dir='ltr'><strong>prophetis</strong></span> <span class='ocrx_word' id='word_1_616' title='bbox 1295 4578 1308 4614; x_wconf 86' lang='lat'>:</span> <span class='ocrx_word' id='word_1_617' title='bbox 1339 4558 1404 4612; x_wconf 82' lang='lat' dir='ltr'><strong>Et</strong></span> <span class='ocrx_word' id='word_1_618' title='bbox 1431 4571 1501 4614; x_wconf 85' lang='lat' dir='ltr'><strong>est</strong></span> <span class='ocrx_word' id='word_1_619' title='bbox 1531 4563 1741 4630; x_wconf 83' lang='lat' dir='ltr'><strong>justitia</strong></span> <span class='ocrx_word' id='word_1_620' title='bbox 1769 4569 2027 4624; x_wconf 80' lang='lat' dir='ltr'><strong>accinctus</strong></span> 
     </span>
    </p>
   </div>
   <div class='ocr_carea' id='block_1_77' title="bbox 501 4635 2028 4729">
    <p class='ocr_par' dir='ltr' id='par_1_77' title="bbox 501 4635 2028 4729">
     <span class='ocr_line' id='line_1_77' title="bbox 501 4635 2028 4729; baseline 0.018 -41"><span class='ocrx_word' id='word_1_621' title='bbox 501 4635 702 4729; x_wconf 65' lang='lat' dir='ltr'><strong>lumbos</strong></span> <span class='ocrx_word' id='word_1_622' title='bbox 733 4640 797 4695; x_wconf 75' lang='grc'><strong>⁸⁸.</strong></span> <span class='ocrx_word' id='word_1_623' title='bbox 823 4642 949 4696; x_wconf 89' lang='lat' dir='ltr'><strong>Erat</strong></span> <span class='ocrx_word' id='word_1_624' title='bbox 963 4643 1158 4710; x_wconf 85' lang='lat' dir='ltr'><strong>justus,</strong></span> <span class='ocrx_word' id='word_1_625' title='bbox 1183 4652 1302 4716; x_wconf 88' lang='lat' dir='ltr'><strong>quia</strong></span> <span class='ocrx_word' id='word_1_626' title='bbox 1337 4652 1386 4706; x_wconf 92' lang='lat' dir='ltr'><strong>in</strong></span> <span class='ocrx_word' id='word_1_627' title='bbox 1413 4653 1521 4707; x_wconf 88' lang='lat' dir='ltr'><strong>Deo</strong></span> <span class='ocrx_word' id='word_1_628' title='bbox 1541 4657 1810 4722; x_wconf 87' lang='lat' dir='ltr'><strong>sperabat,</strong></span> <span class='ocrx_word' id='word_1_629' title='bbox 1839 4661 1903 4713; x_wconf 90' lang='lat' dir='ltr'><strong>de</strong></span> <span class='ocrx_word' id='word_1_630' title='bbox 1925 4676 2028 4729; x_wconf 92' lang='lat' dir='ltr'><strong>quo</strong></span> 
     </span>
    </p>
   </div>
   <div class='ocr_carea' id='block_1_78' title="bbox 502 4725 2028 4818">
    <p class='ocr_par' dir='ltr' id='par_1_78' title="bbox 502 4725 2028 4818">
     <span class='ocr_line' id='line_1_78' title="bbox 502 4725 2028 4818; baseline 0.016 -40"><span class='ocrx_word' id='word_1_631' title='bbox 502 4725 699 4780; x_wconf 92' lang='lat' dir='ltr'><strong>dicitur</strong></span> <span class='ocrx_word' id='word_1_632' title='bbox 729 4745 744 4781; x_wconf 88' lang='lat'><strong>:</strong></span> <span class='ocrx_word' id='word_1_633' title='bbox 772 4729 955 4785; x_wconf 80' lang='lat' dir='ltr'><strong>Justus</strong></span> <span class='ocrx_word' id='word_1_634' title='bbox 981 4734 1251 4802; x_wconf 81' lang='lat' dir='ltr'><strong>Dominus,</strong></span> <span class='ocrx_word' id='word_1_635' title='bbox 1277 4753 1324 4794; x_wconf 87' lang='lat' dir='ltr'><strong>et</strong></span> <span class='ocrx_word' id='word_1_636' title='bbox 1356 4743 1598 4810; x_wconf 84' lang='lat' dir='ltr'><strong>justitias</strong></span> <span class='ocrx_word' id='word_1_637' title='bbox 1629 4745 1831 4810; x_wconf 72' lang='lat' dir='ltr'><strong>dilexit,</strong></span> <span class='ocrx_word' id='word_1_638' title='bbox 1861 4725 2028 4818; x_wconf 67' lang='lat' dir='ltr'><strong>a&#39;qiti-</strong></span> 
     </span>
    </p>
   </div>
   <div class='ocr_carea' id='block_1_79' title="bbox 502 4818 2022 4905">
    <p class='ocr_par' dir='ltr' id='par_1_79' title="bbox 502 4818 2022 4905">
     <span class='ocr_line' id='line_1_79' title="bbox 502 4818 2022 4905; baseline 0.018 -37"><span class='ocrx_word' id='word_1_639' title='bbox 502 4824 660 4868; x_wconf 81' lang='lat' dir='ltr'><strong>tatem</strong></span> <span class='ocrx_word' id='word_1_640' title='bbox 687 4818 811 4871; x_wconf 72' lang='lat' dir='ltr'><strong>uidit</strong></span> <span class='ocrx_word' id='word_1_641' title='bbox 853 4822 1020 4875; x_wconf 81' lang='lat' dir='ltr'><strong>vultus</strong></span> <span class='ocrx_word' id='word_1_642' title='bbox 1067 4825 1178 4892; x_wconf 82' lang='lat' dir='ltr'><strong>eius</strong></span> <span class='ocrx_word' id='word_1_643' title='bbox 1201 4830 1264 4881; x_wconf 80' lang='grc'><strong>¹⁹.</strong></span> <span class='ocrx_word' id='word_1_644' title='bbox 1289 4832 1380 4885; x_wconf 78' lang='lat' dir='ltr'><strong>Sic</strong></span> <span class='ocrx_word' id='word_1_645' title='bbox 1426 4848 1653 4904; x_wconf 89' lang='lat' dir='ltr'><strong>namque</strong></span> <span class='ocrx_word' id='word_1_646' title='bbox 1678 4847 1793 4892; x_wconf 90' lang='lat' dir='ltr'><strong>erat</strong></span> <span class='ocrx_word' id='word_1_647' title='bbox 1829 4839 2022 4905; x_wconf 86' lang='lat' dir='ltr'><strong>justus.</strong></span> 
     </span>
    </p>
   </div>
   <div class='ocr_carea' id='block_1_80' title="bbox 499 4904 2024 4994">
    <p class='ocr_par' dir='ltr' id='par_1_80' title="bbox 499 4904 2024 4994">
     <span class='ocr_line' id='line_1_80' title="bbox 499 4904 2024 4994; baseline 0.017 -36"><span class='ocrx_word' id='word_1_648' title='bbox 499 4904 594 4960; x_wconf 85' lang='lat' dir='ltr'><strong>Sic</strong></span> <span class='ocrx_word' id='word_1_649' title='bbox 626 4915 741 4959; x_wconf 90' lang='lat' dir='ltr'><strong>erat</strong></span> <span class='ocrx_word' id='word_1_650' title='bbox 781 4906 977 4975; x_wconf 88' lang='lat' dir='ltr'><strong>justus,</strong></span> <span class='ocrx_word' id='word_1_651' title='bbox 1011 4922 1068 4966; x_wconf 93' lang='lat' dir='ltr'><strong>ut</strong></span> <span class='ocrx_word' id='word_1_652' title='bbox 1112 4917 1220 4982; x_wconf 84' lang='lat' dir='ltr'><strong>ipse</strong></span> <span class='ocrx_word' id='word_1_653' title='bbox 1251 4918 1384 4972; x_wconf 90' lang='lat' dir='ltr'><strong>Deus</strong></span> <span class='ocrx_word' id='word_1_654' title='bbox 1414 4921 1507 4987; x_wconf 89' lang='lat' dir='ltr'><strong>qui</strong></span> <span class='ocrx_word' id='word_1_655' title='bbox 1547 4904 2024 4994; x_wconf 82' lang='lat' dir='ltr'><strong>cognoscitcorda,</strong></span> 
     </span>
    </p>
   </div>
   <div class='ocr_carea' id='block_1_81' title="bbox 499 4997 2027 5086">
    <p class='ocr_par' dir='ltr' id='par_1_81' title="bbox 499 4997 2027 5086">
     <span class='ocr_line' id='line_1_81' title="bbox 499 4997 2027 5086; baseline 0.018 -39"><span class='ocrx_word' id='word_1_656' title='bbox 499 4997 1083 5064; x_wconf 84' lang='lat' dir='ltr'><strong>attestareturjustitiae</strong></span> <span class='ocrx_word' id='word_1_657' title='bbox 1101 5007 1233 5072; x_wconf 90' lang='lat' dir='ltr'><strong>ejus.</strong></span> <span class='ocrx_word' id='word_1_658' title='bbox 1269 5007 1341 5061; x_wconf 83' lang='lat' dir='ltr'><strong>lta</strong></span> <span class='ocrx_word' id='word_1_659' title='bbox 1373 5021 1491 5064; x_wconf 85' lang='lat' dir='ltr'><strong>erat</strong></span> <span class='ocrx_word' id='word_1_660' title='bbox 1512 5012 1708 5080; x_wconf 90' lang='lat' dir='ltr'><strong>justus,</strong></span> <span class='ocrx_word' id='word_1_661' title='bbox 1739 5026 1798 5070; x_wconf 93' lang='lat' dir='ltr'><strong>ut</strong></span> <span class='ocrx_word' id='word_1_662' title='bbox 1825 5019 1936 5086; x_wconf 88' lang='lat' dir='ltr'><strong>ipse</strong></span> <span class='ocrx_word' id='word_1_663' title='bbox 1961 5021 2027 5075; x_wconf 92' lang='lat' dir='ltr'><strong>de</strong></span> 
     </span>
    </p>
   </div>
   <div class='ocr_carea' id='block_1_82' title="bbox 498 5087 2025 5171">
    <p class='ocr_par' dir='ltr' id='par_1_82' title="bbox 498 5087 2025 5171">
     <span class='ocr_line' id='line_1_82' title="bbox 498 5087 2025 5171; baseline 0.019 -36"><span class='ocrx_word' id='word_1_664' title='bbox 498 5087 786 5154; x_wconf 89' lang='lat' dir='ltr'><strong>semetipso</strong></span> <span class='ocrx_word' id='word_1_665' title='bbox 819 5089 1055 5144; x_wconf 89' lang='lat' dir='ltr'><strong>diceret:</strong></span> <span class='ocrx_word' id='word_1_666' title='bbox 1087 5092 1302 5151; x_wconf 72' lang='lat' dir='ltr'><strong>Iustitia</strong></span> <span class='ocrx_word' id='word_1_667' title='bbox 1343 5116 1482 5154; x_wconf 86' lang='lat' dir='ltr'><strong>cram</strong></span> <span class='ocrx_word' id='word_1_668' title='bbox 1523 5105 1756 5171; x_wconf 81' lang='lat' dir='ltr'><strong>indutus,</strong></span> <span class='ocrx_word' id='word_1_669' title='bbox 1790 5118 1837 5161; x_wconf 84' lang='lat' dir='ltr'><strong>ct</strong></span> <span class='ocrx_word' id='word_1_670' title='bbox 1869 5112 2025 5163; x_wconf 76' lang='lat' dir='ltr'><strong>vcsti-</strong></span> 
     </span>
    </p>
   </div>
   <div class='ocr_carea' id='block_1_83' title="bbox 497 5175 2028 5268">
    <p class='ocr_par' dir='ltr' id='par_1_83' title="bbox 497 5175 2028 5268">
     <span class='ocr_line' id='line_1_83' title="bbox 497 5175 2028 5268; baseline 0.016 -39"><span class='ocrx_word' id='word_1_671' title='bbox 497 5183 582 5229; x_wconf 73' lang='grc' dir='ltr'><strong>ωε</strong></span> <span class='ocrx_word' id='word_1_672' title='bbox 597 5175 802 5244; x_wconf 77' lang='lat' dir='ltr'><strong>judicio</strong></span> <span class='ocrx_word' id='word_1_673' title='bbox 831 5187 1075 5246; x_wconf 83' lang='lat' dir='ltr'><strong>tanquam</strong></span> <span class='ocrx_word' id='word_1_674' title='bbox 1097 5187 1407 5242; x_wconf 80' lang='lat' dir='ltr'><strong>vestimento.</strong></span> <span class='ocrx_word' id='word_1_675' title='bbox 1434 5191 1678 5262; x_wconf 76' lang='lat' dir='ltr'><strong>Confregi</strong></span> <span class='ocrx_word' id='word_1_676' title='bbox 1697 5197 1861 5251; x_wconf 83' lang='lat' dir='ltr'><strong>molas</strong></span> <span class='ocrx_word' id='word_1_677' title='bbox 1883 5201 2028 5268; x_wconf 83' lang='lat' dir='ltr'><strong>inju-</strong></span> 
     </span>
    </p>
   </div>
   <div class='ocr_carea' id='block_1_84' title="bbox 497 5265 2022 5350">
    <p class='ocr_par' dir='ltr' id='par_1_84' title="bbox 497 5265 2022 5350">
     <span class='ocr_line' id='line_1_84' title="bbox 497 5265 2022 5350; baseline 0.015 -32"><span class='ocrx_word' id='word_1_678' title='bbox 497 5274 715 5329; x_wconf 87' lang='lat' dir='ltr'><strong>storum,</strong></span> <span class='ocrx_word' id='word_1_679' title='bbox 741 5265 804 5316; x_wconf 86' lang='lat' dir='ltr'><strong>de</strong></span> <span class='ocrx_word' id='word_1_680' title='bbox 836 5266 1002 5319; x_wconf 86' lang='lat' dir='ltr'><strong>medio</strong></span> <span class='ocrx_word' id='word_1_681' title='bbox 1027 5281 1195 5325; x_wconf 81' lang='lat' dir='ltr'><strong>autem</strong></span> <span class='ocrx_word' id='word_1_682' title='bbox 1236 5276 1460 5331; x_wconf 83' lang='lat' dir='ltr'><strong>dentium</strong></span> <span class='ocrx_word' id='word_1_683' title='bbox 1512 5284 1720 5350; x_wconf 82' lang='lat' dir='ltr'><strong>rapinas</strong></span> <span class='ocrx_word' id='word_1_684' title='bbox 1747 5265 2022 5341; x_wconf 76' lang='lat' dir='ltr'><strong>abstuli”.</strong></span> 
     </span>
    </p>
   </div>
   <div class='ocr_carea' id='block_1_85' title="bbox 496 5355 2020 5444">
    <p class='ocr_par' dir='ltr' id='par_1_85' title="bbox 496 5355 2020 5444">
     <span class='ocr_line' id='line_1_85' title="bbox 496 5355 2020 5444; baseline 0.014 -34"><span class='ocrx_word' id='word_1_685' title='bbox 496 5355 588 5411; x_wconf 88' lang='lat' dir='ltr'><strong>Sic</strong></span> <span class='ocrx_word' id='word_1_686' title='bbox 617 5357 794 5426; x_wconf 85' lang='lat' dir='ltr'><strong>itaque</strong></span> <span class='ocrx_word' id='word_1_687' title='bbox 817 5369 933 5410; x_wconf 82' lang='lat' dir='ltr'><strong>erat</strong></span> <span class='ocrx_word' id='word_1_688' title='bbox 971 5359 1166 5428; x_wconf 86' lang='lat' dir='ltr'><strong>justus,</strong></span> <span class='ocrx_word' id='word_1_689' title='bbox 1191 5376 1248 5418; x_wconf 91' lang='lat' dir='ltr'><strong>ut</strong></span> <span class='ocrx_word' id='word_1_690' title='bbox 1272 5367 1496 5422; x_wconf 81' lang='lat' dir='ltr'><strong>formam</strong></span> <span class='ocrx_word' id='word_1_691' title='bbox 1523 5380 1682 5440; x_wconf 88' lang='lat' dir='ltr'><strong>atque</strong></span> <span class='ocrx_word' id='word_1_692' title='bbox 1724 5377 2020 5444; x_wconf 88' lang='lat' dir='ltr'><strong>exemplum</strong></span> 
     </span>
    </p>
   </div>
   <div class='ocr_carea' id='block_1_86' title="bbox 497 5443 2023 5529">
    <p class='ocr_par' dir='ltr' id='par_1_86' title="bbox 497 5443 2023 5529">
     <span class='ocr_line' id='line_1_86' title="bbox 497 5443 2023 5529; baseline 0.01 -29"><span class='ocrx_word' id='word_1_693' title='bbox 497 5443 706 5500; x_wconf 89' lang='lat' dir='ltr'><strong>Domini</strong></span> <span class='ocrx_word' id='word_1_694' title='bbox 735 5445 825 5500; x_wconf 92' lang='lat' dir='ltr'><strong>Dei</strong></span> <span class='ocrx_word' id='word_1_695' title='bbox 856 5445 906 5499; x_wconf 93' lang='lat' dir='ltr'><strong>in</strong></span> <span class='ocrx_word' id='word_1_696' title='bbox 946 5460 1003 5500; x_wconf 86' lang='lat' dir='ltr'><strong>se</strong></span> <span class='ocrx_word' id='word_1_697' title='bbox 1047 5449 1374 5520; x_wconf 90' lang='lat' dir='ltr'><strong>adimpleret,</strong></span> <span class='ocrx_word' id='word_1_698' title='bbox 1407 5456 1522 5524; x_wconf 80' lang='lat' dir='ltr'><strong>ejus</strong></span> <span class='ocrx_word' id='word_1_699' title='bbox 1546 5461 1634 5525; x_wconf 90' lang='lat' dir='ltr'><strong>qui</strong></span> <span class='ocrx_word' id='word_1_700' title='bbox 1675 5475 1794 5514; x_wconf 89' lang='lat' dir='ltr'><strong>cum</strong></span> <span class='ocrx_word' id='word_1_701' title='bbox 1828 5443 1898 5516; x_wconf 87' lang='lat' dir='ltr'><strong>sit</strong></span> <span class='ocrx_word' id='word_1_702' title='bbox 1935 5461 2023 5529; x_wconf 89' lang='lat' dir='ltr'><strong>ju-</strong></span> 
     </span>
    </p>
   </div>
   <div class='ocr_carea' id='block_1_87' title="bbox 497 5537 2022 5618">
    <p class='ocr_par' dir='ltr' id='par_1_87' title="bbox 497 5537 2022 5618">
     <span class='ocr_line' id='line_1_87' title="bbox 497 5537 2022 5618; baseline 0.013 -29"><span class='ocrx_word' id='word_1_703' title='bbox 497 5544 636 5600; x_wconf 87' lang='lat' dir='ltr'><strong>stus,</strong></span> <span class='ocrx_word' id='word_1_704' title='bbox 661 5537 897 5605; x_wconf 84' lang='lat' dir='ltr'><strong>jnstitias</strong></span> <span class='ocrx_word' id='word_1_705' title='bbox 924 5538 1123 5594; x_wconf 84' lang='lat' dir='ltr'><strong>dilexit.</strong></span> <span class='ocrx_word' id='word_1_706' title='bbox 1153 5543 1282 5600; x_wconf 86' lang='lat' dir='ltr'><strong>Cum</strong></span> <span class='ocrx_word' id='word_1_707' title='bbox 1308 5558 1482 5603; x_wconf 88' lang='lat' dir='ltr'><strong>autem</strong></span> <span class='ocrx_word' id='word_1_708' title='bbox 1511 5551 1685 5618; x_wconf 86' lang='lat' dir='ltr'><strong>justus</strong></span> <span class='ocrx_word' id='word_1_709' title='bbox 1721 5562 1880 5618; x_wconf 89' lang='lat' dir='ltr'><strong>esset,</strong></span> <span class='ocrx_word' id='word_1_710' title='bbox 1908 5565 2022 5610; x_wconf 84' lang='lat' dir='ltr'><strong>erat</strong></span> 
     </span>
    </p>
   </div>
   <div class='ocr_carea' id='block_1_88' title="bbox 496 5643 2026 5739">
    <p class='ocr_par' dir='ltr' id='par_1_88' title="bbox 496 5643 2026 5739">
     <span class='ocr_line' id='line_1_88' title="bbox 496 5643 2026 5739; baseline -0.005 0"><span class='ocrx_word' id='word_1_711' title='bbox 496 5643 935 5739; x_wconf 52' lang='lat' dir='ltr'><strong>“lilia--2135.-</strong></span> <span class='ocrx_word' id='word_1_712' title='bbox 1011 5650 1370 5739; x_wconf 64' lang='lat' dir='ltr'><strong>‘Z.P.s:&quot;.&#39;-x»,§.-</strong></span> <span class='ocrx_word' id='word_1_713' title='bbox 1447 5658 2026 5729; x_wconf 50' lang='lat' dir='ltr'><strong>“tabulam”.</strong></span> 
     </span>
    </p>
   </div>
   <div class='ocr_carea' id='block_1_89' title="bbox 565 5709 1381 5786">
    <p class='ocr_par' dir='ltr' id='par_1_89' title="bbox 565 5709 1381 5786">
     <span class='ocr_line' id='line_1_89' title="bbox 565 5709 1381 5786; baseline 0.017 -20"><span class='ocrx_word' id='word_1_714' title='bbox 565 5709 718 5768; x_wconf 78' lang='lat' dir='ltr'><strong>Joan.</strong></span> <span class='ocrx_word' id='word_1_715' title='bbox 751 5732 877 5776; x_wconf 82' lang='lat' dir='ltr'><strong>xvn.</strong></span> <span class='ocrx_word' id='word_1_716' title='bbox 907 5721 957 5775; x_wconf 81' lang='grc'><strong>5.</strong></span> <span class='ocrx_word' id='word_1_717' title='bbox 1035 5722 1076 5752; x_wconf 75' lang='grc'><strong>³³</strong></span> <span class='ocrx_word' id='word_1_718' title='bbox 1106 5720 1201 5779; x_wconf 82' lang='lat' dir='ltr'><strong>Job</strong></span> <span class='ocrx_word' id='word_1_719' title='bbox 1227 5709 1381 5786; x_wconf 51' lang='lat' dir='ltr'><strong>t.&#39;22.</strong></span> 
     </span>
    </p>
   </div>
   <div class='ocr_carea' id='block_1_90' title="bbox 2140 3228 3780 3312">
    <p class='ocr_par' dir='ltr' id='par_1_90' title="bbox 2140 3228 3780 3312">
     <span class='ocr_line' id='line_1_90' title="bbox 2140 3228 3780 3312; baseline 0.012 -34"><span class='ocrx_word' id='word_1_720' title='bbox 2140 3240 2303 3279; x_wconf 85' lang='lat' dir='ltr'><strong>verax</strong></span> <span class='ocrx_word' id='word_1_721' title='bbox 2328 3241 2448 3279; x_wconf 88' lang='lat' dir='ltr'><strong>emn</strong></span> <span class='ocrx_word' id='word_1_722' title='bbox 2487 3228 2801 3283; x_wconf 83' lang='lat' dir='ltr'><strong>hominibus</strong></span> <span class='ocrx_word' id='word_1_723' title='bbox 2835 3240 2891 3283; x_wconf 90' lang='lat' dir='ltr'><strong>et</strong></span> <span class='ocrx_word' id='word_1_724' title='bbox 2919 3246 3098 3287; x_wconf 86' lang='lat' dir='ltr'><strong>verax</strong></span> <span class='ocrx_word' id='word_1_725' title='bbox 3144 3253 3295 3292; x_wconf 88' lang='lat' dir='ltr'><strong>cum</strong></span> <span class='ocrx_word' id='word_1_726' title='bbox 3329 3242 3582 3312; x_wconf 80' lang='lat' dir='ltr'><strong>angelis,</strong></span> <span class='ocrx_word' id='word_1_727' title='bbox 3625 3260 3780 3300; x_wconf 83' lang='lat' dir='ltr'><strong>verax</strong></span> 
     </span>
    </p>
   </div>
   <div class='ocr_carea' id='block_1_91' title="bbox 2138 3315 3780 3401">
    <p class='ocr_par' dir='ltr' id='par_1_91' title="bbox 2138 3315 3780 3401">
     <span class='ocr_line' id='line_1_91' title="bbox 2138 3315 3780 3401; baseline 0.015 -34"><span class='ocrx_word' id='word_1_728' title='bbox 2138 3315 2191 3368; x_wconf 89' lang='lat' dir='ltr'><strong>in</strong></span> <span class='ocrx_word' id='word_1_729' title='bbox 2243 3317 2585 3384; x_wconf 90' lang='lat' dir='ltr'><strong>corruptione</strong></span> <span class='ocrx_word' id='word_1_730' title='bbox 2634 3328 2692 3372; x_wconf 91' lang='lat' dir='ltr'><strong>et</strong></span> <span class='ocrx_word' id='word_1_731' title='bbox 2756 3335 2922 3374; x_wconf 81' lang='lat' dir='ltr'><strong>verax</strong></span> <span class='ocrx_word' id='word_1_732' title='bbox 2980 3322 3040 3377; x_wconf 90' lang='lat' dir='ltr'><strong>in</strong></span> <span class='ocrx_word' id='word_1_733' title='bbox 3096 3326 3682 3401; x_wconf 88' lang='lat' dir='ltr'><strong>incorruptionibus,</strong></span> <span class='ocrx_word' id='word_1_734' title='bbox 3731 3347 3780 3389; x_wconf 86' lang='lat' dir='ltr'><strong>et</strong></span> 
     </span>
    </p>
   </div>
   <div class='ocr_carea' id='block_1_92' title="bbox 2135 3409 3784 3498">
    <p class='ocr_par' dir='ltr' id='par_1_92' title="bbox 2135 3409 3784 3498">
     <span class='ocr_line' id='line_1_92' title="bbox 2135 3409 3784 3498; baseline 0.016 -41"><span class='ocrx_word' id='word_1_735' title='bbox 2135 3409 2276 3474; x_wconf 91' lang='lat' dir='ltr'><strong>quod</strong></span> <span class='ocrx_word' id='word_1_736' title='bbox 2314 3417 2397 3461; x_wconf 92' lang='lat' dir='ltr'><strong>est</strong></span> <span class='ocrx_word' id='word_1_737' title='bbox 2438 3410 2676 3462; x_wconf 91' lang='lat' dir='ltr'><strong>omnium</strong></span> <span class='ocrx_word' id='word_1_738' title='bbox 2718 3413 3051 3478; x_wconf 87' lang='lat' dir='ltr'><strong>maximum,</strong></span> <span class='ocrx_word' id='word_1_739' title='bbox 3119 3432 3323 3474; x_wconf 80' lang='lat' dir='ltr'><strong>verax</strong></span> <span class='ocrx_word' id='word_1_740' title='bbox 3386 3425 3447 3478; x_wconf 91' lang='lat' dir='ltr'><strong>in</strong></span> <span class='ocrx_word' id='word_1_741' title='bbox 3495 3437 3784 3498; x_wconf 80' lang='lat' dir='ltr'><strong>conspectu</strong></span> 
     </span>
    </p>
   </div>
   <div class='ocr_carea' id='block_1_93' title="bbox 2136 3495 3778 3568">
    <p class='ocr_par' dir='ltr' id='par_1_93' title="bbox 2136 3495 3778 3568">
     <span class='ocr_line' id='line_1_93' title="bbox 2136 3495 3778 3568; baseline 0.013 -22"><span class='ocrx_word' id='word_1_742' title='bbox 2136 3495 2314 3547; x_wconf 87' lang='lat' dir='ltr'><strong>omnia</strong></span> <span class='ocrx_word' id='word_1_743' title='bbox 2347 3495 2670 3562; x_wconf 89' lang='lat' dir='ltr'><strong>inquirentis</strong></span> <span class='ocrx_word' id='word_1_744' title='bbox 2712 3497 2828 3550; x_wconf 91' lang='lat' dir='ltr'><strong>Dei.</strong></span> <span class='ocrx_word' id='word_1_745' title='bbox 2857 3497 2940 3552; x_wconf 89' lang='lat' dir='ltr'><strong>Ob</strong></span> <span class='ocrx_word' id='word_1_746' title='bbox 2983 3500 3100 3554; x_wconf 90' lang='lat' dir='ltr'><strong>hoc</strong></span> <span class='ocrx_word' id='word_1_747' title='bbox 3136 3507 3316 3561; x_wconf 88' lang='lat' dir='ltr'><strong>enim</strong></span> <span class='ocrx_word' id='word_1_748' title='bbox 3356 3511 3578 3566; x_wconf 86' lang='lat' dir='ltr'><strong>dicitur</strong></span> <span class='ocrx_word' id='word_1_749' title='bbox 3616 3495 3778 3568; x_wconf 43' lang='lat' dir='ltr'><strong>{Non</strong></span> 
     </span>
    </p>
   </div>
   <div class='ocr_carea' id='block_1_94' title="bbox 2134 3585 3781 3660">
    <p class='ocr_par' dir='ltr' id='par_1_94' title="bbox 2134 3585 3781 3660">
     <span class='ocr_line' id='line_1_94' title="bbox 2134 3585 3781 3660; baseline 0.014 -25"><span class='ocrx_word' id='word_1_750' title='bbox 2134 3586 2359 3654; x_wconf 76' lang='lat' dir='ltr'><strong>peccavit</strong></span> <span class='ocrx_word' id='word_1_751' title='bbox 2398 3585 2498 3638; x_wconf 84' lang='lat' dir='ltr'><strong>Job</strong></span> <span class='ocrx_word' id='word_1_752' title='bbox 2521 3589 2885 3656; x_wconf 62' lang='lat' dir='ltr'><strong>iniconspectu</strong></span> <span class='ocrx_word' id='word_1_753' title='bbox 2913 3589 3177 3658; x_wconf 81' lang='lat' dir='ltr'><strong>Domini,</strong></span> <span class='ocrx_word' id='word_1_754' title='bbox 3217 3611 3276 3650; x_wconf 81' lang='lat' dir='ltr'><strong>et</strong></span> <span class='ocrx_word' id='word_1_755' title='bbox 3321 3617 3443 3654; x_wconf 84' lang='lat' dir='ltr'><strong>non</strong></span> <span class='ocrx_word' id='word_1_756' title='bbox 3477 3605 3629 3658; x_wconf 83' lang='lat' dir='ltr'><strong>dedit</strong></span> <span class='ocrx_word' id='word_1_757' title='bbox 3662 3607 3781 3660; x_wconf 74' lang='lat' dir='ltr'><strong>insi-</strong></span> 
     </span>
    </p>
   </div>
   <div class='ocr_carea' id='block_1_95' title="bbox 2134 3676 3778 3755">
    <p class='ocr_par' dir='ltr' id='par_1_95' title="bbox 2134 3676 3778 3755">
     <span class='ocr_line' id='line_1_95' title="bbox 2134 3676 3778 3755; baseline 0.013 -28"><span class='ocrx_word' id='word_1_758' title='bbox 2134 3677 2382 3743; x_wconf 83' lang='lat' dir='ltr'><strong>pientiam</strong></span> <span class='ocrx_word' id='word_1_759' title='bbox 2411 3676 2515 3730; x_wconf 81' lang='lat' dir='ltr'><strong>Deo</strong></span> <span class='ocrx_word' id='word_1_760' title='bbox 2537 3679 2603 3730; x_wconf 70' lang='grc'><strong>’³.</strong></span> <span class='ocrx_word' id='word_1_761' title='bbox 2632 3677 2798 3732; x_wconf 84' lang='lat' dir='ltr'><strong>David</strong></span> <span class='ocrx_word' id='word_1_762' title='bbox 2835 3681 3017 3737; x_wconf 90' lang='lat' dir='ltr'><strong>bonus</strong></span> <span class='ocrx_word' id='word_1_763' title='bbox 3053 3694 3345 3755; x_wconf 88' lang='lat' dir='ltr'><strong>aspectui</strong></span> <span class='ocrx_word' id='word_1_764' title='bbox 3387 3695 3619 3750; x_wconf 89' lang='lat' dir='ltr'><strong>Domini</strong></span> <span class='ocrx_word' id='word_1_765' title='bbox 3649 3713 3778 3750; x_wconf 89' lang='lat' dir='ltr'><strong>nun-</strong></span> 
     </span>
    </p>
   </div>
   <div class='ocr_carea' id='block_1_96' title="bbox 2135 3762 3782 3845">
    <p class='ocr_par' dir='ltr' id='par_1_96' title="bbox 2135 3762 3782 3845">
     <span class='ocr_line' id='line_1_96' title="bbox 2135 3762 3782 3845; baseline 0.015 -31"><span class='ocrx_word' id='word_1_766' title='bbox 2135 3771 2376 3831; x_wconf 87' lang='lat' dir='ltr'><strong>cupatur,</strong></span> <span class='ocrx_word' id='word_1_767' title='bbox 2409 3762 2509 3817; x_wconf 91' lang='lat' dir='ltr'><strong>Job</strong></span> <span class='ocrx_word' id='word_1_768' title='bbox 2546 3781 2671 3819; x_wconf 82' lang='lat' dir='ltr'><strong>vero</strong></span> <span class='ocrx_word' id='word_1_769' title='bbox 2702 3781 2866 3820; x_wconf 80' lang='lat' dir='ltr'><strong>verax</strong></span> <span class='ocrx_word' id='word_1_770' title='bbox 2906 3772 2960 3823; x_wconf 93' lang='lat' dir='ltr'><strong>in</strong></span> <span class='ocrx_word' id='word_1_771' title='bbox 2991 3788 3344 3845; x_wconf 85' lang='lat' dir='ltr'><strong>conspectu</strong></span> <span class='ocrx_word' id='word_1_772' title='bbox 3389 3783 3500 3839; x_wconf 85' lang='lat' dir='ltr'><strong>Dei</strong></span> <span class='ocrx_word' id='word_1_773' title='bbox 3547 3785 3782 3840; x_wconf 79' lang='lat' dir='ltr'><strong>ostendi-</strong></span> 
     </span>
    </p>
   </div>
   <div class='ocr_carea' id='block_1_97' title="bbox 2136 3856 3782 3932">
    <p class='ocr_par' dir='ltr' id='par_1_97' title="bbox 2136 3856 3782 3932">
     <span class='ocr_line' id='line_1_97' title="bbox 2136 3856 3782 3932; baseline 0.015 -27"><span class='ocrx_word' id='word_1_774' title='bbox 2136 3862 2241 3917; x_wconf 86' lang='lat' dir='ltr'><strong>tur,</strong></span> <span class='ocrx_word' id='word_1_775' title='bbox 2274 3869 2434 3907; x_wconf 84' lang='lat' dir='ltr'><strong>verax</strong></span> <span class='ocrx_word' id='word_1_776' title='bbox 2482 3856 2532 3908; x_wconf 93' lang='lat' dir='ltr'><strong>in</strong></span> <span class='ocrx_word' id='word_1_777' title='bbox 2569 3857 2685 3925; x_wconf 81' lang='lat' dir='ltr'><strong>lege</strong></span> <span class='ocrx_word' id='word_1_778' title='bbox 2735 3872 2862 3913; x_wconf 88' lang='lat' dir='ltr'><strong>ante</strong></span> <span class='ocrx_word' id='word_1_779' title='bbox 2897 3861 3116 3930; x_wconf 82' lang='lat' dir='ltr'><strong>legem,</strong></span> <span class='ocrx_word' id='word_1_780' title='bbox 3158 3884 3359 3928; x_wconf 82' lang='lat' dir='ltr'><strong>verax</strong></span> <span class='ocrx_word' id='word_1_781' title='bbox 3415 3877 3478 3931; x_wconf 91' lang='lat' dir='ltr'><strong>in</strong></span> <span class='ocrx_word' id='word_1_782' title='bbox 3517 3879 3782 3932; x_wconf 83' lang='lat' dir='ltr'><strong>mandatis</strong></span> 
     </span>
    </p>
   </div>
   <div class='ocr_carea' id='block_1_98' title="bbox 2136 3945 3784 4040">
    <p class='ocr_par' dir='ltr' id='par_1_98' title="bbox 2136 3945 3784 4040">
     <span class='ocr_line' id='line_1_98' title="bbox 2136 3945 3784 4040; baseline 0.02 -46"><span class='ocrx_word' id='word_1_783' title='bbox 2136 3952 2258 3997; x_wconf 86' lang='lat' dir='ltr'><strong>ante</strong></span> <span class='ocrx_word' id='word_1_784' title='bbox 2297 3945 2570 4010; x_wconf 87' lang='lat' dir='ltr'><strong>mandata,</strong></span> <span class='ocrx_word' id='word_1_785' title='bbox 2597 3961 2762 4000; x_wconf 88' lang='lat' dir='ltr'><strong>verax</strong></span> <span class='ocrx_word' id='word_1_786' title='bbox 2796 3950 2849 4002; x_wconf 91' lang='lat' dir='ltr'><strong>in</strong></span> <span class='ocrx_word' id='word_1_787' title='bbox 2882 3953 3310 4020; x_wconf 84' lang='lat' dir='ltr'><strong>misericordia</strong></span> <span class='ocrx_word' id='word_1_788' title='bbox 3360 3975 3424 4022; x_wconf 90' lang='lat' dir='ltr'><strong>et</strong></span> <span class='ocrx_word' id='word_1_789' title='bbox 3479 3970 3542 4024; x_wconf 89' lang='lat' dir='ltr'><strong>in</strong></span> <span class='ocrx_word' id='word_1_790' title='bbox 3592 3970 3784 4040; x_wconf 80' lang='lat' dir='ltr'><strong>justiﬁ-</strong></span> 
     </span>
    </p>
   </div>
   <div class='ocr_carea' id='block_1_99' title="bbox 2135 4034 3784 4115">
    <p class='ocr_par' dir='ltr' id='par_1_99' title="bbox 2135 4034 3784 4115">
     <span class='ocr_line' id='line_1_99' title="bbox 2135 4034 3784 4115; baseline 0.018 -30"><span class='ocrx_word' id='word_1_791' title='bbox 2135 4034 2431 4096; x_wconf 84' lang='lat' dir='ltr'><strong>cationibus</strong></span> <span class='ocrx_word' id='word_1_792' title='bbox 2461 4046 2586 4088; x_wconf 86' lang='lat' dir='ltr'><strong>ante</strong></span> <span class='ocrx_word' id='word_1_793' title='bbox 2621 4037 2920 4106; x_wconf 66' lang='lat' dir='ltr'><strong>Scriptura:</strong></span> <span class='ocrx_word' id='word_1_794' title='bbox 2941 4049 3358 4110; x_wconf 80' lang='lat' dir='ltr'><strong>sanctionem.</strong></span> <span class='ocrx_word' id='word_1_795' title='bbox 3383 4034 3611 4114; x_wconf 80' lang='lat' dir='ltr'><strong>Horum</strong></span> <span class='ocrx_word' id='word_1_796' title='bbox 3642 4077 3784 4115; x_wconf 65' lang='lat' dir='ltr'><strong>nani-</strong></span> 
     </span>
    </p>
   </div>
   <div class='ocr_carea' id='block_1_100' title="bbox 2133 4208 3787 4296">
    <p class='ocr_par' dir='ltr' id='par_1_100' title="bbox 2133 4208 3787 4296">
     <span class='ocr_line' id='line_1_100' title="bbox 2133 4208 3787 4296; baseline 0.017 -36"><span class='ocrx_word' id='word_1_797' title='bbox 2133 4208 2284 4261; x_wconf 88' lang='lat' dir='ltr'><strong>beret</strong></span> <span class='ocrx_word' id='word_1_798' title='bbox 2313 4212 2672 4279; x_wconf 90' lang='lat' dir='ltr'><strong>conscriptam</strong></span> <span class='ocrx_word' id='word_1_799' title='bbox 2700 4231 2729 4267; x_wconf 93' lang='lat' dir='ltr'><strong>a</strong></span> <span class='ocrx_word' id='word_1_800' title='bbox 2764 4215 3062 4287; x_wconf 71' lang='lat' dir='ltr'><strong>Creator-e,</strong></span> <span class='ocrx_word' id='word_1_801' title='bbox 3091 4242 3320 4286; x_wconf 84' lang='lat' dir='ltr'><strong>cuncta</strong></span> <span class='ocrx_word' id='word_1_802' title='bbox 3352 4236 3490 4292; x_wconf 64' lang='lat' dir='ltr'><strong>haec</strong></span> <span class='ocrx_word' id='word_1_803' title='bbox 3516 4243 3787 4296; x_wconf 74' lang='lat' dir='ltr'><strong>veraciter</strong></span> 
     </span>
    </p>
   </div>
   <div class='ocr_carea' id='block_1_101' title="bbox 2133 4296 3787 4390">
    <p class='ocr_par' dir='ltr' id='par_1_101' title="bbox 2133 4296 3787 4390">
     <span class='ocr_line' id='line_1_101' title="bbox 2133 4296 3787 4390; baseline 0.018 -43"><span class='ocrx_word' id='word_1_804' title='bbox 2133 4296 2466 4364; x_wconf 89' lang='lat' dir='ltr'><strong>adimplevit,</strong></span> <span class='ocrx_word' id='word_1_805' title='bbox 2511 4313 2706 4355; x_wconf 89' lang='lat' dir='ltr'><strong>cuncta</strong></span> <span class='ocrx_word' id='word_1_806' title='bbox 2736 4305 2851 4360; x_wconf 64' lang='lat' dir='ltr'><strong>haec</strong></span> <span class='ocrx_word' id='word_1_807' title='bbox 2890 4315 3191 4371; x_wconf 85' lang='lat' dir='ltr'><strong>veraciter</strong></span> <span class='ocrx_word' id='word_1_808' title='bbox 3242 4313 3787 4390; x_wconf 63' lang='lat' dir='ltr'><strong>perrecii.&#39;|dcir¢o</strong></span> 
     </span>
    </p>
   </div>
   <div class='ocr_carea' id='block_1_102' title="bbox 2133 4389 3785 4480">
    <p class='ocr_par' dir='ltr' id='par_1_102' title="bbox 2133 4389 3785 4480">
     <span class='ocr_line' id='line_1_102' title="bbox 2133 4389 3785 4480; baseline 0.019 -45"><span class='ocrx_word' id='word_1_809' title='bbox 2133 4389 2397 4438; x_wconf 84' lang='lat' dir='ltr'><strong>veraciter</strong></span> <span class='ocrx_word' id='word_1_810' title='bbox 2432 4401 2593 4441; x_wconf 88' lang='lat' dir='ltr'><strong>verax</strong></span> <span class='ocrx_word' id='word_1_811' title='bbox 2642 4393 2841 4447; x_wconf 91' lang='lat' dir='ltr'><strong>dicitur</strong></span> <span class='ocrx_word' id='word_1_812' title='bbox 2895 4406 3071 4468; x_wconf 87' lang='lat' dir='ltr'><strong>atque</strong></span> <span class='ocrx_word' id='word_1_813' title='bbox 3126 4389 3611 4480; x_wconf 74' lang='lat' dir='ltr'><strong>comprobatur,</strong></span> <span class='ocrx_word' id='word_1_814' title='bbox 3673 4421 3785 4475; x_wconf 72' lang='lat' dir='ltr'><strong>Pri-</strong></span> 
     </span>
    </p>
   </div>
   <div class='ocr_carea' id='block_1_103' title="bbox 2731 4486 3786 4578">
    <p class='ocr_par' dir='ltr' id='par_1_103' title="bbox 2731 4486 3786 4578">
     <span class='ocr_line' id='line_1_103' title="bbox 2731 4486 3786 4578; baseline 0.029 -44"><span class='ocrx_word' id='word_1_815' title='bbox 2731 4486 2998 4578; x_wconf 79' lang='lat' dir='ltr'><strong>querela,</strong></span> <span class='ocrx_word' id='word_1_816' title='bbox 3049 4505 3262 4563; x_wconf 88' lang='lat' dir='ltr'><strong>utpote</strong></span> <span class='ocrx_word' id='word_1_817' title='bbox 3325 4504 3389 4557; x_wconf 90' lang='lat' dir='ltr'><strong>in</strong></span> <span class='ocrx_word' id='word_1_818' title='bbox 3451 4510 3786 4578; x_wconf 87' lang='lat' dir='ltr'><strong>semetipso.</strong></span> 
     </span>
    </p>
   </div>
   <div class='ocr_carea' id='block_1_104' title="bbox 2134 4567 3790 4654">
    <p class='ocr_par' dir='ltr' id='par_1_104' title="bbox 2134 4567 3790 4654">
     <span class='ocr_line' id='line_1_104' title="bbox 2134 4567 3790 4654; baseline 0.021 -34"><span class='ocrx_word' id='word_1_819' title='bbox 2134 4567 2336 4620; x_wconf 89' lang='lat' dir='ltr'><strong>Deinde</strong></span> <span class='ocrx_word' id='word_1_820' title='bbox 2367 4567 2567 4634; x_wconf 88' lang='lat' dir='ltr'><strong>justus,</strong></span> <span class='ocrx_word' id='word_1_821' title='bbox 2599 4579 2783 4638; x_wconf 86' lang='lat' dir='ltr'><strong>utpote</strong></span> <span class='ocrx_word' id='word_1_822' title='bbox 2811 4573 2963 4629; x_wconf 88' lang='lat' dir='ltr'><strong>circa</strong></span> <span class='ocrx_word' id='word_1_823' title='bbox 2987 4595 3226 4641; x_wconf 90' lang='lat' dir='ltr'><strong>omnes.</strong></span> <span class='ocrx_word' id='word_1_824' title='bbox 3257 4589 3422 4649; x_wconf 89' lang='lat' dir='ltr'><strong>Item</strong></span> <span class='ocrx_word' id='word_1_825' title='bbox 3459 4613 3641 4653; x_wconf 85' lang='lat' dir='ltr'><strong>verax</strong></span> <span class='ocrx_word' id='word_1_826' title='bbox 3669 4567 3790 4654; x_wconf 66' lang='lat' dir='ltr'><strong>lan-</strong></span> 
     </span>
    </p>
   </div>
   <div class='ocr_carea' id='block_1_105' title="bbox 2131 4745 3792 4848">
    <p class='ocr_par' dir='ltr' id='par_1_105' title="bbox 2131 4745 3792 4848">
     <span class='ocr_line' id='line_1_105' title="bbox 2131 4745 3792 4848; baseline 0.022 -49"><span class='ocrx_word' id='word_1_827' title='bbox 2131 4745 2185 4799; x_wconf 91' lang='lat' dir='ltr'><strong>in</strong></span> <span class='ocrx_word' id='word_1_828' title='bbox 2219 4745 2564 4800; x_wconf 87' lang='lat' dir='ltr'><strong>conclusione</strong></span> <span class='ocrx_word' id='word_1_829' title='bbox 2586 4749 2828 4802; x_wconf 90' lang='lat' dir='ltr'><strong>omnium</strong></span> <span class='ocrx_word' id='word_1_830' title='bbox 2864 4768 2966 4821; x_wconf 90' lang='lat' dir='ltr'><strong>pro</strong></span> <span class='ocrx_word' id='word_1_831' title='bbox 2999 4745 3452 4827; x_wconf 85' lang='lat' dir='ltr'><strong>universorum</strong></span> <span class='ocrx_word' id='word_1_832' title='bbox 3506 4781 3792 4848; x_wconf 87' lang='lat' dir='ltr'><strong>recapitu-</strong></span> 
     </span>
    </p>
   </div>
   <div class='ocr_carea' id='block_1_106' title="bbox 2132 4835 3788 4932">
    <p class='ocr_par' dir='ltr' id='par_1_106' title="bbox 2132 4835 3788 4932">
     <span class='ocr_line' id='line_1_106' title="bbox 2132 4835 3788 4932; baseline 0.018 -46"><span class='ocrx_word' id='word_1_833' title='bbox 2132 4835 2331 4888; x_wconf 82' lang='lat' dir='ltr'><strong>latione</strong></span> <span class='ocrx_word' id='word_1_834' title='bbox 2388 4836 2647 4904; x_wconf 79' lang='lat' dir='ltr'><strong>adjiciens</strong></span> <span class='ocrx_word' id='word_1_835' title='bbox 2691 4840 2866 4895; x_wconf 89' lang='lat' dir='ltr'><strong>dicit:</strong></span> <span class='ocrx_word' id='word_1_836' title='bbox 2913 4845 3016 4898; x_wconf 79' lang='lat' dir='ltr'><strong>Dei</strong></span> <span class='ocrx_word' id='word_1_837' title='bbox 3059 4854 3257 4909; x_wconf 84' lang='lat' dir='ltr'><strong>cultor</strong></span> <span class='ocrx_word' id='word_1_838' title='bbox 3289 4873 3313 4910; x_wconf 89' lang='lat'><em>:</em></span> <span class='ocrx_word' id='word_1_839' title='bbox 3354 4866 3508 4932; x_wconf 81' lang='lat' dir='ltr'><strong>quia</strong></span> <span class='ocrx_word' id='word_1_840' title='bbox 3563 4835 3788 4924; x_wconf 57' lang='grc' dir='ltr'><strong>οηίηειιι</strong></span> 
     </span>
    </p>
   </div>
   <div class='ocr_carea' id='block_1_107' title="bbox 2131 4924 3792 5027">
    <p class='ocr_par' dir='ltr' id='par_1_107' title="bbox 2131 4924 3792 5027">
     <span class='ocr_line' id='line_1_107' title="bbox 2131 4924 3792 5027; baseline 0.027 -54"><span class='ocrx_word' id='word_1_841' title='bbox 2131 4924 2571 5027; x_wconf 41' lang='lat' dir='ltr'><strong>sanctitate.m,.e.t</strong></span> <span class='ocrx_word' id='word_1_842' title='bbox 2603 4941 2821 5027; x_wconf 65' lang='lat' dir='ltr'><strong>omnem</strong></span> <span class='ocrx_word' id='word_1_843' title='bbox 2852 4930 3168 5006; x_wconf 84' lang='lat' dir='ltr'><strong>justitiam,</strong></span> <span class='ocrx_word' id='word_1_844' title='bbox 3198 4954 3260 4999; x_wconf 87' lang='lat' dir='ltr'><strong>et</strong></span> <span class='ocrx_word' id='word_1_845' title='bbox 3291 4924 3493 5009; x_wconf 70' lang='lat' dir='ltr'><strong>omne</strong></span> <span class='ocrx_word' id='word_1_846' title='bbox 3511 4971 3668 5027; x_wconf 87' lang='lat' dir='ltr'><strong>opus</strong></span> <span class='ocrx_word' id='word_1_847' title='bbox 3693 4959 3792 5013; x_wconf 83' lang='lat' dir='ltr'><strong>bo-</strong></span> 
     </span>
    </p>
   </div>
   <div class='ocr_carea' id='block_1_108' title="bbox 2131 5014 3794 5105">
    <p class='ocr_par' dir='ltr' id='par_1_108' title="bbox 2131 5014 3794 5105">
     <span class='ocr_line' id='line_1_108' title="bbox 2131 5014 3794 5105; baseline 0.026 -43"><span class='ocrx_word' id='word_1_848' title='bbox 2131 5027 2258 5066; x_wconf 89' lang='lat' dir='ltr'><strong>num</strong></span> <span class='ocrx_word' id='word_1_849' title='bbox 2288 5014 2429 5081; x_wconf 91' lang='lat' dir='ltr'><strong>quod</strong></span> <span class='ocrx_word' id='word_1_850' title='bbox 2465 5015 2566 5068; x_wconf 87' lang='lat' dir='ltr'><strong>visi</strong></span> <span class='ocrx_word' id='word_1_851' title='bbox 2609 5015 2814 5072; x_wconf 78' lang='lat' dir='ltr'><strong>fuerint</strong></span> <span class='ocrx_word' id='word_1_852' title='bbox 2850 5021 3118 5085; x_wconf 86' lang='lat' dir='ltr'><strong>homines</strong></span> <span class='ocrx_word' id='word_1_853' title='bbox 3151 5032 3396 5105; x_wconf 80' lang='lat' dir='ltr'><strong>facere,</strong></span> <span class='ocrx_word' id='word_1_854' title='bbox 3449 5014 3574 5100; x_wconf 80' lang='lat' dir='ltr'><strong>nisi</strong></span> <span class='ocrx_word' id='word_1_855' title='bbox 3602 5047 3664 5100; x_wconf 91' lang='lat' dir='ltr'><strong>in</strong></span> <span class='ocrx_word' id='word_1_856' title='bbox 3695 5047 3794 5103; x_wconf 82' lang='lat' dir='ltr'><strong>Dei</strong></span> 
     </span>
    </p>
   </div>
   <div class='ocr_carea' id='block_1_109' title="bbox 2130 5104 3792 5196">
    <p class='ocr_par' dir='ltr' id='par_1_109' title="bbox 2130 5104 3792 5196">
     <span class='ocr_line' id='line_1_109' title="bbox 2130 5104 3792 5196; baseline 0.015 -39"><span class='ocrx_word' id='word_1_857' title='bbox 2130 5104 2359 5171; x_wconf 88' lang='lat' dir='ltr'><strong>cultura,</strong></span> <span class='ocrx_word' id='word_1_858' title='bbox 2391 5105 2493 5160; x_wconf 91' lang='lat' dir='ltr'><strong>nisi</strong></span> <span class='ocrx_word' id='word_1_859' title='bbox 2520 5106 2574 5159; x_wconf 90' lang='lat' dir='ltr'><strong>in</strong></span> <span class='ocrx_word' id='word_1_860' title='bbox 2611 5108 2703 5162; x_wconf 88' lang='lat' dir='ltr'><strong>Dei</strong></span> <span class='ocrx_word' id='word_1_861' title='bbox 2731 5112 3023 5178; x_wconf 84' lang='lat' dir='ltr'><strong>agnitione</strong></span> <span class='ocrx_word' id='word_1_862' title='bbox 3055 5130 3236 5192; x_wconf 86' lang='lat' dir='ltr'><strong>atque</strong></span> <span class='ocrx_word' id='word_1_863' title='bbox 3284 5104 3696 5196; x_wconf 59' lang='lat' dir='ltr'><strong>confessione</strong></span> <span class='ocrx_word' id='word_1_864' title='bbox 3721 5143 3792 5196; x_wconf 73' lang='lat' dir='ltr'><strong>re-</strong></span> 
     </span>
    </p>
   </div>
   <div class='ocr_carea' id='block_1_110' title="bbox 2129 5196 3794 5286">
    <p class='ocr_par' dir='ltr' id='par_1_110' title="bbox 2129 5196 3794 5286">
     <span class='ocr_line' id='line_1_110' title="bbox 2129 5196 3794 5286; baseline 0.016 -38"><span class='ocrx_word' id='word_1_865' title='bbox 2129 5196 2321 5260; x_wconf 89' lang='lat' dir='ltr'><strong>cerint,</strong></span> <span class='ocrx_word' id='word_1_866' title='bbox 2357 5198 2474 5252; x_wconf 90' lang='lat' dir='ltr'><strong>sine</strong></span> <span class='ocrx_word' id='word_1_867' title='bbox 2498 5213 2657 5252; x_wconf 86' lang='lat' dir='ltr'><strong>causa</strong></span> <span class='ocrx_word' id='word_1_868' title='bbox 2693 5197 2905 5258; x_wconf 78' lang='lat' dir='ltr'><strong>faciunt</strong></span> <span class='ocrx_word' id='word_1_869' title='bbox 2939 5216 3118 5278; x_wconf 84' lang='lat' dir='ltr'><strong>atque</strong></span> <span class='ocrx_word' id='word_1_870' title='bbox 3166 5231 3596 5286; x_wconf 74' lang='lat' dir='ltr'><strong>supervacue,</strong></span> <span class='ocrx_word' id='word_1_871' title='bbox 3624 5231 3699 5286; x_wconf 53' lang='lat' dir='ltr'><strong>Et</strong></span> <span class='ocrx_word' id='word_1_872' title='bbox 3739 5242 3794 5286; x_wconf 79' lang='grc' dir='ltr'><strong>ιιι</strong></span> 
     </span>
    </p>
   </div>
   <div class='ocr_carea' id='block_1_111' title="bbox 2128 5285 3796 5394">
    <p class='ocr_par' dir='ltr' id='par_1_111' title="bbox 2128 5285 3796 5394">
     <span class='ocr_line' id='line_1_111' title="bbox 2128 5285 3796 5394; baseline 0.029 -60"><span class='ocrx_word' id='word_1_873' title='bbox 2128 5285 2365 5394; x_wconf 60' lang='lat' dir='ltr'><strong>breviter</strong></span> <span class='ocrx_word' id='word_1_874' title='bbox 2387 5295 2550 5394; x_wconf 70' lang='lat' dir='ltr'><strong>atque</strong></span> <span class='ocrx_word' id='word_1_875' title='bbox 2585 5291 2850 5390; x_wconf 73' lang='lat' dir='ltr'><strong>audenter</strong></span> <span class='ocrx_word' id='word_1_876' title='bbox 2899 5296 3114 5369; x_wconf 84' lang='lat' dir='ltr'><strong>dicam,</strong></span> <span class='ocrx_word' id='word_1_877' title='bbox 3164 5285 3378 5368; x_wconf 84' lang='lat' dir='ltr'><strong>omnia</strong></span> <span class='ocrx_word' id='word_1_878' title='bbox 3420 5333 3796 5394; x_wconf 59' lang='lat' dir='ltr'><strong>quacunque</strong></span> 
     </span>
    </p>
   </div>
   <div class='ocr_carea' id='block_1_112' title="bbox 2126 5374 3783 5469">
    <p class='ocr_par' dir='ltr' id='par_1_112' title="bbox 2126 5374 3783 5469">
     <span class='ocr_line' id='line_1_112' title="bbox 2126 5374 3783 5469; baseline 0.027 -41"><span class='ocrx_word' id='word_1_879' title='bbox 2126 5374 2354 5430; x_wconf 79' lang='lat' dir='ltr'><strong>fecerint</strong></span> <span class='ocrx_word' id='word_1_880' title='bbox 2387 5377 2630 5433; x_wconf 87' lang='lat' dir='ltr'><strong>homines</strong></span> <span class='ocrx_word' id='word_1_881' title='bbox 2672 5381 2787 5435; x_wconf 90' lang='lat' dir='ltr'><strong>sive</strong></span> <span class='ocrx_word' id='word_1_882' title='bbox 2835 5385 2886 5437; x_wconf 94' lang='lat' dir='ltr'><strong>in</strong></span> <span class='ocrx_word' id='word_1_883' title='bbox 2935 5390 3296 5467; x_wconf 84' lang='lat' dir='ltr'><strong>virginitate,</strong></span> <span class='ocrx_word' id='word_1_884' title='bbox 3335 5374 3482 5465; x_wconf 63' lang='lat' dir='ltr'><strong>sive</strong></span> 
     </span>
    </p>
   </div>
   <div class='ocr_carea' id='block_1_113' title="bbox 2127 5465 3341 5549">
    <p class='ocr_par' dir='ltr' id='par_1_113' title="bbox 2127 5465 3341 5549">
     <span class='ocr_line' id='line_1_113' title="bbox 2127 5465 3341 5549; baseline 0.024 -31"><span class='ocrx_word' id='word_1_885' title='bbox 2127 5465 2328 5529; x_wconf 87' lang='lat' dir='ltr'><strong>nentia,</strong></span> <span class='ocrx_word' id='word_1_886' title='bbox 2351 5466 2466 5520; x_wconf 88' lang='lat' dir='ltr'><strong>sive</strong></span> <span class='ocrx_word' id='word_1_887' title='bbox 2493 5467 2545 5520; x_wconf 93' lang='lat' dir='ltr'><strong>in</strong></span> <span class='ocrx_word' id='word_1_888' title='bbox 2569 5471 2811 5536; x_wconf 85' lang='lat' dir='ltr'><strong>corporis</strong></span> <span class='ocrx_word' id='word_1_889' title='bbox 2841 5481 3133 5549; x_wconf 89' lang='lat' dir='ltr'><strong>castitate,</strong></span> <span class='ocrx_word' id='word_1_890' title='bbox 3166 5465 3292 5545; x_wconf 71' lang='lat' dir='ltr'><strong>Sive</strong></span> <span class='ocrx_word' id='word_1_891' title='bbox 3327 5494 3341 5547; x_wconf 93' lang='lat' dir='ltr'><strong>i</strong></span> 
     </span>
    </p>
   </div>
   <div class='ocr_carea' id='block_1_114' title="bbox 2125 5556 3788 5662">
    <p class='ocr_par' dir='ltr' id='par_1_114' title="bbox 2125 5556 3788 5662">
     <span class='ocr_line' id='line_1_114' title="bbox 2125 5556 3788 5662; baseline 0.027 -56"><span class='ocrx_word' id='word_1_892' title='bbox 2125 5556 2517 5622; x_wconf 88' lang='lat' dir='ltr'><strong>combustione,</strong></span> <span class='ocrx_word' id='word_1_893' title='bbox 2541 5560 2653 5614; x_wconf 85' lang='lat' dir='ltr'><strong>sive</strong></span> <span class='ocrx_word' id='word_1_894' title='bbox 2676 5560 2728 5613; x_wconf 85' lang='lat' dir='ltr'><strong>in</strong></span> <span class='ocrx_word' id='word_1_895' title='bbox 2755 5561 3034 5625; x_wconf 90' lang='lat' dir='ltr'><strong>bonorum</strong></span> <span class='ocrx_word' id='word_1_896' title='bbox 3056 5590 3296 5635; x_wconf 86' lang='lat' dir='ltr'><strong>suorum</strong></span> <span class='ocrx_word' id='word_1_897' title='bbox 3321 5556 3788 5662; x_wconf 55' lang='lat' dir='ltr'><strong>distribuiione,</strong></span> 
     </span>
    </p>
   </div>
   <div class='ocr_carea' id='block_1_115' title="bbox 2102 5667 2563 5734">
    <p class='ocr_par' dir='ltr' id='par_1_115' title="bbox 2102 5667 2563 5734">
     <span class='ocr_line' id='line_1_115' title="bbox 2102 5667 2563 5734; baseline 0.009 -12"><span class='ocrx_word' id='word_1_898' title='bbox 2102 5668 2141 5700; x_wconf 85' lang='grc'><strong>¹¹¹</strong></span> <span class='ocrx_word' id='word_1_899' title='bbox 2170 5667 2311 5723; x_wconf 84' lang='lat' dir='ltr'><strong>Psal.</strong></span> <span class='ocrx_word' id='word_1_900' title='bbox 2345 5683 2451 5734; x_wconf 81' lang='lat' dir='ltr'><strong>LIV,</strong></span> <span class='ocrx_word' id='word_1_901' title='bbox 2473 5669 2563 5726; x_wconf 64' lang='grc' dir='ltr'><strong>ἓξ.</strong></span> 
     </span>
    </p>
   </div>
  </div>
