3914 6460
168 500 258 556 εει
633 535 646 552 ,
863 546 882 559 ,
1366 483 1754 546 ANONYMUS
1791 457 1856 548 ut
1892 492 2037 549 .IOB.
2079 525 2144 536 -
2178 493 2305 550 LtB.
2343 493 2382 549 ι.
3385 511 3489 572 δε,

472 579 517 592 .-
546 544 778 592 miunt.
825 559 885 592 SI
938 571 1089 592 ιη..-
1155 579 1175 592 .
1312 591 1317 592 ,

213 554 224 556 ⁷
243 554 256 556 ⁷
472 579 486 593 ο
635 554 752 592 tum
865 554 882 559 '
1155 579 1175 592 .
3386 554 3482 572 “’“’¹¹¹

179 615 336 668 omnia
365 554 631 708 efﬂigi
652 631 703 686 in
735 559 1105 708 έςιῗξιῖῖιῖιέ
1463 604 1717 708 “effigit
1740 609 1856 708 sine
1885 615 1926 668 Α
1952 614 2291 708 etadoretttr.
2318 613 2462 668 Nihil
2486 613 2585 708 hoc
2605 615 2800 708 justius
2823 631 3003 708 neque
3010 621 3283 708 veracius,
3303 639 3482 694 quam,

369 664 396 674 ν
526 664 628 716 ηιξ*
656 664 703 686 ιιι
735 664 1106 719 «sl-unone
1241 681 1257 694 -
1371 691 1384 703 .
1540 697 1551 708 .
1585 698 1594 708 .
1694 664 1717 709 '.
1885 664 1926 668 “
1993 664 2034 666 "
2063 664 2138 713 Τ
2318 664 2336 667 ⁷
2369 664 2461 668 ’””“
2486 664 2799 714 I“"""“'
2823 664 3481 715 """.""‘""""'""""

187 717 330 758 causa
358 683 505 765 agunt
533 725 800 787 “fossione
836 741 1057 787 “nim!
1102 687 1344 787 .ulitus
1371 705 1596 761 ingenttt
1629 697 1717 750 Det
1748 698 1848 751 Pa-
1954 711 2006 753 ut
2040 715 2090 754 et
2123 716 2211 769 qut
2240 709 2322 754 est
2354 716 2593 756 omnium
2632 704 2770 758 Deus
2793 713 2846 757 et
2869 705 3136 770 conditor,
3164 716 3326 776 atque
3354 727 3481 778 pro-

198 743 330 804 ...Γπ
360 743 419 798 ,Υ
569 743 800 800 [assume
836 743 1063 806 “nius
1209 769 1222 780 .
1360 780 1374 792 .
1400 743 1462 792 7...,
1629 743 1717 796 τ--.
1748 743 1768 750 -
1792 743 1819 751 ..
1955 743 2006 800 ..ἱ
2041 743 2090 754 ν.
2124 743 2211 769 η-.
2241 743 2322 754 ν...
2632 743 2770 758 uc...
2794 743 2846 757 ν.
2869 743 3136 770 νυ......ν.,
3164 743 3326 776 ...ηας
3354 743 3479 778 ,ηυ-

198 797 450 854 ιιιιε,ειειὶ
473 771 657 876 (ξοῖοω
699 815 936 876 uuis“
1007 854 1076 876 Μ
1102 775 1422 876 “mserum
1460 783 1577 836 Ftlu
1607 799 1721 850 ejus
1743 787 1847 839 Do-
1950 803 2115 851 visor,
2147 789 2399 842 credatur
2424 800 2481 843 ut
2525 800 2756 861 oportet,
2784 800 2837 843 et
2864 790 3205 857 confiteatur,
3233 805 3286 847 et
3317 799 3479 863 proﬁ-

199 878 336 930 m'm',
361 838 1096 962 nostri.3‘:5‘;ch:;::::‘;‘fi
1149 852 1590 962 illuminatione
1619 875 1850 940 Spiritus
1955 886 2146 931 teatur.
2191 876 2330 930 Nihil
2363 893 2488 946 ergo
2517 838 2738 948 surscipit
2776 881 2914 934 Deus
2942 879 3146 952 absque
3192 838 3482 940 lideirveri-

213 966 389 1018 sancti
413 927 1143 1043 εὶοτῑοειοῖῗξιὲῗῖξξῖιὶίξ
1175 946 1267 1004 Pa
1279 960 1494 1023 rac!eti,
1525 964 1612 1030 qui
1635 963 1850 1030 adjuvat
1954 975 2080 1020 tate.
2111 966 2224 1020 Non
2241 968 2380 1020 enim
2408 969 2603 1039 indiget
2622 927 2704 1024 birs
2725 986 2840 1038 qua:
2868 980 3045 1025 nostra
3057 927 3213 1038 lsunt,
3233 973 3331 1027 nisi
3353 976 3480 1029 solis

219 1050 572 1108 infirmitatem
595 1017 1189 1129 θθξξξὶοἷῗξιξηὶίει
1223 1042 1285 1096 in
1311 1063 1424 1116 quo
1451 1051 1642 1120 signati
1665 1068 1849 1108 sumus
1952 1059 2229 1112 animabus
2245 1061 2438 1112 nostris
2463 1017 2762 1114 inuveritate
2786 1060 2904 1114 fidei
2930 1017 3355 1129 persistentibus,
3379 1065 3478 1116 nisi

226 1141 285 1192 in
321 1142 413 1193 die
465 1114 809 1203 τεάεωνιιοωὲ
855 1120 1146 1190 “⁰⁵ι¹’³²ν
1185 1131 1305 1190 hoc
1359 1141 1598 1195 fecerint.
1627 1142 1846 1200 Omnem
1953 1142 2064 1194 sola
2102 1144 2426 1200 conscientia
2462 1155 2637 1197 nostra
2675 1147 2724 1198 in
2769 1114 2992 1200 veritate
3021 1147 3135 1201 ﬁdei
3167 1150 3266 1202 sibi
3307 1114 3478 1203 confi-

229 1239 378 1290 ergo
408 1202 808 1304 sanctitatettltjL
841 1211 1122 1304 οὲιιξιθιη
1161 1219 1497 1288 iniustitiam
1517 1245 1673 1298 quam
1708 1232 1846 1286 fece-
1954 1238 2111 1284 lente.
2141 1229 2262 1285 Haec
2291 1248 2518 1300 namque
2543 1235 2716 1286 sciens
2742 1235 2925 1288 beatus
2945 1235 3045 1289 Job
3066 1236 3327 1304 justitiam
3350 1240 3480 1291 aedi-

235 1315 319 1365 rit
349 1312 482 1380 quis
504 1304 618 1362 foris
643 1285 981 1390 Πανὶ-Ῥεῖ
1047 1307 1292 1365 cultura
1337 1324 1496 1384 atque
1532 1285 1666 1373 vera
1721 1322 1846 1387 fide,
1954 1317 2152 1383 ficavit,
2205 1285 2477 1375 veritatem
2513 1321 2774 1378 fundavit.
2823 1323 2926 1377 Sed
2960 1285 3084 1379 haec.
3113 1327 3356 1381 universa
3389 1329 3480 1383 Dei

239 1402 436 1467 gratis
460 1399 598 1461 facit,
614 1394 676 1482 in
690 1375 1014 1482 ρεξξὶῖιῑριιθ
1044 1393 1228 1462 facit,
1263 1417 1366 1456 non
1401 1408 1616 1472 prodest
1643 1410 1716 1472 ei,
1743 1427 1846 1464 non
1953 1408 2177 1472 cultura,
2204 1409 2305 1463 hoc
2327 1419 2427 1473 est,
2457 1410 2558 1464 ﬁde
2581 1413 2916 1466 concinnavit
2937 1423 3096 1482 atque
3121 1419 3269 1480 texit,
3293 1419 3483 1470 obtlul-

244 1488 496 1555 adjuvat
523 1500 633 1541 eutn
665 1479 717 1532 in
752 1468 836 1570 (“f3
888 1470 1035 1545 ira}.
1073 1499 1197 1540 non
1244 1490 1492 1547 liberabit
1526 1511 1644 1549 eum
1680 1498 1734 1551 in
1762 1499 1848 1554 die
1952 1500 2089 1552 cavit
2118 1508 2276 1567 atque
2315 1500 2553 1567 perfecit.
2585 1500 2676 1554 Sic
2723 1512 2933 1569 oportet
2968 1468 3126 1556 etiam
3157 1468 3272 1570 nos,
3305 1520 3338 1560 o
3381 1509 3480 1561 viri

248 1576 550 1662 ξριει-ῖιιιε,
587 1576 658 1629 Ad
698 1563 832 1662 quod
877 1576 972 1620 est
1023 1578 1200 1634 testis
1243 1581 1528 1649 Apostolus
1558 1588 1648 1654 qui
1681 1589 1845 1644 dicit;
1953 1586 2126 1652 periti,
2151 1563 2204 1640 in
2241 1563 2342 1642 ﬁde
2367 1587 2664 1652 ambulare,
2692 1563 2876 1644 in'ﬁde
2907 1599 3070 1654 stare,
3093 1592 3145 1645 in
3177 1563 3277 1647 fide
3303 1607 3483 1662 perse-

261 1651 451 1718 Omne
472 1666 604 1734 quod
629 1678 687 1716 ea:
727 1657 822 1728 ﬁde
855 1672 970 1751 no}!
997 1675 1111 1732 est,
1145 1683 1417 1736 peccatum
1447 1683 1525 1727 est
1545 1651 1610 1732 ¹ί.
1640 1675 1850 1742 Quare?
1953 1651 2160 1741 verare,
2205 1677 2500 1733 inﬁdelitati
2532 1690 2689 1746 atque
2734 1680 3029 1734 inﬁdelibus
3057 1651 3163 1736 non
3197 1651 3482 1751 appropin-

276 1753 422 1819 Quia
445 1753 586 1806 bona
620 1752 855 1805 videnlur
912 1747 1130 1811 fecisse
1181 1775 1285 1814 non
1319 1764 1536 1830 quaesita
1588 1763 1708 1829 ﬁde,
1745 1782 1848 1822 non
1943 1779 2136 1832 .quare,
2185 1779 2353 1832 neque
2410 1769 2840 1834 communicare,
2881 1783 3052 1836 neque
3101 1747 3482 1824 conventiculis

288 1844 522 1910 quaesita
550 1845 812 1913 agnitione
844 1840 970 1910 eius
1003 1857 1246 1916 propter
1285 1866 1442 1917 quem
1473 1852 1574 1908 hoc
1602 1852 1846 1908 fecerint.
1881 1921 1911 1925 _
1950 1867 2154 1910 eorum.
2183 1868 2354 1921 neque
2403 1855 2656 1922 collectis,
2685 1865 2741 1909 ut
2776 1867 2965 1910 cuncta
3013 1873 3131 1925 quae
3171 1857 3398 1912 facimus
3427 1859 3479 1911 itt

291 1933 341 1989 Δ
367 1950 481 2000 quo
512 1935 648 1987 enim
693 1931 921 2001 accipiet
957 1937 1316 1992 mercedem?
1348 1940 1431 1994 Ab
1460 1957 1523 1995 eo
1547 1956 1707 2009 quem
1743 1959 1848 1996 non
1878 1921 1920 1975 Β
1949 1940 2052 1994 fide
2083 1941 2190 1994 Dco
2217 1943 2560 2011 acceptabilia
2602 1945 2708 1998 sint
2738 1962 2752 1997 :
2787 1946 2922 2000 sicut
2957 1921 3133 1999 etvilla
3165 1961 3282 2014 qua:
3327 1947 3482 2015 paulo

293 2024 600 2090 requisivit,
655 2039 814 2090 quem
869 2037 980 2078 non
1037 2028 1285 2096 agnovit,
1331 2029 1417 2082 cui
1451 2044 1555 2083 non
1602 2032 1849 2098 credidit,
1949 2040 2067 2098 post
2089 2027 2188 2084 Joh
2232 2030 2422 2085 fecisse
2469 2033 2746 2096 asseritur,
2777 2034 3125 2101 acceptabilia
3166 2033 3300 2088 facta
3333 2050 3478 2098 sunt,

286 2127 449 2178 quem
485 2127 591 2164 non
617 2123 701 2166 est
719 2110 1030 2178 confessus,
1055 2130 1228 2183 neque
1245 2115 1514 2183 professus
1533 2118 1670 2172 sicut
1695 2133 1851 2186 opor-
1947 2120 2069 2184 quia
2101 2119 2356 2173 abstinuit
2377 2135 2436 2174 se
2465 2122 2531 2174 ab
2560 2123 2706 2176 omni
2735 2137 2791 2176 re
2829 2123 2984 2189 mala,
3012 2133 3069 2176 ut
3091 2122 3196 2177 Deo
3233 2133 3480 2190 accepta-

290 2199 413 2260 tuit,
443 2214 551 2250 non
583 2200 816 2266 accipiet
842 2201 912 2254 ab
944 2215 1010 2254 eo
1044 2204 1553 2268 remunerationem,
1579 2205 1678 2258 nisi
1706 2206 1850 2272 judi-
1949 2209 2068 2262 bilis
2099 2208 2247 2263 ﬁeret
2278 2211 2520 2279 religiosa
2549 2211 2663 2278 ejus
2691 2211 2918 2278 cultura,
2949 2221 3006 2266 ut
3028 2213 3156 2266 nihil
3177 2222 3314 2267 esset
3337 2213 3479 2280 quod

288 2291 433 2360 cium
469 2299 525 2343 et
556 2289 694 2342 iram
728 2293 796 2343 ad
840 2292 1370 2346 condemnationem.
1401 2291 1550 2347 Sicut
1576 2295 1716 2348 enim
1759 2295 1852 2364 qui
1947 2299 1995 2353 ei
2026 2309 2417 2368 perstreperet,
2453 2302 2532 2354 vel
2569 2305 2884 2370 praepediret
2925 2303 3068 2356 circa
3112 2302 3205 2356 Dei
3255 2302 3447 2369 conjun
3469 2328 3482 2337 ε

289 2377 525 2432 aedificat
550 2378 676 2432 sine
705 2377 1085 2448 fundamento,
1127 2382 1264 2436 nihil
1307 2384 1514 2450 proficit
1554 2385 1654 2438 nisi
1686 2385 1852 2438 detri-
1949 2392 2182 2444 ctionem
2211 2402 2366 2458 atque
2395 2390 2828 2455 familiaritatem,
2854 2403 3034 2461 utpote
3065 2393 3112 2446 ei
3143 2392 3482 2460 quieratsine

290 2482 535 2527 mentum
563 2482 623 2528 et
660 2473 928 2540 laborem,
959 2485 1014 2528 et
1041 2475 1282 2530 dolorem
1310 2495 1325 2532 :
1352 2477 1430 2530 sic
1470 2477 1719 2530 similiter
1761 2478 1851 2545 qui
1947 2479 2182 2544 querela,
2217 2481 2386 2548 justus
2437 2496 2646 2550 quoque
2679 2496 2740 2534 ac
2788 2496 2942 2535 verax
2977 2482 3067 2535 Dei
3110 2484 3283 2536 cultor
3319 2490 3481 2550 atque

291 2564 419 2618 boui
447 2563 660 2631 aliquid
691 2563 904 2618 videtur
922 2566 1122 2630 facere,
1156 2567 1199 2620 si
1225 2567 1339 2620 sine
1363 2567 1467 2620 ﬁde
1486 2567 1695 2630 fecerit,
1721 2567 1852 2622 nihil
1949 2569 2216 2622 abstinens
2240 2582 2300 2622 se
2336 2569 2400 2622 ab
2427 2571 2570 2624 omni
2615 2584 2672 2623 re
2702 2571 2858 2624 mala.
2905 2571 3099 2638 Dignos
3122 2571 3280 2625 etiam
3313 2569 3480 2624 faciat

291 2653 529 2721 proﬁcit.
558 2655 722 2709 Sicut
754 2655 901 2708 enim
930 2656 1171 2708 credenti
1200 2655 1377 2708 omnia
1411 2665 1534 2710 sunt
1561 2656 1850 2724 possibilia,
1951 2674 2045 2712 nos
2092 2657 2250 2721 Deus,
2291 2667 2348 2712 ut
2391 2660 2562 2726 ipsum
2595 2660 2866 2713 imitantes
2889 2661 2940 2713 in
2994 2661 3104 2728 ejus
3140 2659 3481 2714 beatitudinis

293 2751 352 2796 ut
394 2743 644 2798 salvetur
695 2753 863 2812 atque
916 2743 1254 2812 refrigerium
1289 2744 1521 2798 inveniat
1559 2747 1696 2813 apud
1730 2761 1852 2798 eum
1953 2748 2188 2816 vestigiis
2209 2749 2548 2814 requiem,ac
2573 2748 2902 2817 refrigerium
2928 2749 3252 2812 accipiamus
3272 2749 3326 2802 in
3348 2757 3480 2802 tem-

295 2836 386 2890 cui
440 2835 719 2890 credidit:
747 2836 828 2889 sic
869 2848 975 2888 non
1024 2833 1265 2888 credenti
1293 2835 1424 2889 nihil
1467 2843 1548 2889 est
1581 2835 1850 2904 possibile,
1951 2851 2081 2904 pore
2110 2837 2537 2891 resurrectionis.

297 2940 470 2993 neque
499 2935 562 2979 ut
591 2925 781 2980 salvus
803 2924 916 2989 flat,
943 2938 1116 2992 neque
1144 2934 1202 2977 ut
1234 2923 1572 2993 refrigerium
1595 2925 1850 2991 inveniat,
2021 2927 2214 2980 Habuit
2243 2937 2420 2982 autem
2460 2928 2595 2981 ﬁlios
2621 2938 2827 2995 septem
2853 2935 2905 2980 et
2935 2926 3072 2980 ﬁlias
3101 2935 3228 2990 tres,
3249 2927 3344 2980 sed
3373 2939 3479 2980 non

297 3033 468 3088 neque
497 3031 556 3074 ut
587 3019 646 3072 in
677 3019 846 3072 vitam
882 3023 1134 3069 introeat.
1167 3012 1279 3068 Non
1310 3022 1393 3068 est
1423 3015 1563 3069 enim
1604 3017 1854 3070 mentitus
1951 3035 2014 3073 ex
2062 3021 2346 3085 adulterio,
2375 3034 2547 3088 neque
2602 3033 2665 3072 ex
2717 3018 3062 3084 impudicitia,
3089 3019 3181 3071 sed
3228 3032 3293 3070 ex
3335 3017 3480 3070 licito

295 3105 768 3176 quiaittﬂuwrite
793 3103 1850 3180 Dominum,etiuuenietunimaaestra".
1952 3123 2110 3180 atque
2153 3111 2486 3165 immaculato
2556 3110 2890 3164 matrimonio
2983 3107 3194 3163 Sciebat
3251 3123 3481 3176 namque

299 3200 448 3265 Quod
484 3200 530 3254 si
563 3213 675 3253 non
707 3197 1029 3268 quaesieritis
1072 3195 1123 3248 in
1150 3195 1272 3259 fide,
1305 3212 1409 3251 non
1438 3199 1656 3264 potestis
1691 3199 1740 3251 in
1769 3199 1850 3252 vi-
1878 3243 1920 3301 ϐ
1953 3201 2136 3256 beatus
2166 3201 2264 3256 Job
2294 3202 2418 3269 quia
2443 3215 2506 3254 ex
2542 3201 2729 3254 illicito
2774 3210 2893 3253 toro
2934 3199 3027 3252 ﬁlii
3059 3202 3146 3268 qui
3189 3208 3481 3253 nascuntur

301 3305 404 3345 tam
432 3291 692 3352 introire,
721 3291 774 3344 id
811 3297 913 3354 est,
946 3289 1140 3341 anima:
1177 3302 1280 3342 non
1331 3289 1678 3342 credentium.
1706 3288 1854 3343 Sicut
1882 3288 1920 3301 “”
1955 3301 2115 3346 testes
2140 3300 2295 3345 erunt
2321 3290 2619 3358 iniquitatis
2647 3290 2898 3343 adversus
2927 3298 3175 3356 parentes
3203 3304 3328 3343 suos
3356 3304 3480 3342 cum

297 3384 438 3437 enim
469 3381 557 3437 sol
601 3381 712 3435 nisi
741 3377 1036 3434 viltraverit
1063 3391 1220 3447 super
1250 3377 1440 3432 faciem
1478 3385 1654 3444 terrm,
1677 3377 1854 3432 nullus
1953 3379 2362 3446 interrogantur.
2386 3375 2590 3430 Idcirco
2617 3377 2878 3430 veraciter
2903 3377 3073 3430 dicit:
3103 3375 3168 3428 Et
3194 3377 3238 3430 si
3274 3385 3482 3430 secutus

294 3488 365 3528 ex
406 3473 690 3527 fructibus
733 3469 852 3538 ejus
889 3464 1110 3532 crescit,
1154 3482 1324 3536 neque
1361 3467 1638 3531 adolescit,
1685 3483 1854 3537 neque
1950 3477 2024 3520 est
2051 3469 2229 3521 oculus
2260 3483 2400 3521 meus
2422 3482 2638 3520 uxorem
2685 3467 2780 3520 uiri
2819 3465 3060 3530 alterius,
3100 3476 3259 3534 atque
3299 3467 3382 3520 bis
3408 3467 3481 3521 si-

300 3563 649 3626 maturescit,
683 3561 767 3615 sic
811 3559 1065 3614 similiter
1093 3557 1197 3611 nisi
1223 3573 1318 3625 per
1344 3557 1496 3611 ﬁdem
1538 3559 1734 3612 veritas
1766 3572 1853 3612 re-
1953 3558 2114 3612 milia.
2137 3558 2268 3612 Cum
2286 3573 2412 3627 ergo
2434 3557 2609 3611 omnia
2627 3557 2856 3610 obscena
2878 3567 2932 3610 et
2951 3555 3300 3611 exsecrabilia
3323 3564 3482 3624 atque

303 3653 510 3708 fulserit
543 3653 605 3707 in
639 3649 935 3704 animabus
962 3647 1257 3709 hominum,
1288 3661 1555 3714 nunquam
1580 3656 1733 3700 erunt
1761 3662 1854 3702 ac-
1952 3632 2132 3703 illicita
2163 3648 2472 3713 declinaret,
2503 3654 2705 3715 septem
2729 3648 2914 3702 habuit
2934 3648 3090 3712 filios,
3117 3656 3171 3701 et
3193 3647 3330 3700 ﬁlias
3350 3657 3484 3708 tres,

301 3742 599 3811 ceplabiles
625 3754 815 3795 coram
846 3739 978 3792 Deo.
1003 3735 1155 3800 Quod
1179 3743 1354 3788 autem
1377 3736 1421 3789 si
1448 3736 1523 3790 sol
1553 3751 1656 3790 non
1681 3737 1856 3792 radia-y
1950 3749 2133 3794 sancte
2180 3750 2232 3793 et
2261 3740 2450 3809 pudice
2484 3739 2773 3794 secundum
2803 3727 3034 3793 oiiicium'
3078 3747 3302 3801 naturae,
3333 3744 3484 3791 caste

304 3835 436 3888 verit
464 3847 637 3901 super
667 3831 879 3885 fructus
908 3835 1092 3891 terrae,
1111 3841 1215 3880 non
1251 3827 1509 3892 oriuntur,
1545 3841 1715 3896 neque
1744 3843 1856 3881 ma-
1951 3846 2014 3884 ac
2043 3830 2306 3884 veraciter
2331 3831 2482 3900 juxta
2499 3831 2768 3884 Creatoris
2792 3829 3217 3897 promissionem.
3246 3829 3483 3882 Fuerunt

307 3931 580 3978 turescere
611 3919 1060 3988 comprobantur,
1090 3913 1430 3968 manifestum
1459 3923 1539 3968 est
1563 3917 1699 3983 apud
1721 3914 1850 3969 Noe.
1950 3929 2127 3974 autem
2156 3920 2229 3974 illi
2253 3920 2345 3973 filii
2383 3928 2680 3988 septem,et
2709 3919 2828 3972 ﬁlia:
2856 3928 2967 3974 tres
2995 3918 3205 3972 fuerunt
3227 3917 3322 3970 illi.
3349 3914 3485 3970 Cui?

303 4011 431 4067 Nam
460 4028 560 4082 per
582 4024 793 4065 annum
825 4007 975 4060 illum
1005 4021 1112 4074 quo
1145 4003 1254 4057 Noe
1284 4003 1382 4057 fuit
1403 4005 1454 4057 in
1478 4019 1624 4068 arca,
1649 4005 1726 4060 sol
1749 4020 1852 4059 non
1951 4007 2049 4062 Job
2063 4007 2228 4075 justo,
2253 4009 2366 4062 sine
2387 4010 2624 4077 querela,
2662 4023 2794 4063 vero
2815 4008 2908 4062 Dei
2943 4007 3157 4062 cultori.
3188 4005 3324 4059 Huic
3353 4019 3482 4072 ergo

301 4103 498 4158 cﬂulsit
530 4114 706 4170 super
741 4109 964 4159 terram,
997 4094 1189 4164 partim
1222 4107 1351 4148 sane
1390 4096 1455 4148 ah
1489 4095 1628 4149 aeris
1670 4096 1854 4150 turba-
1954 4099 2164 4152 fuerunt
2188 4097 2280 4150 ﬁ-lii
2315 4108 2515 4166 septem
2543 4098 2734 4153 etﬁliae
2764 4107 2890 4153 tres.
2916 4099 3022 4152 Deo
3047 4096 3326 4164 largiente,
3357 4110 3484 4162 pro-

303 4195 446 4248 tione
491 4193 791 4249 coercitus,
845 4186 1043 4255 partim
1093 4191 1274 4237 autem
1327 4184 1452 4252 quia
1500 4186 1566 4239 ab
1597 4199 1854 4254 aquarum
1952 4187 2164 4240 vidente
2188 4185 2466 4249 Creatore,
2499 4187 2710 4242 volente
2741 4188 2978 4243 omnium
3009 4186 3223 4255 opilice,
3267 4184 3482 4251 fuerunt

303 4283 654 4338 multitudine
674 4287 797 4334 erat
822 4287 965 4330 terra
990 4284 1260 4342 cooperta.
1284 4274 1488 4329 Idcirco
1513 4274 1716 4330 fructus
1749 4284 1856 4331 ter-
1952 4275 2026 4326 illi
2050 4274 2138 4327 filii
2159 4284 2360 4342 septem
2381 4285 2436 4330 et
2469 4275 2591 4330 ﬁliae
2616 4285 2745 4332 tres.
2761 4275 2972 4344 Septem
3000 4275 3090 4327 ﬁlii
3108 4274 3256 4343 juxta
3284 4272 3486 4326 hebdo-

299 4385 374 4425 rae
395 4388 540 4428 anno
565 4371 664 4426 illo
685 4381 863 4435 neque
878 4366 1334 4434 germinaverunt,
1361 4378 1536 4434 neque
1551 4375 1851 4429 creverunt,
1953 4361 2160 4416 madatn
2177 4363 2378 4416 dierum
2401 4365 2602 4429 saeculi,
2623 4372 2713 4416 aut
2729 4362 2878 4430 juxta
2898 4360 3280 4415 hebdomadam
3298 4374 3486 4414 eorum

296 4478 475 4534 neque
500 4472 887 4518 maturescere
906 4455 1234 4525 comprobati
1259 4465 1402 4515 sunt,
1422 4456 1561 4510 sicut
1583 4457 1635 4509 in
1663 4455 1854 4511 Genesi
1953 4451 2040 4520 qui
2064 4452 2132 4506 ab
2154 4453 2406 4521 apostolis
2422 4457 2471 4506 in
2490 4468 2635 4506 novae
2653 4453 2836 4521 gratia:
2859 4451 3050 4506 saeculo
3077 4459 3202 4505 sunt
3227 4449 3480 4512 ordinati,

295 4557 614 4610 scribentes
656 4550 1013 4605 asseruimus.
1037 4547 1162 4601 Haec
1190 4559 1418 4614 namque
1444 4546 1686 4600 universa
1713 4546 1854 4618 dixi-
1885 4551 1929 4604 ι)
1957 4549 2046 4594 aut
2065 4539 2214 4609 juxta
2247 4551 2446 4611 septem
2487 4542 2666 4596 stellas
2701 4556 2818 4611 quae
2852 4541 3085 4609 quotidie
3112 4545 3482 4608 pertranseunt

292 4655 442 4708 ntus,
469 4644 601 4712 quia
652 4642 852 4695 beatus
897 4637 996 4692 Job
1030 4652 1151 4692 cum
1189 4636 1450 4704 justitiam
1482 4645 1538 4691 et
1575 4637 1856 4692 veritatem
1952 4632 2121 4698 spatia
2135 4630 2582 4688 omli.FuerunIei
2597 4640 2794 4700 septem
2808 4632 2899 4685 filii
2927 4642 2981 4685 et
3007 4631 3124 4684 filia:
3151 4640 3278 4693 tres,
3295 4643 3482 4683 omnes

290 4729 553 4798 haberet,
586 4731 761 4786 etiam
794 4728 885 4783 Dei
915 4727 1196 4792 culturam,
1223 4727 1321 4780 hoc
1340 4735 1424 4780 est
1450 4725 1605 4780 ﬁdem
1636 4725 1743 4780 Deo
1763 4726 1856 4779 de-
1953 4720 2108 4774 simul
2127 4721 2332 4784 decem,
2352 4721 2634 4775 setundum
2662 4725 2840 4775 decem
2859 4721 3019 4774 verba
3043 4719 3196 4789 legis,
3217 4733 3334 4787 qua:
3361 4725 3482 4787 post

291 4816 633 4882 lectabiletn,
679 4815 970 4886 pretiosam
1009 4828 1218 4883 quoque
1266 4814 1314 4867 ei
1369 4821 1529 4879 atque
1557 4811 1856 4878 acceptabi-
1955 4807 2878 4879 bocﬁliislsraelsunttradita.Ergo
2896 4808 3282 4877 quiaeaquaein
3301 4808 3482 4862 decem

286 4905 408 4965 lem
447 4909 718 4964 habebat.
757 4905 908 4958 Sicut
949 4903 1092 4958 enim
1133 4901 1269 4955 nihil
1299 4910 1381 4955 est
1412 4900 1724 4955 delectabile
1755 4900 1854 4954 ho—
1955 4896 2129 4950 verbis
2164 4896 2290 4966 legis
2309 4906 2432 4951 sunt
2451 4907 2726 4966 praecepta,
2757 4899 2931 4952 omnia
2951 4895 3390 4964 adimplevitJob,
3425 4905 3480 4948 et

280 4999 545 5054 minibus
562 4998 688 5052 sine
711 4995 850 5054 luce,
876 4993 954 5046 sic
985 4991 1233 5045 similiter
1258 4990 1389 5043 nihil
1413 4997 1494 5043 est
1518 4989 1851 5054 delectabile,
1956 4993 2076 5038 ante
2097 4985 2288 5053 legem,
2309 4995 2362 5040 et
2384 4995 2534 5040 extra
2551 4987 2738 5053 legem,
2763 4987 2956 5041 idcirco
2980 4996 3033 5040 et
3061 4985 3158 5054 ipsi
3187 4986 3396 5054 quidem
3425 4983 3480 5034 in

271 5097 484 5158 neque
526 5093 816 5153 acceptum
858 5083 985 5147 Deo,
1009 5081 1210 5148 absque
1237 5079 1356 5132 fidei
1383 5079 1600 5133 lumine.
1642 5079 1722 5134 οι)
1752 5081 1855 5135 hoc
1957 5071 2179 5129 fortnam
2196 5083 2356 5144 atque
2373 5075 2702 5140 memoriam,
2732 5077 2834 5130 illis
2863 5090 2989 5130 vero
3011 5076 3100 5143 qui
3129 5084 3246 5142 post
3263 5075 3359 5126 hoc
3378 5071 3477 5158 sub

260 5157 433 5244 ergo
476 5175 612 5230 dicit
650 5173 720 5226 de
770 5167 894 5231 Job,
942 5167 1036 5221 Dei
1086 5167 1277 5229 cultor,
1302 5166 1444 5232 juste
1492 5180 1556 5218 ac
1595 5168 1855 5222 veraciter
1957 5164 2070 5233 lege
2105 5164 2272 5232 legem
2297 5181 2402 5221 non
2431 5166 2863 5236 adimpleverunt,
2881 5166 2946 5219 ad
2971 5165 3373 5232 correptionem,
3407 5157 3479 5212 ad

252 5267 491 5320 “biens
513 5264 710 5318 Deum.
745 5259 860 5315 Non
891 5266 1110 5326 propter
1149 5255 1361 5309 divitias
1395 5264 1552 5323 atque
1580 5259 1852 5323 pecunias,
1958 5256 2461 5324 condemnationem,
2479 5259 2659 5313 decem
2675 5259 2822 5314 liberi
2839 5259 2946 5314 dati
2967 5256 3170 5318 suntei,
3189 5258 3368 5318 utpote
3381 5247 3482 5312 (ιυὶ

243 5343 445 5409 “Qut
474 5352 732 5409 diabolus
759 5348 1094 5402 mendaciter
1120 5344 1306 5398 detulit
1327 5343 1470 5398 illum
1497 5346 1633 5412 apud
1662 5344 1850 5414 Deum,
1955 5348 2173 5416 singulis
2222 5363 2404 5403 eorum
2455 5350 2780 5420 singulorum
2832 5340 3034 5403 memor
3095 5346 3477 5412 praeceptorum

233 5443 394 5498 εδδ
427 5449 661 5512 propter
678 5437 948 5506 justitiam
973 5447 1041 5485 ac
1067 5432 1336 5486 veritatem
1361 5433 1522 5487 coluit
1549 5433 1734 5488 Deum.
1761 5436 1852 5490 Ni-
1955 5437 2130 5493 omnia
2147 5439 2528 5509 adimpleverit.
2557 5441 2660 5496 Sed
2679 5437 3008 5505 dicitaliquis
3027 5452 3042 5488 :
3061 5433 3224 5486 Porro
3245 5437 3340 5478 cur
3363 5434 3476 5474 non

220 5516 326 5575 δί
355 5535 370 5586 Ι
405 5531 519 5586 huc
545 5528 747 5598 justius
786 5538 853 5577 ac
904 5520 1174 5583 veracius,
1201 5533 1350 5586 quam
1386 5530 1444 5574 ut
1475 5520 1694 5576 Creator
1733 5526 1852 5579 uni-
1955 5527 2100 5581 dedit
2113 5528 2160 5583 ei
2191 5529 2448 5584 masculos
2469 5538 2688 5595 tantum,
2709 5530 2802 5584 sed
2823 5525 3010 5596 partim
3029 5518 3477 5606 quidem

216 5597 583 5678 v§rsorum
631 5631 696 5672 ac
722 5610 1050 5668 benefactor
1088 5609 1310 5662 omnium
1341 5610 1602 5666 veraciter
1643 5613 1852 5678 colatur
1957 5618 2051 5685 los,
2072 5619 2264 5688 partim
2285 5628 2457 5678 autem
2479 5621 2732 5678 feminas?
2750 5617 2908 5674 Audi.
2939 5609 3017 5665 0h
3039 5608 3138 5662 hoc
3165 5597 3307 5654 dedit
3345 5604 3493 5658 pro-

362 5779 410 5811 u
429 5779 592 5835 Rom.
623 5786 741 5832 xw,
763 5765 859 5819 25.
946 5760 992 5789 ”
1023 5758 1162 5817 Psal.
1192 5777 1362 5831 txvut,
1392 5767 1488 5822 55.
