3914 6452
354 427 463 482 »585

355 625 611 678 omnibus.
642 618 847 682 Genuit,
883 618 1074 685 inquit,
1103 618 1241 685 ﬁlios
1276 626 1321 671 el
1350 617 1490 685 [ilius
1516 614 1579 666 ³⁸.
1610 616 1673 667 Et
1705 616 1877 667 adhuc

355 714 421 765 ob
445 712 541 763 hoc
573 707 866 775 promiscue
908 716 962 759 et
992 706 1149 759 ﬁlios
1181 715 1235 759 et
1271 705 1407 758 ﬁlias
1458 704 1621 766 dedit,
1651 703 1772 770 quia
1805 702 1876 754 ita

352 798 653 852 desiderant
689 796 924 850 omnium
975 806 1201 857 mentes,
1223 795 1347 862 quia
1393 796 1493 848 hoc
1529 794 1753 861 requirit
1784 793 1874 846 ho-

352 886 511 939 minis
543 884 886 949 desiderium,
922 895 976 937 ut
1014 885 1314 952 promiscue
1359 894 1607 952 utrosque
1655 893 1707 938 et
1740 884 1877 937 ﬁlios

347 984 395 1027 et
428 974 557 1026 ﬁlias
590 973 841 1027 habeant.
870 976 946 1026 Ad
992 974 1421 1028 satisfaciendum
1470 990 1598 1044 ergo
1632 976 1881 1029 humanis

344 1064 612 1125 sensibus,
644 1064 947 1131 promiscue
975 1064 1121 1117 dedit
1156 1065 1257 1118 illis
1278 1076 1330 1119 et
1361 1067 1447 1118 dat
1478 1067 1615 1119 ﬁlios
1641 1075 1695 1119 et
1720 1066 1874 1120 ﬁlias.

344 1150 411 1203 Et
447 1152 619 1204 adhuc
640 1153 709 1204 ob
737 1155 838 1205 hoc
865 1153 954 1206 dat
980 1154 1301 1220 promiscue,
1320 1165 1377 1208 ut
1402 1157 1687 1210 concordia
1720 1167 1878 1224 atque

342 1239 648 1305 coniunctio
677 1241 953 1294 hominum
976 1242 1356 1311 multiplicetur
1369 1260 1463 1313 per
1487 1247 1876 1301 connubiorum

347 1329 730 1397 copulationes.
762 1330 860 1384 Ubi
888 1332 1027 1384 enim
1063 1334 1306 1387 dederint
1348 1334 1480 1389 ﬁlias
1510 1351 1635 1390 suas
1669 1336 1719 1391 in
1749 1353 1880 1392 con-

343 1419 571 1488 juginm,
616 1430 669 1474 et
695 1422 994 1488 acceperint
1027 1421 1150 1476 ﬁliis
1181 1424 1291 1478 suis
1320 1439 1532 1490 uxores,
1573 1427 1678 1482 illic
1715 1444 1877 1498 copu-

349 1507 477 1561 latio
508 1510 566 1562 ﬁt
598 1510 864 1564 connubii.
895 1513 1087 1565 crescit
1115 1513 1437 1581 coniunctio,
1461 1518 1572 1570 sive
1592 1519 1725 1585 apud
1752 1535 1877 1587 pau-

349 1611 527 1665 peres,
562 1600 676 1652 sive
717 1600 855 1667 apud
903 1601 1113 1654 divites.
1142 1602 1291 1668 Quod
1333 1605 1378 1657 si
1422 1619 1554 1659 sane
1597 1607 1754 1660 alicui
1783 1609 1876 1662 ﬁlii

350 1695 552 1740 tantum
582 1698 947 1754 nascerentur,
979 1690 1067 1744 alii
1097 1702 1271 1746 autem
1298 1693 1438 1755 ﬁliae,
1475 1711 1593 1750 cum
1634 1711 1725 1751 eas
1750 1699 1878 1753 viris

344 1788 531 1828 omnes
567 1777 819 1843 traderet,
857 1780 1068 1832 domum
1095 1796 1313 1835 vacuam
1362 1784 1681 1853 relinqueret
1717 1796 1877 1856 atque

1407 409 1780 467 ANONYMUS
1813 408 1878 463 IN
1914 406 2049 463 JOB.
2090 437 2156 448 —-
2197 407 2322 468 LIB.
2363 410 2415 464 l.‘

358 541 552 597 miscue
601 542 652 588 et
699 532 833 585 ﬁlios
862 539 916 585 et
956 530 1093 583 ﬁlias
1131 530 1255 598 quia
1293 545 1321 581 a
1379 528 1569 583 srecnlo
1606 529 1677 580 ita
1733 528 1875 580 dedit
1902 531 1944 585 Α
1979 527 2259 593 Fuerunt,
2312 526 2511 594 inquit,
2567 525 2653 575 illi
2713 523 2830 589 filii
2883 527 3106 584 septem
3149 510 3236 563 ⁸³-
3284 506 3503 561 (ἷθτίιι

3718 472 3775 547 sit

1977 620 2113 687 quod
2153 618 2392 686 religioso
2420 614 2678 682 religiosi,
2707 620 2769 666 et
2810 617 3028 663 sancto
3076 600 3297 657 sancti
3334 602 3469 687 ,ξι
3575 600 3701 656 ‘\\
3731 616 3777 662 εει

1975 683 2095 762 sunt
2115 683 2274 771 boni;
2289 709 2421 761 sicut
2447 715 2499 760 et
2537 706 2588 757 in
2616 703 2795 771 priori
2826 690 3327 753 demonstravit.
3366 683 3521 785 Nfl§

1976 808 2155 831 mm...
2198 807 2333 831 nunc!
2366 796 2510 831 ...μην
2578 793 2759 831 αωιριῖ
2790 786 3129 831 erraverunt
3162 791 3234 831 et.
3263 790 3461 831 raml.

2230 683 2274 771 liv
2289 709 2421 761 sicut
2447 715 2499 760 et
2537 706 2588 757 in
2616 703 2795 771 priori
2826 690 3327 753 demonstravit.
3366 683 3676 831 N.;I§\’
3691 695 3776 747 δοηο

2231 807 2333 831 aut
2366 796 2510 831 “diu
2578 793 2759 831 «ωηιιί
2790 786 3129 831 erraverunt
3162 791 3234 831 et.
3263 790 3461 831 rallll.
3692 797 3767 831 cum

1976 808 2157 852 sancta
2198 807 2338 852 esset
2366 796 2511 850 radis
2534 835 2549 857 ,
2578 793 2760 846 sancti
2790 786 3129 844 creverunt
3162 791 3234 835 et
3263 790 3461 832 raml.
3602 786 3767 833 Viam,

1977 889 2126 942 bona:
2148 897 2344 941 exorta:
2373 892 2497 939 sunt
2522 882 2896 950 propagines.
2928 879 3082 932 Cum
3129 870 3456 924 memorat
3516 892 3613 984 \

2208 977 2291 984 Α-..
2350 976 2363 984 .
2407 976 2417 984 .
2491 974 2512 984 ιι
2700 982 2708 984 ξ
2778 979 2790 984 -
2825 980 2837 984 -
2928 983 2932 984 ,
2973 965 3115 984 ιιιε..
3179 961 3382 984 D_-_l
3418 963 3456 984 η

1976 988 2174 1048 septem
2203 977 2323 1029 ﬁliis
2340 976 2439 1029 Job
2488 974 2716 1025 fuerunt
2739 979 2797 1024 et
2824 980 2948 1022 tres
2973 965 3141 1019 tiliae.
3176 961 3458 1067 Erant:
3551 954 3712 1067 34/21:

1975 1033 2183 1134 et‘ipsa:
2223 1067 2340 1119 ﬁliae
2370 1065 2496 1133 ipsis
2541 1064 2671 1116 ﬁliis
2712 1060 3023 1119 similiter,
3073 1061 3313 1122 ulpnte
3363 1033 3662 1148 nugax:

1977 1168 2134 1226 atque
2157 1157 2270 1225 ejus
2308 1155 2536 1207 ﬁliorum
2561 1165 2795 1206 suorum
2832 1161 2981 1202 vero
3016 1156 3499 1215 germanorum
3525 1180 3657 1226 cene.

1974 1260 2185 1302 sorores
2217 1246 2267 1297 in
2295 1243 2437 1296 omni
2467 1242 2608 1295 bona
2645 1238 3058 1308 religiositate.
3117 1233 3259 1288 Nisi
3301 1246 3488 1305 enim
3533 1258 3643 1324 ipsa

1975 1351 2155 1391 eorum
2184 1347 2399 1387 sorores
2424 1332 2558 1385 tales
2589 1330 2978 1388 exstitissent,
3020 1341 3143 1379 non
3180 1325 3426 1413 u‘tiqne
3455 1347 3642 1409 paﬁm

1974 1442 2093 1481 cum
2119 1425 2393 1490 germanis.
2417 1423 2530 1475 suis
2560 1435 2779 1488 semper
2812 1418 3081 1472 fuissent
3104 1457 3121 1479 ,
3160 1415 3337 1468 sicut
3380 1426 3446 1482 in
3481 1436 3643 1499 prio“-

1975 1517 2088 1570 hasc
2118 1514 2396 1580 Scriptura
2427 1509 2853 1564 demonSIravit.
2893 1508 3015 1561 Sed
3040 1506 3245 1559 adhuc
3282 1504 3535 1574 [uerum
3567 1525 3643 1579 ίιιί

1974 1614 2177 1670 septem
2212 1601 2304 1653 lilii
2346 1609 2397 1653 et
2433 1611 2544 1652 tres
2579 1599 2703 1651 tiliae
2728 1636 2744 1661 ,
2809 1611 3069 1649 numero
3127 1597 3395 1667 decem,
3456 1611 3645 1664 animo

1975 1705 2102 1746 vero
2130 1706 2265 1744 unus
2289 1698 2465 1745 erant.
2499 1687 2743 1741 Numero
2779 1685 3025 1753 plurimi
3073 1692 3291 1748 erant;
3352 1707 3637 1753 consensu

3640 874 3756 921 ,νίψω

3641 944 3727 985 [3113

1975 1790 2154 1833 autem
2208 1788 2369 1846 atque
2417 1766 2712 1831 concordia
2746 1776 2913 1845 quasi
2970 1789 3181 1839 unus;
3240 1784 3653 1841 unanimitate

344 1863 707 1918 haereditatem
742 1881 888 1919 suam
917 1868 1227 1925 desolatam.
1250 1869 1397 1924 Nunc
1424 1843 1550 1925 ver-0
1585 1871 1719 1925 ﬁlias
1745 1843 1870 1926 suas
1905 1843 1948 1900 Β
1976 1881 2137 1939 atque
2169 1870 2456 1923 dilectione
2479 1868 2633 1934 quasi
2667 1870 2833 1921 idem.
2890 1865 3030 1918 Non
3071 1866 3412 1931 separabat
3447 1885 3643 1927 autem

344 1971 473 2010 sane
505 1956 596 2008 dat
622 1957 782 2019 foras,
818 1958 940 2012 ﬁliis
974 1970 1149 2013 autem
1183 1963 1324 2014 intus
1358 1963 1549 2029 accipit
1577 1978 1871 2026 uxores,ac

346 2064 439 2116 per
459 2050 555 2101 hoc
582 2058 633 2103 et
665 2051 998 2105 extrinsecus
1026 2052 1184 2106 habet
1207 2054 1575 2121 cognationem
1603 2063 1656 2107 et
1680 2054 1868 2106 intrin-

343 2152 499 2190 secus
535 2139 914 2195 hazreditatem.
952 2140 1073 2193 Haec
1126 2142 1368 2195 videlicet
1407 2142 1652 2195 universa
1690 2142 1868 2196 divina

343 2227 639 2281 efﬁciuntur
691 2230 1018 2298 providentia
1073 2240 1233 2299 atque
1289 2234 1616 2299 Operatione,
1666 2234 1867 2287 utiliter

342 2327 506 2387 atque
542 2321 841 2374 necessarie
872 2322 1171 2375 hominibus
1204 2322 1275 2374 ita
1312 2321 1378 2374 ab
1418 2322 1569 2375 initio
1597 2324 1864 2379 ordinata.

342 2407 428 2461 Sic
460 2424 688 2476 namque
710 2421 761 2463 et
794 2409 891 2464 Joh
928 2412 1139 2464 luerunt
1166 2422 1362 2479 septem
1390 2413 1479 2465 ﬁlii
1509 2422 1560 2466 et
1587 2414 1703 2467 ﬁlia:
1734 2424 1864 2479 tres,

341 2505 395 2548 ut
417 2513 534 2549 cum
572 2500 710 2566 ipsas
731 2514 859 2552 sane
896 2501 1027 2553 tilias
1077 2500 1216 2554 foras
1250 2503 1479 2556 traderet
1516 2503 1661 2563 viris,
1700 2504 1864 2557 habe-

340 2596 420 2639 ret
453 2588 784 2640 extrinsecus
836 2588 972 2642 ﬁlios
1003 2590 1279 2657 adoptivos
1308 2611 1320 2645 :
1349 2600 1401 2645 et
1442 2606 1559 2645 cum
1608 2592 1727 2645 ﬁliis
1756 2594 1865 2646 suis

340 2676 403 2727 de
428 2676 554 2728 foris
584 2678 849 2744 acciperet
881 2693 1091 2741 uxores,
1145 2679 1363 2734 haberet
1386 2682 1545 2733 etiam
1572 2682 1622 2733 in
1662 2682 1741 2734 his
1766 2697 1865 2734 ex-

342 2765 599 2818 trinsecus
656 2766 928 2835 adaptivas
978 2769 1131 2822 ﬁlias.
1164 2769 1314 2838 Saepe
1359 2771 1497 2823 enim
1548 2772 1752 2838 generi,
1786 2773 1865 2825 vel

339 2868 504 2907 nurus
553 2856 674 2910 ﬁliis
720 2856 1037 2912 sinceriores
1082 2858 1424 2926 reperiuntur
1450 2860 1589 2914 circa
1626 2876 1861 2927 soceros,

337 2943 418 2997 vel
448 2959 635 2999 socrus
662 2962 809 3009 suas,
835 2948 936 3000 illae
970 2963 1086 3016 qua:
1114 2949 1204 3000 Dei
1240 2949 1484 3002 timorem
1523 2964 1585 3003 ac
1612 2951 1861 3018 pietatem

336 3032 637 3089 habuerunt
659 3037 938 3091 animabus
961 3039 1089 3091 suis.
1113 3038 1257 3090 Talis
1274 3038 1372 3090 fuit
1394 3039 1481 3091 illa
1513 3041 1668 3093 beata
1698 3041 1858 3105 Ruth,

335 3139 453 3191 qua:
484 3127 555 3179 ita
589 3128 775 3179 detulit
819 3129 993 3180 socrui
1032 3143 1138 3179 sua:
1165 3140 1447 3195 veteranas,
1478 3140 1534 3184 ut
1585 3146 1751 3199 usque
1794 3134 1860 3186 ad

334 3226 557 3268 mortem
588 3233 688 3268 non
744 3229 886 3270 esset
921 3233 1070 3285 passa
1113 3231 1230 3270 eam
1289 3219 1611 3287 relinquere.
1663 3220 1863 3276 Idcirco

334 3319 463 3357 sane
492 3307 542 3358 in
589 3306 862 3372 Scriptura
919 3309 967 3359 in
1017 3317 1268 3375 perpetuo
1301 3312 1686 3376 magnilicatur,
1726 3315 1865 3383 apud

338 3394 499 3445 Deum
529 3409 654 3448 vero
688 3395 738 3446 in
771 3394 974 3447 inﬁnita
1006 3397 1197 3449 saecula
1230 3399 1582 3464 beatiﬁcatur,
1606 3403 1865 3470 jndicabit

336 3483 678 3536 nihilominus
718 3494 878 3552 atque
932 3485 1305 3539 condemnabit
1363 3488 1415 3540 in
1478 3495 1865 3548 resurrectione

333 3587 521 3626 omnes
571 3572 829 3642 malignas
857 3582 910 3626 et
952 3575 1138 3641 impias
1190 3590 1373 3641 nurus,
1410 3594 1526 3645 qua:
1557 3584 1755 3639 soceris
1782 3583 1866 3637 vel

335 3662 579 3715 secribus
604 3664 713 3716 suis
746 3665 1118 3718 contumeliam
1146 3666 1226 3719 vel
1251 3666 1495 3731 injuriam
1527 3671 1864 3738 ingesserint,

334 3764 438 3802 non
474 3751 871 3806 reminiscentes
900 3756 1038 3821 quod
1072 3755 1168 3823 ipsi
1199 3757 1276 3809 eis
1302 3758 1442 3812 viros
1473 3764 1753 3826 genuerint
1782 3776 1864 3816 at—

335 3852 438 3905 que
477 3842 781 3906 nutrierint,
813 3853 865 3896 et
904 3859 996 3912 pro
1024 3848 1318 3900 substantia
1365 3858 1420 3901 et
1458 3865 1554 3916 pro
1585 3853 1723 3906 victu
1763 3854 1865 3909 illis

336 3928 571 3983 laborem
606 3933 970 4001 acquisierint.
1001 3935 1054 3990 Si
1102 3936 1261 4005 igitur
1294 3938 1463 4007 diligis
1488 3942 1657 3995 virum
1694 3952 1862 4007 tuum,

335 4032 369 4071 θ
398 4019 609 4084 mulier,
633 4022 789 4091 dilige
808 4032 861 4076 et
892 4039 984 4078 eos
1008 4026 1097 4095 qui
1121 4036 1413 4093 genuerunt
1437 4043 1557 4083 eum
1575 4040 1627 4082 et
1657 4031 1864 4084 nutrie-

335 4120 458 4163 runt
486 4111 589 4165 sibi
630 4114 816 4178 ﬁlium,
847 4117 937 4169 tibi
989 4129 1110 4171 vero
1154 4118 1424 4171 maritum.
1457 4118 1573 4173 Noli
1615 4136 1865 4188 separare

334 4202 498 4257 ﬁlium
530 4218 558 4255 a
592 4214 740 4270 patre
771 4207 850 4259 vel
880 4218 1069 4261 matre.
1100 4207 1214 4261 Noli
1245 4209 1561 4276 compellere
1588 4211 1750 4265 lilium
1773 4228 1865 4280 pa-

332 4301 466 4346 trem
502 4303 590 4344 aut
624 4302 843 4347 matrem
878 4298 1216 4359 inhonorare,
1254 4311 1319 4349 ne
1371 4299 1422 4350 in
1469 4302 1864 4357 condemnatio-

333 4396 453 4435 nem
485 4381 685 4435 incidas
720 4386 857 4451 apud
888 4386 1169 4440 Dominum
1206 4388 1367 4440 Deum
1399 4387 1450 4441 in
1487 4390 1571 4443 die
1608 4391 1862 4447 terribilis

1972 1976 2065 2014 eos
2094 1960 2262 2023 zelus,
2293 1974 2396 2012 non
2426 1960 2754 2013 dissociabat
2785 1972 2886 2011 eos
2918 1958 3171 2019 invidia,
3208 1957 3381 2010 sicut
3416 1963 3655 2026 pridem

1973 2050 2167 2102 fratres
2191 2048 2412 2114 Joseph.
2438 2048 2655 2113 Quare?
2700 2047 2841 2112 Quia
2884 2061 3002 2100 non
3055 2056 3263 2098 exorta
3326 2059 3430 2101 est
3468 2050 3523 2102 in
3557 2055 3655 2106 eis

1970 2137 2382 2207 pravaricatio,
2422 2150 2599 2203 neque
2627 2135 3063 2202 coinquinatio,
3102 2135 3255 2187 sicut
3299 2135 3377 2189 in
3415 2138 3667 2203 Ruben,

1972 2242 2144 2297 neque
2175 2228 2324 2280 furor
2351 2228 2707 2291 interliciens,
2732 2227 2879 2280 sicut
2913 2227 2971 2279 in
3001 2227 3247 2280 Simeon
3271 2237 3354 2280 et
3388 2230 3455 2282 in
3494 2232 3675 2299 Levi,

1971 2331 2142 2386 neque
2168 2317 2347 2369 odium
2379 2315 2632 2369 fraterna:
2675 2314 3134 2375 maledictionis,
3166 2315 3295 2369 sicu
3318 2324 3347 2369 I.
3391 2318 3462 2371 in
3494 2333 3691 2374 mete-

1971 2410 2047 2464 ris
2077 2408 2198 2462 ﬁliis
2229 2406 2397 2461 Jacob
2426 2420 2442 2458 :
2470 2407 2563 2460 sed
2593 2417 2755 2460 erant
2799 2421 3007 2461 omnes
3046 2407 3299 2459 unanim
3314 2426 3400 2464 es
3444 2412 3511 2466 in
3552 2416 3689 2483 pie.

1971 2507 2100 2563 tate,
2141 2498 2348 2568 paciﬁci
2396 2499 2451 2551 in
2485 2497 2695 2563 jnstitia
2746 2502 2922 2563 atque
2960 2512 3025 2549 in
3066 2497 3166 2550 Dei
3207 2497 3477 2557 titnore
3527 2520 3687 2560 con.-

1968 2592 2178 2656 cordes,
2236 2598 2418 2656 utpote
2477 2585 2578 2641 Job
2630 2589 2755 2652 ﬁlii,
2829 2598 2887 2642 et
2939 2603 3059 2641 non
3108 2597 3424 2654 tanquam
3494 2595 3677 2649 Esau

1972 2691 2206 2749 nepotes.
2242 2680 2383 2733 Esau
2410 2681 2554 2733 enim
2598 2694 2721 2732 cum
2755 2694 2933 2733 unum
2974 2679 3221 2733 sutIerre
3251 2695 3394 2736 non
3438 2697 3675 2751 posset

1970 2786 2277 2839 germanum
2306 2770 2523 2824 fratrem
2557 2767 2752 2834 Jacob,
2792 2769 3128 2823 interﬁcere
3153 2786 3277 2824 eum
3303 2776 3672 2841 quaesivit.

1970 2865 2182 2933 Septem
2215 2877 2345 2917 vero
2394 2862 2483 2915 lilii
2524 2860 2625 2915 Job
2667 2872 2724 2914 ct
2775 2872 2899 2915 tres
2957 2862 3095 2915 lilia‘.
3153 2873 3475 2930 tanquam
3546 2883 3682 2921 una

1967 2955 2143 3006 anima
2171 2953 2383 3005 indivisi
2409 2953 2774 3004 convixerunt
2798 2952 2857 3005 in
2895 2952 3162 3015 unitate,
3203 2961 3256 3005 et
3306 2964 3522 3008 tanta
3562 2959 3691 3011 fuit.

1969 3041 2292 3094 unanimitas
2313 3038 2656 3092 laudabilium
2678 3038 2925 3091 liliorum
2949 3037 3089 3103 Job,
3116 3048 3180 3092 ut
3227 3049 3298 3093 el
3332 3043 3697 3110 malignus

1968 3142 2126 3202 atque
2154 3132 2361 3186 invidus
2384 3131 2591 3184 daemon
2629 3129 2849 3183 facilius
2879 3145 3093 3185 omnes
3137 3132 3395 3200 pariter
3432 3136 3697 3190 indivi-

1968 3238 2061 3279 sos
2113 3222 2445 3282 interﬁcere,
2490 3234 2655 3286 quam
2717 3218 2981 3274 dividere
3043 3232 3222 3291 atque
3292 3224 3705 3283 dissociare

1964 3315 2245 3380 benignam
2276 3321 2435 3379 atque
2461 3324 2647 3364 veram
2673 3325 2870 3364 eorum
2899 3316 3397 3371 unanimitatcm
3431 3332 3701 3388 posset.

1962 3404 2153 3458 Audite
2192 3404 2321 3465 hiec,
2379 3415 2412 3453 ο
2473 3400 2569 3453 ﬁlii
2611 3388 3050 3470 religiosorum,
3118 3408 3349 3462 audite
3415 3410 3604 3478 hinc,
3665 3429 3711 3467 ο

1963 3496 2073 3549 nati
2101 3494 2365 3556 lidelium,
2399 3491 2580 3544 audite
2623 3500 2677 3544 et
2716 3492 3029 3547 imitamini
3072 3497 3334 3564 piorum
3396 3500 3704 3557 fratrum

1965 3582 2402 3644 unanimitatem,
2438 3582 2529 3649 qui
2578 3582 2692 3635 veri
2736 3586 3031 3640 veraciter
3068 3587 3129 3640 in
3168 3589 3310 3642 vita
3359 3607 3501 3645 sua
3537 3594 3714 3647 indi-

1962 3674 2061 3728 visi
2093 3672 2337 3739 fuerunt,
2367 3684 2422 3725 et
2455 3675 2508 3725 in
2558 3680 2735 3727 morte
2775 3688 2876 3728 sua
2920 3690 3043 3731 non
3095 3688 3244 3732 sunt.
3296 3684 3707 3739 dissociati.

1963 3761 2077 3815 Non
2115 3762 2189 3813 sit
2232 3762 2372 3813 inter
2425 3775 2720 3829 germanos
2774 3763 2870 3826 lis,
2912 3768 3018 3820 sed
3056 3767 3465 3836 benignitas
3502 3785 3714 3845 atque

1964 3849 2268 3906 concordia.
2319 3846 2436 3901 Non
2476 3849 2545 3902 sit
2583 3849 2727 3902 inter
2774 3850 2993 3908 fratres
3038 3862 3441 3927 contentio,
3485 3878 3707 3935 neque

1964 3941 2275 4005 divortium,
2302 3939 2393 3992 sed
2429 3953 2532 4005 pax
2580 3948 2634 3991 et
2679 3942 3074 4010 unanimitas,
3114 3952 3228 4003 sed
3323 3955 3709 4012 sinceritas

1963 4037 2123 4095 atque
2169 4028 2393 4096 puritas.
2461 4027 2577 4079 Non
2633 4028 2998 4087 subintroeat
3053 4037 3509 4102 adversarius
3581 4064 3703 4118 per-

1965 4119 2223 4172 malorum
2264 4116 2541 4170 hominum
2586 4132 2718 4180 ora,
2767 4134 2883 4174 non
2939 4129 3281 4193 perturbet.
3350 4116 3707 4209 malignus.

1962 4223 2059 4277 per
2083 4222 2192 4261 sua:
2231 4207 2489 4274 nequitias
2520 4207 2801 4263 ministros
2840 4212 2952 4278 piae
3000 4224 3481 4285 germanitatis
3530 4207 3682 4286 con-

1960 4300 2222 4353 cordiam.
2256 4297 2406 4353 Multi
2433 4300 2651 4354 fuerunt
2677 4299 2772 4354 ﬁlii
2809 4302 2989 4361 David
3016 4309 3190 4380 olim,
3234 4332 3405 4374 cum
3450 4325 3685 4379 θάνεν.

1964 4403 2056 4443 sns
2103 4403 2161 4442 se
2194 4388 2420 4442 invicem
2464 4391 2940 4465 insurrexissent,
3005 4410 3198 4473 atque
3263 4418 3447 4479 patri
3494 4416 3676 4486 ius”

331 4471 693 4577 inquisitionis
729 4482 885 4573 atque
918 4475 1125 4543 judicii.
1158 4476 1398 4530 Sulliciat
1436 4477 1550 4545 tibi,
1585 4493 1617 4533 o
1643 4481 1856 4546 mulier,
1887 4494 1932 4547 ι)
1962 4478 2183 4534 rebelles
2213 4481 2567 4547 exstitissent,
2600 4485 2778 4541 Amor:
2804 4497 2859 4541 et
2893 4471 3191 4566 Absalon,
3236 4471 3310 4558 et
3347 4471 3664 4577 Adonias,

330 4561 454 4631 quia
482 4561 721 4628 possides
747 4562 914 4616 virum
943 4581 1096 4632 quem
1130 4581 1232 4619 non
1263 4566 1495 4630 nutristi,
1527 4576 1582 4622 et
1618 4569 1864 4623 substan-

238 4672 246 4713 ς
331 4649 460 4705 tiam
515 4663 672 4716 quam
723 4664 823 4702 non
877 4653 1167 4721 acquisisti,
1216 4655 1337 4722 quia
1376 4656 1523 4709 venis
1556 4656 1607 4709 in
1649 4657 1861 4713 domum

329 4754 489 4810 quam
525 4752 627 4791 non
656 4740 924 4793 aediﬁcasti
956 4751 1011 4796 et
1036 4745 1144 4799 eris
1172 4745 1407 4810 domina,
1438 4757 1597 4812 atque
1625 4754 1859 4815 potesta—

330 4845 436 4886 tem
468 4830 633 4885 habes
677 4828 915 4883 laborum
958 4832 1270 4896 alienorum,
1303 4850 1397 4902 pro
1428 4837 1619 4904 quibus
1647 4846 1703 4891 tu
1742 4840 1858 4892 nul-

328 4921 536 4973 latenus
566 4918 836 4971 laborasti.
866 4917 980 4971 Noli
1023 4935 1119 4989 ego
1150 4926 1443 4979 retribuere
1472 4925 1609 4979 mala
1652 4927 1738 4983 his
1764 4932 1856 4999 qui

328 5012 424 5065 tibi
457 5016 891 5078 prteparaverunt
921 5018 1078 5076 atque
1121 5025 1218 5064 suo
1262 5013 1443 5067 labore
1490 5016 1859 5084 acquisierunt

324 5103 527 5168 ornnia,
567 5101 681 5154 sive
722 5098 915 5162 virum,
948 5098 1061 5152 sive
1090 5100 1472 5167 substantiam,
1508 5106 1620 5159 sive
1648 5120 1856 5160 resum-

324 5194 629 5263 ptionem,o
657 5188 864 5252 mulier,
884 5202 950 5242 ne
970 5189 1218 5242 ascendat
1237 5205 1393 5259 super
1424 5204 1475 5247 te
1493 5195 1800 5251 maledictio
1828 5211 1858 5249 a

323 5286 547 5343 Domino
575 5285 700 5338 Deo.
738 5280 841 5335 Sed
876 5281 987 5335 haec
1029 5294 1189 5348 pauca
1222 5296 1324 5347 per
1366 5286 1696 5340 occasionem
1728 5287 1858 5341 ﬁlio-

323 5388 442 5429 rum
464 5373 563 5429 Job
596 5388 624 5427 a
653 5369 809 5426 nobis
840 5379 964 5423 sunt
993 5369 1128 5422 dicta
1148 5385 1241 5438 pro
1271 5375 1726 5429 commendatione
1761 5390 1859 5428 nu-

323 5481 500 5530 runm,
551 5465 616 5519 ad
648 5464 1040 5531 correptionem
1092 5475 1218 5517 vero
1262 5472 1315 5517 et
1361 5466 1854 5524 condemnationem

326 5556 579 5610 malarum
610 5564 663 5612 et
712 5553 994 5608 imoiarum
1037 5562 1195 5619 atque
1250 5554 1536 5614 crudelium
1589 5562 1850 5615 omnium.

397 5708 441 5739 "
471 5709 603 5767 Gen.
638 5727 689 5776 ν,
718 5710 801 5766 10.
879 5710 921 5742 ’9
947 5708 1044 5765 Job
1075 5726 1112 5775 ι,
1142 5710 1193 5768 2.

1962 4572 2050 4638 qui
2082 4570 2408 4672 adhuc'vivo
2443 4574 2701 4647 religioso
2741 4591 2918 4651 patre,
2950 4582 3129 4657 impie
3164 4604 3381 4666 atque
3420 4604 3643 4672 injuste

1961 4673 2181 4753 regnum
2232 4660 2352 4730 ejus
2395 4679 2675 4736 occupare
2725 4683 2893 4746 atque
2938 4692 3141 4749 rapere
3200 4660 3635 4753 teittaverunt.

1957 4747 2091 4845 Nam
2117 4765 2240 4810 cum
2272 4768 2464 4813 essent
2497 4763 2752 4823 scelerati
2784 4780 2954 4845 atque
2983 4747 3223 4845 iniusti,
3258 4781 3323 4836 in
3365 4747 3611 4844 damna;

1959 4841 2157 4939 tionem
2184 4852 2350 4914 atque
2386 4850 2442 4905 in
2483 4854 2773 4919 interitum
2807 4841 2955 4939 iuste
2987 4887 3017 4927 a
3043 4841 3175 4928 ‘Deo
3203 4841 3357 4928 sunt
3390 4883 3613 4937 traditi.

1959 4927 2063 5032 'Se-d
2081 4946 2208 5032 “non
2247 4938 2385 4998 tales
2425 4944 2652 5011 luerunt
2677 4958 2766 5015 vel
2798 4927 3141 5026 exstiterunt
3172 4974 3412 5031 εεῦίείιι
3450 4972 3604 5029 (καί

1956 5016 2055 5127 {ob
2078 5017 2200 5127 ﬁlii.
2226 5032 2344 5127 ‘sed
2371 5044 2641 5118 tanquam
2680 5066 2898 5127 septem
3077 5016 3373 5122 inﬁmis.“
3412 5067 3477 5110 θλ

1958 5112 2507 5219 ἶιίῗιΪι-ξιὲεωοωειὼι
2542 5137 2915 5212 indissociati.
2943 5156 3066 5217 Non
3103 5139 3630 5219 ῦθῗδδνθηωίθω

1960 5194 2262 5324 ῗξεξῖῗιξεὶ.
2326 5233 2442 5281 non
2486 5226 2855 5305 litigaverunt
2916 5194 3656 5324 Drg‘lf:(§:“§\“?‘“§“

1962 5295 2389 5414 ξξῗξῖηδῗξίξηι
2422 5338 2523 5394 ι)το
2558 5295 2804 5409 dl‘liﬁisﬂ.
2836 5295 3134 5414 non-sun:
3150 5295 3673 5414 ’43???”er

1961 5390 2149 5526 3:32;,
2209 5401 2319 5504 ⁸⁸9
2358 5390 2493 5476 (διδ-ω
2535 5390 3133 5511 θεεθήίῆ-ιίηξῖιῖηιέζη
3202 5396 3475 5523 ρκλέλδ
3496 5403 3688 5465 huius“

2147 5491 2202 5532 In
2254 5498 2378 5539 811ιὶ
2423 5518 2591 5539 ...μεγη
2641 5525 2654 5539 ,
3079 5496 3097 5524 ι
3251 5531 3285 5539 Δ
3407 5489 3704 5539 “\namwe

2254 5498 2383 5608 ibi
2422 5518 2778 5586 δεδιῑπιιὼτιηι
2812 5498 3212 5608 communi?

1960 5571 2091 5616 ww
2114 5580 2217 5625 εστ
2248 5571 2778 5674 corutn'e—t-Q—t-m
2812 5571 3186 5608 wu'mumr
3238 5582 3335 5656 ί
3350 5575 3527 5623 mm“
3545 5576 3706 5631 mw“

2609 5637 2755 5674 mina
2782 5648 2885 5674 IIn-t
2938 5640 3101 5674 0-.....
3121 5633 3219 5674 Α

2575 5634 2757 5685 anima
2782 5648 2917 5697 una.
2938 5633 3219 5721 Proptﬂ

3434 6200 3844 6438 si
