3914 6458
313 946 953 1062 κιιξεςτξιιιηωεςυωςη
1277 946 1346 1041 ἐξ
1385 946 1666 1046 me";
1695 946 1857 1060 gaza:

244 1041 1072 1149 ιιλιξῖιιδῃὶδωνξωξὶεθίξθῖδιω.
1113 1067 1531 1134 intaminatae.
1576 1080 1706 1134 Nam
1725 1041 1860 1149 rquia

261 1161 382 1214 tidem
397 1187 420 1209 φ
453 1150 600 1206 δυθιιὶ
623 1143 680 1192 ει
704 1137 1053 1204 εὶηνὶὶΜθιιι
1073 1157 1252 1216 circa
1292 1167 1466 1224 Deum
1489 1137 1860 1233 servaverunt,

256 1247 532 1317 ςιωςιιετυιι
542 1240 598 1288 εὶ
612 1246 834 1326 cogitis.
847 1246 903 1290 et
925 1241 1229 1317 animam,
1250 1266 1314 1308 et
1329 1260 1577 1326 spiritum
1597 1260 1859 1315 illibatum

276 1329 652 1390 custodierunt.
681 1325 814 1383 Post
854 1342 1109 1399 quorum
1156 1325 1418 1402 omnium
1451 1349 1860 1419 disputationem

280 1439 437 1496 aque
456 1421 817 1480 ostensionem
858 1422 1145 1495 adjicieus
1178 1438 1326 1493 dicit
1353 1459 1366 1494 :
1402 1440 1469 1494 Et
1508 1451 1652 1494 erant
1677 1457 1862 1508 pecora

273 1517 383 1588 ejus
404 1518 579 1572 auium
601 1524 790 1585 septem
811 1518 1010 1582 millia,
1024 1531 1346 1586 secundum
1367 1545 1644 1584 nmnerum
1661 1540 1861 1599 septem

268 1609 556 1674 ﬁliorum;
591 1609 776 1664 cameli
805 1611 911 1665 tria
942 1613 1123 1667 millia
1150 1618 1222 1685 ⁸ο,
1254 1622 1551 1674 secundum
1584 1633 1861 1674 numerum

258 1701 444 1755 trium
518 1703 766 1758 liliarutn.
819 1700 996 1757 Simul
1031 1721 1229 1764 omnes
1288 1711 1446 1766 liberi
1486 1711 1601 1780 ejus
1645 1713 1859 1773 decem,

256 1793 558 1850 similiter
585 1794 764 1850 omnia
790 1797 997 1864 pariter
1033 1797 1154 1852 hate
1183 1799 1348 1854 millia
1390 1801 1596 1856 decem.
1645 1801 1860 1870 Septem

251 1886 445 1948 filiis,
490 1896 687 1956 septem
718 1887 881 1942 millia
915 1889 1140 1952 ovium;
1187 1899 1243 1944 et
1275 1892 1444 1946 tribus
1473 1893 1684 1946 liliabus
1707 1929 1723 1956 ,
1759 1892 1859 1944 tria

1376 503 1770 572 amamus
1803 506 1869 569 ιιι
1905 502 2041 570 tos.
2079 544 2149 556 -
2184 500 2312 567 Lis.
2352 503 2391 563 ι.

3398 521 3499 578 386

1960 723 2205 789 pedibus.
2231 720 2347 775 Non
2377 721 2519 776 enim
2551 731 2705 775 erant
2727 722 2802 775 ita
2836 721 2952 774 auri
2995 722 3321 788 expetitores
3357 729 3496 783 sicut

1960 822 2144 862 sumus
2178 822 2366 861 omnes
2395 821 2512 870 nos,
2549 822 2651 861 non
2684 807 3032 862 intendebant
3071 817 3191 875 post
3219 825 3406 866 aurum
3440 825 3494 870 et

1960 907 2236 964 argentum
2278 893 2354 948 illi
2387 904 2511 949 tunc
2537 905 2795 962 quantum
2828 909 2926 950 nos
2957 910 3097 950 nune
3141 897 3490 956 intendimus.

1958 986 2109 1040 Nunc
2135 988 2372 1041 omnium
2407 994 2646 1038 nostrum
2673 985 2882 1039 animus
2911 995 3031 1053 post
3065 1000 3253 1042 attrum
3282 989 3492 1044 detine-

1961 1083 2047 1129 tur
2067 1085 2230 1142 atque
2258 1083 2540 1142 argentum
2571 1073 2760 1136 inhiat,
2793 1082 2849 1128 et
2877 1074 3006 1128 nihil
3039 1083 3224 1142 putant
3249 1076 3491 1134 homines

1958 1179 2103 1219 nunc
2142 1179 2238 1233 pro
2266 1165 2468 1218 divitiis
2517 1164 2616 1218 nisi
2670 1163 2839 1217 solum
2873 1179 3060 1218 aurum
3092 1176 3147 1218 et
3182 1178 3486 1234 argentum.

1959 1254 2109 1308 Nunc
2159 1254 2301 1308 enim
2353 1262 2474 1308 sunt
2517 1253 2803 1320 adimpleta
2859 1261 3094 1322 tempora
3143 1255 3230 1308 illa
3271 1271 3390 1324 quae
3425 1259 3492 1312 ds

1960 1343 2116 1412 longe
2169 1343 2450 1409 designans
2500 1343 2784 1410 Apostolus
2841 1344 2970 1397 dicit
3014 1360 3029 1396 :
3073 1343 3140 1398 In
3201 1347 3488 1399 novissimis

1959 1433 2135 1485 diebus
2165 1431 2435 1484 advenient
2475 1431 2599 1484 anni
2635 1430 2943 1496 periculosi,
2982 1441 3029 1484 et
3074 1442 3216 1484 erunt
3259 1434 3491 1487 homines

1957 1523 2147 1588 seipsos
2163 1520 2449 1588 diligentes.
2475 1520 2649 1587 cupidi
2687 1520 2752 1583 ³¹,
2777 1532 2832 1574 et
2862 1531 3054 1575 caetera
3093 1522 3338 1576 universa
3372 1537 3492 1591 qua

1961 1625 2099 1664 nunc
2143 1611 2192 1662 in
2243 1610 2544 1662 hominibus
2579 1609 2814 1662 videmus
2851 1609 3056 1677 impleri
3093 1611 3296 1670 omnia.
3358 1613 3490 1666 Nam

1958 1699 2082 1766 quia
2121 1698 2172 1750 in
2207 1697 2310 1751 line
2349 1709 2430 1751 est
2453 1697 2562 1764 jam
2599 1699 2685 1751 hic
2715 1698 2972 1761 mundus,
3007 1708 3060 1753 et
3107 1712 3351 1756 mortuus
3406 1713 3492 1758 est

1954 1787 2064 1858 jam
2092 1803 2382 1857 properans
2411 1790 2477 1842 ad
2503 1787 2788 1850 defectum,
2815 1787 3016 1842 idcirco
3034 1804 3181 1844 mens
3209 1791 3486 1848 hominum

1963 1879 2130 1931 inhiat
2176 1877 2227 1930 in
2268 1878 2350 1930 his
2391 1893 2507 1945 quae
2544 1887 2752 1930 mortua
2785 1886 2940 1941 sunt,
2989 1893 3111 1932 cum
3146 1879 3289 1935 sicut
3320 1882 3488 1938 stella

253 1976 470 2030 millia
508 1979 867 2046 camelorum;
915 1981 1145 2050 singulis
1178 1982 1300 2035 liliis
1328 1983 1664 2050 appropriata
1691 1981 1856 2034 mille.
1891 1957 1934 2010 Β
1959 1966 2221 2020 inmune?
2249 1967 2630 2028 ι’θοοηάιιηιυΐι
2664 1976 2826 2034 alque
2866 1967 3318 2024 “lesaul‘ilanmr-
3347 1970 3488 2026 Olim

243 2059 339 2115 Ita
384 2063 533 2118 Deo
569 2067 878 2132 ordinante,
906 2077 1071 2136 atque
1105 2077 1260 2136 patre
1286 2069 1355 2122 ita
1385 2078 1504 2137 post
1527 2070 1858 2136 disponente,

244 2150 308 2202 in
355 2160 639 2220 tempore
667 2156 1160 2210 consummationis
1199 2156 1438 2210 divident
1473 2156 1858 2210 haereditatem.

245 2237 314 2290 In
397 2249 669 2310 tempore
716 2257 846 2297 vero
892 2244 1018 2298 vita:
1072 2245 1209 2298 sicut
1263 2245 1458 2312 cogitat
1499 2245 1566 2298 de
1615 2245 1862 2299 omnibus

247 2339 477 2395 pater,
525 2333 598 2386 ita
644 2342 700 2386 et
737 2341 1062 2402 potestatem
1112 2333 1273 2387 habet
1315 2344 1464 2401 pater
1491 2335 1542 2388 in
1564 2336 1858 2390 omnibus:

246 2419 436 2470 sicut
476 2436 672 2475 curam
712 2424 854 2491 gerit
884 2425 952 2477 de
1002 2424 1290 2486 universis,
1340 2424 1414 2478 ita
1463 2433 1517 2479 et
1561 2426 1862 2480 dominatur

252 2510 537 2562 etinctis.
561 2509 776 2566 Deinde
810 2513 987 2566 adhuc
1020 2514 1148 2581 juga
1179 2513 1336 2567 boum
1369 2513 1656 2582 quingenta
1676 2521 1727 2566 et
1755 2513 1862 2567 asi-

254 2611 366 2648 na:
437 2602 697 2666 pastoria:
736 2603 1063 2670 quingentas.
1116 2613 1343 2671 utraque
1384 2604 1636 2657 similiter
1691 2603 1856 2658 mille.

257 2684 704 2743 Ordinabiliter
752 2694 916 2746 etiam
966 2695 1065 2746 hoc
1097 2733 1112 2756 ,
1162 2703 1323 2761 atque
1369 2703 1489 2759 apte
1531 2693 1758 2761 singulis
1797 2696 1862 2748 de

270 2777 490 2832 decem
535 2781 667 2834 liliis
701 2782 1090 2852 quinquaginta
1126 2783 1255 2852 juga
1286 2784 1478 2848 boum,
1513 2793 1567 2836 et
1597 2783 1860 2850 quinqua-

275 2868 450 2936 ginta
481 2871 676 2926 asinae.
710 2870 904 2926 Omnia
947 2888 1077 2929 sane
1104 2874 1271 2943 patris
1299 2882 1418 2926 sunt
1447 2875 1511 2925 ad
1549 2873 1858 2942 regendum,

281 2957 371 3008 ad
415 2959 860 3026 gubernandum,
911 2961 976 3014 ad
1028 2963 1443 3024 intendendum,
1489 2972 1541 3018 et
1595 2977 1760 3030 usque
1807 2963 1859 3016 in

284 3043 465 3100 linem
512 3047 644 3102 vitae
675 3063 789 3102 suae
819 3050 1242 3115 possidendum,
1277 3039 1406 3120 'post
1459 3053 1695 3120 requiem
1735 3067 1860 3107 vero

283 3137 472 3201 patris
506 3137 897 3191 ordinabiliter
923 3149 1208 3207 supputata
1241 3140 1395 3208 juxta
1421 3156 1695 3194 numerum
1726 3139 1860 3192 lilio.

290 3239 442 3281 ι-ιιιιι.
477 3228 589 3282 Sed
624 3227 809 3282 adhuc
841 3238 997 3282 erant
1027 3243 1216 3295 pecora
1244 3230 1377 3298 ejus.
1428 3229 1615 3284 Omnia
1658 3229 1859 3298 pariter

288 3326 497 3380 pecora
521 3317 785 3386 appellat,
813 3318 930 3372 sive
951 3332 1100 3378 oves.
1125 3318 1236 3371 sive
1265 3317 1447 3382 boves,
1473 3318 1583 3372 sive
1608 3317 1856 3384 camelos,

293 3402 416 3458 sive
435 3406 650 3471 asinos,
681 3407 935 3460 universa
965 3421 1155 3474 pecora
1178 3416 1468 3476 nuncupat,
1503 3409 1626 3476 quia
1648 3409 1859 3466 diversa

297 3498 606 3555 peculiaria
636 3509 807 3566 atque
834 3499 988 3552 utilia
1034 3498 1248 3551 fuerunt
1282 3499 1583 3553 hominibus
1624 3508 1678 3552 et
1710 3506 1855 3561 sunt,

293 3594 359 3636 et
381 3587 508 3643 istis
539 3589 638 3656 qui
674 3601 825 3642 nunc
855 3597 1014 3652 sunt,
1045 3599 1098 3640 et
1135 3587 1237 3641 illis
1269 3587 1357 3655 qui
1388 3597 1511 3642 tunc
1547 3589 1763 3644 fuerunt
1805 3596 1860 3643 et

295 3671 399 3739 ipsi
428 3679 592 3731 beato
613 3676 809 3731 Jacob.
841 3676 984 3732 Oves
1007 3677 1221 3744 quidem
1239 3677 1390 3742 vim,
1417 3693 1513 3746 pro
1543 3677 1679 3733 lacte
1700 3685 1858 3745 atque

295 3759 436 3822 lana
471 3769 684 3822 vestitu
715 3785 730 3820 :
764 3767 964 3822 occisae
1014 3781 1144 3822 vero
1189 3782 1286 3836 pro
1318 3783 1445 3823 esea
1492 3779 1650 3838 atque
1676 3769 1858 3824 carnis

292 3858 669 3912 comestione.
706 3857 970 3910 Similiter
998 3857 1160 3910 boves
1198 3857 1324 3920 vivi,
1370 3858 1434 3912 sd
1471 3857 1735 3911 culturam
1759 3896 1776 3922 ,
1805 3865 1860 3912 et

292 3950 456 4007 Panis
503 3947 1006 4010 commoditatem;
1035 3944 1261 4014 jugulati
1307 3960 1455 4010 vero,
1478 3960 1574 4013 pro
1607 3946 1859 4002 carnibus

288 4044 347 4088 et
387 4055 544 4101 esca.
590 4047 760 4105 atque
803 4037 1002 4106 pedum
1040 4035 1430 4089 calceamentis.
1457 4034 1652 4088 Cameli
1683 4044 1857 4089 autem

282 4135 392 4186 Pro
419 4129 578 4184 omni
607 4141 782 4182 onere
808 4125 1076 4193 portando
1128 4133 1290 4192 atque
1315 4123 1537 4178 levando
1559 4125 1626 4178 de
1653 4124 1860 4192 longin-

278 4220 402 4272 ⁸ιιιο
427 4226 485 4270 et
502 4217 576 4269 de
602 4213 878 4282 proximo.
902 4209 1027 4263 Post
1051 4223 1168 4277 quae
1195 4210 1444 4263 universa
1475 4211 1608 4264 asini
1631 4212 1695 4263 ad
1725 4211 1858 4266 levia

273 4305 519 4374 nﬁgotia
554 4301 877 4372 peragenda
907 4309 962 4353 et
991 4297 1281 4363 allerenda,
1310 4309 1362 4354 et
1385 4301 1564 4365 eundi,
1591 4309 1643 4352 et
1666 4301 1861 4354 veloci-

274 4392 376 4448 ler
422 4392 730 4450 redeundi.
790 4391 942 4456 Quod
981 4389 1122 4444 enim
1151 4404 1290 4444 nunc
1322 4393 1444 4459 equi
1468 4398 1521 4444 et
1553 4391 1676 4444 muli
1708 4391 1862 4460 perii-

264 4479 464 4549 Cittnt,
490 4486 606 4538 hoc
637 4480 992 4535 nihilominus
1012 4479 1147 4534 asini
1169 4481 1541 4550 adimplebant,
1564 4481 1857 4548 praesertim

1956 2071 2108 2120 vero,
2169 2065 2350 2124 utpote
2391 2056 2566 2108 adhuc
2612 2055 2898 2124 incipiente
2951 2057 3163 2122 saeculo,
3215 2069 3272 2113 et
3309 2059 3493 2128 utpote

1957 2147 2136 2200 adhuc
2165 2148 2377 2200 vivente
2418 2146 2615 2199 mundo
2654 2146 2776 2210 hoc,
2818 2146 2938 2200 viva
2988 2158 3148 2216 atque
3191 2153 3491 2207 crescentia

1958 2238 2242 2304 cupiebant
2308 2237 2553 2290 homines
2621 2251 2846 2303 pecora,
2915 2239 3278 2306 qnadrupedia
3329 2250 3492 2308 atque

1959 2323 2340 2393 agriculturam
2421 2337 2519 2391 pro
2575 2324 2716 2376 victu
2772 2322 3174 2380 fructillcantia.
3238 2327 3494 2381 Sciebant

1958 2429 2185 2482 namque
2212 2415 2349 2480 quod
2376 2428 2562 2466 aurum
2593 2425 2646 2466 et
2689 2427 2969 2483 argentum
3013 2415 3378 2480 reconditum,
3426 2432 3492 2474 ac

1961 2505 2410 2569 thesaurizatum,
2439 2513 2596 2570 atque
2638 2505 2703 2556 ad
2738 2519 2928 2558 usuras
2969 2505 3172 2568 datum,
3214 2517 3491 2574 peccatum

1959 2591 2245 2646 conferret.
2286 2592 2545 2644 Pecorum
2576 2607 2702 2644 vero
2748 2602 2907 2660 atque
2955 2602 3110 2648 terra:
3160 2609 3342 2659 usura,
3387 2595 3492 2652 hoc

1960 2688 2041 2733 est
2072 2694 2321 2747 pecorum
2350 2680 2487 2733 fetus
2529 2679 2910 2748 multiplicatus
2931 2721 2944 2746 ,
2980 2693 3036 2734 et
3071 2683 3278 2738 fructus
3329 2693 3490 2740 terra:

1959 2778 2294 2834 augmentum
2320 2768 2384 2818 ad
2414 2777 2690 2834 peccatum
2719 2782 2822 2820 non
2861 2767 3186 2834 conferrent,
3210 2772 3302 2824 sed
3326 2771 3492 2838 justi-

1961 2858 2108 2909 tiam.
2166 2855 2298 2909 Nam
2356 2857 2612 2910 habentes
2663 2860 2946 2912 nutriunt:
2983 2868 3034 2913 et
3087 2875 3177 2914 eos
3237 2862 3328 2928 qui
3385 2876 3490 2918 non

1958 2946 2261 3008 habuerint,
2294 2960 2414 2999 cum
2450 2947 2516 2999 ab
2546 2947 2629 3000 his
2667 2949 2753 3014 qui
2804 2949 2998 3002 habent
3035 2949 3158 3002 data
3195 2950 3392 3003 fuerint
3426 2965 3491 3004 ac

1958 3037 2262 3100 distributa,
2296 3037 2616 3104 gubernant.
2671 3037 2826 3092 Tales
2866 3053 2996 3104 ergo
3040 3039 3256 3092 divitias
3303 3041 3491 3098 habuit

1960 3123 2242 3176 laudabilis
2277 3123 2362 3176 ille
2387 3121 2506 3186 Job,
2526 3133 2727 3190 castas,
2760 3126 3004 3192 mandas,
3035 3127 3488 3194 incoinquinatas,

1961 3210 2422 3264 incontaminatas.
2457 3212 2530 3264 De
2566 3214 2666 3266 hoe
2719 3229 2948 3280 namque
3003 3216 3202 3268 dictum
3239 3226 3323 3269 est
3365 3217 3488 3280 hOc,

1957 3309 2118 3368 atque
2140 3302 2204 3354 de
2232 3301 2498 3355 similibus
2524 3301 2666 3356 illius
2696 3317 2862 3370 usque
2884 3304 2936 3356 in
2963 3313 3219 3357 aaternutn
3253 3321 3266 3358 :
3295 3304 3490 3370 Beatus

1957 3393 2046 3458 qui
2074 3393 2306 3446 inventus
2334 3394 2488 3463 fuerit
2519 3395 2658 3447 dives
2679 3394 2855 3462 justus
2875 3434 2892 3460 ,
2922 3397 3011 3463 qui
3036 3406 3147 3464 post
3171 3413 3356 3448 aurum
3385 3412 3490 3456 non

1956 3482 2330 3548 ambulaverit,
2393 3499 2551 3549 neque
2597 3485 2874 3551 speraverit
2927 3486 2980 3536 in
3030 3486 3233 3553 argenti
3293 3487 3490 3554 reposi-

1958 3572 2095 3625 tione
2147 3574 2213 3627 ³².
2262 3572 2398 3628 Vere
2451 3575 2593 3628 enim
2635 3575 3020 3629 inaestimabilis
3073 3585 3236 3642 atque
3283 3586 3488 3632 aeterna

1956 3662 2228 3716 beatitudo
2269 3676 2370 3727 est,
2431 3673 2484 3717 ut
2535 3679 2656 3718 eum
2706 3666 2826 3732 quis
2871 3665 3018 3719 dives
3053 3666 3272 3722 allectus
3305 3668 3484 3730 fuerit.

1959 3769 2062 3807 non
2093 3754 2324 3808 conﬁdat
2359 3755 2409 3807 in
2458 3770 2628 3820 auro,
2678 3770 2850 3823 neque
2898 3756 3136 3810 intendat
3182 3757 3234 3809 in
3277 3760 3487 3826 argenti

1959 3842 2296 3910 repositiooe,
2325 3842 2420 3896 sed
2463 3843 2717 3896 recondat
2744 3845 2858 3898 haec
2895 3845 2946 3896 in
2989 3846 3244 3899 mandato
3273 3847 3490 3902 Altissi-

1956 3930 2052 3996 ηιξ,
2079 3937 2132 3983 et
2161 3931 2248 3982 det
2284 3945 2344 3984 ea
2374 3931 2424 3982 in
2456 3931 2790 4000 eleemosyna
2823 3933 3167 3999 pauperibus,
3203 3935 3294 3987 sed
3324 3937 3488 3989 semi-

1956 4027 2048 4072 net
2075 4028 2236 4084 atque
2266 4030 2478 4087 spargat
2507 4035 2572 4072 ea
2607 4020 2713 4072 late
2745 4036 2839 4088 per
2879 4022 3088 4076 animas
3136 4024 3488 4093 miserorum,

1955 4120 2050 4174 per
2077 4119 2168 4157 ora
2213 4105 2585 4168 esurientium,
2645 4105 2727 4158 vel
2785 4121 2881 4174 per
2931 4122 3026 4162 ora
3071 4110 3342 4174 debilium,
3393 4127 3489 4180 per

1957 4197 2238 4249 destitutos
2273 4205 2436 4262 atque
2481 4195 2706 4247 miseros
2739 4213 2753 4248 :
2777 4194 2929 4262 juxta
2979 4197 3079 4251 hoc
3114 4200 3252 4266 quod
3283 4201 3490 4258 dictum

1957 4294 2070 4339 est:
2107 4284 2363 4338 Sentinate
2395 4286 2529 4338 vobis
2551 4289 2616 4338 ad
2637 4288 3002 4352 justitiant,ut
3029 4289 3231 4341 metatis
3258 4289 3485 4355 fructum

1959 4381 2078 4434 vita:
2111 4377 2174 4430 ³³.
2210 4377 2597 4446 Et:Dispersit,
2629 4381 2768 4431 dedit
2790 4381 3119 4447 pauperibus,
3139 4381 3352 4448 justilia
3371 4381 3486 4450 ejus

1956 4477 2125 4521 manet
2163 4468 2216 4521 in
2245 4477 2492 4520 aeternum
2539 4467 2602 4522 “.
2655 4469 2921 4535 Ejusmodi
2963 4483 3086 4522 vero
3119 4479 3280 4523 metet
3306 4471 3487 4524 multi-

269 4573 426 4631 lales
460 4574 672 4643 quales
703 4581 834 4625 sunt
882 4571 932 4622 in
981 4569 1198 4637 regione
1221 4570 1429 4624 Arabia:
1469 4567 1858 4623 ειΡειωειῑιιο.
1888 4567 1932 4620 ι)
1959 4556 2168 4624 pliciter
2213 4556 2268 4610 in
2316 4556 2401 4610 die
2455 4557 2880 4613 resurrectionis.
2941 4556 3206 4626 Ejusmodi
3263 4559 3487 4626 recipiet

263 4667 406 4721 l'um
437 4664 621 4725 asini,
653 4661 750 4729 qui
790 4659 1002 4713 veloces
1027 4674 1150 4712 sunt
1185 4659 1434 4713 similiter
1467 4668 1523 4710 ut
1557 4659 1700 4725 equi.
1733 4657 1858 4711 Om-

268 4759 411 4809 nem
439 4769 588 4823 ergo
621 4765 853 4806 censum
877 4747 1016 4802 beati
1042 4745 1140 4802 Job
1166 4756 1416 4817 supputat
1442 4747 1492 4800 in
1520 4754 1719 4814 septem
1745 4746 1858 4798 mil-

264 4833 434 4902 1ibus
470 4848 698 4908 ovium,
744 4850 799 4896 et
843 4841 1012 4894 tribus
1047 4839 1373 4894 camelorum
1399 4845 1450 4891 et
1479 4837 1529 4889 in
1555 4836 1858 4905 quingentis

263 4927 437 5008 iugis
471 4941 674 4995 boum,
705 4943 762 4988 et
800 4933 852 4986 in
882 4930 1188 4999 quingentis
1217 4929 1382 4983 asinis
1418 4927 1688 4996 pastoriis.
1725 4926 1853 4978 Auri

267 5034 422 5086 Vero
448 5041 510 5085 et
543 5025 786 5094 argenti,
815 5033 976 5091 atque
993 5023 1215 5076 vestium
1243 5034 1343 5072 non
1368 5017 1626 5072 meminit.
1657 5017 1858 5082 Quare?

280 5117 376 5182 0h
411 5125 524 5178 hoc
560 5131 623 5173 ut
651 5118 926 5175 reticeret,
953 5129 1019 5166 an
1046 5115 1112 5166 oh
1139 5111 1242 5164 hoc
1275 5109 1413 5176 quod
1451 5105 1550 5159 Job
1589 5121 1774 5160 aurum
1802 5116 1856 5161 et

301 5223 601 5283 argentum
658 5223 766 5260 non
805 5201 1120 5258 habuisset?
1156 5197 1237 5254 οι)
1281 5198 1382 5252 hoc
1431 5193 1616 5262 praeui
1669 5195 1852 5260 dubio,

305 5302 429 5371 quia
461 5313 574 5352 non
612 5295 822 5350 habuit.
858 5293 973 5358 Quo
997 5299 1130 5344 teste
1155 5301 1340 5340 aurum
1363 5294 1416 5338 et
1443 5292 1718 5371 argentum
1749 5299 1852 5337 non

312 5370 600 5446 habuerit?
651 5386 772 5453 Ipso
805 5382 906 5438 Job
947 5381 1195 5434 dicente:
1230 5375 1295 5428 Et
1350 5373 1395 5426 si
1453 5370 1773 5436 conﬁdebant
1799 5375 1854 5426 in

320 5481 512 5532 dit-iliis
542 5477 745 5536 multis,
783 5482 832 5527 et
873 5473 919 5525 si
955 5474 1021 5521 ad
1066 5461 1471 5521 innumerabilia
1499 5459 1615 5512 misi
1641 5475 1852 5518 manum

326 5585 508 5632 metu,
535 5579 591 5622 et
636 5565 741 5618 alia
769 5563 854 5617 his
881 5558 1098 5614 similia.
1136 5555 1264 5610 Erat
1302 5563 1530 5617 namque
1562 5548 1659 5602 hoc
1705 5564 1852 5618 vere,

335 5667 388 5710 ut
415 5660 618 5725 priores
653 5670 758 5709 non
795 5658 1002 5706 tantum
1035 5647 1087 5700 in
1121 5657 1252 5697 auro
1276 5649 1332 5694 et
1361 5645 1579 5706 argento
1599 5637 1702 5693 sibi
1735 5638 1856 5694 the-

403 5811 444 5841 ³⁵
469 5808 564 5870 Job
598 5823 634 5865 ι.
661 5804 715 5858 5.
787 5802 827 5834 ³⁸
857 5799 899 5854 11
923 5795 1083 5850 Τίου
1115 5809 1192 5859 ιιι,
1225 5792 1275 5847 1.

1958 4645 2378 4699 intestimabiletn
2453 4646 2827 4698 beatitudinem
2890 4647 2942 4698 in
2999 4647 3086 4700 die
3143 4648 3482 4702 visitationis.

1960 4736 2228 4802 Ejusmodi
2251 4735 2708 4804 eleemosyuarum
2731 4735 3200 4803 justillcationibus
3231 4747 3485 4804 tanquam

1957 4825 2046 4877 lux
2095 4824 2310 4893 ell’ulget
2345 4839 2525 4878 coram
2560 4825 2764 4889 angelis
2799 4824 2910 4877 Dei.
2966 4824 3112 4880 Talis
3159 4825 3262 4880 fuit
3300 4829 3486 4882 beatus

1955 4914 2075 4976 Job,
2123 4915 2260 4983 apud
2305 4929 2461 4982 quem
2519 4915 2710 4982 hospes
2762 4929 3031 4983 nunquam
3087 4915 3216 4972 foris
3267 4919 3485 4980 mansit,

1957 5005 2288 5073 cujusjanua
2314 5004 2456 5056 omni
2490 5004 2789 5058 advenienti
2821 5004 3029 5072 patuit,
3077 5019 3232 5072 quem
3267 5005 3484 5059 invalidi

1957 5105 2223 5161 nunquam
2261 5094 2714 5162 praetermiserunt
2762 5095 2827 5148 de
2874 5094 2940 5147 iis
2971 5109 3086 5162 qua:
3112 5109 3246 5162 Opus
3286 5093 3486 5147 habue-

1957 5197 2102 5250 runt,
2126 5184 2215 5252 qui
2246 5198 2351 5237 non
2382 5183 2584 5236 dimisit
2613 5195 2895 5252 pauperem
2935 5183 3083 5236 exire
3112 5183 3176 5235 de
3201 5181 3362 5234 domo
3389 5195 3486 5234 sua

1957 5291 2203 5340 vacuum,
2226 5276 2292 5329 ad
2316 5275 2464 5343 cujus
2497 5284 2768 5328 tonsuram
2790 5275 2990 5337 ovium,
3019 5273 3255 5326 omnium
3287 5283 3488 5336 paupe-

1960 5383 2074 5423 rum
2101 5365 2332 5433 scapulae
2360 5365 2627 5419 calefactat
2657 5374 2799 5419 sunt.
2837 5363 2915 5418 Ob
2954 5365 3052 5418 hoc
3078 5362 3216 5414 enim
3244 5367 3299 5408 et
3329 5357 3493 5410 ista]!

1959 5456 2352 5514 multitudinem
2383 5469 2628 5524 pecorum
2655 5453 2907 5516 nutrivit,
2935 5460 2988 5504 et
3015 5447 3303 5501 maximam
3338 5443 3492 5507 agri—

1959 5547 2218 5604 culturam
2248 5545 2522 5607 exencuit,
2547 5551 2605 5599 ut
2638 5540 2877 5612 plurimis
2911 5534 3238 5602 impertiret,
3270 5531 3335 5575 ut.
3375 5525 3504 5589 plu-

1959 5641 2112 5695 rimis
2165 5636 2519 5702 benefaceret,
2562 5643 2620 5688 ut
2651 5631 3001 5702 plurimorum
3052 5627 3254 5676 memor
3313 5623 3513 5682 esset;

1351 5791 1391 5823 ³⁸
1421 5787 1580 5846 Eccli.
1609 5803 1764 5856 sui,
1797 5790 1852 5848 8.
1926 5791 1970 5826 ³³
1993 5790 2176 5848 Jacob.
2205 5807 2286 5859 ιιι,
2320 5790 2403 5845 18.
2479 5788 2523 5820 ³⁸
2549 5786 2682 5841 Psal.
2725 5795 2833 5844 est.
2863 5777 2918 5830 9-
