3914 6464
418 405 520 462 587

1460 386 1828 440 ΛΝυΝΥΜυΒ
1862 385 1925 439 ΙΝ
1964 384 2098 442 J08.
2134 418 2201 429 —
2234 385 2355 440 LIB.
2395 387 2432 440 1.

3685 431 3750 486 588

421 530 524 570 non
562 517 771 581 propter
795 521 856 560 os
885 514 1036 558 suum
1066 511 1294 565 tantum,
1339 501 1431 556 sed
1471 510 1532 554 ut
1577 500 1772 556 multos
1816 517 1938 556 esu-
1965 507 2014 566 Α
2042 517 2156 556 rum
2189 504 2444 557 instantia
2474 513 2636 570 atque
2669 503 2954 564 studium,
2993 501 3113 553 hoc
3149 503 3294 601 erat
3323 489 3484 601 quad
3513 505 3747 601 διδῶ,

421 613 616 663 rientes
641 607 923 662 saturaret,
957 607 1116 665 atque
1143 597 1398 664 plurimos
1423 597 1592 649 nudos
1620 599 1858 659 vestiret,
1887 605 1942 650 et

420 694 598 750 multis
629 687 1016 743 miserabilibus
1047 695 1207 753 atque
1233 685 1536 739 infelicibus
1577 685 1938 754 refrigeraret.

419 785 496 838 0b
539 783 638 833 hoc
684 777 830 831 enim
883 790 1080 842 pecora
1125 775 1239 843 ejus
1290 777 1466 828 ovium
1511 783 1713 841 septem
1757 774 1938 836 millia,

415 867 600 923 cameli
632 865 730 918 tria
757 863 944 926 millia,
978 861 1108 930 juga
1137 862 1294 914 boum
1329 861 1617 928 quingenta
1638 897 1653 922 ,
1697 870 1750 912 et
1784 859 1942 912 asinae

411 955 656 1028 pastoria:
689 954 1010 1022 quingentae.
1063 951 1128 1004 Et
1175 952 1521 1003 ministerium
1571 951 1723 1002 nimis
1769 951 1942 1016 cepio-

410 1059 525 1098 sum
569 1042 634 1094 ³³.
675 1043 892 1096 Certum
940 1049 1023 1094 est
1055 1041 1195 1107 quod
1237 1049 1290 1092 et
1334 1054 1531 1092 mensa:
1575 1040 1729 1107 ejus,
1785 1049 1944 1106 atque

411 1134 567 1187 sedes
593 1133 731 1198 ejus,
755 1141 808 1184 et
834 1130 1186 1183 ministerium
1217 1129 1491 1196 copiosum
1512 1167 1527 1192 ,
1558 1130 1649 1181 sed
1683 1128 1798 1194 plus
1829 1136 1945 1180 erat

410 1222 765 1277 ministerium
795 1224 1066 1288 copiosum
1093 1219 1228 1286 quod
1277 1218 1615 1272 ministrabat
1645 1219 1942 1286 hospitibus

409 1298 914 1372 et'advenientibus,
949 1309 1174 1363 inﬁrmis
1204 1317 1257 1360 et
1297 1309 1690 1372 miserantibus,
1723 1310 1944 1362 destitu~

410 1402 482 1454 tis
514 1409 568 1454 et
610 1398 940 1468 peregrinis,
991 1396 1312 1465 pauperibus
1361 1406 1415 1450 et
1469 1397 1789 1452 infelicibus.
1841 1399 1944 1453 Pro

413 1491 601 1544 horum
629 1502 756 1556 ergo
781 1489 1015 1541 omnium
1044 1487 1401 1555 susceptione,
1429 1488 1647 1540 nimium
1671 1491 1941 1556 copiosum

413 1579 603 1632 habuit
635 1575 991 1629 ministerium
1021 1588 1035 1625 :
1065 1584 1194 1642 puto
1247 1579 1386 1643 quod
1421 1587 1474 1630 et
1527 1578 1578 1630 in
1628 1580 1763 1633 caelo
1800 1589 1854 1632 et
1891 1580 1942 1632 in

414 1667 642 1721 excelsis
667 1667 936 1733 copiosum
972 1665 1127 1719 nimis
1153 1667 1398 1720 habuerit
1421 1669 1792 1727 ministerium.
1822 1671 1944 1724 Plu-

415 1766 535 1818 rimi
571 1764 1010 1818 ministraverunt
1036 1763 1082 1816 ei
1104 1777 1261 1829 super
1289 1772 1482 1814 terram
1510 1775 1605 1829 pro
1630 1762 1942 1814 miserorum

417 1854 770 1923 susceptione,
814 1851 906 1906 sed
947 1854 1124 1921 plures
1159 1854 1533 1906 ministrabant
1586 1853 1634 1904 ei
1674 1850 1942 1912 incoelis,

416 1945 655 1999 caelestes
689 1942 882 2011 angeli,
921 1943 1352 2009 incorruptibiles
1378 1941 1764 2010 eleemosyuas,
1787 1951 1947 2008 atque

416 2036 552 2086 bona
581 2047 740 2102 opera
767 2036 882 2103 ejus
915 2035 967 2087 in
1000 2035 1313 2086 memoriam
1341 2047 1519 2084 coram
1547 2032 1654 2084 Deo
1675 2032 1726 2082 in
1754 2031 1945 2084 cmlum

416 2121 734 2188 deferentes,
770 2125 908 2177 sicut
938 2125 1136 2178 dictum
1163 2133 1244 2176 est
1265 2124 1327 2175 ad
1355 2122 1654 2176 Cornelium
1687 2140 1699 2174 :
1739 2120 1948 2174 Oratio-

417 2229 504 2265 nes
542 2227 644 2266 tua:
691 2224 737 2267 et
785 2214 1118 2282 eleemosynw
1153 2224 1254 2266 tua:
1295 2213 1628 2264 ascenderunt
1662 2227 1868 2263 sursum
1897 2213 1949 2264 in

415 2310 714 2362 memoriam
747 2325 924 2361 coram
955 2309 1057 2361 Dea
1084 2308 1149 2362 ⁸⁸.
1172 2307 1543 2360 Ascenderunt
1575 2305 1757 2372 procul
1790 2305 1948 2357 dubio

418 2397 487 2450 ab
517 2399 716 2466 angelis
774 2407 935 2466 atque
969 2396 1293 2465 spiritalibus
1332 2396 1590 2449 ministris
1625 2397 1833 2449 delatae.
1879 2395 1950 2448 De

419 2487 613 2554 quibus
647 2487 887 2542 dicitur:
923 2488 1112 2542 Omnes
1166 2496 1282 2539 sunt
1333 2485 1698 2538 ministeriales
1736 2485 1949 2552 spiritus

415 2576 559 2628 missi
579 2593 673 2644 pro
697 2579 776 2629 liis
804 2579 892 2647 qui
925 2578 1142 2632 salutem
1173 2579 1227 2632 in
1271 2579 1620 2630 hwreditatem
1647 2576 1852 2642 capiunt
1881 2575 1946 2628 ³⁷.

419 2667 484 2720 Et
511 2669 663 2722 alibi:
687 2669 786 2734 Qui
805 2669 928 2737 facit
965 2669 1171 2736 angelos
1201 2685 1321 2720 suos
1347 2670 1587 2735 spiritus,
1609 2675 1656 2718 et
1685 2665 1948 2726 ministros

416 2774 537 2810 suos
572 2759 736 2824 ignem
785 2759 1045 2810 ardentem
1073 2758 1136 2810 ³⁸.
1173 2759 1247 2812 De
1279 2759 1392 2811 istis
1431 2771 1657 2824 namque
1695 2753 1951 2808 ministris

417 2862 554 2901 unus
589 2858 704 2902 erat
728 2849 815 2916 qui
849 2849 1054 2903 locutus
1079 2858 1162 2903 est
1191 2850 1255 2901 ad
1297 2849 1515 2902 Tobiam
1559 2849 1739 2900 dicens
1769 2863 1783 2898 :
1815 2843 1948 2898 Cum

419 2954 596 2991 orares
621 2949 675 2990 tu
698 2950 741 2991 et
769 2938 900 2992 Sara
921 2939 1032 3004 ﬁlia
1058 2938 1320 3007 Raguelis,
1352 2954 1441 3005 rgo
1465 2937 1618 2988 attuli
1649 2935 1949 2988 memoriam

420 3016 672 3079 arationis
699 3038 876 3081 vestra:
906 3028 960 3078 in
997 3039 1322 3092 conspertum
1356 3027 1534 3092 gloria:
1559 3024 1744 3076 summi
1768 3023 1858 3074 Dei
1881 3021 1944 3073 3’.

2041 593 2320 646 thesaurus
2347 594 2721 661 reputabatur,
2752 606 2890 647 area
2932 600 2993 645 et
3043 586 3337 688 torcular,
3373 584 3642 673 olivg‘

2041 683 2212 748 ﬁceta,
2254 692 2307 737 et
2341 685 2586 738 universa
2634 700 2805 753 opera
2853 697 2985 752 quae
3027 689 3174 734 sunt
3211 677 3273 729 in
3324 688 3514 742 agro,

2041 789 2158 827 cum
2183 774 2363 827 labore
2391 785 2551 842 atque
2573 775 2776 828 sudore
2801 785 2978 841 atque
3013 781 3302 824 manuum
3335 765 3590 866 σξηολ

2041 862 2138 958 bus
2188 863 2537 958 acquiruntur
2581 879 2721 958 cum
2747 860 3232 958 justiti-apjuxta
3269 858 3754 958 ordinerkjml;ei

2041 952 2297 1006 dicentis:
2329 952 2393 1004 In
2422 957 2610 1005 sudore
2633 954 2811 1005 vultus
2853 952 2937 1002 tui
2972 950 3108 1002 edes
3151 962 3355 1015 panem
3391 959 3516 1000 tua:
3573 950 3745 1040 δὲ]

2043 1041 2163 1094 Haec
2207 1042 2413 1096 scilicet
2456 1058 2620 1110 opera
2661 1057 2862 1112 magna
2910 1043 3152 1095 fuerunt
3209 1037 3319 1091 Job
3368 1039 3423 1090 in
3473 1031 3755 1128 Kgﬁs"

2043 1135 2161 1187 ideo
2187 1143 2240 1186 et
2271 1133 2502 1202 plurimo
2527 1133 2808 1199 indigebat
2836 1130 3174 1186 ministerio
3211 1130 3284 1182 ad
3327 1117 3732 1221 ουηξηᾶὧῒ

2042 1224 2104 1276 ad
2147 1223 2568 1287 intendendum,
2617 1223 2682 1275 ad
2737 1220 3245 1282 circumeundum,
3299 1219 3481 1288 itemq
3536 1255 3600 1289 ηε
3629 1247 3698 1291 Μ

2042 1315 2301 1376 dandum,
2347 1313 2411 1366 ad
2449 1312 2893 1366 distribuendum
2919 1350 2935 1376 ,
2977 1312 3051 1364 ad
3103 1310 3565 1368 ministrantium
3605 1323 3656 1372 (α

2043 1403 2304 1472 gentibus,
2333 1405 2398 1456 ad
2433 1403 2822 1457 defendendum
2862 1416 3221 1470 oppressos,
3262 1400 3332 1453 ad
3367 1404 3664 1469 opitulan-

2041 1497 2166 1548 dum
2194 1496 2541 1563 pauperibus,
2566 1495 2634 1549 ad
2656 1494 3132 1548 benefaciendum
3171 1493 3358 1547 viduis
3385 1506 3462 1548 et
3487 1500 3669 1568 orpha-

2046 1586 2148 1638 nis.
2187 1585 2288 1638 Pro
2310 1587 2392 1640 his
2420 1588 2671 1641 nimirum
2706 1587 3001 1640 universis
3037 1598 3222 1653 Opera
3259 1599 3498 1652 magna
3531 1605 3682 1646 erant

2044 1677 2116 1729 illi
2144 1677 2194 1729 in
2231 1677 2387 1731 terris
2416 1687 2471 1730 et
2505 1674 2871 1731 ministerium
2903 1676 3207 1742 copiosum
3237 1715 3254 1738 ,
3294 1675 3459 1740 quia
3494 1693 3681 1751 magna

2044 1777 2199 1820 erant
2225 1783 2388 1834 opera
2431 1769 2748 1822 meritorum
2797 1776 2855 1821 et
2903 1767 3210 1833 copiosum
3258 1765 3695 1831 ministerium.

2045 1854 2149 1908 Sed
2180 1868 2308 1924 puto
2345 1866 2464 1924 post
2495 1858 2608 1910 haec
2640 1872 2762 1924 qua:
2799 1857 3037 1910 recitata
3091 1863 3226 1908 sunt
3278 1869 3528 1923 magna
3561 1860 3704 1916 illius

2043 1954 2222 2013 opera,
2280 1956 2399 2013 post
2453 1948 2844 2013 agriculturam
2897 1957 3077 2014 atque
3133 1946 3476 2014 pecudum
3535 1958 3716 2008 nutri-

2045 2045 2251 2097 menta,
2309 2045 2368 2088 et
2421 2046 2615 2089 czetera
2671 2038 2974 2099 universa,
3040 2036 3282 2089 fuerunt
3325 2038 3560 2096 etiam
3613 2050 3723 2104 alia

2046 2139 2234 2192 magna
2263 2135 2419 2192 opera
2449 2124 2551 2179 Job
2591 2127 2642 2178 in
2685 2128 2866 2190 terris,
2904 2127 3072 2190 fides,
3129 2128 3318 2194 pietas
3343 2165 3360 2190 ,
3475 2133 3730 2209 Ῑυειῖιίε,

2047 2215 2328 2275 sanctitas,
2376 2217 2709 2280 constantia,
2755 2217 3029 2283 patientia
3057 2255 3075 2279 ,
3124 2218 3524 2300 tolerantia,
3565 2246 3732 2310 atque

2046 2305 2128 2357 his
2181 2303 2378 2357 similia
2429 2305 2705 2367 universa,
2743 2317 2801 2359 et
2829 2322 3037 2360 omnes
3078 2321 3211 2374 quae
3262 2321 3598 2384 sup‘wus
3636 2303 3736 2388 δέ-

2045 2407 2356 2450 monstrata:
2379 2406 2508 2449 sunt
2536 2399 2786 2461 virtutes,
2811 2410 2985 2468 atque
3019 2403 3231 2454 merita
3259 2411 3318 2454 et
3338 2405 3696 2484 vlgem”)...

2047 2504 2126 2540 na:
2155 2502 2340 2554 opera.
2379 2487 2502 2539 Haec
2531 2502 2766 2555 namque
2798 2498 2932 2543 sunt
2968 2506 3180 2558 magna
3217 2491 3309 2544 illa
3339 2511 3528 2563 opera
3555 2520 3680 2570 quae

2046 2589 2198 2630 erant
2234 2581 2303 2631 ita
2334 2593 2525 2646 magna
2563 2588 2621 2629 ut
2647 2593 2819 2646 usque
2865 2580 2938 2634 ad
2978 2583 3196 2634 caelum
3253 2587 3681 2655 pertingerent,

2046 2677 2100 2719 et
2129 2681 2298 2734 usque
2324 2667 2389 2719 ad
2416 2667 2581 2719 Deum
2609 2669 2988 2733 pervenirent.
3041 2671 3125 2722 Ita
3155 2681 3318 2724 erant
3345 2688 3599 2744 magna,
3625 2691 3685 2735 ut

2048 2759 2102 2810 in
2130 2758 2470 2824 corruptione
2498 2767 2805 2825 perpetrata
2846 2761 2900 2812 in
2943 2762 3397 2829 incorruptione
3430 2766 3687 2824 fuissent

2048 2849 2354 2916 przedicata.
2395 2848 2542 2901 Inter
2567 2848 2816 2902 homines
2842 2850 3030 2915 facta,
3074 2853 3228 2905 inter
3260 2855 3514 2922 angelos
3556 2873 3691 2915 sunt

2049 2935 2345 2990 mirilicata.
2371 2936 2515 2997 litec,
2548 2938 2792 3003 inquam,
2822 2938 3056 2993 fuerunt
3087 2941 3200 2995 Job
3237 2959 3458 3007 magna
3491 2963 3692 3018 opera.

2051 3026 2115 3078 Et
2150 3029 2234 3081 ubi
2267 3029 2374 3082 haec
2407 3030 2656 3082 fuerunt?
2681 3031 2735 3082 lu
2772 3039 2943 3094 terra,
2987 3031 3201 3101 inquit.
3233 3033 3294 3086 ιη
3333 3049 3461 3103 qua
3492 3041 3700 3096 terra?

420 3116 548 3169 Tale
574 3130 701 3184 ergo
729 3126 843 3169 erat
872 3116 1225 3169 ministerium
1269 3114 1370 3168 Job
1409 3115 1628 3166 nimium
1653 3114 1946 3180 copiosum.
1977 3120 2018 3176 c
2049 3117 2284 3170 Primum
2310 3121 2525 3185 quidem
2558 3121 2606 3172 in
2637 3134 2699 3171 ea
2728 3135 2849 3187 quae
2872 3123 2979 3173 sub
3012 3125 3168 3177 caelo
3197 3135 3287 3178 est
3327 3136 3530 3184 terra.
3567 3132 3704 3186 Item

423 3208 722 3262 Secundum
783 3207 1172 3259 multitudinem
1223 3207 1364 3258 enim
1421 3205 1680 3258 bonorum
1732 3219 1947 3271 operum

419 3298 556 3366 ejus,
598 3296 930 3363 multiplicati
963 3303 1088 3346 sunt
1123 3294 1365 3346 ctelestes
1395 3293 1626 3347 ministri
1652 3301 1813 3360 atque
1853 3308 1950 3345 an-

419 3386 523 3454 geli
556 3386 645 3453 qui
695 3385 745 3436 in
782 3391 1066 3450 conspectu
1114 3382 1208 3435 Dei
1262 3390 1642 3436 attestarentur
1681 3382 1951 3436 beneficiis

421 3473 585 3526 illius.
614 3472 762 3527 Unus
786 3487 916 3526 sane
942 3471 1207 3525 devotioni
1248 3473 1408 3525 animi
1440 3474 1552 3538 ejus
1579 3473 1947 3535 attestabatur,

423 3561 558 3614 alius
600 3571 774 3614 autem
821 3561 1176 3628 eleemosynis
1216 3563 1329 3626 ejus
1377 3575 1440 3614 ac
1492 3562 1946 3624 miserationibus,

424 3651 561 3704 alius
616 3650 958 3705 nihilominus
1015 3651 1254 3705 sollicitis
1313 3653 1576 3719 precibus,
1645 3651 1781 3706 alius
1829 3667 1950 3706 vero

419 3741 865 3808 justitiazjudicii,
896 3745 1162 3810 patientia:
1189 3759 1401 3813 quoque
1441 3759 1502 3797 ac
1562 3744 1945 3811 longunimitati

426 3838 587 3896 atque
616 3829 896 3883 cbaritatis
930 3829 1258 3898 plenitudini.
1290 3830 1485 3884 Omnes
1517 3831 1722 3885 scilicet
1747 3832 1951 3884 cunctis

425 3919 541 3981 ejus
573 3918 857 3972 virtutibus
910 3921 1302 3972 attestabantur
1351 3921 1399 3972 iu
1445 3930 1727 3988 conspectu
1774 3921 1948 3971 omnia

428 4007 751 4074 praescientis
782 4006 892 4059 Dei.
924 4004 1376 4074 Omnibusitaque
1401 4007 1569 4060 modis
1601 4005 1950 4058 ministerium

425 4099 695 4166 cepiosum
721 4108 835 4152 erat
873 4101 1028 4155 beato
1065 4101 1182 4155 Job.
1224 4098 1387 4163 Quale
1417 4107 1574 4166 putas
1606 4095 1679 4149 illi
1709 4094 1821 4150 fieri
1857 4097 1951 4149 ob-

424 4189 665 4255 sequium
713 4189 778 4241 ad
830 4191 1244 4258 susceptionem,
1303 4197 1355 4240 et
1407 4187 1693 4255 gloriosum
1741 4200 1949 4252 quoque

430 4277 705 4340 honorem,
727 4277 959 4341 oamice,
983 4291 1101 4330 cum
1133 4277 1304 4329 anima
1329 4274 1442 4342 ejus
1467 4274 1652 4329 exiens
1669 4275 1732 4328 de
1762 4289 1952 4343 corpo-

429 4381 487 4418 re
516 4367 580 4418 ad
614 4365 736 4418 illud
767 4367 1012 4438 saeculum
1048 4369 1316 4430 transiret,
1351 4380 1469 4418 cmn
1501 4365 1570 4418 illi
1607 4373 1954 4441 occurrerent

433 4469 616 4506 omnes
643 4455 838 4522 angeli,
867 4457 1077 4522 quando
1101 4459 1291 4525 gavisa:
1332 4463 1453 4509 sunt
1489 4455 1554 4506 ad
1577 4469 1694 4506 eum
1722 4455 1956 4506 omnimn
1989 4445 2031 4498 Ι)

430 4554 733 4597 sanctorum
766 4546 976 4608 animaa,
993 4549 1200 4613 quando
1222 4559 1406 4600 omnes
1432 4545 1618 4596 anima:
1644 4543 1956 4596 miserorum

427 4644 590 4702 atque
639 4635 882 4703 inopum,
925 4637 1114 4704 quibus
1171 4652 1328 4706 super
1382 4645 1578 4688 terram
1616 4634 1955 4695 benefecerit,

427 4723 698 4778 beneficiis
755 4725 868 4792 ejus
900 4737 1156 4780 attestata:
1199 4728 1370 4780 sunt?
1415 4725 1540 4790 Quae
1601 4726 1859 4777 universa:
1906 4740 1954 4774 lli

429 4815 603 4868 lucem
649 4814 755 4866 illic
795 4817 1140 4881 procedentes
1177 4818 1418 4886 gloriosa:
1471 4823 1759 4869 occurrunt
1801 4823 1959 4881 atque

429 4913 630 4959 sanetae
655 4911 970 4958 attestantur
1000 4921 1101 4958 non
1132 4908 1298 4959 solum
1330 4907 1490 4961 solius
1526 4905 1624 4960 Joh
1647 4905 1952 4965 virtutibus.

429 4992 520 5046 sed
564 5001 617 5044 et
653 4992 897 5044 omnibus
947 4993 1036 5060 qui
1087 4995 1330 5049 similiter
1373 5005 1430 5048 ut
1465 4994 1562 5048 Job
1590 4995 1954 5064 eleemosynas

430 5081 639 5136 miseris
674 5095 738 5135 ac
795 5082 1049 5136 beneficia
1108 5083 1408 5138 infelicibus
1447 5085 1782 5152 impertiunt.
1837 5083 1958 5136 Haec

431 5171 700 5228 universa.
738 5171 856 5237 qniu
885 5173 1032 5234 dicit,
1065 5171 1129 5224 Et
1157 5175 1496 5228 ministerium
1533 5175 1751 5226 nimium
1785 5175 1958 5241 copio-

429 5278 564 5316 sum.
621 5260 849 5328 Postque
879 5261 1152 5332 [adjiciens
1215 5263 1575 5320 dicit:Erant
1621 5280 1772 5331 opera
1819 5263 1957 5316 illius

429 5367 615 5420 magna
638 5353 689 5402 in
714 5352 884 5404 terris.
918 5351 1149 5405 Primum
1182 5369 1313 5410 sane
1341 5368 1498 5422 opera
1529 5369 1716 5420 magna
1746 5354 1960 5406 fuerunt

431 5439 530 5503 illi,
556 5440 604 5493 id
643 5448 742 5503 est,
783 5441 892 5507 agri
935 5451 988 5496 et
1023 5442 1207 5509 vineae,
1259 5445 1453 5498 fruteta
1497 5449 1547 5496 et
1599 5441 1810 5496 oliveta.
1865 5439 1956 5494 lla:

433 5543 658 5597 namque
684 5539 835 5583 erant
863 5535 1197 5604 antiquorum
1224 5533 1447 5600 divitiae,
1479 5533 1592 5587 haec
1615 5541 1734 5585 erat
1763 5532 1958 5600 prisco-

507 5641 548 5670 ³⁸
589 5641 686 5692 Job
735 5658 768 5702 t,
806 5643 857 5699 5.

436 5706 476 5735 δ’
505 5707 655 5762 l‘rov.
684 5726 792 5766 xix.
865 5716 908 5747 "
938 5717 1036 5771 Job
1075 5730 1112 5777 ι,
1140 5716 1191 5770 ’5.

954 5649 1226 5732 Ias-ML},
1256 5651 1307 5705 4,
1385 5648 1426 5679 ³⁷
1457 5645 1614 5700 Hebr.
1642 5660 1678 5709 ι,
1702 5644 1785 5697 14.
1863 5645 1905 5676 ³⁸
1934 5645 2076 5706 Psal.
2107 5675 2223 5732 cut,
2249 5672 2309 5729 4,

2055 3205 2348 3260 ἱειίθττριιο
2390 3209 2505 3276 ejus
2548 3223 2794 3275 corpore.
2854 3210 3105 3266 Omnem
3169 3217 3337 3268 enim
3397 3219 3706 3289 virtutem,

2054 3313 2264 3352 omnem
2286 3300 2743 3367 justilicationem,
2766 3314 2929 3354 omne
2954 3317 3107 3370 Opus
3130 3315 3445 3373 sanctum,
3471 3326 3704 3368 omnem

2056 3387 2392 3441 tolerantiam
2421 3404 2541 3442 cum
2565 3390 2858 3457 gratiarum
2894 3393 3234 3448 actionibus
3261 3434 3274 3458 ,
3313 3401 3607 3457 universa
3641 3405 3696 3457 in

2057 3475 2158 3527 hoc
2188 3489 2413 3542 corpore
2441 3486 2653 3529 terreno
2681 3477 2931 3544 perfecit,
2986 3491 3048 3534 et
3095 3489 3480 3550 supportavit
3528 3504 3701 3560 atque

2056 3565 2325 3618 sustinuit.
2361 3565 2532 3618 Testis
2554 3576 2637 3619 est
2660 3569 2775 3635 ipse
2809 3569 3007 3622 dicens
3033 3573 3106 3627 de
3138 3575 3364 3631 virtute
3394 3578 3502 3635 Dei
3532 3595 3705 3653 atque

2057 3655 2422 3722 magnitudine
2457 3673 2469 3708 :
2501 3656 2604 3720 Qui
2659 3659 3026 3715 suscitaturus
3089 3673 3175 3717 est
3229 3668 3450 3734 pellent
3496 3689 3706 3741 meum,

2056 3765 2169 3815 qua:
2192 3748 2362 3798 hausit
2392 3750 2500 3800 lure
2532 3749 2670 3803 mala
2703 3750 2768 3803 δι.
2819 3751 3077 3819 Postque
3134 3759 3428 3815 universa
3456 3808 3473 3828 ,
3526 3783 3708 3836 opera

2057 3838 2582 3930 maguaerautJob.
2639 3840 2782 3894 Ubi?
2828 3845 2885 3894 ln
2925 3853 3115 3911 terra,
3183 3849 3414 3919 inquit.
3475 3857 3542 3912 In
3601 3878 3709 3930 qua

2061 3929 2239 3980 terra?
2265 3927 2320 3980 lu
2349 3938 2486 3982 terra
2515 3931 2938 3998 incorruptibili,
2965 3935 3025 3988 in
3059 3949 3223 3994 terra
3252 3927 3710 4016 itnmortali,vin

2059 4024 2200 4068 terra
2234 4017 2548 4080 viventium,
2576 4019 2626 4071 in
2661 4021 3038 4076 tabernaculis
3066 4026 3378 4092 jttstorum
3409 4077 3427 4101 ,
3463 4040 3567 4092 ubi
3604 4059 3712 4095 ηοη

2058 4115 2138 4158 est
2175 4105 2457 4159 infirmitas
2517 4122 2688 4174 neque
2743 4125 2933 4174 mors,
3006 4122 3171 4173 unde
3215 4119 3380 4190 fugit
3437 4131 3616 4186 (ιοιοι-
3663 4144 3719 4188 ει

2061 4195 2273 4246 tristitia
2332 4205 2490 4262 atque
2537 4199 2784 4264 gemitus.
2845 4200 2964 4256 Illic
3031 4222 3182 4279 ergo
3251 4229 3488 4286 magna
3554 4235 3718 4276 eram

2057 4299 2216 4350 opera
2269 4284 2391 4350 Job,
2442 4287 2548 4338 illic
2599 4287 2978 4346 demonstrata
3016 4311 3169 4354 sunt
3208 4284 3404 4373 atque
3452 4324 3718 4378 ostensa,

2059 4376 2167 4428 illic
2203 4375 2458 4471 distincta
2489 4387 2651 4445 atque
2681 4382 3070 4442 manifestata.
3112 4393 3221 4448 Hic
3257 4402 3569 4471 perfecta,
3603 4375 3716 4464 ίιιεέ

2060 4476 2236 4517 autem
2307 4465 2708 4535 demonstrata;
2779 4471 2870 4526 hic
2930 4483 3284 4552 seminata,
3375 4493 3506 4551 illic
3557 4465 3721 4553 ⁷νειιιι

2058 4570 2229 4647 messa
2259 4571 2273 4619 ;
2305 4557 2394 4610 hic
2429 4559 2698 4630 dispersa,
2723 4562 2832 4617 illic
2864 4576 3063 4622 autem
3107 4577 3378 4636 collecta
3413 4603 3433 4647 ς
3475 4589 3575 4644 hic
3604 4591 3715 4646 Deo

2059 4644 2314 4710 fenerata,
2341 4650 2449 4705 illic
2497 4670 2623 4708 vero
2652 4671 2772 4708 cum
2809 4658 2978 4726 gloria
3039 4681 3072 4718 a
3132 4670 3255 4724 Deo
3307 4644 3719 4740 fenerantibus

2058 4737 2350 4837 :Ediliiilla.
2391 4740 2495 4807 Qui
2550 4749 2690 4801 enim
2727 4749 3025 4806 miseretur
3087 4770 3391 4833 pauperis
3423 4813 3440 4837 ,
3495 4737 3714 4834 fenerat

2059 4824 2167 4923 Deo
2196 4827 2260 4923 ξ’.
2296 4831 2611 4895 Secundum
2644 4849 2821 4896 autem
2850 4841 3042 4899 datum
3085 4824 3260 4910 illius
3295 4824 3711 4923 retribuetvilii

2062 4913 2342 4976 Dominus.

2136 5005 2264 5104 Ρίξει
2309 5013 2426 5072 haec
2457 5035 2640 5081 autent
2665 5026 2912 5083 universa
2939 5063 2953 5086 ,
2987 5030 3392 5095 novissimam
3433 5045 3697 5104 νῑτιιηεηι

2059 5091 2158 5148 Job
2182 5097 2569 5188 demonstrat,
2596 5121 2779 5177 dicens
2813 5136 2828 5173 :
2857 5111 2978 5168 Fu"
3024 5130 3220 5175 aufem

2061 5199 2247 5289 genere
2273 5199 2504 5289 optimo,
2533 5229 2599 5269 ex
2625 5215 2856 5287 panibus
2888 5205 3126 5262 Orientis
3177 5212 3253 5268 "'.
3307 5219 3454 5280 Item
3506 5242 3686 5287 autem

2062 5280 2274 5382 ile-i890
2306 5280 2674 5364 Singularitor
2698 5309 2845 5366 illum
2871 5295 3117 5364 designat
3171 5313 3357 5376 atque

2114 5366 2125 5376 ι
2407 5360 2429 5364 _
2577 5360 2666 5364 ,___
2701 5360 2806 5366 ____,
2989 5360 3010 5364 -
3255 5360 3272 5376 ι
3307 5360 3354 5365 γ-
3383 5360 3669 5382 -..ω-ιω...

2065 5360 2369 5481 ἷὶῖιξξΑιῖοιιιο
2401 5389 2722 5476 singularis,
2750 5406 3001 5462 semotus.
3028 5389 3122 5455 (ιιιῑ
3148 5388 3207 5445 in
3241 5411 3423 5462 carne
3454 5426 3672 5481 separa-

2269 5481 2397 5575 qua;
2436 5498 2635 5555 carnis
2667 5510 2824 5566 s‘nu’
2872 5485 2960 5564 qui
2996 5481 3138 5534 inter
3184 5482 3454 5554 homines
3509 5463 3668 5575 ἐυρθτ

2203 5549 2216 5560 ,
2914 5539 2957 5543 ρ
3509 5539 3569 5556 ο..
3609 5539 3654 5562 σ,

2066 5539 2334 5616 homines
2367 5566 2502 5644 fuit,
2536 5593 2708 5659 quiin
2740 5539 2905 5652 ter’ris‘
2921 5587 3054 5645 erat.
3084 5582 3138 5631 ει
3164 5579 3426 5641 εωὶθειὶξι
3452 5539 3664 5663 egebit;

2396 5688 2443 5721 ³⁸
2479 5695 2628 5766 Tob.
2656 5731 2748 5774 xu.
2819 5715 2862 5747 ⁸ο
2885 5710 3012 5766 Gen.
3041 5713 3124 5764 ut,
3171 5687 3268 5744 ‘9-
3364 5704 3407 5734 “
3438 5705 3534 5763 10b
3563 5727 3667 5768 ω.
