3914 6458
129 748 231 797 attint

1114 718 1136 767 ἶ
1190 707 1314 770 hic
1365 738 1503 795 ergo
1532 729 1599 782 de
1625 743 1820 797 genere

1091 831 1111 854 9
1165 808 1469 878 tanquam
1513 817 1556 869 si
1596 817 1820 879 diceret,

175 874 523 980 ζῶχίλὼῃ
577 874 1157 980 ςᾷξὶᾷιὶῆῗίιδιὶὓιιξ
1206 874 1479 959 Orientis
1518 874 1822 973 generosior

213 929 309 954 Μὶν
387 929 523 976 ιχχῧτ
577 929 692 991 “fu
877 956 914 972 γ,
949 961 962 972 η
1035 929 1157 939 ί““--’
1209 929 1479 959 vulcllus
1518 929 1821 973 generuswr

213 929 479 1062 mea“
505 978 740 1062 MM“:
777 953 1051 1062 ῐξρὶηὶιοι·
1130 977 1246 1038 hic
1314 1001 1491 1062 atque
1544 997 1821 1051 sublimior

222 1040 317 1119 erat.
347 1040 482 1115 ἶλοε
505 1046 748 1140 bimi“
783 1043 1227 1128 demOllSlrans
1277 1040 1818 1140 didii-va

237 1158 291 1208 ltic
314 1149 464 1207 Ιιοηιθ
491 1133 551 1186 de
576 1149 756 1232 genere
786 1141 1022 1214 ⁰Ρίίηῑον
1053 1173 1131 1211 ραι
1160 1133 1426 1229 partibus

232 1248 355 1300 (meat
377 1229 723 1300 respondere
751 1235 1056 1311 sumen“.
1083 1263 1150 1305 el
1184 1259 1388 1318 dicere
1411 1281 1424 1316 :
1453 1267 1600 1321 Unde
1627 1229 1819 1323 Jobide

249 1349 423 1400 genere
456 1324 704 1425 οξιὶῖιξὶοῖ
737 1326 820 1425 δί⁸
847 1343 917 1384 ex
970 1335 1170 1396 Adam
1208 1361 1270 1404 et
1302 1354 1412 1408 Eva
1432 1395 1446 1420 ,
1489 1359 1818 1425 prtevaricati

256 1430 471 1488 suatper
496 1417 941 1477 inobcdientiam.
971 1425 1037 1482 Si
1062 1448 1134 1486 ex
1157 1436 1336 1503 Esau,
1356 1417 1456 1498 sui,
1486 1417 1817 1500 maledictum

249 1511 495 1567 redactus
517 1519 596 1566 est
620 1510 918 1570 aviditatis.
948 1514 1011 1572 Si
1035 1536 1109 1576 ex
1143 1527 1280 1584 filiis
1299 1532 1460 1597 Esau,
1496 1537 1636 1602 impii
1663 1538 1823 1590 exsti-

247 1609 415 1655 terunt
485 1603 640 1658 etiam
698 1601 738 1656 ii
797 1615 1022 1674 propter
1084 1621 1494 1676 contumeliam.
1549 1601 1818 1690 Quomodo

225 1705 354 1761 ergo
383 1694 475 1748 de
504 1709 688 1763 genere
709 1697 912 1765 optimo
941 1712 1068 1754 erat
1096 1710 1192 1772 qui
1226 1711 1293 1763 de
1332 1712 1526 1766 talibus
1556 1717 1818 1769 nasceba-

226 1782 356 1832 tur?
387 1781 611 1838 Ruben
638 1785 1030 1855 primogenitus
1057 1791 1250 1859 Jacob,
1281 1808 1336 1850 et
1356 1799 1568 1854 Simeon
1594 1812 1646 1855 et
1675 1803 1819 1862 Levi.

210 1871 317 1938 qui
342 1888 426 1924 ex
475 1875 636 1928 Israel
664 1887 789 1930 sunt
819 1882 1113 1948 progeniti,
1145 1887 1212 1937 de
1249 1903 1446 1954 genere
1486 1892 1684 1957 optimo
1715 1907 1817 1944 non

215 1961 528 2016 dicuntur
558 1964 692 2020 :Job
729 1982 858 2020 vero
884 1969 978 2035 qui
1010 1987 1076 2023 ex
1108 1974 1291 2040 impiis
1319 1986 1468 2030 ortus
1492 1987 1598 2042 est,
1629 1980 1678 2032 id
1715 1990 1816 2041 est,

207 2063 288 2102 ex
329 2052 500 2106 filiis
528 2054 690 2120 Esau,
717 2058 807 2124 qui
840 2072 906 2111 ex
939 2063 1187 2128 prosapia
1218 2064 1381 2116 Edoni
1423 2077 1574 2120 natus
1603 2079 1702 2128 est,
1734 2069 1820 2124 hic

208 2137 289 2193 de
323 2157 564 2208 genere
588 2147 796 2214 optimo
825 2149 1029 2202 dicitur
1068 2167 1081 2198 :
1120 2153 1248 2219 Ego,
1281 2155 1469 2221 inquit,
1493 2171 1593 2208 non
1625 2173 1818 2211 carna-

208 2229 335 2280 lem
394 2233 764 2288 nativitatem
813 2253 1023 2304 quaero,
1080 2255 1184 2292 non
1231 2243 1493 2296 carnalem
1520 2247 1821 2312 generatio-

208 2331 361 2370 nem
400 2322 692 2386 signiﬁco,
729 2340 834 2376 non
870 2340 1184 2392 pereuntem
1211 2332 1618 2398 generositatem
1645 2336 1816 2389 laudo.

208 2406 380 2460 Nam
420 2411 550 2466 haec
582 2414 724 2480 apud
754 2415 918 2467 Deum
953 2432 1057 2468 non
1094 2419 1268 2484 magni
1303 2421 1620 2488 penduntur,
1652 2425 1762 2478 hmc
1791 2444 1819 2480 a

209 2497 523 2554 Creatore
567 2518 676 2556 non
706 2506 1077 2572 requiruntur.
1121 2507 1270 2560 Sicut
1298 2511 1440 2562 enim
1483 2528 1584 2566 non
1613 2526 1822 2570 constat

213 2591 406 2655 apud
435 2590 603 2645 Deum
643 2609 890 2660 persona:
919 2596 1107 2662 gloria,
1131 2598 1209 2650 sic
1227 2611 1323 2651 nec
1364 2601 1649 2666 requiritur
1674 2605 1738 2657 ab
1760 2620 1822 2658 eo

219 2681 504 2733 carnalis
536 2683 904 2746 generositas.
943 2682 1133 2735 Merito
1165 2684 1230 2736 de
1258 2698 1452 2750 genere
1476 2688 1672 2751 optimo
1696 2687 1823 2742 dici-

229 2775 337 2822 ιικ·
364 2768 496 2822 Job.
527 2770 648 2822 Non
685 2787 752 2824 ex
789 2771 965 2835 Esau,
1000 2786 1172 2838 neque
1204 2787 1267 2824 ex
1295 2775 1601 2840 posteritate
1635 2775 1822 2840 Edom,

229 2860 351 2912 sed
381 2861 448 2914 de
475 2875 684 2928 genere
717 2862 925 2930 optimo
953 2863 1150 2915 dicitur
1182 2862 1278 2915 Iob
1300 2903 1316 2928 ,
1344 2877 1412 2916 ex
1456 2866 1739 2920 sanctitate
1767 2877 1820 2920 et

226 2946 496 3015 iustitia,
541 2965 612 3004 ex
663 2952 894 3019 pietate,
926 2967 991 3004 ex
1021 2951 1144 3014 lide,
1194 2966 1257 3004 ex
1309 2953 1706 3022 misericordia,
1757 2973 1820 3010 ex

242 3036 361 3091 Dei
389 3038 624 3099 cultura,
650 3054 719 3091 ex
744 3055 875 3092 vero
899 3040 1103 3103 animo,
1131 3055 1196 3092 ex
1226 3040 1385 3093 corde
1401 3056 1552 3108 puro,
1583 3058 1647 3096 ex
1672 3045 1821 3100 bonis

241 3128 716 3195 cogitationibus.
765 3129 842 3182 Ex
886 3129 1004 3182 istis
1047 3145 1172 3198 ergo
1215 3132 1458 3185 omnibus
1496 3131 1627 3184 bene
1670 3141 1822 3186 natus

242 3230 383 3272 esse
410 3220 617 3274 dicitur
647 3219 752 3274 Job
775 3259 792 3285 ,
841 3235 908 3273 ex
940 3220 1057 3273 istis
1089 3221 1334 3274 omnibus
1363 3223 1666 3290 generosior
1704 3223 1821 3278 esse

243 3317 566 3374 reputatur,
607 3310 770 3376 quasi
802 3312 854 3362 in
891 3309 983 3361 Dei
1019 3309 1378 3364 familiaritate
1400 3352 1414 3375 ,
1447 3312 1595 3379 quasi
1628 3313 1677 3365 in
1729 3313 1820 3368 Dei

245 3396 507 3454 clientela
533 3440 548 3463 ,
600 3410 866 3468 tanquam
905 3402 998 3469 qui
1040 3401 1145 3455 Deo
1193 3382 1351 3455 fuerit
1396 3391 1564 3457 aliiuis
1608 3417 1822 3474 propter

245 3492 497 3548 animam
531 3510 727 3549 veram
755 3504 814 3548 et
855 3493 1028 3547 ﬁdem;
1071 3502 1229 3562 atque
1255 3495 1510 3564 justitiam
1541 3499 1815 3568 integram.

244 3575 401 3638 Bene
421 3595 610 3638 natum
641 3599 770 3638 eum
818 3584 1048 3636 reddidit
1069 3599 1170 3636 non
1209 3587 1397 3640 terreni
1423 3597 1616 3653 patres,
1651 3604 1820 3656 neque

244 3670 342 3722 avi
377 3674 658 3738 carnales,
699 3675 792 3727 sed
824 3687 992 3742 opera
1049 3674 1322 3740 veritatis,
1384 3685 1542 3743 atque
1593 3677 1817 3730 oﬂicium

246 3763 587 3827 sanctitatis,
632 3777 736 3816 nec
778 3777 883 3815 non
933 3770 989 3815 et
1032 3762 1246 3814 sincera
1281 3763 1422 3816 circa
1465 3765 1626 3817 Deum
1675 3781 1813 3833 spes.

247 3846 388 3910 Quis
417 3865 542 3908 erat
573 3853 813 3906 nobilior
865 3851 951 3904 vel
1003 3852 1314 3919 generosior
1355 3852 1518 3906 Cham
1564 3855 1668 3908 lilio
1707 3854 1817 3908 Noe

244 3947 532 4008 mediano,
582 3945 681 4011 qui
711 3952 765 3996 et
807 3958 874 3996 ex
909 3943 1078 4010 patris
1131 3943 1408 3996 nobilitate
1444 3959 1556 3996 erat
1606 3945 1814 4008 nobilis,

241 4036 303 4076 ει
361 4051 426 4088 ex
487 4035 588 4086 Dei
643 4032 1028 4086 benedictione
1077 4039 1237 4098 atque
1304 4032 1564 4098 colloquio
1626 4034 1816 4086 nobilis

235 4127 365 4173 erat
414 4133 475 4179 et
522 4121 802 4177 illustris?
869 4120 975 4173 Sed
1038 4119 1169 4172 nihil
1215 4120 1351 4188 juvit
1418 4120 1600 4183 illum,
1649 4136 1816 4188 neque

232 4200 334 4259 Dei
426 4211 778 4279 colloquium
814 4247 829 4271 ,
911 4221 1084 4275 neque
1143 4208 1410 4262 Creatoris
1473 4209 1810 4275 benedictio,

226 4303 424 4364 neqite
477 4301 668 4371 patris
721 4298 969 4366 jnstitia,
1024 4311 1143 4350 cum
1199 4299 1311 4365 ipse
1369 4297 1712 4352 declinaverit
1783 4314 1811 4352 a

215 4375 449 4445 juSlitia
489 4402 552 4443 ut
584 4390 926 4456 impietatem
953 4387 1234 4452 arriperet,
1265 4397 1481 4454 propter
1497 4401 1651 4453 quam
1672 4387 1814 4454 juste

220 4464 576 4535 humiliatus
607 4480 864 4532 redactus
886 4486 968 4530 est
996 4476 1046 4528 in
1073 4475 1406 4527 maledictum
1439 4484 1597 4542 atque
1626 4476 1676 4527 in
1700 4491 1813 4528 scr-

446 719 651 789 parui,

159 795 363 900 iam
391 799 490 904 ut
522 795 795 904 mg};

1306 513 1716 579 ANONYMUS
1750 522 1815 576 ΙΝ
1851 521 1986 577 JOB.
2026 553 2094 563 —
2129 519 2257 574 LIB.
2298 516 2338 572 ἰ.

1164 653 1183 676 ν
1261 637 1456 690 Verus
1492 637 1589 694 Dei
1632 640 1822 703 cultor,
1851 645 1897 698 Α
1925 641 2206 702 bertatem,
2241 647 2296 692 et
2321 637 2474 706 digne
2501 639 2635 692 bene
2662 648 2819 692 natus
2847 638 3070 694 dicitur:
3097 639 3182 695 hic
3201 655 3336 698 sane
3365 663 3456 702 ve-

1847 3257 1888 3313 C

3361 533 3462 588 390

1922 730 2114 784 raciter
2145 743 2441 797 generosus
2463 739 2820 796 nuncupatur,
2843 730 2965 797 quia
2985 730 3279 786 libertatem
3313 737 3452 790 illam

1920 834 2037 883 qua:
2071 819 2138 871 ab
2165 818 2317 871 initio
2350 819 2665 871 naturaliter
2685 829 2766 871 est
2793 833 3067 881 concessa,
3105 833 3322 888 peccato
3348 841 3451 878 non

1919 905 2150 967 vitiavit,
2186 919 2358 972 neque
2407 905 2604 960 delicto
2635 907 2937 960 maculavit.
2967 905 3109 961 Talis
3164 925 3292 978 ergo
3336 924 3452 966 erat

1919 997 2106 1049 beatus
2139 994 2260 1056 Job,
2293 995 2423 1048 foris
2453 999 2521 1049 ab
2546 998 2688 1067 omni
2743 999 2965 1051 crimine
3025 997 3242 1062 justus,
3289 1015 3450 1056 verax

1921 1086 2012 1138 Dei
2043 1085 2238 1150 cultor,
2266 1083 2542 1138 abstinens
2566 1101 2622 1138 se
2648 1087 2714 1138 ab
2743 1087 2887 1138 omni
2913 1101 2970 1138 re
2986 1086 3146 1138 mala.
3172 1087 3307 1156 Ergo
3328 1091 3450 1155 quia

1920 1173 2045 1228 talis
2076 1183 2193 1227 erat
2217 1189 2397 1227 coram
2437 1174 2564 1237 Deo,
2609 1176 2797 1227 merito
2847 1176 3001 1242 digne
3039 1176 3234 1229 dicitur
3262 1178 3326 1231 de
3357 1193 3450 1245 ge-

1919 1281 2044 1319 nere
2071 1279 2189 1320 esse
2218 1266 2442 1334 optimo.
2468 1265 2599 1318 Nam
2630 1266 2754 1332 quis
2799 1279 2924 1318 vere
2957 1266 3094 1319 bene
3121 1267 3224 1319 erit
3252 1277 3408 1320 natus
3431 1305 3447 1328 ,

1920 1355 2022 1408 nisi
2052 1355 2096 1408 is
2129 1355 2217 1422 qui
2239 1355 2472 1408 divinam
2504 1355 2832 1407 nativitatem
2881 1364 3040 1421 atque
3087 1355 3446 1408 conditionem

1919 1443 2181 1509 integram
2211 1442 2644 1495 conservaverit?
2677 1441 2822 1494 Sicut
2857 1443 3188 1496 admirabilis
3211 1442 3299 1495 ille
3325 1442 3444 1505 Job,
3497 1458 3506 1474 '

1919 1532 2008 1600 qui
2037 1532 2192 1599 digne
2215 1546 2278 1584 ac
2309 1530 2452 1597 juste
2481 1532 2616 1584 bene
2645 1539 2800 1584 natus
2830 1531 3148 1598 appellatur,
3192 1546 3295 1586 non
3323 1534 3446 1601 quia

1919 1635 1982 1672 ex
2030 1620 2170 1674 Esau
2212 1619 2556 1689 generatione
2586 1619 2873 1671 carnaliter
2908 1619 3069 1672 luerit
3109 1635 3266 1674 orsus
3291 1659 3307 1682 ,
3357 1621 3447 1674 sed

1919 1711 2043 1778 quia
2071 1711 2336 1764 Abraham
2364 1724 2459 1776 per
2483 1709 2589 1762 Deo
2619 1709 2865 1762 dilectam
2896 1708 3048 1762 fidem
3078 1719 3160 1763 est
3191 1709 3447 1771 imitatus,

1919 1808 1972 1853 et
1997 1800 2122 1866 quia
2155 1799 2300 1852 Isaac
2328 1799 2377 1850 in
2408 1797 2688 1850 verissima
2721 1798 2970 1851 castitate
2999 1807 3078 1852 est
3105 1807 3369 1861 sectatus,
3395 1807 3450 1852 et

1919 1887 2079 1940 lsrael
2103 1888 2154 1939 in
2181 1889 2463 1956 perspicua
2488 1887 2665 1939 cordis
2693 1886 2920 1954 puritate
2962 1888 3400 1954 appropinquavit
3427 1927 3444 1949 ,

1917 1987 1970 2030 et
1997 1976 2377 2030 Melchisedech
2401 1976 2454 2028 in
2484 1975 2708 2028 ﬁliorum
2746 1976 3128 2040 immolatione,
3169 1987 3223 2030 et
3245 1975 3446 2044 Joseph

1918 2065 1970 2117 in
2007 2065 2266 2127 castitate,
2298 2073 2351 2116 et
2391 2063 2553 2132 Moysi
2582 2064 2632 2116 in
2677 2066 3102 2128 mansuetudine,
3132 2075 3184 2117 et
3213 2064 3447 2118 Samueli

1920 2154 1972 2205 in
1995 2153 2222 2220 justitia,
2237 2162 2290 2206 et
2307 2154 2508 2206 Lazaro
2532 2153 2583 2205 in
2605 2153 3076 2221 passionejudicii.
3098 2160 3259 2222 atque
3279 2153 3448 2208 omni-

1917 2240 2016 2293 bus
2037 2243 2235 2294 sanctis
2261 2242 2311 2293 in
2344 2242 2597 2295 omnibus
2629 2242 2941 2306 virtutibus,
2970 2243 3043 2296 ita
3083 2253 3142 2296 ut
3170 2243 3338 2311 possit
3365 2243 3447 2296 di-

1917 2345 2036 2384 cere
2057 2331 2216 2384 etiam
2253 2331 2366 2399 ipse
2398 2347 2519 2385 cum
2553 2341 2740 2386 sancto
2791 2333 2956 2386 David
2990 2351 3002 2386 :
3042 2333 3304 2400 Particeps
3355 2348 3445 2401 ego

1917 2437 2028 2472 sum
2056 2422 2282 2472 omnium
2301 2422 2586 2472 timentium
2609 2430 2677 2483 te,
2705 2432 2749 2474 et
2778 2424 3172 2475 custodientium
3200 2423 3447 2474 mandata

1919 2519 2006 2573 ιιια
2034 2509 2098 2560 ⁵⁸.
2156 2511 2293 2578 Ergo
2326 2510 2450 2578 quia
2495 2513 2733 2564 omnium
2793 2522 3102 2566 sanctorum
3148 2511 3447 2565 sanctitatis

1917 2598 2182 2666 particeps
2211 2598 2432 2654 ell‘ectus
2463 2611 2544 2655 est
2570 2601 2758 2654 beatus
2800 2600 2930 2664 Job,
2970 2600 3170 2654 idcirco
3191 2600 3351 2668 digne
3379 2615 3446 2654 ex

1918 2701 2110 2756 genere
2152 2689 2355 2756 optimo
2387 2689 2554 2745 fuisse
2600 2692 2773 2745 dictus
2801 2702 2902 2754 est,
2948 2699 3131 2759 utpote
3182 2692 3341 2746 totius
3363 2690 3446 2757 ju-

1920 2776 2078 2829 stitiaa
2125 2779 2453 2832 nobilitatem
2500 2780 2552 2833 in
2589 2795 2647 2833 se
2675 2791 2924 2847 gestans,
2978 2790 3159 2848 utpote
3206 2784 3444 2835 omnium

1919 2868 2216 2920 amicorum
2250 2866 2456 2920 Domini
2490 2867 2782 2920 libertatem
2814 2869 2868 2920 in
2900 2882 2957 2922 se
2986 2870 3281 2922 continens.
3329 2867 3444 2920 Non

1919 2958 2167 3010 dicuntttr
2196 2958 2365 3010 Amon
2391 2957 2474 3010 vel
2501 2958 2734 3012 Absalon
2756 2959 2890 3012 bene
2925 2960 3031 3011 nati
3065 2977 3078 3012 :
3116 2967 3446 3026 negaverunt

1920 3049 2085 3111 enim,
2111 3056 2166 3102 et
2195 3048 2556 3104 discessrrunt
2586 3062 2739 3118 atque
2763 3049 3065 3102 cec‘derunt
3105 3063 3135 3101 a
3167 3046 3445 3101 sanctitate

1919 3149 1972 3191 et
1997 3138 2252 3206 dignitate
2284 3139 2447 3192 David
2484 3140 2648 3207 patris
2683 3139 2803 3192 sui:
2845 3147 2898 3191 et
2928 3139 3016 3190 alii
3067 3137 3338 3190 innumeri
3369 3138 3444 3190 si-

1920 3227 2116 3282 militer
2140 3238 2197 3280 ut
2244 3228 2279 3280 ii
2322 3229 2478 3296 primi
2507 3240 2560 3282 et
2591 3228 2882 3292 novissimi,
2926 3229 3013 3296 qui
3046 3241 3255 3280 omnem
3283 3226 3444 3295 justi-

1923 3316 2008 3370 tia!
2039 3317 2332 3370 libertatem
2364 3319 2669 3372 amittentes
2699 3328 2753 3371 et
2782 3319 2918 3372 servi
2967 3317 3140 3371 eﬂ‘ecti
3189 3317 3391 3385 peccati
3425 3355 3441 3376 .

1917 3407 2099 3462 aeterni
2131 3408 2374 3478 supplicii
2405 3408 2546 3476 apud
2572 3407 2772 3462 inferos
2799 3407 3214 3474 comprobantur
3235 3405 3442 3459 famuli.

1917 3495 2025 3550 Nos
2051 3511 2174 3550 vero
2215 3497 2400 3564 dignos
2424 3510 2604 3550 omnes
2630 3495 2820 3550 habeat
2843 3505 3056 3549 sanctos
3077 3495 3313 3548 omnium
3334 3495 3444 3548 Do-

1917 3586 2113 3647 minus,
2147 3595 2205 3638 ut
2245 3585 2378 3638 bene
2409 3584 2518 3638 nati
2560 3585 2614 3638 in
2644 3593 2831 3638 sancta
2884 3583 3292 3649 regeneratione
3319 3595 3444 3650 per-

1859 3682 1867 3692 ‘
1918 3688 2246 3728 severemus.
2277 3672 2545 3726 Concedat
2579 3672 2921 3725 nihilominus
2949 3671 3059 3738 ipse
3091 3670 3242 3724 nobis
3284 3669 3444 3724 cccle-

1916 3766 2012 3817 stis
2045 3765 2320 3826 Dominus,
2361 3773 2415 3815 ut
2460 3763 2516 3816 in
2548 3762 2933 3831 incorruptibili
2964 3762 3318 3830 generositate
3342 3760 3444 3814 illi-

1915 3854 2037 3906 bata
2075 3868 2522 3920 permaneamus,
2571 3869 2677 3906 non
2730 3853 2906 3906 carnis
2948 3859 3150 3904 tantum
3198 3850 3442 3903 libertate
3520 3917 3527 3925 _

1913 3942 2224 4010 gloriantes,
2260 3943 2349 3994 sed
2383 3942 2572 3994 animae
2603 3942 2869 4003 castitate,
2923 3941 3025 3992 [ide
3069 3950 3229 4007 atque
3261 3939 3441 3992 omnia

1913 4049 2088 4086 coram
2126 4033 2230 4085 Deo
2251 4040 2302 4083 et
2329 4035 2526 4086 sanctis
2578 4033 2778 4099 angelis
2827 4030 2940 4096 ejus
2973 4031 3434 4083 demonstrantes:

1913 4130 1989 4185 ut,
2012 4119 2154 4172 liberi
2179 4122 2242 4172 ab
2263 4119 2508 4173 omnibus
2533 4120 2760 4186 peceatis
2784 4128 2837 4170 et
2862 4117 3089 4181 delictis,
3117 4117 3168 4167 in
3186 4126 3439 4168 aeternam

1912 4214 2129 4283 gloriam
2183 4227 2244 4264 ac
2288 4225 2502 4278 regnum
2555 4210 2786 4262 ctelestis
2843 4206 3017 4260 Patris
3050 4205 3215 4260 nostri
3261 4207 3436 4273 regis,

1911 4318 2030 4356 cum
2067 4301 2265 4354 sanctis
2289 4301 2402 4352 sine
2440 4296 2750 4351 dillicultate
2781 4298 3126 4354 introeamus,
3157 4293 3328 4348 sancti
3353 4304 3439 4346 at-

1909 4407 2012 4460 que
2037 4390 2328 4444 intaminati
2363 4388 2454 4440 lilii
2491 4386 2628 4455 ejus,
2669 4393 3066 4454 perseverantes
3087 4384 3139 4436 in
3164 4382 3438 4450 pratceptis

1909 4481 2024 4547 ejus
2054 4493 2222 4546 usque
2268 4478 2320 4529 in
2361 4477 2539 4537 linem,
2572 4485 2624 4528 et
2649 4475 2943 4527 libertatem
2975 4472 3042 4525 ab
3068 4486 3130 4525 eo
3154 4471 3307 4524 nobis
3345 4472 3438 4523 do-

206 4555 496 4624 -Vitutem.
528 4568 672 4622 Nam
705 4567 822 4634 ipse
857 4576 1007 4632 pater
1042 4561 1172 4629 Noe,
1207 4564 1296 4630 qui
1354 4563 1466 4631 ejus
1512 4564 1812 4618 libertatem

1916 4581 2088 4624 natam
2119 4571 2277 4638 atQue
2309 4567 2639 4621 nobilitatem
2678 4563 3074 4617 immaculatam
3101 4562 3295 4632 jugiter
3337 4577 3434 4615 cu-

210 4654 403 4738 ?lqlte
428 4657 872 4730 generositatem
901 4663 1018 4707 erat
1048 4653 1389 4717 defensurus,
1421 4653 1694 4722 ipsejusto
1721 4654 1810 4707 Dei

205 4744 442 4805 Iudicio
482 4751 541 4802 in
578 4746 933 4800 maledictum
969 4751 1126 4808 atque
1163 4741 1469 4796 servitutem
1499 4756 1617 4794 eum
1650 4743 1815 4796 dona-

209 4826 328 4890 ‘il.
366 4839 493 4893 Non
526 4838 686 4892 enim
709 4842 830 4888 erat
863 4833 1052 4902 dignus
1100 4844 1158 4886 ut
1181 4833 1350 4901 patris
1378 4831 1619 4884 libertate
1650 4841 1809 4900 atque

211 4923 543 4986 nobilitate
576 4925 922 4992 fungeretur,
944 4936 1104 4988 quem
1135 4931 1194 4972 ut
1239 4919 1521 4986 ignobilem
1557 4919 1719 4986 impie
1745 4922 1807 4972 ad

213 4999 586 5068 derisionem
607 5010 887 5079 perduxit.
905 5009 1244 5076 Nequaquam
1265 5009 1568 5077 ergojuval.
1583 5023 1614 5059 0
1633 5009 1812 5072 amiCi.

197 5099 462 5159 Dan-uin
501 5101 725 5170 justitia
763 5100 988 5165 injustos
1035 5109 1195 5166 atque
1219 5099 1410 5167 impios
1442 5099 1613 5152 ﬁlios:
1643 5107 1698 5152 et
1726 5100 1809 5152 ni-

167 5167 323 5250 λιιι
349 5167 518 5249 obest
538 5192 651 5260 piis
680 5199 848 5257 atque
871 5188 1071 5242 sanctis
1101 5189 1224 5241 ﬁliis
1246 5196 1522 5256 parentum
1555 5187 1809 5254 iniustitia

191 5285 418 5351 §atque
440 5282 732 5350 impietas.
767 5280 893 5333 Sive
923 5279 1064 5334 enim
1112 5289 1310 5346 patres,
1345 5280 1460 5332 sive
1502 5279 1639 5330 inter
1675 5277 1809 5334 lilios

193 5373 380 5438 anis
410 5371 610 5424 fecerit
633 5378 934 5436 peccatum,
972 5368 1060 5420 hic
1085 5382 1271 5420 servus
1326 5377 1409 5419 est
1454 5367 1655 5434 peccati
1687 5383 1700 5418 :
1756 5377 1809 5422 et

181 5465 388 5512 ‘utn
416 5474 611 5511 servus
645 5460 718 5512 sit
761 5456 1004 5526 peccati,
1037 5456 1171 5508 liber
1203 5455 1285 5508 vel
1337 5455 1472 5508 bene
1503 5463 1656 5506 natus
1688 5469 1809 5510 esse

243 5559 379 5597 lion
409 5547 809 5612 comprobatur.
849 5545 975 5598 Item
1011 5543 1260 5596 similiter
1291 5543 1378 5611 qui
1412 5543 1548 5595 liber
1575 5551 1658 5596 est
1684 5545 1810 5611 pec-

239 5643 424 5696 cato,
448 5635 536 5687 hic
567 5635 732 5688 habet
783 5635 1063 5701 ingenuam
1092 5642 1252 5698 atque
1292 5632 1502 5700 dignam
1532 5633 1720 5686 animai
1746 5635 1811 5688 li-

360 5791 402 5818 ”
429 5789 560 5840 Psal.
595 5803 778 5853 cxvut,
808 5785 896 5837 63.

1911 4661 2219 4714 stodientes.
2262 4657 2348 4712 Sic
2392 4659 2570 4723 itaque
2600 4655 2847 4709 omnibus
2884 4652 3054 4706 modis
3097 4651 3230 4705 bene
3281 4658 3436 4702 natus

1911 4750 2097 4800 beatus
2127 4745 2223 4798 Job
2255 4759 2374 4798 esse
2402 4743 2749 4811 dignoscitur.
2775 4740 2920 4793 Beati
2961 4753 3144 4792 omnes
3171 4737 3263 4806 qui
3287 4737 3435 4788 illum

1912 4835 2112 4888 fuerint
2145 4832 2354 4884 imitati.
2395 4830 2538 4883 Beati
2590 4843 2774 4882 omnes
2807 4829 2894 4897 qui
2921 4827 3036 4892 ejus
3064 4827 3239 4879 divina
3272 4823 3435 4877 vesti-

1912 4926 1993 4990 gia
2024 4922 2222 4975 fuerint
2252 4921 2439 4975 secuti.
2469 4917 2698 4972 lli‘enim
2731 4931 2913 4970 omnes
2937 4915 3092 4969 simul
3115 4925 3172 4968 ut
3195 4913 3282 4966 ille
3314 4912 3430 4980 glo—
3478 4980 3486 4990 ι

1911 5014 1987 5066 ria
2019 5011 2155 5078 apud
2183 5010 2342 5063 Deum
2374 5009 2513 5077 digni
2548 5007 2898 5060 habebuntur.
2938 5004 3040 5058 Sed
3075 5003 3246 5056 adhuc
3284 5001 3387 5054 fuit
3415 5037 3433 5064 ,

1911 5100 2104 5168 inquit,
2135 5100 2222 5152 hic
2246 5101 2404 5152 homo
2431 5099 2496 5151 de
2524 5111 2716 5164 genere
2741 5096 2960 5164 optimo.
2993 5095 3056 5148 Et
3108 5107 3211 5145 non
3261 5090 3434 5142 solum

1909 5190 2132 5259 optimo,
2157 5189 2249 5242 sed
2280 5202 2345 5239 ex
2381 5186 2622 5256 partibus
2669 5183 2919 5237 Orientis.
2977 5181 3124 5236 Unde
3169 5179 3324 5246 igitur
3353 5186 3437 5230 est

1909 5277 2188 5332 delectatio
2213 5275 2463 5328 luminis?
2482 5272 2633 5327 Unde
2653 5273 2815 5326 etiam
2839 5270 2970 5322 radii
2993 5263 3438 5334 pulchritudinis?

1911 5367 2060 5421 Unde
2087 5374 2235 5419 ortus
2281 5363 2558 5418 sanitatis?
2613 5361 2685 5414 Ex
2729 5359 2966 5428 partibus
3002 5353 3252 5408 Orientis.
3285 5349 3441 5401 Unde

1911 5466 1991 5511 est
2021 5457 2294 5509 hominum
2346 5451 2593 5507 initium?
2625 5449 2776 5504 Unde
2820 5447 3031 5500 fuerunt
3062 5438 3239 5495 mundi
3287 5436 3444 5499 prio-

1895 5545 2040 5598 'res?
2091 5543 2187 5598 Ubi
2226 5552 2307 5598 est
2356 5540 2635 5612 paradisus
2683 5530 3072 5606 jucunditatis?
3118 5521 3395 5616 Plantauit
3431 5558 3447 5580 ι

1915 5633 2106 5704 inquit,
2139 5634 2436 5704 paradisum
2468 5628 2736 5699 voluptatis
2764 5629 2817 5679 in
2846 5623 3010 5683 Eden,
3030 5624 3206 5669 contra
3255 5620 3454 5658 orien-
