3916 6438
446 370 548 425 595

1532 340 1896 397 ANOanus
1932 337 1997 392 IN
2036 337 2171 391 JOB.
2213 367 2277 375 ρ
2311 325 2436 388 Lm.
2476 333 2520 385 ι.
2978 360 2991 393 ,

3057 240 3075 287 1

3656 313 3748 369 396

448 490 529 541 vel
561 480 981 539 conventionem,
1014 469 1281 539 primitias
1330 464 1743 519 resurrectionis
1771 469 1970 514 nostrae
1997 463 2042 517 A
2074 457 2233 510 rendo
2260 466 2423 524 atque
2456 449 2683 511 hostias,
2717 456 2907 500 nonne
2945 436 3144 494 multo
3175 425 3765 541 magiskgecundum

447 578 554 630 Deo
576 570 912 627 exhibeamus
937 564 989 617 in
1032 560 1256 614 sinceris
1279 555 1611 612 orationibus
1647 564 1808 621 atque
1839 565 1963 620 pre-

447 668 614 723 cibus,
645 661 697 712 in
742 654 1016 710 matutinis
1065 647 1528 718 deprecationibus
1571 654 1729 713 atque
1774 642 1968 707 gratia-

448 769 561 809 rum
591 748 912 803 actionibus.
967 742 1118 796 Hanc
1160 740 1341 807 itaque
1371 736 1587 806 pietatis
1619 748 1681 786 ac.
1710 730 1969 799 religiosi-

447 841 568 893 tatis
594 837 817 890 formam
842 833 993 887 nobis
1020 827 1266 885 omnibus
1296 827 1669 880 demonstrans
1698 820 1816 884 Job,
1844 819 1974 873 Sur-

441 931 585 997 gebat
615 942 782 988 mane,
816 932 863 978 et
888 921 1172 997 mundabat
1186 936 1290 980 eos,
1308 919 1522 985 oﬂ'erens
1538 930 1631 982 pro
1658 913 1730 966 eis
1752 911 1972 963 hostiam

441 1018 724 1073 secundum
761 992 1031 1067 numerum
1082 1011 1290 1064 illorum
1322 1009 1413 1060 δ”.
1444 1005 1622 1059 Primo
1660 1000 1971 1065 mundabat,

442 1108 776 1176 puriﬁcabat,
805 1101 1193 1166 sanctiﬁcabat,
1224 1110 1279 1154 et
1326 1100 1401 1153 ita
1433 1098 1638 1151 demum
1664 1108 1759 1163 pro
1786 1092 1863 1146 eis
1887 1090 1978 1144 ho-

443 1201 601 1253 Stiam
639 1195 916 1257 oil‘erebat,
932 1189 1214 1245 utcunctis
1235 1190 1287 1242 in
1306 1196 1618 1257 perpetuum
1647 1181 1975 1239 ostenderet,

444 1291 568 1358 quia
608 1287 852 1348 mundos,
902 1292 1078 1336 castos
1119 1289 1277 1348 atque
1322 1284 1538 1330 sanctos
1579 1272 1870 1326 condecent
1895 1281 1979 1319 sa-

446 1377 673 1440 criﬁcia,
716 1388 775 1428 ut
808 1382 992 1428 sancte
1047 1380 1206 1439 atque
1233 1370 1387 1435 digne
1440 1362 1711 1419 immolata
1742 1399 1759 1425 ,
1798 1366 1979 1413 sancte

450 1478 611 1535 atque
655 1465 811 1533 digne
843 1479 871 1516 a
915 1461 1114 1515 sanctis
1141 1458 1490 1527 accipiantur.
1525 1455 1615 1508 Sic
1649 1464 1876 1518 namque
1923 1455 1979 1500 et

448 1557 731 1628 Apostolus
759 1565 877 1624 post
904 1555 1017 1607 haec
1044 1551 1170 1606 dicit
1201 1568 1214 1603 :
1265 1548 1454 1601 Probet
1477 1546 1697 1613 seipsum
1722 1543 1874 1628 homo
1910 1538 1976 1601 ⁵⁸,

453 1625 556 1701 hoc
582 1656 665 1699 est
688 1643 905 1698 mundet
933 1639 1293 1705 semetipsum,
1328 1645 1381 1690 et
1403 1636 1477 1687 ita
1523 1634 1587 1687 de
1631 1625 1982 1685 sanctissimis

457 1733 663 1788 Domini
690 1730 965 1786 sacriﬁciis
988 1727 1213 1780 fruatur.
1239 1725 1330 1778 Sic
1354 1732 1407 1777 et
1430 1721 1530 1776 Job
1552 1719 1755 1790 pridem
1779 1716 1984 1770 faciens

2073 562 2349 602 numerum
2371 558 2578 604 eorum,
2604 548 2658 593 et
2684 535 3007 593 secundum
3040 534 3366 597 personas
3387 516 3459 573 Ῑι
3478 528 3659 585 ostias
3682 529 3777 584 im-

2074 642 2281 697 molabo
2317 641 2341 694 Ἰ
2384 640 2492 693 Cur
2537 645 2719 689 autem
2770 643 2948 684 unum
3007 620 3282 677 vitulum
3328 626 3522 685 pr‘,
3549 626 3789 685 omnibus

2074 730 2389 787 sacriﬁcas?
2425 728 2532 782 Cur
2558 737 2723 777 unum
2747 718 2992 773 vitulum
3032 702 3549 780 communitﬁr
3572 738 3669 795 pro
3688 737 3795 780 om-

2077 823 2231 875 nibus
2264 818 2546 874 animabus
2583 812 2800 882 iugulas
2841 810 2865 862 ?
2925 804 3018 861 Ob
3075 804 3223 861 hoc,
3291 796 3410 882 imi
3440 818 3593 882 ειη,
3646 830 3796 869 unum

2078 911 2296 964 vitulum
2325 903 2682 962 communiter
2707 914 2808 968 pro
2840 894 3109 951 omnium
3143 880 3554 961 animal\"s
3577 880 3779 965 'macw.

2080 1011 2134 1053 ut
2161 996 2592 1053 communionem
2620 999 2783 1058 atque
2820 982 3245 1042 concordiam,
3287 981 3781 1048 υητκηίίηπθιθιη

2080 1100 2239 1158 atque
2281 1097 2605 1140 consensum
2658 1087 2891 1135 cunctos
2943 1074 3082 1129 illos
3137 1070 3444 1136 doceant
3503 1086 3570 1125 ιιι
3618 1086 3740 1122 cum

2081 1194 2220 1233 unus
2246 1176 2443 1231 vitulus
2478 1188 2576 1242 pro
2600 1171 2856 1225 omnibus
2880 1164 3229 1234 iugulatur,
3264 1158 3571 1210 unanimes
3603 1166 3729 1208 esse

2082 1268 2310 1322 invicem
2352 1258 2538 1319 omnes
2579 1261 2924 1329 iudicentur.
2962 1253 3188 1307 Merito
3241 1262 3380 1318 ergo
3444 1260 3554 1316 pro
3606 1258 3728 1297 om-

2084 1360 2231 1411 nium
2277 1353 2557 1409 animabus
2607 1363 2773 1404 unum
2829 1343 3075 1400 vitulum
3137 1337 3551 1394 communiter
3610 1350 3735 1388 ma-

2084 1444 2245 1499 ctavi.
2284 1441 2389 1496 Sed
2418 1442 2619 1501 adhuc,
2640 1437 2786 1506 quod
2814 1442 2904 1488 est
2937 1434 3160 1486 horum
3201 1426 3561 1488 maximum,
3595 1425 3739 1478 vitu-

2085 1535 2215 1598 lum,
2251 1533 2446 1601 inquit,
2484 1544 2645 1583 unum
2673 1543 2771 1595 pro
2817 1522 3065 1591 peccatis
3100 1519 3446 1571 animarum
3488 1514 3744 1570 illorum.

2090 1625 2199 1687 Dic,
2227 1639 2259 1678 ο
2287 1625 2442 1677 beate
2472 1620 2593 1684 Job,
2640 1619 2764 1687 quis
2801 1625 2857 1669 te
2884 1611 3094 1668 docuit
3160 1607 3426 1663 vitulum
3489 1616 3751 1659 mactare

2089 1729 2186 1783 pro
2217 1713 2516 1766 animat-um
2550 1708 2791 1777 peccatis
2833 1723 2849 1760 :
2906 1703 3042 1773 quis
3080 1701 3297 1754 docuit
3343 1700 3428 1750 ita
3471 1696 3549 1750 de
3592 1696 3755 1765 longe

454 1827 682 1893 primum
704 1820 989 1875 mundabat
1011 1833 1121 1880 eos,
1141 1816 1278 1870 etita
1302 1815 1511 1868 demum
1536 1787 1635 1880 pro
1658 1810 1737 1865 eis
1757 1807 1983 1862 hostiam
2017 1788 2057 1844 Β
2089 1807 2311 1873 ﬁguram
2341 1799 2637 1867 adimplere
2670 1798 2893 1851 illorum
2928 1808 3065 1862 quae
3117 1788 3506 1861 perﬁcienda
3537 1796 3677 1840 sunt
3705 1787 3758 1839 in

456 1913 710 1968 utierebat
734 1910 1024 1965 secundum
1042 1919 1319 1977 numerum
1337 1917 1540 1966 eorum,
1555 1898 1845 1956 secundum
1869 1909 1989 1965 per-

457 2018 616 2058 sonas
647 2015 854 2056 eorum.
904 1998 1084 2065 Quare
1129 1994 1419 2048 secundum
1462 2003 1740 2045 numerum
1764 1986 1989 2040 eorum?

459 2089 680 2156 Propter
726 2086 946 2139 nimiam
989 2082 1349 2137 sinceritatem
1391 2093 1549 2147 quam
1592 2075 1826 2130 habebat
1849 2074 1988 2127 circa

463 2180 598 2245 illos,
622 2187 783 2246 atque
831 2176 1072 2229 devotam
1114 2170 1550 2226 castiﬁeatiouem
1578 2180 1738 2234 quam
1762 2164 1992 2218 habebat

461 2271 602 2326 circa
618 2267 754 2321 illos.
772 2264 977 2334 Singuli
991 2262 1278 2329 itidemque
1290 2274 1320 2315 a
1338 2255 1619 2312 Deocreati
1635 2263 1782 2320 sunt,
1800 2253 1992 2322 sigilla-

466 2361 557 2413 tim
575 2373 641 2412 ex
658 2366 808 2410 utero
831 2352 1019 2407 matris
1041 2351 1305 2413 exierunt,
1331 2346 1604 2416 sigillatim
1620 2344 1835 2399 totidem
1856 2344 1992 2398 idem

466 2451 518 2504 in
556 2445 962 2509 resurrectione,
987 2441 1214 2511 atquein
1236 2434 1775 2507 inquisitionejudicii
1809 2447 1995 2488 exsur-

464 2548 609 2609 gent.
627 2538 706 2594 0b
735 2538 856 2602 hoc,
875 2534 1065 2603 inquit,
1094 2546 1221 2602 ergo
1243 2545 1340 2601 pro
1368 2529 1587 2598 singulis
1614 2542 1795 2583 eorum
1816 2541 1998 2582 secun-

467 2633 590 2683 dum
615 2642 889 2682 numerum
908 2625 1112 2678 illorum
1135 2621 1364 2677 hostiam
1386 2618 1568 2683 oﬂero,
1591 2626 1649 2671 ut
1678 2626 1731 2671 et
1759 2617 1855 2685 ipsi
1884 2617 1997 2670 haec

467 2721 733 2781 videntes,
784 2716 967 2771 eadem
1017 2729 1115 2783 pro
1160 2711 1459 2780 semetipsis
1502 2709 1765 2779 perﬁcere
1809 2722 1999 2778 prope-

470 2820 610 2876 rent,
645 2811 748 2865 hoc
780 2808 1034 2871 scientes,
1078 2805 1202 2872 quia
1234 2802 1604 2871 unusquisque
1642 2800 1879 2855 omnium
1906 2801 2001 2853 ho-

470 2901 669 2954 minum
700 2913 799 2969 pro
826 2896 1117 2965 semetipso
1142 2893 1288 2949 solus
1326 2895 1378 2946 in
1405 2892 1601 2960 iudicio
1648 2898 1918 2959 resurget,
1948 2898 2003 2943 et

473 2987 616 3043 solus
643 2988 711 3042 ad
735 2984 1139 3055 inquisitionem
1173 2980 1370 3045 veniet,
1409 2987 1465 3032 et
1496 2978 1641 3032 solus
1679 2991 1777 3046 pro
1802 2991 1861 3030 se
1886 2974 2002 3029 solo

2086 1895 2381 1949 novissimo
2414 1889 2702 1959 tempore?
2732 1888 3009 1956 Spiritus,
3044 1883 3276 1952 inquit,
3316 1889 3586 1937 sanctus
3620 1877 3761 1931 mihi

2088 1984 2366 2048 revelavit,
2399 1983 2634 2051 Spiritus
2668 1990 2897 2035 sanctus
2947 1992 3045 2031 me
3099 1974 3337 2038 docuit,
3402 1983 3479 2026 ut
3512 1970 3766 2025 vitulum

2089 2091 2184 2146 pro
2234 2074 2516 2129 animabus
2563 2070 2795 2125 oil'eram
2832 2069 2886 2122 in
2921 2068 3181 2137 ﬁguram
3244 2065 3418 2119 illius
3470 2061 3656 2115 vituli
3699 2060 3770 2114 de

2089 2183 2192 2237 quo
2220 2168 2420 2220 dictum
2440 2173 2524 2218 est
2551 2182 2564 2216 :
2598 2161 2716 2216 Cito
2739 2160 2993 2213 adducite
3020 2157 3283 2212 uitulum
3311 2156 3677 2225 saginatum
3700 2153 3773 2215 '*,

2091 2269 2143 2313 et
2175 2255 2475 2311 utvitulum
2522 2267 2620 2322 pro
2666 2249 2913 2320 peccatis
2954 2247 3234 2315 iugulem
3274 2247 3333 2300 in
3406 2254 3568 2315 typo
3623 2243 3777 2297 illius

2093 2349 2157 2401 de
2188 2361 2292 2415 quo
2321 2345 2522 2398 dictum
2558 2350 2642 2395 est
2674 2359 2687 2393 :
2720 2339 2858 2392 Ecce
2891 2338 3096 2407 Agnus
3141 2338 3276 2403 Dei,
3306 2353 3457 2391 ecce
3498 2337 3607 2406 qui
3633 2334 3779 2388 tollit

2093 2446 2299 2505 peccata
2326 2435 2503 2499 mundi
2530 2432 2596 2486 “.
2630 2432 2771 2500 Ipse,
2813 2430 3029 2498 inquit,
3064 2428 3346 2499 Spiritus
3387 2436 3661 2482 sanctus
3694 2441 3783 2479 me

2096 2526 2278 2579 docuit
2304 2524 2528 2578 vitulum
2575 2536 2673 2589 pro
2701 2522 2951 2588 peccatis
2984 2519 3344 2571 animarum
3391 2516 3657 2579 offerre,
3700 2525 3785 2569 at-

2096 2629 2199 2683 que
2248 2614 2315 2668 de
2360 2612 2521 2680 longe
2547 2610 2776 2678 ﬁguram
2808 2606 3056 2676 implere
3099 2607 3291 2669 illius,
3334 2608 3453 2677 qui
3499 2618 3786 2674 tanquam

2098 2704 2293 2760 vitulus
2321 2705 2610 2773 saginatus
2646 2715 2745 2770 pro
2779 2700 2994 2753 mundo
3030 2700 3420 2754 mactandus
3453 2709 3557 2753 est
3588 2701 3646 2752 in
3680 2712 3785 2751 no-

2100 2798 2319 2851 vissimo
2345 2803 2606 2863 tempore,
2653 2792 2743 2860 qui
2785 2800 3067 2859 tanquam
3104 2806 3305 2859 agnus
3340 2789 3787 2845 immaculatus

2101 2904 2196 2958 pro
2250 2886 2461 2941 mundis
2510 2884 2614 2938 erit
2665 2881 3068 2937 immoiandus.
3134 2881 3252 2948 Qui
3317 2884 3504 2935 enim
3590 2884 3788 2936 docuit

2101 2977 2291 3033 Isaiam
2321 2974 2499 3028 dicere
2526 2968 2705 3025 :Sicut
2730 2971 2839 3023 ovis
2870 2972 2943 3022 ad
2977 2971 3284 3024 victimam
3327 2972 3564 3026 ductus
3594 2981 3704 3035 est,
3738 2979 3790 3024 e:

474 3093 785 3149 responsum
826 3078 880 3132 in
928 3074 1235 3129 visitatione
1298 3072 1599 3125 animarum
1668 3068 1836 3122 dabit.
1888 3064 2000 3119 Non
2028 3095 2075 3156 ο
2103 3066 2242 3119 sicut
2278 3078 2446 3132 agnus
2476 3075 2651 3112 coram
2676 3058 2930 3111 tondente
2963 3074 3025 3112 se
3052 3060 3183 3113 sine
3217 3074 3406 3126 voce,
3445 3070 3507 3114 et
3556 3070 3787 3130 peccata

475 3170 617 3225 enim
647 3165 894 3223 liberabit
923 3164 1090 3217 frater
1112 3160 1357 3223 fratrem,
1389 3171 1560 3225 neque
1591 3155 1839 3210 defendet
1863 3153 2001 3207 ullus

475 3259 636 3312 alium
667 3258 720 3311 in
750 3253 969 3323 iudicio.
994 3251 1183 3305 Merito
1216 3263 1344 3318 ergo
1380 3247 1670 3305 secundum
1724 3259 2000 3299 numerum

475 3362 661 3404 eorum
687 3343 942 3399 oﬂerebat
966 3356 1064 3410 pro
1086 3341 1164 3395 eis
1184 3340 1410 3403 hostias,
1435 3338 1561 3392 item
1589 3335 1810 3389 vitulum
1840 3350 2004 3389 unum

478 3451 576 3503 pro
600 3432 835 3505 peccatis
861 3432 1161 3486 animarum
1202 3429 1435 3484 illorum.
1459 3428 1590 3493 Quis
1610 3435 1784 3480 autem
1814 3423 2006 3478 oﬂere-

478 3526 571 3580 bat
599 3524 812 3579 easdem
837 3520 1042 3575 hostias
1066 3520 1089 3573 ἲ
1110 3519 1325 3574 Certum
1353 3528 1437 3572 est
1466 3516 1605 3585 quod
1634 3516 1752 3583 ipse
1793 3514 1913 3570 Job.
1948 3516 2004 3569 Si

481 3615 620 3668 enim
654 3622 772 3682 post
808 3612 910 3666 hoc
944 3625 1039 3678 pro
1068 3609 1254 3663 amicis
1289 3607 1402 3662 suis
1444 3608 1558 3674 ipse
1588 3605 1772 3673 jussus
1813 3615 1895 3659 est
1926 3604 2007 3659 of-

483 3707 643 3767 t‘crre,
671 3713 829 3770 atque
858 3700 1064 3755 hoStias
1090 3697 1389 3761 immolare,
1423 3695 1591 3751 multo
1618 3694 1786 3765 magis
1817 3708 1913 3763 pro
1940 3694 2008 3747 ﬁ-

484 3796 569 3849 liis
595 3793 706 3848 suis
756 3793 867 3860 ipse
902 3788 1157 3844 oﬁ‘ercbat
1186 3788 1450 3853 sinceras,
1478 3796 1639 3855 atque
1685 3785 1818 3840 adeo
1859 3799 2011 3841 acce-

485 3883 706 3954 ptabiles
753 3881 975 3937 hostias.
1009 3880 1174 3933 Erant
1208 3877 1552 3931 nihilominus
1599 3875 1758 3930 etiam
1785 3890 1845 3930 ea
1876 3884 2010 3930 tem-

485 3977 689 4038 pestate
742 3966 1045 4022 sacerdotes
1092 3966 1314 4020 necdum
1343 3965 1519 4019 adhuc
1555 3978 1583 4017 a
1624 3963 1739 4032 lege
1759 3963 2010 4029 ordinati,

484 4060 577 4114 sed
591 4057 818 4113 naturali
842 4057 1103 4126 sapientia
1124 4058 1225 4111 hoc
1258 4055 1569 4125 requirente
1593 4068 1657 4108 ac
1682 4054 2010 4123 perﬁciente.

485 4153 563 4205 Ita
591 4150 887 4206 sacerdotio
920 4148 1133 4203 iunctus
1159 4156 1241 4202 est
1270 4146 1400 4201 Noe.
1436 4146 1512 4200 lta
1556 4144 1856 4200 sacerdotio
1891 4144 2016 4198 fun-

488 4252 604 4296 ctus
631 4249 713 4295 est
741 4240 1033 4294 Abraham.
1081 4238 1159 4293 lta
1190 4236 1548 4293 sacerdotium
1588 4236 1755 4304 gessit
1796 4234 2015 4289 Melchi-

491 4334 707 4391 sedech.
741 4334 816 4388 lta
842 4343 895 4388 et
923 4334 1034 4401 ipse
1057 4328 1155 4385 Job
1184 4338 1304 4400 post
1327 4327 1447 4382 illos
1469 4327 1771 4382 sacerdotio
1792 4324 2014 4382 functus

2104 3162 2281 3208 nostra
2324 3153 2435 3220 ipse
2475 3147 2725 3214 portavit,
2772 3158 2819 3199 et
2863 3157 3103 3215 propter
3149 3148 3515 3217 impietate:
3566 3158 3789 3202 nostra:

2103 3246 2351 3298 deductus
2394 3238 2570 3294 estad
2604 3248 2820 3291 mortem
2866 3236 2960 3301 ⁶¹;
3021 3237 3130 3306 qui
3186 3239 3419 3294 docuit
3464 3238 3789 3294 Jercmiam

2104 3334 2336 3388 dicere:
2393 3330 2505 3398 Ego
2554 3338 2725 3380 autem
2776 3336 3050 3395 tanquam
3107 3345 3308 3398 agnus
3369 3333 3788 3383 immaculata:

2106 3424 2289 3475 ductus
2328 3424 2395 3473 ad
2427 3417 2809 3472 immolandum
2855 3416 2927 3480 ",
2982 3418 3237 3488 aliaque
3294 3421 3648 3476 innumera
3705 3420 3787 3473 his

2106 3508 2299 3563 similia
2327 3526 2340 3561 :
2376 3506 2463 3576 qui
2496 3519 2625 3574 ergo
2656 3517 2853 3557 omnes
2882 3503 3016 3559 illos
3050 3506 3267 3561 docuit
3307 3510 3547 3566 dicere
3568 3519 3631 3564 et
3660 3523 3786 3579 pro-

2107 3598 2329 3668 phetare
2372 3599 2436 3651 de
2479 3611 2566 3658 eo,
2610 3594 2697 3662 qui
2747 3602 2869 3646 erat
2900 3605 3235 3662 venturus,
3267 3589 3447 3654 idem
3504 3600 3659 3669 ipse,
3707 3602 3785 3653 in-

2108 3691 2243 3760 quit,
2268 3689 2429 3743 etiam
2460 3702 2544 3743 me
2578 3685 2926 3749 illuminavit,
2963 3696 3031 3739 ut
3067 3690 3337 3745 vitulum
3381 3708 3503 3762 pro
3537 3692 3782 3762 peccatis

2108 3780 2379 3843 oﬁ‘errem,
2414 3788 2468 3833 et
2499 3788 2681 3849 typum
2731 3776 2901 3831 futuri
2956 3777 3373 3851 vituliatque
3429 3784 3575 3855 agni
3608 3783 3782 3836 adim-

2110 3870 2332 3938 plerem.
2378 3868 2569 3923 Merito
2608 3882 2735 3936 ergo
2787 3865 3036 3920 vitulum
3075 3884 3271 3924 unum
3341 3887 3467 3941 pro
3528 3870 3779 3942 peccatis

2110 3960 2407 4013 animarum
2442 3959 2652 4012 illorum
2693 3955 2912 4020 obtulit,
2950 3966 3011 4010 ut
3065 3958 3178 4013 illa
3238 3977 3413 4016 nunc
3461 3962 3769 4031 perﬁceret

2110 4061 2164 4104 et
2190 4052 2366 4104 futura
2397 4051 2722 4104 ostenderet.
2775 4048 2883 4102 Sed
2916 4057 2976 4102 et
3006 4049 3221 4106 adhuc
3263 4063 3608 4122 propterea
3634 4052 3775 4105 vitu-

2114 4141 2219 4193 lum
2250 4139 2396 4192 illum
2428 4152 2608 4192 coram
2652 4136 2778 4190 ﬁliis
2824 4138 2945 4192 suis
2982 4153 3103 4206 pro
3174 4145 3466 4213 peccatis
3503 4142 3782 4214 iugulavit

2117 4241 2173 4287 ut
2202 4231 2441 4285 videntes
2471 4230 2572 4297 ipsi
2606 4228 2698 4281 ﬁlii
2752 4230 2899 4297 quod
2951 4246 3063 4297 pro
3113 4235 3355 4289 alienis
3392 4239 3666 4307 peccatis
3694 4235 3778 4287 ille

2118 4318 2595 4388 vitulusjugulatus
2626 4328 2956 4382 moreretur,
2995 4330 3371 4380 metuentes
3408 4342 3485 4381 ac
3518 4337 3781 4396 paventes

493 4440 594 4482 est.
647 4427 751 4480 Sed
799 4423 1008 4479 interim
1045 4422 1207 4491 (sicut
1235 4418 1490 4488 diximus)
1520 4427 1678 4472 erant
1719 4418 1881 4472 etiam
1925 4434 2015 4472 sa-
2048 4415 2091 4468 D
2123 4413 2188 4466 ab
2212 4410 2458 4465 onmibus
2485 4406 2720 4475 peccatis
2757 4419 2884 4473 quae
2934 4407 3199 4466 animas
3246 4414 3568 4482 perimunt
3618 4410 3779 4466 decli-

495 4518 733 4572 cerdotes
761 4529 854 4584 per
876 4515 997 4567 loca
1026 4512 1114 4579 qui
1144 4525 1239 4578 pro
1265 4508 1624 4578 indigeutibus
1654 4508 1854 4562 hostias
1886 4507 2017 4562 οπε-

497 4607 684 4662 rebant
727 4604 945 4658 Domino
987 4615 1081 4669 per
1110 4601 1319 4654 diversa
1354 4606 1620 4667 tempora.
1657 4596 1806 4662 Quod
1840 4606 2015 4652 autem

498 4696 695 4751 fuerint
730 4706 826 4761 pro
853 4698 997 4745 certo
1026 4690 1120 4743 illo
1152 4698 1388 4757 tempore
1416 4686 1747 4750 sacerdotes,
1783 4687 2020 4741 ostendit

496 4788 613 4855 ipse
638 4780 737 4836 Job
765 4781 943 4835 dicens
962 4794 981 4831 τ
1010 4778 1111 4843 Qui
1143 4779 1299 4832 mittit
1338 4779 1628 4832 sacerdotes
1669 4776 1891 4846 captivos
1925 4777 2016 4833 "2

495 4876 621 4931 Sive
643 4886 770 4942 ergo
788 4870 1061 4924 memorati
1090 4869 1415 4933 sacerdotes,
1438 4868 1550 4923 sive
1574 4869 1685 4937 ipse
1714 4880 1806 4935 per
1826 4874 2021 4922 semet-

496 4969 670 5037 ipsum
695 4961 795 5018 Job
824 4959 1078 5015 oﬂ'erebat
1105 4959 1311 5016 hostias
1336 4973 1434 5029 pro
1478 4958 1583 5013 illis
1613 4958 1903 5014 secundum
1930 4972 2023 5011 nu-

500 5068 706 5112 merum
752 5051 984 5107 illorum.
1016 5049 1071 5104 Si
1100 5049 1485 5115 haereditatem,
1525 5049 1719 5119 inquit,
1748 5048 1856 5105 illis
1902 5049 2017 5105 dis-

501 5148 812 5209 tribuerem,
842 5143 887 5197 si
914 5141 1049 5195 dona
1096 5141 1201 5196 illis
1248 5140 1483 5210 ingentia
1515 5140 1793 5205 donarem,
1842 5154 2024 5195 nonne

499 5234 787 5294 secundum
816 5244 1092 5285 numerum
1120 5228 1325 5283 illorum
1356 5227 1645 5283 dividerem
1666 5229 1690 5282 τ
1714 5226 1904 5282 Nonne
1938 5241 2025 5282 se-

499 5327 730 5384 cundum
758 5334 1012 5392 personas
1061 5334 1247 5375 eorum
1297 5319 1519 5375 darem?
1549 5317 1698 5372 Nunc
1725 5332 1853 5373 vero
1902 5331 2023 5372 cum

499 5414 813 5487 spiritalem,
843 5409 1031 5479 inquit,
1063 5408 1166 5464 illis
1203 5408 1565 5464 hereditatem
1596 5408 1829 5462 dividam
1866 5417 2027 5473 atque

501 5508 680 5561 divina
726 5503 828 5558 illis
870 5501 1007 5555 dona
1056 5500 1272 5573 largiar,
1316 5497 1581 5559 sacriﬁcia
1624 5513 1721 5567 pro
1754 5496 1859 5550 illis
1900 5493 2030 5550 οσο-

571 5625 635 5656 "'
657 5622 756 5678 Job
790 5636 828 5683 I,
862 5621 911 5676 5.
988 5620 1073 5674 ⁵⁸1
1105 5624 1226 5679 Cor.
1260 5637 1333 5687 XI,
1363 5619 1452 5677 28.
1524 5620 1590 5653 “°
1618 5617 1715 5675 Job
1744 5633 1838 5687 xu,
1875 5617 1956 5673 i9.
2032 5615 2075 5649 δ’
2103 5614 2117 5671 l

1438 5656 1452 5675 .
1524 5620 1590 5653 “°
1618 5617 1715 5675 Job
1744 5633 1838 5687 xu,
1875 5617 1956 5673 i9.
2032 5615 2075 5649 δ’
2103 5614 2235 5671 Luc.
2263 5627 2353 5679 XV.
2378 5610 2471 5667 2'5-
2548 5613 2592 5644 ⁶⁰
2626 5610 2781 5669 503m
2815 5630 2857 5683 ι,
2883 5615 2984 5673 ἓξ).

498 5694 547 5724 ⁸³
571 5692 762 5748 Jcreut.
805 5707 880 5757 x1,
913 5691 996 5745 19.
1072 5693 1114 5725 ⁸³
1139 5694 1236 5752 Job
1262 5706 1300 5757 ι,
1334 5692 1387 5747 b.

2122 4510 2309 4555 narent
2345 4506 2398 4550 et
2435 4496 2715 4550 universas
2764 4492 2986 4550 animas
3054 4498 3547 4567 interﬁcerent,
3586 4503 3641 4556 id
3690 4507 3785 4558 est,

2117 4590 2410 4660 juventutis
2443 4586 2777 4656 ignorantias
2824 4600 2853 4639 a
2899 4600 2961 4640 se
3014 4593 3532 4648 mortiﬁcarent.
3571 4592 3658 4648 0b
3692 4591 3786 4644 hoc

2119 4697 2246 4753 ergo
2276 4679 2496 4734 vitulum
2527 4692 2689 4730 unum
2728 4680 2780 4730 in
2814 4678 3052 4746 ﬁguram
3110 4689 3331 4741 unius
3384 4684 3701 4739 memorati
3733 4680 3794 4735 il—

2121 4776 2224 4828 lius
2256 4771 2404 4825 vituli
2434 4768 2688 4822 mactavit
2717 4782 2817 4833 pro
2846 4771 3112 4837 peccatis
3160 4776 3545 4831 animarum
3587 4788 3790 4830 eorum.

2123 4863 2247 4918 Haec
2287 4860 2540 4914 nimirum
2586 4857 2839 4909 universa
2880 4856 3018 4911 fecit
3072 4861 3344 4922 beatus
3370 4864 3494 4920 Job
3525 4866 3798 4935 sapienter

2124 4952 2469 5011 considerans
2520 4954 2816 5013 sancteque
2863 4948 3173 5018 cogitans.
3259 4953 3536 5011 Dicebat
3561 4955 3711 5009 enim
3750 4953 3799 5004 in

2124 5041 2408 5109 semetipso
2456 5034 2555 5090 10b
2605 5033 2735 5089 :Ne
2788 5033 2927 5103 ίθτίε
2986 5038 3100 5105 ﬁlii
3194 5045 3349 5099 mei
3403 5046 3549 5099 mali
3607 5040 3800 5112 aliquid

2125 5138 2178 5188 in
2201 5132 2350 5186 corde
2375 5144 2468 5183 suo
2497 5126 2841 5195 cogitaverim
2887 5128 3171 5188 adversus
3213 5135 3442 5191 Deum
3500 5138 3570 5193 ⁸³.
3614 5135 3660 5191 Ο
3694 5134 3800 5188 sino

2128 5224 2323 5280 ceritas
2350 5218 2541 5289 patris,
2566 5230 2599 5269 ο
2628 5215 2851 5271 dilectio
2897 5223 3196 5291 parentis,
3248 5241 3291 5281 ο
3320 5229 3596 5282 studium
3627 5223 3778 5295 θεαί.

2130 5310 2288 5364 toris!
2314 5305 2431 5362 Non
2465 5306 2608 5362 enim
2636 5314 2847 5360 tantum
2884 5324 2991 5379 pro
3010 5325 3261 5383 corpore
3298 5319 3607 5375 somcims
3628 5323 3759 5376 erat,

2128 5400 2219 5455 sed
2249 5398 2364 5468 plus
2399 5399 2465 5453 de
2503 5396 2684 5451 anima
2721 5398 3035 5466 cogitabat.
3068 5402 3153 5459 Ne
3181 5407 3375 5475 forte,
3419 5412 3633 5479 inquit,
3668 5403 3759 5459 ﬁlii

2131 5490 2235 5544 mei
2265 5489 2355 5558 qui
2386 5489 2442 5542 in
2470 5487 2753 5556 disciplina
2779 5493 2984 5549 nutriti
3020 5507 3173 5562 sunt,
3206 5499 3318 5565 qui
3355 5500 3421 5554 in
3453 5498 3759 5557 eruditione

3071 5624 3116 5655 *ί
3150 5622 3261 5677 lsa.
3295 5636 3434 5689 Lttt,
3466 5625 3500 5677 '7
3534 5634 3591 5679 et
3614 5633 3763 5693 seqq.
