3916 6462
205 413 265 466 η

85 519 150 574 ’Ν

1363 469 1740 528 ANONYMUS
1775 472 1839 528 lN
1875 473 2008 529 JOB.
2049 504 2110 512 —
2154 467 2280 529 ΠΒ.
2321 475 2360 534 Ι.

3335 495 3436 550 398

111 571 464 697 πβῖὲῗῗξι.
515 583 632 685 qui
695 588 763 646 in
824 595 938 656 Del
1003 607 1202 663 timore
1245 612 1524 667 exercitati
1561 623 1708 679 sunt,
1743 631 1810 668 ne
1838 621 1880 674 Α
1911 616 2123 671 teritum
2163 617 2403 681 tradunt,
2435 627 2490 672 et
2515 619 2834 690 semetipsos
2875 622 2928 676 in
2977 623 3209 682 furorem
3251 629 3438 697 iudicii

127 666 138 696 l‘

127 661 302 768 V/te
324 661 416 717 lilii
450 673 579 726 mei

126 733 160 779 is
258 756 276 779 ι
309 747 409 779 τι...
477 773 512 779 _
562 764 578 777 .

258 684 416 804 ἐ⁶ὀ¹¹¹¹
450 684 579 726 ’Νη
623 684 869 748 finibus
901 695 1050 751 Vivis
1075 712 1174 768 ego
1203 702 1408 768 gaudeo
1445 703 1491 757 si
1531 705 1630 773 ipsi
1657 706 1805 761 vixe-

347 766 435 804 eo-
473 764 710 804 nnihnc
746 778 907 804 ..:--:-
954 800 1042 804 --η
1178 798 1190 804 -
1237 789 1248 804 .
1369 792 1383 804 .
1414 793 1425 804 .
1496 793 1508 804 .
1592 796 1606 804 .
1640 795 1674 804 ..

347 766 438 860 ⁸ος
473 764 713 868 (ιυῖξιιξε
746 778 910 836 vivis
947 800 1051 856 ego
1078 764 1313 857 gratulor
1337 792 1383 845 si
1414 793 1508 861 ipsi
1541 764 1607 848 ad
1640 795 1801 849 Deum

211 1039 395 1104 male.
439 1035 502 1089 in
536 1041 769 1110 animo,
810 1049 872 1103 in
918 1068 1108 1121 sensu,
1155 1058 1206 1111 in
1239 1061 1565 1129 cogitatione
1599 1065 1798 1134 aliquid

235 1125 576 1198 cogitaverim
601 1143 811 1190 contra
843 1139 1044 1198 Deum.
1075 1146 1153 1199 Ac
1187 1148 1230 1200 si
1280 1125 1520 1206 diceret:
1556 1152 1632 1206 Ne
1662 1125 1798 1209 forte

245 1221 396 1290 aliqua
424 1220 569 1276 mala
604 1225 882 1293 cogitatio
915 1231 968 1284 in
1005 1247 1099 1287 cor
1121 1250 1305 1288 eorum
1339 1242 1796 1312 ascenderit,qua:

244 1325 269 1362 ι
291 1309 388 1362 Deo
427 1310 590 1381 longe
620 1314 790 1381 facit,
821 1333 946 1386 quae
972 1337 1002 1374 a
1031 1327 1316 1380 sanctitate
1363 1333 1633 1396 pervertit,
1677 1309 1795 1403 quae

234 1416 265 1452 «τ
291 1401 541 1458 castitate
577 1417 826 1474 separat,
857 1425 978 1480 qua:
1005 1428 1034 1467 a
1061 1416 1265 1484 pietate
1301 1419 1585 1475 abstrahit.
1621 1401 1731 1488 Dic,
1762 1442 1795 1480 ο

231 1493 380 1578 beate
406 1492 536 1560 Job,
573 1501 863 1565 quomodo
898 1505 1241 1571 permitteres
1270 1517 1327 1561 ut
1355 1511 1555 1578 aliquid
1589 1515 1711 1568 mali
1733 1516 1793 1569 ﬁ-

223 1575 312 1629 liis
358 1578 465 1632 tuis
515 1580 572 1632 in
621 1585 814 1639 verbis
866 1599 1026 1657 atque
1080 1595 1332 1660 operibus
1373 1575 1791 1658 evidentioribus

214 1669 519 1735 excideret,
549 1675 645 1741 qui
680 1691 782 1743 pro
811 1680 1043 1734 occultis
1090 1693 1143 1736 et
1179 1683 1397 1752 abditis,
1437 1698 1530 1742 aut
1568 1693 1791 1747 omnino

215 1758 451 1813 forsitan
506 1778 616 1817 non
661 1769 1076 1834 exsistentihus,
1131 1773 1200 1825 ita
1250 1776 1471 1831 nimium
1532 1780 1790 1836 sollicitus

208 1846 400 1900 fueris
434 1858 602 1917 atque
647 1867 842 1906 curam
875 1860 1145 1924 gesseris:
1181 1864 1269 1930 qui
1322 1865 1581 1922 sollicitus
1629 1880 1788 1938 atque

1903 707 2236 774 demergunt.
2286 707 2471 763 Omnia
2515 710 2655 764 enim
2705 727 2823 780 qua:
2865 713 3186 783 deliquerint
3231 721 3323 784 ﬁlii
3375 725 3440 778 de

1900 795 2212 862 parentibus
2238 797 2602 866 requiruntur,
2647 800 2737 867 qui
2774 814 2876 853 non
2906 803 3216 870 erudierint,
3270 827 3440 880 neque

1900 884 2253 951 corripuerint
2284 886 2420 942 ﬁlios
2463 903 2606 942 suos.
2660 888 2829 956 Hujus
2875 893 3094 948 evidens
3134 901 3435 968 exemplum

1899 971 1951 1024 in
1987 972 2099 1025 lleli
2149 977 2450 1030 ostenditur
2472 987 2528 1030 et
2565 979 2616 1030 in
2662 978 2785 1032 ﬁliis
2832 983 2966 1049 ejus,
3003 994 3164 1052 atque
3213 988 3267 1041 in
3316 990 3436 1046 aliis

1897 1061 2044 1116 alibi.
2093 1062 2212 1117 lltec
2253 1067 2427 1118 sciens
2461 1067 2724 1136 gloriosus
2762 1069 2853 1123 Dei
2904 1071 3132 1129 famulus
3172 1075 3291 1140 Job,
3327 1097 3434 1136 non

1897 1149 2066 1201 solum
2098 1166 2126 1202 a
2179 1152 2476 1208 manifestis
2532 1157 2764 1222 peccatis
2809 1157 3062 1214 observat
3105 1164 3240 1218 ﬁlios
3285 1181 3435 1233 suos,

1896 1238 1988 1289 sed
2017 1247 2070 1290 et
2097 1241 2164 1294 ab
2193 1243 2441 1307 occultis,
2472 1260 2536 1297 ne
2566 1245 2688 1297 mali
2719 1246 2918 1316 aliquid
2946 1250 2997 1303 in
3029 1255 3186 1307 corde
3217 1270 3313 1310 suo
3341 1271 3436 1311 co-

1894 1327 2138 1392 gitarent.
2174 1332 2380 1385 Primus
2411 1332 2597 1387 beatus
2646 1334 2733 1387 ille
2787 1341 3078 1395 ostendens
3114 1343 3270 1399 factis
3304 1354 3430 1412 hoc,

1894 1417 2032 1484 quod
2070 1430 2189 1485 post
2218 1421 2316 1475 hoc
2348 1423 2548 1476 dictum
2576 1433 2658 1477 est
2687 1425 2864 1482 verbis
2891 1445 2902 1480 :
2937 1429 3014 1482 Ab
3057 1433 3277 1489 occultis
3305 1439 3434 1492 meis

1892 1505 2084 1557 munda
2112 1522 2191 1558 me
2223 1508 2303 1561 “:
2341 1525 2436 1578 pro
2477 1512 2706 1568 occultis
2755 1515 3122 1585 nihilominus,
3174 1531 3335 1590 atque
3377 1525 3432 1581 in

1892 1591 2189 1660 ignorantia
2252 1603 2571 1666 perpetratis
2643 1605 2852 1661 delictis
2909 1607 3142 1663 ﬁliorum
3205 1627 3428 1668 suorum

1891 1683 2119 1738 sollicite
2147 1690 2437 1743 mundabat
2463 1705 2573 1754 cos,
2611 1703 2665 1747 et
2713 1711 2817 1750 non
2874 1707 3082 1753 tantum
3108 1717 3206 1770 pro
3234 1718 3429 1773 perpe-

1890 1773 2044 1826 tratis
2095 1784 2256 1844 atque
2299 1780 2481 1843 certis,
2511 1793 2768 1849 quantum
2819 1803 2916 1855 pro
2964 1793 3184 1844 incertis
3221 1803 3276 1847 et
3322 1810 3428 1849 non

1889 1866 2287 1922 exsistentibus.
2309 1869 2419 1924 lloc
2447 1873 2700 1926 nimirum
2721 1875 2953 1932 faciebat
2985 1879 3077 1934 ille
3107 1880 3293 1936 beatus
3319 1883 3424 1938 vir.

202 1945 476 1990 metuens
501 1939 688 1992 dixisti
721 1943 842 1996 :Ne
871 1943 1006 2011 forte
1029 1947 1126 2014 ﬁlii
1157 1953 1255 2003 mei
1283 1952 1336 2004 in
1358 1955 1510 2006 corde
1531 1971 1626 2008 suo
1659 1958 1785 2009 mali
1815 1941 1863 2000 Β
1890 1952 2002 2006 Non
2026 1957 2188 2009 semel
2222 1969 2312 2010 aut
2340 1963 2592 2027 sectmdo,
2624 1979 2795 2032 neque
2835 1982 2941 2021 uno
2984 1983 3124 2023 anno
3151 1979 3242 2023 aut
3290 1971 3426 2025 duo-

193 2022 427 2092 aliqm'd
455 2027 804 2094 cogitaverim
840 2034 1087 2087 adversus
1124 2035 1321 2103 Deum,
1342 2055 1406 2094 ne
1434 2041 1570 2096 forte
1598 2045 1663 2098 de
1687 2045 1789 2098 im-

195 2115 481 2180 pudicitia
523 2120 917 2190 cogitaverim,
962 2137 1029 2177 ne
1051 2123 1189 2179 forte
1219 2127 1285 2180 ad
1326 2129 1650 2198 impietatem
1693 2135 1790 2188 de-

191 2207 570 2274 clinaverint,
602 2225 677 2263 ne
706 2211 849 2266 forte
891 2223 1008 2280 post
1044 2227 1264 2283 peccata
1289 2219 1680 2291 oberraverint,
1719 2240 1786 2279 ne

192 2292 360 2347 forte
397 2295 587 2350 illicita
619 2299 870 2353 meditati
905 2300 1122 2364 fuerint,
1157 2319 1226 2359 ne
1265 2307 1404 2361 forte
1435 2309 1629 2378 injusta
1653 2327 1786 2366 con-

187 2389 508 2454 cupierint,
547 2406 618 2444 ne
646 2391 792 2447 forte
821 2394 1002 2463 aliqua
1036 2399 1187 2452 radix
1221 2405 1594 2460 amaritudinis
1623 2417 1784 2476 atque

191 2476 361 2531 fellis
392 2489 588 2532 exorta
637 2482 694 2534 in
738 2485 937 2538 animis
964 2501 1151 2541 eorum
1192 2489 1323 2557 ipsis
1354 2496 1785 2554 nocuerit‘illaec

187 2566 429 2622 scilicet
460 2577 633 2639 atque
665 2572 753 2625 his
780 2574 980 2628 similia
1016 2577 1240 2645 plurima
1271 2581 1408 2633 intra
1439 2586 1782 2654 semetipsum

193 2665 465 2714 tractans
510 2662 715 2716 beatus
764 2663 867 2718 Job
913 2667 1088 2720 dixit:
1134 2666 1216 2720 Ne
1257 2671 1391 2736 forte
1435 2672 1538 2738 filii
1587 2676 1684 2726 mei
1729 2677 1783 2728 in

188 2749 376 2802 corde
396 2767 490 2804 suo
523 2755 658 2806 mali
685 2757 891 2824 aliquid
926 2759 1268 2826 cogitaverim
1308 2762 1552 2816 adversus
1593 2765 1778 2821 Deum.

195 2836 298 2891 Ne
335 2838 488 2906 forte,
528 2843 731 2911 inquit,
767 2847 1175 2918 confringantur
1214 2854 1346 2905 rami
1385 2855 1510 2917 mei,
1538 2870 1606 2909 ne
1643 2856 1780 2912 forte

192 2927 525 2984 evellantur
554 2936 889 3004 propagines
919 2953 1068 3002 meae,
1098 2957 1165 2994 ne
1189 2939 1325 2995 forte
1342 2944 1550 2997 excidat
1577 2947 1779 3002 fructus

197 3031 399 3084 tuens,
449 3037 612 3090 quem
651 3038 754 3091 ego
793 3028 848 3080 in
895 3028 1106 3095 justitia
1149 3031 1327 3097 genui,
1375 3049 1530 3101 quem
1577 3037 1625 3088 in
1677 3036 1781 3091 ﬁde

196 3111 450 3174 produxi
478 3130 495 3166 :
537 3112 625 3166 Ne
656 3116 794 3182 forte
826 3117 932 3184 ﬁlii
968 3121 1066 3172 mei
1096 3121 1150 3172 in
1189 3124 1347 3174 corde
1395 3139 1488 3177 suo
1521 3127 1644 3177 mali
1675 3128 1777 3180 ali-

197 3199 357 3262 quid
384 3205 723 3272 cogitaverim
753 3207 1007 3260 adversus
1030 3209 1214 3263 Deum.
1284 3211 1361 3265 Ne
1394 3213 1534 3267 forte
1587 3216 1778 3269 oblivi-

201 3300 445 3346 scantur
469 3292 663 3359 Deum,
697 3304 756 3348 et
791 3297 1108 3352 recedentes
1152 3314 1183 3352 a
1221 3302 1409 3357 timore
1431 3304 1566 3372 ejus,
1617 3315 1775 3375 atque

199 3381 660 3451 derelinquentes
679 3386 802 3452 ejus
834 3387 1119 3455 beneﬁcia,
1148 3391 1326 3445 dicant
1359 3393 1408 3448 in
1443 3397 1606 3450 corde
1643 3413 1771 3453 suo:

199 3467 352 3524 Non
390 3484 466 3528 est
505 3477 665 3539 Deus,
723 3493 831 3531 non
865 3487 949 3533 est
969 3481 1201 3549 justitia,
1249 3499 1354 3537 non
1388 3497 1469 3540 est
1493 3487 1773 3555 judicium,

199 3573 342 3613 non
370 3575 442 3618 est
470 3569 826 3632 resurrectio,
860 3583 1034 3638 neque
1065 3572 1363 3640 inquisitio,
1394 3592 1566 3645 neque
1613 3582 1772 3635 retri-

198 3647 398 3707 butio.
425 3653 616 3711 Omnia
659 3673 897 3727 namque
933 3660 1046 3715 haec
1087 3663 1223 3716 mala
1252 3675 1400 3731 sunt,
1431 3675 1486 3721 et
1515 3670 1618 3723 Deo
1643 3686 1770 3725 con-

198 3745 411 3810 traria,
435 3758 487 3802 et
511 3765 541 3802 a
565 3751 680 3805 Deo
716 3753 1006 3822 longinqua
1037 3764 1090 3808 et
1118 3755 1226 3808 Deo
1252 3758 1467 3812 odibilia
1510 3778 1523 3813 :
1557 3771 1611 3814 et
1653 3779 1770 3816 om-

198 3832 314 3886 nis
353 3835 494 3893 homo
523 3843 614 3908 qui
652 3843 772 3897 bare
804 3844 1141 3911 cogitaverit,
1184 3846 1267 3899 vel
1313 3849 1654 3917 disposuerit,
1691 3853 1773 3906 vel

191 3918 430 3992 fecerit,
469 3933 552 3984 vel
594 3935 967 4002 proposuerit,
1017 3935 1269 3990 inimicus
1315 3947 1399 3991 est
1445 3940 1559 4004 Dei,
1611 3950 1772 4011 atque

192 4010 456 4072 odibilis.
497 4019 585 4074 Sic
621 4022 810 4089 itaque
855 4021 1165 4076 omnimode
1203 4024 1492 4080 sanissime
1534 4010 1772 4098 cogitans

190 4115 334 4166 pro
362 4110 626 4166 animabus
669 4112 904 4165 ﬁliorum
935 4127 1154 4167 suorum
1183 4111 1281 4167 Job
1305 4115 1478 4169 dixit:
1524 4116 1604 4170 Ne
1638 4118 1771 4186 forte

189 4190 336 4254 ﬁlii
365 4201 447 4252 mei
475 4202 528 4252 in
553 4203 714 4254 corde
754 4219 852 4255 suo
885 4202 1012 4254 mali
1042 4201 1246 4271 aliquid
1290 4206 1626 4272 cogitaverim
1674 4207 1772 4259 ad-

187 4295 404 4338 renus
430 4288 611 4346 Deum.
646 4291 750 4357 Qui
790 4292 932 4344 cnim
966 4293 1106 4345 mala
1126 4291 1484 4360 cogitaverim
1512 4295 1769 4351 adversus

185 4367 413 4441 Deum,
439 4382 545 4434 cito
577 4383 878 4444 intereunt,
918 4393 972 4435 et
1005 4382 1060 4435 in
1106 4395 1364 4450 perpetuo
1408 4386 1769 4438 condemnan-

183 4465 340 4522 ιυΐ.
376 4464 797 4539 intercipiuntur,
831 4472 1213 4540 impediuntur,
1239 4481 1402 4540 atque
1429 4472 1478 4524 in
1507 4473 1768 4539 profundo

1800 3253 1848 3315 C

1889 2046 2006 2111 bus,
2053 2050 2143 2101 sed
2176 2052 2254 2102 sic
2291 2052 2508 2118 faciebat
2539 2054 2637 2107 Job
2671 2058 2908 2110 omnibus
2953 2059 3132 2113 diebus
3175 2063 3294 2114 vita:
3337 2079 3425 2117 eo-

1890 2150 2002 2186 rum
2030 2135 2119 2189 “‘.
2163 2136 2274 2190 Non
2312 2141 2641 2207 quiescebat,
2685 2159 2788 2196 non
2821 2144 3064 2201 ﬁduciam
3097 2151 3423 2215 resumebat,

1888 2240 1992 2278 non
2026 2226 2436 2294 obdormitabat,
2487 2247 2660 2300 neque
2700 2236 3136 2304 obliviscebatur,
3166 2257 3271 2295 non
3306 2250 3425 2298 erat

1886 2317 2190 2385 negligens,
2236 2337 2338 2375 non
2381 2333 2497 2377 erat
2552 2325 2888 2394 fastidiosus,
2940 2333 3030 2386 sed
3082 2334 3154 2387 ita
3192 2335 3424 2390 faciebat

1884 2408 2086 2461 cunctis
2122 2409 2307 2464 diebus
2335 2414 2455 2467 vita:
2486 2428 2692 2482 eorum,
2725 2432 2850 2474 ante
2879 2424 3145 2490 apostolos
3186 2441 3249 2479 ea
3298 2443 3422 2496 qua;

1883 2497 2241 2561 apostolorum
2275 2513 2399 2555 sunt
2432 2504 2748 2573 adimplens,
2783 2509 2923 2563 sicut
2965 2512 3094 2566 dicit
3133 2519 3148 2566 ξ
3183 2513 3287 2578 Qui
3326 2533 3422 2570 cm-

1881 2583 1953 2641 Pit
1991 2585 2044 2636 in
2086 2588 2225 2639 vobis
2272 2606 2398 2656 opus
2447 2592 2654 2659 bonum,
2704 2598 2932 2662 perﬁciet
2983 2616 3142 2671 usque
3191 2605 3245 2657 in
3283 2606 3419 2658 diem

1882 2672 2078 2726 Christi
2114 2677 2202 2729 ":
2249 2689 2300 2730 et
2336 2691 2458 2734 ante
2503 2684 2789 2738 adventum
2831 2688 3062 2754 Domini,
3093 2706 3416 2763 praeceptum

1881 2761 2086 2816 Domini
2139 2765 2436 2836 adimpleus
2467 2771 2692 2827 dicentis
2735 2793 2747 2826 :
2799 2775 2900 2840 Qui
2936 2779 3227 2835 toleraverit
3255 2761 3416 2852 usque

1879 2849 1935 2901 in
1965 2850 2122 2916 linem
2153 2853 2238 2907 hic
2261 2857 2434 2910 salvus
2459 2861 2558 2912 erit
2591 2861 2654 2913 “.
2697 2862 2785 2916 Sic
2827 2865 3008 2935 itaque
3039 2869 3273 2925 faciebat
3314 2849 3415 2926 .lob

1879 2941 2126 2996 omnibus
2168 2943 2354 2999 diebus
2399 2947 2520 3002 vita:
2552 2963 2757 3013 eorum,
2808 2968 3055 3023 magnum
3104 2960 3410 3015 thesaurum

1880 3041 1939 3080 se
1969 3031 2194 3084 credens
2224 3033 2419 3088 habere
2445 3035 2498 3088 in
2537 3052 2703 3106 regno
2727 3041 3008 3106 caelorum,
3042 3055 3098 3098 ut
3128 3047 3414 3104 inviolatos

1879 3126 2038 3184 atque
2069 3120 2435 3177 immaculatos
2480 3124 2619 3180 ﬁlios
2661 3143 2786 3183 suos
2817 3133 3114 3200 exhiberet,
3144 3147 3199 3190 ct
3222 3141 3287 3190 ad
3324 3153 3412 3192 re:

1878 3221 2037 3274 gnum
2069 3211 2320 3264 caelorum
2350 3227 2443 3268 eos
2474 3218 2726 3271 mitteret.
2759 3220 2866 3285 Sic,
2904 3223 3147 3290 inquam,
3180 3227 3412 3283 faciebat

1877 3297 1976 3352 Job
2008 3299 2257 3356 omnibus
2288 3303 2478 3359 diebus
2501 3307 2621 3362 vitae
2653 3324 2858 3364 eorum.
2887 3311 2977 3366 Sic
3008 3314 3243 3369 faciebat
3269 3318 3411 3373 sicut

1877 3389 2012 3443 alter
2039 3393 2188 3458 prior
2222 3393 2312 3448 illo
2339 3411 2442 3449 non
2474 3395 2620 3465 fecit,
2658 3400 2798 3455 sicut
2828 3401 2967 3458 alter
3014 3405 3103 3459 illo
3139 3408 3411 3476 antiquior

1875 3493 1980 3532 non
2024 3482 2207 3550 gessit.
2240 3483 2460 3552 Magnus
2503 3499 2620 3541 erat
2660 3491 2928 3545 A-braham
2967 3494 3020 3546 in
3047 3497 3169 3559 ﬁde,
3192 3499 3281 3550 sed
3313 3513 3410 3552 ex-

1876 3565 2020 3619 ceilit
2051 3567 2200 3621 illum
2229 3569 2330 3625 Job
2369 3573 2421 3624 in
2454 3573 2751 3629 tolerantia.
2781 3578 3002 3649 Magnus
3029 3597 3139 3637 erat
3165 3583 3327 3641 Jacob
3351 3588 3405 3642 in

1877 3656 2054 3710 cordis
2102 3660 2388 3726 munditia,
2433 3663 2524 3716 sed
2577 3679 2678 3718 non
2722 3665 2824 3721 fuit
2869 3669 2962 3724 illo
2997 3674 3171 3728 minor
3209 3673 3308 3730 Job
3349 3676 3405 3731 in

1874 3748 2259 3804 misericordia.
2295 3753 2566 3808 Adversus
2609 3769 2834 3813 caeteros
2879 3776 3061 3817 omnes
3109 3767 3314 3833 priores
3351 3777 3407 3822 et

1873 3836 2212 3900 novissimos,
2279 3855 2384 3893 non
2439 3843 2723 3896 succubuit
2766 3845 2816 3900 in
2865 3852 3124 3903 virtutum
3187 3855 3401 3912 studiis.

1871 3923 2002 3978 Cum
2035 3928 2269 3980 omnium
2289 3929 2576 3986 virtutibus
2606 3937 3050 4004 communicaret,
3079 3951 3134 3994 et
3164 3945 3402 3998 omnium

1871 4011 2049 4076 ﬁdem,
2112 4025 2166 4068 et
2233 4019 2487 4085 pietatem
2539 4029 2700 4090 atque
2754 4024 3018 4091 justitiam
3077 4028 3401 4098 imitaretur,

1873 4104 2201 4158 transcendit
2231 4116 2474 4175 uinctos,
2504 4119 2662 4180 atque
2709 4114 2961 4180 przecellit
2999 4117 3277 4172 tolerantia
3311 4134 3402 4175 ve-

1871 4195 2194 4251 hementiam
2240 4200 2507 4270 dolorum,
2536 4202 2724 4258 Merito
2766 4205 2924 4276 digne
2963 4207 3160 4263 dicitur
3193 4213 3256 4266 de
3285 4214 3400 4270 solo

1868 4282 1968 4338 Job
1995 4303 2008 4338 :
2043 4287 2166 4353 quia
2197 4287 2266 4340 ita
2292 4288 2522 4346 faciebat
2552 4294 2695 4346 sicut
2726 4308 2831 4347 non
2861 4295 2988 4350 fecit
3013 4298 3166 4356 alter.
3206 4303 3393 4359 Omnia

1867 4376 2006 4429 enim
2057 4392 2174 4445 quia
2212 4378 2452 4433 fecerunt
2502 4385 2674 4437 saneti
2725 4385 2853 4437 fecit
2896 4386 3056 4440 etiam
3097 4389 3215 4446 Job.
3247 4394 3396 4460 Quod

1867 4474 2047 4520 autem
2071 4469 2320 4524 sustinuit
2343 4471 2442 4527 Job
2466 4487 2584 4527 cum
2618 4478 2912 4544 gratiarum
2943 4484 3268 4548 actionibus,
3296 4485 3396 4539 hoc

177 4546 417 4610 inferni
453 4560 503 4614 ίη
539 4572 808 4616 aeternum
840 4568 1182 4626 ιοιηηρηιυιι,
1227 4559 1332 4613 εει]
1382 4560 1624 4628 pun-ique
1670 4562 1764 4614 ho-
1793 4577 1838 4632 Ι)
1869 4554 2211 4613 nihilominus
2261 4561 2437 4616 nullus
2489 4563 2626 4616 alius
2680 4567 2953 4624 sustinuit.
2986 4572 3242 4628 Omnibus
3270 4590 3396 4644 ergo

176 4637 427 4702 milium
461 4651 571 4705 haec
615 4667 726 4704 non
781 4650 1221 4713 reminiscuntur,
1251 4650 1339 4717 qui
1385 4649 1520 4702 ﬁlios
1546 4665 1670 4704 suos
1699 4652 1766 4706 ab

173 4726 446 4792 infantia
487 4741 881 4801 exterminant,
915 4738 1003 4804 qui
1038 4736 1172 4791 ﬁlios
1205 4751 1332 4791 Suos
1375 4745 1430 4790 et
1471 4737 1608 4791 filias
1638 4753 1765 4794 suas

170 4819 268 4869 ab
333 4818 665 4884 incunabulis
709 4843 817 4882 non
851 4827 1120 4888 erudiunt,
1155 4843 1257 4880 non
1303 4828 1597 4893 corripiunt
1621 4828 1764 4894 aju-

165 4915 453 4983 Veﬂlnte,
479 4935 580 4973 non
613 4918 914 4988 prohibent
951 4917 1114 4978 mala,
1151 4932 1252 4970 non
1291 4917 1481 4971 odiunt
1511 4918 1760 4984 pessima,

162 5008 312 5047 “0"
344 5015 594 5065 coercent
629 5009 850 5071 illicita,
903 5021 1008 5059 non
1049 5007 1335 5061 admonent
1373 5009 1618 5064 timorem
1649 5008 1764 5073 Dei,

154 5095 307 5131 "0n
372 5099 787 5152 camminantur
847 5093 1111 5161 judicium
1164 5096 1439 5162 gehennae,
1491 5112 1597 5149 non
1643 5098 1766 5152 vitae

139 5175 425 5238 z'e'na
473 5185 766 5238 introitum
802 5182 1017 5234 docent.
1071 5180 1182 5234 Non
1232 5185 1368 5236 enim
1399 5185 1626 5237 educant
1669 5201 1766 5240 nos

136 5253 213 5303 ίη
306 5259 606 5343 disciplina
663 5279 838 5337 atque
889 5268 1193 5322 eruditione
1239 5271 1468 5336 Domini,
1519 5271 1610 5340 qui
1658 5287 1765 5329 non

125 5353 425 5417 egeram
460 5378 658 5418 curam
691 5373 794 5426 pro
825 5356 1110 5410 animabus
1145 5373 1346 5421 eorum,
1395 5375 1567 5428 neque
1617 5363 1764 5418 solli-

126 5427 252 5520 Fui
320 5453 463 5508 sunt
513 5466 620 5520 pro
653 5448 861 5508 salute,
901 5444 988 5496 vel
1017 5434 1311 5512 perditione
1359 5427 1607 5504 ﬁliorum.
1645 5449 1760 5506 llu-

108 5512 418 5597 jnsqui
447 5512 579 5595 cu-m
613 5550 728 5589 non
761 5532 1034 5596 erudiunt,
1069 5548 1232 5604 neque
1275 5539 1573 5606 corripiunt
1620 5537 1762 5597 ﬁlios

113 5615 304 5671 ⁵³0⁵»
351 5641 417 5688 ει
443 5631 718 5698 ipsorum
740 5621 952 5673 animas
987 5620 1088 5688 igni
1124 5625 1540 5695 inexstinguibili
1576 5626 1630 5680 in
1676 5629 1761 5684 in-

1870 4645 2044 4698 modis
2085 4649 2347 4711 veraciter
2391 4650 2605 4716 dicitur,
2654 4655 2730 4707 sic
2771 4657 2993 4723 faciebat
3041 4663 3138 4715 Job
3195 4669 3394 4720 cunctis

1869 4730 2049 4785 diebus
2085 4734 2202 4788 vim»
2224 4751 2424 4790 eorum.
2455 4738 2546 4792 Sic
2573 4738 2826 4808 faciebat,
2855 4747 3005 4812 quasi
3029 4749 3226 4815 justus,
3256 4755 3391 4820 pius,

1870 4822 2020 4889 quasi
2067 4822 2174 4877 Deo
2220 4824 2480 4891 dilectus,
2533 4829 2686 4896 quasi
2721 4835 2966 4890 credens.
3028 4839 3118 4894 Sic
3165 4842 3395 4898 faciebat

1865 4913 2003 4962 sicut
2034 4911 2139 4966 Deo
2167 4912 2428 4980 placebat,
2488 4919 2625 4974 sicut
2654 4921 2894 4978 Creatori
2949 4926 3155 4984 libitum
3201 4934 3391 5000 fuerat,

1865 5002 2001 5054 sicut
2040 5018 2132 5056 rex
2166 5016 2382 5060 sanctus
2411 5007 2641 5067 volebat.

1933 5090 2038 5146 Sed
2080 5109 2200 5147 cum
2239 5097 2311 5149 ita
2358 5097 2562 5156 faceret
2609 5102 2730 5168 Job,
2784 5117 2942 5176 atque
2990 5107 3104 5163 haec
3141 5112 3391 5167 universa

1863 5178 2000 5234 bona
2030 5184 2331 5251 perliceret,
2363 5203 2466 5244 non
2500 5193 2755 5248 sustinuit
2797 5198 3086 5265 malignus,
3119 5216 3222 5254 non
3255 5203 3386 5253 tole-

1863 5272 2004 5324 ravit
2034 5275 2405 5343 nequissimus,
2453 5283 2546 5336 sed
2594 5285 2774 5339 zelans
2824 5287 3144 5356 malignatus
3189 5300 3292 5352 est,
3333 5300 3388 5343 et

1865 5359 2106 5416 invidens
2127 5379 2415 5422 succensus
2461 5378 2560 5424 est.
2613 5372 2774 5438 Quid,
2826 5375 3018 5443 inquit,
3050 5375 3124 5427 illi
3172 5375 3384 5435 faciam.

1865 5453 2129 5518 quomodo
2157 5458 2432 5524 aggrediar
2451 5459 2764 5527 ?Quomodo
2778 5464 3187 5517 circumveniam
3205 5463 3228 5512 ?
3245 5461 3385 5524 Quo-

1866 5549 2022 5598 modo
2072 5549 2401 5615 supplantem
2433 5553 2456 5605 ?
2506 5554 2780 5620 Quomodo
2825 5554 3142 5623 prmvaricer
3177 5551 3202 5602 7
3238 5551 3383 5614 ρηο-

1864 5635 2022 5689 modo
2050 5650 2079 5688 a
2099 5635 2310 5703 justitia
2347 5641 2648 5699 abducam?
2700 5643 2984 5699 Praesentia
3014 5653 3114 5692 non
3150 5643 3382 5703 reputat,

165 5728 248 5758 ‘u
284 5740 463 5820 Ι⁵⁸³1.
506 5769 684 5814 xrm,
743 5749 828 5803 l5.
905 5745 972 5777 “‘
998 5747 1087 5803 Job
1117 5770 1147 5819 l,
1179 5757 1237 5810 5.
1328 5758 1374 5789 ⁸⁸
1405 5758 1632 5828 Philipp.
1673 5776 1714 5829 ι,
1746 5763 1778 5818 6

1880 5765 1915 5798 ⁵⁸
1944 5765 2128 5825 Matth.
2163 5785 2217 5837 x,
2251 5770 2339 5826 22.
