3916 6466
536 418 638 471 399

534 522 762 580 visibilia
793 532 892 571 non
924 514 1170 582 requirit,
1206 513 1298 567 sed
1322 512 1498 565 futura
1533 521 1736 580 sperat,
1777 508 2062 566 invisibilia

532 617 822 679 exspectat,
872 606 1051 658 divina
1099 603 1369 657 desiderat
1428 611 1589 671 atque
1637 601 2063 669 incorruptibilia

531 699 771 767 requirit.
826 693 1069 760 Undique
1126 691 1332 760 justitia
1386 689 1601 743 indutus
1664 699 1768 750 est,
1829 689 2065 754 undique

529 788 810 844 sanctitate
833 795 914 837 est
947 782 1191 846 vestitus,
1227 781 1280 834 in
1317 779 1542 834 veritate
1577 779 1850 843 l'nmlatus,
1888 778 1938 831 in
1964 778 2065 830 ﬁde

525 888 609 934 est
639 876 1006 931 conﬁrmatus.
1054 873 1177 926 [hec
1231 873 1484 927 nimirum
1517 871 1761 940 cogitans
1804 867 2067 938 nequissi-

527 982 646 1021 mus
686 967 913 1029 dzemen,
950 965 1062 1016 haec.
1095 964 1234 1032 apud
1281 964 1627 1031 semetipsum
1678 960 1944 1014 meditans
1978 959 2064 1012 ille

527 1061 616 1127 qui
648 1060 717 1112 ab
749 1057 902 1110 initio
929 1057 1185 1109 adversus
1215 1063 1429 1109 sanctos
1457 1054 1655 1109 bellum
1687 1053 1852 1122 gessit
1883 1051 2067 1104 diabo-

527 1151 630 1214 lus,
664 1148 837 1201 dixit:
886 1145 1235 1199 Considcravi
1287 1145 1410 1214 quid
1461 1143 1677 1205 faciam,
1720 1144 1784 1194 ad
1835 1141 2064 1210 priorem

527 1241 670 1293 illam
723 1252 896 1292 meam
949 1235 1242 1304 nequitiam
1279 1233 1607 1302 confugiam,
1656 1231 1934 1300 principali
1977 1230 2063 1284 illa

530 1330 720 1383 framle
762 1337 904 1389 utar,
938 1327 1206 1379 accusabo
1230 1326 1370 1393 apud
1417 1324 1579 1376 Deum
1620 1320 1740 1383 Job,
1775 1321 1913 1374 sicut
1940 1320 2064 1373 olim

530 1421 695 1472 Deum
724 1417 864 1487 apud
893 1416 1081 1479 Adam,
1118 1415 1395 1468 detraham
1427 1412 1526 1468 Job
1551 1415 1687 1482 apud
1710 1413 1898 1474 Deum,
1927 1412 2066 1464 sicut

529 1527 556 1561 a
594 1509 887 1578 primordio
920 1509 1082 1561 Adam
1114 1507 1297 1576 (habet
1325 1505 1483 1560 etiam
1510 1505 1608 1558 Job
1640 1504 1948 1574 paradisum
1986 1504 2067 1556 di-

527 1601 802 1663 vitiarunt,
854 1598 990 1652 sicut
1040 1608 1095 1652 et
1131 1597 1255 1651 olim
1301 1595 1517 1664 Adam),
1545 1610 1609 1649 eo
1641 1595 1779 1663 quod
1826 1595 2065 1650 invidens

526 1691 625 1745 tibi
655 1689 816 1751 Deus,
853 1703 918 1742 nc
939 1688 1187 1742 elliciaris
1214 1688 1354 1740 sicut
1386 1688 1526 1740 Deus
1560 1700 1663 1738 non
1701 1685 1943 1753 permisit
1967 1700 2063 1753 gu-

529 1790 674 1833 stare
709 1788 762 1830 te
801 1777 863 1829 de
890 1777 1031 1846 ligno
1059 1775 1297 1829 scientia:
1341 1792 1353 1827 :
1389 1775 1564 1828 dicam
1605 1788 1747 1826 nunc
1773 1773 1837 1826 ad
1876 1774 2064 1837 Deum,

529 1871 650 1937 quia
685 1883 786 1920 non
844 1861 1062 1934 propter
1111 1865 1478 1928 dilectionem,
1513 1864 1604 1918 sed
1641 1873 1858 1932 propter
1903 1878 2064 1932 pecu-

530 1959 671 2010 niam
720 1957 924 2010 colere.
956 1955 1164 2008 videtur
1197 1966 1245 2008 te
1277 1953 1397 2007 Job.
1428 1955 1530 2008 Sed
1561 1970 1679 2007 eum
1716 1954 1831 2007 hzec
1859 1953 2061 2020 cogita-

529 2057 612 2100 ret
641 2047 998 2114 nequissimus
1044 2056 1205 2113 atque
1239 2046 1347 2098 haec
1394 2060 1573 2099 secum
1622 2045 1953 2113 loqueretur,
1981 2046 2063 2112 [a-

528 2155 666 2196 ctum
709 2157 806 2202 est,
853 2142 1047 2210 inquit,
1092 2142 1240 2210 quasi
1270 2142 1362 2194 illa
1397 2143 1505 2194 dies
1536 2142 1604 2193 ⁵⁷.
1629 2141 1756 2207 Quae
1790 2141 1902 2196 dies
1932 2141 2064 2194 illa?

530 2231 653 2285 Dies
677 2245 794 2298 quae
822 2229 1019 2282 diaboli
1047 2229 1336 2296 nequitiam
1378 2229 1664 2297 redarguit,
1713 2243 1833 2296 quae
1861 2228 1956 2282 Dei
1979 2229 2065 2296 ju-

529 2325 730 2378 stitiam
758 2321 1140 2382 manil'estavit,
1185 2335 1302 2388 qua:
1348 2320 1446 2374 Job
1495 2321 1830 2374 tolerantiam
1862 2324 2064 2389 patefe-

529 2416 624 2475 cit.
659 2410 747 2464 illa
785 2415 900 2465 dies
925 2425 1040 2478 qua?
1071 2410 1158 2464 Dei
1196 2409 1678 2477 longanimitatem,
1731 2419 1787 2464 et
1829 2409 1928 2463 Job
1958 2410 2065 2462 ala-

531 2504 800 2562 critatem,
833 2511 880 2554 et
914 2499 1105 2553 diaboli
1126 2500 1415 2566 nequitiam
1447 2499 1735 2568 publicavit
1764 2518 1778 2552 :
1811 2500 2067 2567 quemad-

530 2595 746 2647 modum
779 2592 865 2645 ille
896 2591 1010 2644 dies
1042 2589 1423 2653 maniiestabit,
1475 2589 1563 2657 qui
1601 2589 1653 2642 in
1711 2590 1834 2657 igne
1857 2589 2064 2643 revela-

533 2687 698 2747 bitur,
731 2688 807 2740 sic
836 2685 920 2739 ille
947 2684 1061 2737 dies
1093 2681 1387 2750 publicavit
1416 2694 1626 2734 onmem
1682 2679 2064 2747 nequissimum

531 2773 728 2828 diaboli
751 2773 948 2836 zelum,
980 2781 1138 2839 atque
1164 2771 1466 2824 universam
1495 2769 1714 2838 maligni
1746 2769 1960 2822 Satana:
1985 2769 2066 2820 in-

531 2865 751 2920 vidiam.
809 2861 920 2916 Hoc
963 2876 1195 2928 namque
1241 2859 1614 2913 demonstrans
1641 2859 1772 2912 dicit
1799 2875 1812 2909 :
1841 2856 2064 2910 Factum

533 2962 610 3007 est
645 2953 793 3021 quasi
846 2953 948 3003 dies
972 2950 1084 3012 illa,
1115 2959 1163 3002 et
1188 2958 1427 3001 venerunt
1458 2958 1510 3000 ut
1533 2947 1702 3016 angeii
1735 2947 1829 3000 Dei
1871 2956 2065 3000 starent

535 3055 653 3098 ante
697 3044 856 3096 Deum
905 3041 968 3093 ⁸⁸.
1021 3039 1291 3093 Venerunt
1320 3053 1422 3092 non
1450 3039 1654 3092 deloco
1687 3039 1738 3090 in
1781 3037 1954 3091 locum
1979 3052 2066 3091 ce-

535 3137 741 3198 dentes,
776 3144 947 3199 ncque
981 3129 1174 3182 exinde
1205 3128 1478 3180 venientes
1507 3127 1595 3180 ubi
1625 3127 1763 3180 Deus
1803 3140 1907 3179 non
1953 3125 2068 3178 fue-

536 3226 607 3278 rit
634 3235 885 3291 przesens,
911 3219 999 3271 illo
1029 3227 1202 3270 autem
1245 3217 1542 3277 venientes,
1581 3215 1667 3269 ubi
1715 3215 1880 3268 Deum
1917 3215 2066 3270 inve-

535 3319 733 3380 nirent,
769 3315 850 3367 vel
895 3313 1154 3364 viderent.
1198 3310 1403 3364 leum
1447 3311 1610 3371 enim,
1641 3316 1694 3361 et
1719 3291 1941 3371 terram,
1980 3322 2066 3362 su-

535 3421 712 3474 peros,
759 3414 813 3457 et
856 3403 1077 3466 inferos,
1129 3401 1550 3468 corruptionem,
1581 3399 2065 3467 incorruptionem,

534 3504 594 3548 et
629 3493 874 3546 universa
905 3489 1019 3556 ejus
1050 3489 1210 3556 replet
1246 3489 1541 3551 beatitudo,
1572 3490 1818 3542 universa
1845 3491 2070 3543 circurn-

538 3583 628 3634 dat
675 3581 865 3641 virtus,
915 3588 1101 3633 cuncta
1147 3577 1262 3646 ejus
1315 3578 1557 3632 continet
1607 3578 1913 3647 magnitudo
1957 3595 1970 3630 :
2014 3588 2068 3632 et

539 3671 674 3724 nihil
705 3679 788 3723 est
819 3679 970 3722 extra
1017 3682 1158 3722 eum.
1205 3667 1483 3732 Quomodo
1537 3681 1665 3736 ergo
1718 3677 1980 3720 venerunt
2018 3675 2071 3722 et

539 3763 678 3816 unde
711 3771 974 3816 venerunt
998 3771 1122 3815 ante
1154 3760 1344 3814 faciem
1377 3759 1488 3822 Dei,
1520 3759 1611 3827 qui
1652 3759 1829 3813 omnia
1860 3758 2070 3825 replet?

538 3851 678 3905 Bene
705 3851 1082 3918 intelligamus,
1115 3865 1148 3904 ο
1173 3849 1355 3912 amici,
1384 3857 1435 3901 et
1456 3856 1660 3912 sancte,
1691 3856 1745 3902 et
1774 3847 1878 3902 Deo
1908 3847 2071 3918 digne

538 3943 713 3996 onmia
745 3957 861 4010 qua:
884 3943 1022 3996 dicta
1052 3941 1136 3994 vel
1163 3940 1360 4009 scripta
1384 3949 1512 3992 sunt
1535 3955 1547 3990 :
1582 3938 1674 3992 Dei
1701 3939 1844 3993 enim
1871 3953 2070 3992 sermo-

539 4048 636 4087 nes
665 4040 718 4085 et
747 4031 965 4086 consilia
1000 4031 1156 4098 digne
1193 4031 1298 4092 Deo
1329 4029 1675 4098 percipienda
1716 4037 1861 4082 sunt.
1896 4028 2071 4083 Vene-

539 4133 666 4177 runt
695 4122 866 4191 angeii
898 4121 989 4175 Dei
1037 4129 1094 4174 ut
1145 4129 1352 4175 starent
1399 4129 1525 4173 ante
1577 4119 1766 4182 Deum,
1815 4129 2071 4174 venerunt

541 4227 649 4268 non
677 4213 916 4281 vestigiis
943 4212 1267 4274 carnalibus,
1300 4225 1475 4280 neque
1522 4210 1826 4264 incessibus
1879 4223 2069 4276 corpo—

541 4302 760 4364 ralibus,
791 4303 884 4356 sed
931 4302 1156 4370 spiritali
1202 4315 1426 4355 accessu
1460 4310 1622 4368 atque
1671 4296 2068 4368 incorruptibili

543 4402 686 4447 statu
718 4393 943 4447 ctelesti.
975 4394 1247 4449 Venerunt
1272 4394 1570 4453 laudantes,
1621 4389 2067 4454 honoriﬁcantes,

544 4483 966 4550 magniﬁcantes,
1017 4486 1355 4548 conﬁtentes,
1411 4482 1614 4552 gratias
1668 4488 1911 4548 agentes.
1971 4477 2072 4532 Per

547 4572 648 4625 hoc
676 4573 817 4623 enim
852 4573 990 4640 quod
1016 4575 1226 4628 venisse
1270 4573 1418 4634 dicit.
1462 4586 1559 4641 per
1592 4571 1694 4624 hoc
1723 4568 2070 4624 nihilominus

546 4659 810 4728 signiﬁcat
859 4661 999 4728 quod
1046 4663 1115 4716 sit
1159 4678 1311 4732 opus,
1355 4661 1438 4716 vel
1476 4660 1710 4714 studium
1759 4653 2071 4712 sanctorum

547 4748 880 4816 angelorum,
907 4752 1048 4819 quod
1078 4753 1289 4806 assidue
1316 4751 1584 4805 caelestem
1635 4750 1915 4804 Dominum
1959 4749 2074 4800 lau-

548 4838 696 4902 dent,
723 4840 864 4907 quod
893 4848 1089 4892 aeterno
1117 4842 1219 4893 Deo
1246 4841 1448 4910 gratias
1493 4850 1676 4910 agant,
1706 4840 1846 4910 quod
1889 4848 2075 4893 sancto

546 4923 660 4981 Deo
688 4926 1052 4980 indesinenter
1082 4927 1303 4992 gloriam
1350 4944 1446 4998 pro
1472 4929 1745 4985 beneﬁciis
1779 4928 1893 4994 ejus
1934 4925 2072 4981 rele-v

548 5024 688 5083 rant,
721 5031 816 5084 pro
841 5017 1009 5085 gratia
1051 5017 1185 5084 ejus,
1235 5033 1329 5085 pro
1379 5019 1744 5072 misericordia
1791 5018 1928 5086 ejus,
1978 5033 2073 5085 pro

550 5105 883 5160 mirabilibus
903 5104 1041 5172 ejus,
1074 5119 1191 5174 quae
1236 5098 1474 5177 impertit
1512 5109 1695 5178 generi
1745 5109 1979 5162 humano
2021 5109 2072 5162 in

547 5197 690 5250 omni
718 5196 868 5260 hora,
913 5195 966 5249 in
1006 5195 1150 5249 omni
1200 5205 1458 5266 tempore,
1498 5198 1743 5267 plurima,
1778 5206 1834 5252 et
1865 5213 2073 5266 magna,

550 5297 710 5353 atque
733 5287 966 5350 diversa,
998 5285 1283 5354 aliquando
1313 5290 1378 5344 de
1409 5289 1660 5357 periculis
1687 5289 1942 5353 liberans,
1979 5288 2074 5354 ali-

547 5379 761 5446 quando
785 5379 849 5431 de
874 5376 1276 5433 discriminibus
1307 5380 1562 5450 eripiens,
1602 5392 1979 5445 nonnunquam
2008 5391 2072 5430 ex

551 5469 810 5537 angustiis
857 5467 1088 5531 salvans,
1144 5473 1483 5536 peccantibus
1533 5469 1908 5539 longanimiter
1955 5482 2076 5535 par-

549 5558 738 5622 cendo,
769 5558 1092 5626 ptenitentes
1122 5559 1540 5618 misericorditer
1569 5558 1927 5628 suscipiendo,
1951 5572 2076 5612 con-

620 5676 660 5705 ετ
685 5673 780 5728 Job
831 5691 869 5737 ι,
909 5675 960 5725 6.
1064 5673 1259 5740 ⁸⁸,ἰΙ)ἰι1·.
1363 5681 1405 5713 θ’
1432 5676 1572 5733 Psal.
1615 5671 1947 5742 cxxxmb8-

551 5739 594 5772 τε
619 5743 634 5793 ί
658 5746 778 5809 ιιι-ς,
834 5760 868 5807 ι⁹
901 5744 987 5796 Η.
1063 5739 1267 5804 “Psal.
1301 5768 1373 5818 Cl,
1408 5752 1458 5804 ίο

2034 5674 2077 5706 70

1629 400 1996 464 ANONYMUS
2032 399 2100 453 IN
2139 398 2278 454 J08.
2316 429 2382 441 —-
2419 399 2544 452 LIB.
2586 398 2626 450 l.

3624 397 3710 448 ita.

2092 515 2134 569 A
2168 519 2403 563 tumaces
2430 510 2695 577 patienter
2724 505 3078 568 sustinendo,
3110 506 3498 574 spernentibus
3529 527 3582 564 se
3621 512 3713 564 cle-

2166 603 2494 656 mentissime
2548 600 2896 662 miserando,
2957 599 3183 668 aliaque
3231 600 3523 653 ineffabilia
3575 615 3714 672 atque

2167 689 2588 759 inexcogitabilia
2655 687 2919 742 benelicia
2979 690 3136 742 circa
3209 704 3384 754 genus
3451 693 3715 750 humanum

2165 783 2506 848 perﬁciendo.
2539 783 2668 848 Quae
2701 781 2960 836 universa
3000 781 3261 849 quotidie
3291 781 3534 836 videntes
3564 791 3714 840 sancti

2166 874 2334 941 angeli
2366 883 2571 928 stantes
2607 875 2658 925 in
2697 880 2994 940 conspectu
3030 870 3178 936 ejus,
3216 870 3458 934 laudant,
3494 883 3544 926 ct
3574 876 3717 930 hono-

2168 963 2396 1027 rilicant,
2435 961 2782 1029 magniﬁcam
2833 976 3055 1029 quoque
3091 962 3268 1014 Deum
3303 973 3470 1030 atque
3506 963 3578 1017 illi
3610 981 3718 1034 gra-

2169 1051 2269 1105 tias
2293 1061 2459 1120 agunt
2487 1066 2584 1119 pro
2619 1051 3108 1104 inmstimabilibus
3154 1051 3278 1119 ejus
3314 1052 3621 1120 beneﬁciis,
3653 1067 3720 1110 at-

2165 1156 2267 1206 que
2303 1141 2687 1194 misericordize
2725 1140 2866 1206 ejus,
2913 1157 3037 1211 qua:
3081 1141 3480 1198 demonstrans
3522 1147 3631 1200 istic
3657 1150 3723 1202 di-

2166 1231 2270 1281 cit:
2315 1228 2574 1283 Venerunt
2625 1234 2798 1300 angeli
2853 1231 2972 1294 Dei,
3019 1241 3080 1285 ut
3136 1241 3347 1284 starent
3399 1247 3518 1288 ante
3563 1236 3722 1292 Deum.

2167 1317 2404 1372 llnmana
2450 1336 2578 1372 usus
2624 1322 3054 1389 consuetudine,
3109 1336 3177 1375 ac
3222 1323 3540 1389 proverbio,
3587 1337 3725 1396 atque

2166 1408 2455 1475 locutione,
2506 1411 2636 1464 dicit
2684 1427 2953 1466 venerunt
3011 1422 3148 1466 ante
3192 1413 3390 1478 Deum,
3438 1418 3525 1484 qui
3571 1423 3724 1474 Omnia

2166 1499 2352 1566 replet,
2401 1501 2489 1567 qui
2539 1502 2739 1570 ubique
2787 1518 3036 1571 praesens
3085 1511 3198 1569 est,
3232 1514 3289 1559 et
3342 1522 3451 1559 non
3490 1518 3570 1561 est
3599 1509 3726 1564 locus

2164 1602 2336 1655 neque
2363 1587 2415 1640 in
2449 1589 2605 1655 caele,
2641 1606 2814 1660 neque
2849 1593 2900 1645 in
2938 1602 3120 1656 terra,
3153 1610 3340 1662 neque
3390 1596 3447 1648 in
3505 1600 3723 1662 excelsis,

2165 1694 2336 1747 neque
2369 1680 2506 1748 apud
2539 1680 2740 1736 inferos
2774 1685 2869 1736 ubi
2893 1699 3004 1738 non
3039 1685 3116 1739 sit
3151 1699 3403 1754 praesens
3441 1687 3594 1742 Deus.
3637 1689 3728 1745 iloc

2166 1771 2368 1825 sciebat
2398 1773 2485 1826 ille
2515 1774 2603 1841 qui
2637 1775 2712 1827 ait
2743 1791 2756 1826 :
2795 1772 2856 1827 Si
2894 1777 3202 1829 ascendere
3223 1778 3281 1828 in
3312 1777 3521 1842 coelum,
3567 1790 3618 1832 tu
3641 1782 3728 1835 illic

2165 1879 2236 1926 es,
2266 1874 2312 1916 et
2344 1865 2387 1916 si
2422 1865 2732 1918 descendere
2771 1868 2841 1918 ad
2871 1867 3157 1936 infernum
3195 1869 3329 1920 ades
3374 1869 3446 1926 ⁸³.
3487 1869 3593 1925 llec
3618 1874 3730 1926 scic-

2165 1953 2254 2006 bat
2285 1955 2450 2019 Elias,
2484 1957 2706 2024 quodet
2734 1957 2964 2024 emlnm,
2999 1970 3060 2012 et
3093 1971 3246 2012 terra
3296 1970 3466 2028 atque
3513 1965 3731 2017 universa

2165 2059 2282 2113 qua:
2312 2055 2435 2099 sunt
2465 2046 2516 2098 in
2550 2047 2652 2109 eis,
2683 2047 2738 2100 in
2766 2062 3075 2117 conspecw
3117 2050 3218 2102 Dei
3252 2062 3406 2105 sunt.
3437 2052 3618 2107 Merito
3635 2069 3733 2108 cura

2165 2145 2307 2190 esset
2337 2151 2499 2204 super
2532 2148 2764 2200 terram,
2805 2149 2943 2193 ante
2995 2139 3180 2194 Deum
3239 2157 3304 2197 se
3351 2153 3501 2196 stare
3549 2146 3735 2197 demou-

2166 2227 2376 2290 stravit,
2406 2227 2596 2281 dicens
2623 2245 2636 2280 :
2686 2227 2824 2281 Vivit
2859 2229 3136 2285 Dominus
3198 2235 3289 2286 cui
3330 2245 3448 2288 asto
3480 2235 3533 2288 in
3556 2252 3736 2302 conspe-

2165 2328 2249 2369 ctu
2277 2318 2388 2386 ejus
2416 2317 2481 2370 ⁷ο.
2516 2317 2780 2372 Similiter
2809 2333 2865 2373 et
2907 2322 3158 2391 angelus
3207 2322 3437 2378 Gabriel
3479 2344 3493 2380 :
3541 2326 3634 2391 Qui
3667 2344 3737 2378 as-

2165 2408 2291 2458 sisto
2333 2408 2385 2458 in
2431 2421 2716 2477 conspectu
2763 2411 2878 2480 ejus
2907 2422 2958 2466 et
3002 2412 3112 2466 Dei
3156 2413 3229 2467 ⁷⁸.
3277 2417 3348 2470 Et
3373 2416 3519 2472 Elius
3555 2432 3669 2485 ergo
3694 2419 3735 2470 in

2165 2513 2393 2565 corpore
2443 2503 2606 2568 super
2661 2510 2888 2565 terram,
2931 2511 2995 2558 et
3047 2505 3288 2560 Gabriel
3375 2510 3495 2562 sine
3545 2523 3736 2576 corpore

2167 2587 2218 2638 in
2252 2587 2422 2650 caelis,
2456 2597 2680 2658 uterque
2711 2592 2973 2647 similiter
3013 2595 3300 2651 assistere
3341 2611 3401 2651 se
3432 2598 3669 2651 dixerunt
3693 2599 3732 2650 in

2166 2686 2454 2746 conspectu
2489 2678 2622 2733 Dei:
2666 2682 2868 2751 ubique
2903 2695 3001 2738 est
3039 2688 3198 2741 enim
3253 2689 3433 2744 facies
3486 2688 3595 2750 Dei,
3639 2699 3735 2741 tan-

2169 2777 2277 2820 tum
2311 2769 2449 2822 mala
2484 2771 2667 2825 videre
2712 2789 2821 2826 non
2871 2775 2996 2829 vult
3036 2778 3240 2846 justus
3268 2789 3326 2833 et
3361 2789 3580 2834 sanctus
3606 2779 3734 2845 Deus,

2171 2858 2288 2911 ideo
2317 2861 2484 2914 dicit:
2521 2862 2666 2915 Mala
2693 2865 2870 2919 videre
2905 2884 3023 2923 non
3052 2871 3174 2923 vult
3203 2871 3489 2926 Dominus.
3515 2875 3576 2927 Et
3602 2873 3734 2925 alibi:

2169 2949 2234 3000 Et
2264 2967 2352 3018 ego
2378 2959 2425 3004 te
2455 2953 2631 3006 videns
2659 2955 2973 3022 despiciant.
3031 2959 3106 3014 Et
3141 2963 3334 3016 adhuc
3373 2981 3386 3016 :
3436 2961 3566 3017 Cum
3592 2973 3737 3015 utens

2169 3038 2350 3094 deritis
2376 3059 2560 3097 manus
2592 3055 2789 3099 vestras
2823 3050 2892 3099 ad
2919 3066 3036 3113 me,
3066 3065 3320 3107 avertam
3345 3056 3535 3124 [aciem
3555 3073 3697 3109 meum
3716 3072 3741 3106 α

2095 3138 2138 3196 c
2171 3133 2308 3185 vobis
2339 3135 2405 3188 ⁷⁸.
2435 3135 2614 3189 Sancti
2647 3151 2776 3206 ergo
2805 3139 2988 3208 digni,
3024 3159 3096 3196 ac
3131 3145 3302 3212 justi,
3339 3157 3508 3217 atque
3548 3150 3740 3202 creden-

2171 3230 2270 3286 Ies,
2310 3224 2444 3277 casti
2481 3240 2694 3294 quoque
2726 3242 2791 3281 ac
2825 3244 3092 3298 veraces,
3130 3236 3257 3290 sive
3295 3238 3350 3292 in
3379 3254 3600 3308 corpore
3635 3239 3738 3300 sint,

2168 3320 2282 3366 sive
2315 3323 2464 3368 extra
2497 3332 2716 3385 corpus,
2745 3320 2862 3374 sive
2895 3322 2948 3375 in
2983 3331 3176 3393 terra,
3214 3328 3340 3383 sive
3382 3329 3435 3384 in
3467 3331 3618 3395 cmlo,
3655 3330 3744 3384 sive

2167 3406 2340 3473 angeli
2374 3407 2614 3477 gloriosi,
2644 3411 2756 3464 sive
2792 3417 2974 3468 sancti
3028 3419 3173 3483 viri,
3216 3421 3433 3492 jugiter
3466 3441 3529 3478 ac
3575 3423 3745 3476 indesi—

2170 3505 2357 3549 nenter
2391 3505 2554 3564 atque
2584 3497 3094 3558 indissoeiabiliter
3144 3519 3346 3563 astant
3396 3512 3450 3564 in
3491 3517 3744 3578 conspectu

2170 3585 2282 3638 Dei.
2325 3585 2521 3640 Venire
2556 3598 2735 3641 autem
2787 3591 3071 3650 dicuntur
3127 3608 3266 3652 ante
3312 3602 3482 3654 Deum
3519 3603 3744 3660 homines.

2167 3672 2291 3725 dum
2337 3689 2458 3727 cum
2506 3676 2693 3745 majori
2748 3680 3058 3738 devotione
3104 3695 3284 3757 atque
3340 3692 3522 3746 studio
3572 3692 3747 3744 animas

2167 3777 2289 3815 suas
2320 3762 2607 3818 elfuderint
2643 3767 2695 3820 in
2729 3770 2992 3826 oratione
3033 3785 3175 3832 ante
3206 3779 3411 3846 Deum,
3458 3784 3598 3837 sicut
3627 3786 3749 3835 Anna

2168 3859 2338 3904 male"
2376 3851 2660 3920 Salnuelis’
2703 3871 2826 3910 cum
2884 3859 2940 3912 in
3000 3864 3216 3921 dolore
3271 3871 3446 3924 animi
3495 3871 3753 3926 ellunderet

2171 3940 2466 3993 orationem
2494 3957 2648 3995 suam
2696 3944 2748 3997 in
2777 3960 3106 4015 conspectu
3145 3956 3379 4013 Domini
3402 3961 3450 3992 ⁷³
3488 3979 3502 4015 :
3543 3963 3669 4014 sicut
3690 3960 3755 4012 ille

2168 4031 2232 4084 de
2269 4045 2375 4099 quo
2401 4033 2602 4086 dlClUl’ﬂ
2635 4045 2752 4088 est:
2780 4036 2973 4092 Oratio
3004 4051 3314 4115 pauperis,
3340 4069 3461 4105 ευηι
3492 4057 3754 4106 αηεῇαηιω·

2167 4131 2213 4173 et
2246 4123 2298 4174 in
2333 4134 2604 4191 conspectu
2631 4125 2842 4179 Domini
2887 4131 3219 4198 e/Iun‘deret
3265 4146 3568 4199 orationem
3595 4146 3657 4201 ⁷⁸.
3689 4147 3757 4198 Sic

2170 4212 2346 4280 itaque
2373 4214 2631 4266 assistunt
2663 4226 2788 4268 ante
2817 4218 2992 4274 Deum
3025 4239 3248 4284 omnes
3269 4235 3369 4300 qui
3403 4236 3630 4290 soliicite
3658 4248 3753 4288 cum

2170 4303 2412 4372 oratione
2470 4302 2840 4360 adoraverint.
2928 4309 3027 4366 Sic
3126 4322 3323 4390 angeli
3401 4340 3528 4380 cum
3590 4325 3758 4396 gratias

2174 4401 2389 4486 agentes
2428 4392 2831 4486 misericordias
2863 4398 2989 4466 ejus
3032 4412 3436 4481 conﬁtentur,
3471 4392 3628 4486 atque
3661 4430 3758 4483 gra-

2177 4482 2275 4534 tias
2308 4481 2380 4535 illi
2407 4496 2505 4576 pro
2533 4483 2651 4576 ejus
2698 4487 2988 4576 beneﬁciis
3027 4513 3252 4569 agunt,
3303 4521 3433 4576 quae
3485 4481 3573 4564 ille
3615 4481 3759 4562 inces-

2174 4582 2357 4625 santer
2405 4574 2644 4640 impertit
2698 4575 2825 4632 ﬁliis
2876 4578 3230 4658 hominum,
3272 4574 3376 4650 aut
3407 4615 3532 4652 cum
3568 4597 3762 4651 viderint

2101 4455 2145 4509 D

2176 4858 2292 4936 nes,
2327 4852 2452 4898 tunc
2489 4845 2739 4900 nimirum
2775 4865 2901 4906 cum
2955 4864 3177 4924 gaudio
3210 4876 3394 4936 atque
3430 4845 3766 4925 exsultatione

2181 4933 2442 4986 assisuint
2467 4946 2589 4989 ante
2620 4937 2805 5000 Deum,
2865 4959 3070 5003 revera
3108 4965 3172 5006 et
3204 4967 3271 5009 ut
3297 4933 3490 5012 Deum
3539 4958 3766 5012 lionorili-

2178 5033 2322 5089 cent,
2354 5034 2513 5117 atque
2541 5026 2758 5082 laudent
2788 5031 2854 5086 de
2887 5035 3137 5096 victoria
3185 5062 3498 5105 servorum
3551 5051 3662 5117 Dei,
3695 5061 3771 5102 nec

2181 5127 2285 5207 non
2324 5123 2380 5166 ut
2411 5115 2491 5170 eis
2516 5117 2606 5185 qui
2644 5131 2870 5188 propter
2919 5125 3103 5184 Deum
3139 5139 3479 5207 patiuntur,
3528 5115 3772 5207 patientia:

2183 5203 2515 5259 ιοιθτδιηίδιη
2575 5218 2738 5276 alque
2791 5226 3045 5273 sanetam
3116 5203 3674 5286 consummationem
3723 5227 3773 5280 ab

2182 5293 2368 5386 eodem
2397 5298 2666 5364 postulent
2699 5301 2835 5358 Deo.
2892 5306 2988 5364 Sic
3043 5312 3256 5386 itaque
3313 5333 3600 5378 venerunt
3627 5333 3677 5375 et
3705 5333 3773 5370 ve-

2181 5383 2332 5436 niunt
2359 5387 2528 5456 angeli
2564 5387 2680 5455 Dei,
2710 5403 2769 5446 ut
2809 5407 3030 5454 starent
3059 5383 3202 5460 ante
3242 5410 3456 5468 Deum.
3490 5414 3584 5469 Sic
3615 5413 3774 5468 astite-

2182 5481 2305 5571 runt
2334 5488 2452 5528 cum
2476 5480 2637 5534 totius
2657 5488 2842 5540 mundi
2870 5496 3021 5546 satus
3045 5496 3116 5548 ad
3148 5497 3431 5560 homines
3465 5502 3772 5561 veniensini-

2183 5569 2313 5612 tium
2343 5570 2595 5636 sumpsit,
2626 5592 2691 5629 ex
2722 5575 2950 5650 Virgine
2990 5595 3120 5642 nato
3161 5589 3491 5665 Unigenito
3520 5599 3648 5662 Deo.
3676 5607 3772 5655 Cll!“

2101 5671 2165 5727 lll
2205 5673 2334 5744 Reg.
2373 5697 2531 5753 xvm,
2565 5691 2648 5747 15.
2758 5698 2801 5728 ²¹
2832 5697 2963 5756 Luc.
2995 5718 3032 5769 l,
3082 5703 3180 5760 i9.
3305 5714 3354 5746 7'
3390 5714 3502 5770 lsa.
3535 5714 3658 5782 1,14
3683 5724 3771 5776 θεει-
