3916 6456
143 518 207 578 illi
1399 514 1792 575 ANONYMUS
1831 523 1842 576 l

1944 522 2072 578 103.
2113 552 2185 562 --
2222 517 2348 576 LIB.
2391 521 2430 576 l.

3392 529 3500 587 £02

139 634 234 697 mhi
253 589 970 706 ‘qssl-mtlltit'udo
996 617 1387 706 exercituum
1402 633 1709 690 ctelestinm
1727 631 1851 687 lau-
1881 640 1926 697 Α
1951 635 2050 692 Job
2073 635 2528 706 appropinquare,
2561 635 2641 690 vel
2675 651 2792 690 eam
2823 643 3044 706 tangere
3063 632 3354 704 permissus
3387 655 3494 696 non

141 690 427 795 ξιιηιίὲῗῖ
635 690 1174 795 Ψθξιξίῆωἶηωω
1206 713 1390 776 Deum
1424 741 1529 795 pro
1562 725 1740 780 mundi
1762 742 1853 780 sa-

316 775 430 880 5.i_c
456 777 752 880 “nierum
777 780 846 880 η
873 789 1202 870 ιη’ίηίῖίβίθ
1233 811 1415 869 totius
1429 775 1722 880 rcreaturae,
1745 818 1854 874 sie-

156 866 416 976 ξῖδςεξ
445 866 607 976 panic
629 880 756 976 post
777 869 912 976 ipse
936 866 1125 946 Deus
1142 896 1211 951 ad
1229 897 1338 956 Job
1354 866 1854 976 insuum}-

166 999 299 1052 τως
535 960 725 1069 ﬁerent
753 967 950 1026 stella:
988 976 1386 1050 laudauerunt
1423 955 1504 1054 rite
1528 1016 1644 1053 voce
1662 1015 1852 1069 magna

182 1056 360 1152 mali
396 1056 597 1152 θηρί’-ει
636 1056 917 1152 lltlmnum
956 1069 1276 1138 dixerunt.
1315 1085 1376 1142 Si
1425 1100 1554 1146 tunc
1597 1056 1851 1146 laudave-

199 1143 306 1225 ωλι
368 1143 590 1243 quando
636 1147 987 1243 inanimatae
1055 1171 1251 1228 stella
1303 1176 1464 1233 factae
1507 1143 1655 1243 sunt,
1685 1143 1852 1236 multo

215 1237 936 1324 mg‘tslunclaudaverum
973 1263 1231 1322 quando
1259 1267 1512 1324 animata:
1538 1280 1592 1324 et
1625 1283 1852 1327 sensata:

238 1343 383 1400 natae
428 1329 585 1430 lacu—3
633 1345 792 1400 Sunt,
823 1338 884 1393 id
939 1359 1047 1402 est
1083 1357 1292 1413 animae
1338 1372 1648 1415 sanctorum
1691 1375 1850 1430 atque

247 1439 510 1493 ιιςιοτιιιιὶο
554 1423 633 1480 De
675 1430 885 1497 (ιιιῑιηιε
939 1441 1153 1501 stellis
1188 1449 1478 1505 dicendum
1529 1464 1650 1506 est:
1687 1423 1849 1507 Stella

239 1533 380 1589 ιηίγὶι
414 1532 443 1568 α
484 1517 638 1571 stella
693 1520 878 1591 differt
933 1527 1002 1582 in
1061 1533 1342 1602 claritate,
1365 1541 1441 1592 ita
1469 1548 1518 1593 et
1547 1542 1848 1594 resurrectio

247 1607 668 1672 mytuorum“.
702 1608 774 1663 Et
805 1613 945 1668 alibi
981 1635 998 1670 :
1036 1620 1198 1678 Tunc
1230 1626 1498 1695 fulgebunt
1519 1629 1651 1696 justi
1678 1639 1731 1680 ut
1768 1629 1850 1680 lu-

277 1698 491 1755 nimaria
537 1699 677 1766 coeli,
720 1712 770 1756 et
824 1705 973 1759 sicut
1025 1713 1204 1768 stella
1247 1717 1302 1768 in
1352 1717 1727 1785 perpetuum".
1758 1716 1849 1772 Sic

289 1792 457 1860 itaque
485 1809 512 1845 a
540 1794 745 1850 saeculo
771 1806 829 1850 et
863 1813 1052 1868 usque
1102 1803 1157 1856 in
1211 1815 1470 1859 aeternum
1515 1818 1688 1861 astant
1735 1809 1847 1861 sin-

285 1882 414 1950 gula
456 1883 706 1941 beneﬁcia
760 1891 1117 1958 operatiOnis
1165 1895 1398 1960 Domini,
1452 1912 1569 1964 qua?
1622 1897 1672 1950 in
1703 1898 1844 1959 omni

1955 729 2074 781 est?
2103 727 2380 792 Quomodo
2409 729 2616 782 veniret
2643 728 2706 779 ad
2739 726 2904 779 ctelos
2937 727 2982 778 is
3012 726 3100 793 qui
3129 740 3230 778 non
3259 738 3344 781 est
3369 747 3495 798 per.

1954 817 2150 870 missus
2197 815 2416 868 introire
2470 817 2521 868 in
2567 816 2907 883 paradisum?
2939 813 2994 867 Si
3025 814 3167 866 enint
3197 815 3260 868 ad
3289 818 3490 875 ostium

1953 907 2186 976 paradisi
2241 907 2630 960 observandum
2678 907 2954 960 cherubim
2987 906 3222 974 'posittts
3274 916 3377 970 est,
3431 917 3498 976 et.

1953 998 2255 1065 rhompltaaa
2303 997 2564 1062 ﬂammea,
2605 1006 2657 1048 ut
2695 997 2854 1048 homo
2887 995 2972 1048 ille
2999 997 3088 1064 qui
3121 994 3315 1048 exinde
3359 997 3484 1050 olim

1953 1087 2164 1153 cecidit,
2208 1087 2259 1140 id
2308 1097 2388 1140 est
2440 1088 2632 1148 Adam,
2660 1086 2794 1138 ultra
2849 1087 3066 1139 introire
3108 1101 3212 1140 non
3263 1096 3478 1154 posset:

1952 1179 2136 1246 quales
2164 1187 2406 1247 putamus
2443 1192 2559 1231 esse.
2589 1187 2800 1230 sanctas
2845 1176 3150 1244 angelorum
3183 1179 3478 1244 custodias,

1951 1271 2283 1337 virtutesque
2331 1267 2610 1329 ctelorutn,
2635 1281 2753 1333 quae
2802 1267 3109 1319 custodiunt
3137 1277 3313 1336 portas
3338 1269 3481 1336 illas,

1950 1361 2014 1413 ad
2043 1374 2173 1426 quas
2197 1359 2392 1412 dictum
2422 1368 2532 1414 est:
2553 1355 2736 1410 Tollite
2754 1367 2949 1424 portas,
2975 1359 3247 1427 principes,
3264 1372 3479 1427 uestras,

1949 1459 1999 1502 et
2025 1460 2076 1500 ut
2111 1451 2328 1500 introeat
2347 1465 2435 1502 rex
2467 1449 2741 1517 gloriae”?
2773 1463 2904 1516 quas
2937 1452 3164 1502 transire
3191 1450 3269 1502 vel
3307 1463 3480 1504 trans-

1949 1538 2092 1606 gredi
2149 1540 2214 1591 ad
2272 1539 2462 1591 cmlum
2503 1538 2829 1614 nequissimo
2885 1539 3099 1594 diabolo
3156 1540 3482 1608 impossibile

1949 1639 2084 1692 erat,
2114 1637 2166 1682 et
2199 1638 2298 1682 est.
2326 1629 2453 1681 Nam
2490 1643 2606 1682 cum
2635 1629 2701 1683 de
2727 1629 2879 1683 ctelis
2908 1638 3120 1698 prepter
3146 1630 3478 1696 iniquitatem

1949 1719 2243 1783 ceciderit,
2299 1735 2568 1788 nunquam
2633 1734 2815 1773 rursus
2859 1720 3104 1774 introibit
3145 1719 3199 1773 ιιι
3263 1720 3472 1781 cmlum,

1948 1819 2218 1872 nunquam
2253 1805 2426 1858 denuo
2456 1815 2752 1859 revertetur
2803 1808 2864 1859 ad
2912 1806 3059 1860 illud.
3104 1805 3161 1860 Si
3217 1808 3357 1860 enim
3411 1809 3478 1861 ad

1949 1895 2138 1964 impios
2172 1905 2333 1963 atque
2361 1895 2648 1950 sceleratos
2683 1897 2812 1950 dicit
2845 1897 3001 1960 Deus,
3036 1896 3252 1950 Calcare
3299 1898 3476 1950 aulam

284 1985 525 2042 tempore
551 1976 790 2045 impertit
819 1981 952 2036 liliis
985 1983 1296 2052 hominum,
1326 1989 1657 2054 conlitentia,
1685 2000 1846 2058 atque
1876 1982 1918 2036 Β
1948 2001 2110 2038 meam
2157 2002 2256 2038 non
2291 1985 2566 2053 adjicietis,
2605 1999 2778 2038 nonne
2826 1986 2992 2038 multo
3034 1987 3202 2052 magis
3234 1985 3476 2039 diabolus

276 2066 605 2130 invocantia,
631 2081 686 2122 ct
717 2074 928 2138 gratias
954 2077 1174 2142 agentia
1196 2076 1508 2130 beatitudini
1527 2081 1708 2133 aeterni
1728 2079 1839 2134 Dei.

271 2155 395 2209 Sed
449 2157 662 2212 interim
718 2166 1024 2216 secundum
1081 2165 1362 2218 historiam
1412 2175 1673 2220 steterunt
1718 2177 1842 2223 tunc

268 2256 406 2299 ante
441 2246 609 2300 Deum
642 2251 829 2319 angeli
862 2257 1206 2319 conlitentes,
1239 2264 1292 2308 et
1318 2256 1517 2324 gratias
1543 2259 1589 2308 ei
1626 2267 1843 2326 agentes

265 2346 500 2404 propter
543 2341 901 2395 sanctitatem
958 2342 1083 2408 Job,
1133 2358 1197 2397 ac
1246 2346 1519 2410 meritum,
1579 2347 1841 2414 justitiam

261 2441 512 2494 quoque,
554 2443 620 2483 ac
653 2431 936 2496 pietatem,
971 2433 1336 2487 innocentiam
1378 2443 1542 2503 atque
1568 2436 1844 2503 integrita-

263 2526 409 2581 tem,
454 2520 758 2575 maximam
799 2523 903 2576 sibi
933 2522 1160 2591 gloriam
1195 2534 1498 2592 reputantes
1525 2536 1646 2580 ante
1679 2527 1838 2580 Deum

260 2607 416 2661 beati
439 2607 546 2662 Job
583 2611 963 2664 innocentiam
999 2622 1160 2680 atque
1187 2614 1548 2667 sanctitatem.
1570 2615 1673 2668 Sed
1703 2615 1841 2682 quod

257 2713 365 2768 pro
393 2700 609 2764 gaudio.
638 2709 803 2768 atque
836 2701 1009 2770 gloria
1037 2704 1241 2755 sanctis
1268 2703 1487 2772 angelis,
1525 2704 1623 2757 hoc
1654 2705 1843 2757 nihilo-

257 2790 452 2852 utinus
471 2791 543 2843 ad
581 2790 1068 2847 inﬂammationem
1095 2804 1255 2860 atque
1287 2793 1456 2847 zelum
1489 2795 1701 2863 prolicit
1726 2813 1840 2849 ma-

254 2876 416 2946 ligno
451 2890 512 2934 et
539 2883 872 2938 adversario
925 2884 1160 2938 diabolo.
1192 2883 1479 2951 Propterea
1531 2899 1652 2938 cum
1699 2887 1842 2939 veni-

249 2978 393 3022 rent
440 2970 625 3040 angeli
677 2973 886 3040 gratias
934 2988 1114 3044 agere,
1162 2989 1227 3028 ac
1273 2974 1516 3030 conllteri
1558 2991 1655 3044 pro
1698 2977 1840 3043 justo

249 3057 389 3121 Job,
419 3063 578 3115 venit
605 3062 864 3117 diabolus
886 3064 1221 3132 malignitate
1245 3074 1406 3132 atque
1430 3065 1842 3122 inﬂammatione

255 3150 516 3218 repletus
573 3151 852 3207 adversus
899 3163 1256 3207 memoratum
1313 3153 1434 3208 Job.
1498 3154 1840 3210 Venientibus

252 3241 528 3296 videlicet
567 3243 809 3311 angelis,
853 3245 1003 3297 venit
1050 3250 1106 3298 et
1137 3242 1379 3297 diabolus
1429 3251 1488 3297 ut
1529 3253 1695 3297 staret
1719 3254 1840 3298 ante

255 3334 587 3388 Dominum.
630 3336 827 3405 Angeli
862 3344 1127 3389 venerunt
1185 3347 1242 3389 ιιι
1291 3339 1487 3407 gratias
1521 3347 1756 3408 agerent,
1789 3348 1842 3392 et

251 3433 699 3498 conﬁterentur,
739 3445 796 3486 et
828 3433 1111 3486 laudarent
1139 3449 1153 3484 ε
1184 3434 1428 3489 diabolus
1464 3450 1588 3490 vero
1622 3436 1762 3489 venit
1788 3447 1843 3490 ut

254 3526 628 3589 mentiretur,
675 3533 731 3578 et
774 3532 1078 3586 accusaret,
1110 3533 1269 3591 atque
1299 3525 1560 3592 culparet.
1613 3525 1676 3579 Et
1719 3542 1842 3580 vere

255 3615 421 3679 quasi
449 3612 683 3666 duabus
712 3613 963 3680 personis
993 3620 1147 3663 utens
1174 3611 1478 3680 angelorum
1525 3623 1580 3666 et
1619 3615 1839 3677 diaboli,

255 3704 589 3770 angelorum
620 3716 760 3755 sane
810 3700 1103 3754 bonitatem
1138 3699 1395 3762 ostendit,
1424 3711 1472 3752 et
1506 3701 1699 3755 diaboli
1748 3718 1842 3755 ne-

257 3794 500 3862 quitiam
553 3792 866 3861 redarguit,
892 3800 1053 3857 atque
1103 3789 1457 3855 nequissimus
1489 3790 1842 3858 cogitationes

254 3885 386 3951 ejus
411 3885 644 3952 detegit,
673 3883 876 3951 quibus
921 3880 1171 3949 nequiter
1201 3890 1358 3946 atque
1390 3879 1607 3947 indigne
1637 3881 1840 3949 cogita-

257 3975 348 4030 vit
383 3977 532 4044 apud
572 3974 933 4041 semetipsum
961 3969 1146 4039 procul
1194 3969 1352 4023 dubio
1383 3979 1639 4034 tractans,
1669 3985 1730 4024 ac
1760 3972 1840 4024 di-

260 4081 400 4121 ccns
431 4085 447 4122 ε
481 4065 626 4132 Quis
674 4064 808 4115 mihi
843 4062 993 4114 dabit
1044 4071 1099 4112 ut
1128 4059 1325 4127 possim
1354 4060 1536 4112 venire
1569 4069 1694 4112 ante
1715 4075 1841 4114 con-

259 4167 518 4224 spectant
568 4155 710 4209 Dei?
740 4153 874 4218 Quis
900 4151 1026 4203 milii
1069 4150 1214 4203 dabit
1237 4159 1294 4202 ιιι
1314 4149 1508 4217 possim
1545 4157 1688 4201 stare
1715 4160 1839 4203 ante

263 4223 468 4304 faciem
522 4247 680 4302 illius
725 4241 953 4297 aeterni?
1000 4241 1150 4294 Hanc
1208 4240 1416 4294 scilicet
1469 4223 1841 4306 cogitationem

266 4341 492 4405 diaboli,
523 4348 581 4393 et
621 4338 801 4405 ipsutn
840 4332 957 4398 ejus
987 4332 1334 4393 desiderium,
1369 4329 1521 4398 quasi
1554 4329 1840 4380 adventum

266 4445 594 4486 memorans
650 4427 920 4495 scriptor,
971 4423 1137 4475 dicit:
1171 4420 1236 4473 Et
1294 4420 1532 4472 diabolus
1593 4419 1728 4472 venit
1787 4427 1843 4470 ut

268 4534 436 4576 staret
485 4531 616 4574 ante
673 4517 952 4570 Dominum
967 4513 1035 4566 ⁷⁷.
1071 4510 1252 4574 Venit,
1279 4509 1371 4564 sed
1398 4524 1502 4562 non
1531 4509 1582 4561 in
1615 4523 1847 4577 praesen-

1946 2075 2034 2144 qui
2085 2085 2165 2128 est
2217 2076 2375 2128 totius
2404 2075 2697 2141 iniquitatis
2730 2085 2934 2138 auctor,
2967 2084 3022 2130 et
3050 2076 3221 2128 omnis
3259 2076 3476 2130 sceleris

1943 2175 2094 2235 pater
2141 2175 2300 2234 atque
2333 2165 2598 2226 inventor,
2630 2164 2696 2216 ad
2737 2165 3006 2218 ctelestem
3051 2165 3221 2216 aulam
3258 2179 3322 2217 ex
3371 2179 3472 2232 qua

1945 2266 2130 2324 sponte
2153 2256 2364 2318 cecidit,
2400 2270 2665 2321 nunquam
2694 2257 2884 2308 iterum
2913 2256 3186 2319 ascendet,
3205 2269 3479 2322 nunquam

1945 2347 2120 2398 denuo
2148 2344 2483 2398 revertetur?
2512 2343 2564 2397 Si
2599 2344 2738 2397 enim
2784 2345 3000 2412 spiritus
3051 2344 3234 2397 exiens
3282 2348 3471 2396 iterum

1944 2449 2051 2488 non
2099 2436 2402 2498 revertitur,
2457 2449 2627 2502 neque
2682 2442 2960 2487 revocatur
3007 2434 3187 2486 anima
3248 2435 3470 2488 ablata:

1943 2537 2120 2578 nonne
2147 2523 2311 2576 multo
2332 2524 2560 2592 amplius
2586 2524 2631 2578 is
2663 2523 2750 2590 qui
2799 2532 3016 2590 propter
3049 2523 3382 2591 iniquitatem
3409 2524 3474 2578 de

1944 2613 2079 2668 cosio
2112 2614 2294 2678 exivit,
2327 2629 2592 2681 nunquam
2623 2629 2810 2667 rursus
2845 2613 2968 2666 illuc
3000 2623 3316 2677 revertetur,
3350 2623 3404 2668 et
3427 2615 3474 2667 is

1943 2703 2033 2770 qui
2059 2713 2273 2770 prepter
2325 2705 2742 2771 impmnitentem
2785 2704 3074 2772 nequitiam
3104 2705 3371 2772 proiectus
3393 2715 3475 2759 est

1944 2807 2008 2846 ex
2043 2793 2218 2847 choris
2262 2804 2563 2847 sanctorum
2599 2793 2927 2858 angelorum,
2951 2809 3219 2861 nunquam
3259 2810 3475 2864 prorsus

1929 2883 2008 2935 ad
2032 2884 2400 2950 paenitentiam
2440 2883 2812 2936 revocabitur?
2841 2883 3012 2936 Stabit
3047 2885 3186 2937 enim
3221 2895 3470 2954 tanquam

1943 2972 2261 3040 incomptus,
2293 2985 2451 3041 atque
2497 2974 2748 3027 indomita
2782 2973 3083 3028 aversione.
3111 2975 3174 3027 Et
3201 2977 3396 3040 adhuc,
3427 2978 3472 3030 si

1943 3064 2066 3118 olim
2097 3065 2224 3118 Cain
2258 3080 2375 3117 cum
2403 3065 2574 3119 exiret
2624 3079 2654 3117 a
2711 3063 2844 3117 facie
2899 3063 3104 3117 Domini
3159 3080 3253 3132 pro
3298 3065 3472 3134 impiis

1943 3153 2179 3216 ausibus,
2215 3170 2480 3222 nunquam
2519 3163 2644 3208 ante
2663 3167 3000 3223 conSpectum
3033 3155 3240 3210 Domini
3270 3155 3359 3209 Dei
3391 3169 3474 3210 est

1945 3258 2193 3297 reversus
2217 3259 2231 3294 :
2256 3259 2430 3298 nonne
2458 3243 2624 3297 multo
2653 3245 2879 3313 amplius
2902 3245 2989 3300 hic
3018 3245 3263 3299 diabolus
3288 3245 3377 3314 qui
3405 3247 3470 3298 ad

1942 3348 2152 3386 omnem
2181 3333 2552 3387 crudelitatem
2599 3331 2699 3386 fuit
2725 3333 2979 3402 magister
3009 3335 3145 3403 ejus,
3174 3333 3263 3402 qui
3292 3343 3346 3387 et
3375 3333 3470 3386 lto-

1945 3423 2134 3477 micida
2164 3424 2229 3475 ab
2255 3422 2562 3489 initiojuste
2589 3432 2669 3477 est
2693 3432 3027 3492 nuncupatus
3046 3438 3074 3476 a
3099 3423 3237 3478 facie
3262 3423 3471 3478 Domini

1944 3510 2036 3565 Dei
2061 3521 2305 3578 tanquam
2330 3511 2556 3580 injustas
2573 3510 2715 3579 juste
2743 3509 3030 3579 projectus,
3055 3526 3323 3580 nunquam
3348 3522 3472 3567 ante

1942 3601 2130 3656 faciem
2164 3600 2372 3654 Domini
2409 3602 2585 3654 veniet
2623 3601 2875 3669 amplius,
2925 3617 3192 3670 nunquam
3241 3602 3292 3655 in
3347 3617 3473 3656 con-

1942 3703 2124 3761 specta
2177 3703 2375 3747 sanctae
2443 3692 2621 3762 gloria;
2671 3703 2967 3746 revertetur
3023 3693 3276 3748 ulterius?
3322 3693 3471 3762 juxta

1930 3787 2042 3837 "hoc
2089 3784 2226 3851 quod
2272 3783 2468 3836 dictum
2506 3792 2624 3836 est:
2657 3782 2941 3850 Auferatur
2978 3783 3165 3850 impius
3205 3798 3267 3835 ne
3303 3784 3472 3835 videat

1941 3876 2156 3943 gloriam
2190 3873 2480 3930 Domini".
2511 3874 2759 3926 Etadltuc
2785 3893 2798 3927 :
2826 3872 2879 3926 Si
2905 3875 3049 3941 impii
3085 3890 3184 3926 non
3213 3884 3473 3941 resurgen:

1941 3966 1994 4016 iu
2020 3964 2244 4032 judicio,
2280 3973 2325 4015 et
2373 3976 2662 4030 peccatores
2701 3965 2754 4016 in
2800 3964 3012 4016 consilio
3056 3963 3318 4031 justorum
3368 3979 3472 4017 non

1943 4054 2358 4121 apparebunt”,
2389 4057 2652 4121 quomodo
2695 4054 2783 4108 ille
2812 4054 2902 4122 qui
2947 4063 3098 4122 pater
3138 4054 3342 4106 exstitit
3371 4054 3471 4105 im-

1942 4145 2219 4212 pietatum,
2249 4153 2303 4196 et
2349 4146 2560 4211 genitor
2589 4153 2954 4212 peccatorum,
2990 4143 3042 4196 id
3074 4152 3155 4196 est
3207 4142 3470 4204 diabolus,

1942 4235 1995 4287 in
2026 4243 2310 4300 conspectu
2337 4245 2535 4287 sancta:
2561 4234 2739 4300 gloriae
2772 4232 2865 4285 Dei
2906 4231 3216 4300 apparebit?
3245 4231 3472 4297 Quomo-

1943 4324 2012 4377 do
2052 4337 2195 4377 mors
2237 4325 2358 4376 vita:
2394 4323 2745 4377 conveniret?
2776 4321 3050 4387 Quomodo
3080 4320 3297 4381 stabunt
3325 4331 3474 4374 tene-

1942 4410 2053 4463 brat:
2108 4411 2158 4462 in
2210 4421 2496 4478 conspectu
2555 4410 2688 4463 lucis
2735 4407 3155 4462 inaccessibilis?
3202 4408 3478 4473 Quomodo

1947 4499 2248 4553 sustineant
2289 4499 2508 4566 stipula,
2543 4499 2722 4552 fenum
2771 4506 2931 4565 atque
2967 4511 3104 4557 cera
3148 4497 3474 4550 vicinitatem

269 4615 369 4673 tia,
404 4629 512 4667 non
545 4622 801 4670 accessu,
839 4617 1014 4671 neque
1054 4601 1294 4665 introitu,
1335 4599 1427 4653 sed
1457 4599 1601 4652 venit
1632 4600 1838 4666 cogila—
1873 4617 1918 4670 ι)
1946 4589 2080 4656 ignis
2119 4589 2522 4657 insuperabilis;
2560 4588 2625 4642 de
2649 4603 2754 4656 quo
2773 4589 2972 4642 dicitur
3000 4605 3014 4640 :
3043 4586 3186 4640 Sicut
3210 4587 3331 4655 ﬂuit
3361 4600 3488 4638 cera.

278 4708 450 4771 tione,
481 4701 720 4767 consilio
767 4708 823 4752 et
880 4693 1165 4749 desiderio.
1201 4690 1330 4744 Nam
1362 4690 1500 4744 sicut
1530 4691 1648 4757 quis
1678 4691 1840 4743 latro-

274 4812 402 4850 num
437 4796 656 4866 positus
703 4791 758 4842 in
791 4799 1012 4840 carcere
1043 4797 1106 4837 ac
1142 4780 1370 4834 vinculis
1396 4779 1508 4830 vult
1532 4777 1840 4845 frequenter

274 4896 336 4939 et
359 4898 513 4955 optat
545 4894 609 4936 ιιι
645 4881 882 4934 εἱιίοιιιε
913 4876 964 4927 iit
1000 4872 1268 4928 montibus
1297 4870 1386 4924 ubi
1410 4871 1612 4938 pridem
1643 4869 1837 4931 fuerat,

275 4979 374 5028 sed
424 4990 534 5027 non
582 4973 702 5039 ipse
735 4975 818 5020 est
847 4965 979 5026 illic,
1011 4963 1104 5016 sed
1138 4975 1326 5014 sensus
1373 4970 1531 5026 atque
1588 4959 1840 5026 cogitatio

279 5065 413 5129 ejus,
448 5073 506 5117 et
540 5059 698 5113 venit
752 5055 822 5108 illi
877 5051 1133 5122 cogitatio
1178 5046 1658 5102 commonefaciens
1693 5062 1750 5100 se
1776 5047 1841 5100 de

281 5155 348 5208 iis
373 5169 493 5224 qua:
527 5153 642 5206 illic
663 5157 792 5202 sunt
820 5145 949 5198 locis
976 5153 1031 5196 et
1059 5140 1400 5201 stationibus,
1431 5135 1588 5189 factis
1608 5150 1850 5203 quoque,

281 5255 442 5316 atque
484 5241 734 5300 studiis:
765 5238 834 5289 ita
873 5231 1140 5292 diabolus,
1184 5244 1301 5281 cum
1334 5225 1743 5282 commonefacit
1784 5239 1841 5279 se

281 5341 528 5403 priorum
562 5331 832 5388 omnium,
865 5333 918 5378 et
961 5320 1234 5375 desiderat
1274 5318 1356 5369 illa
1389 5331 1508 5384 qua!
1554 5323 1678 5367 sunt
1719 5326 1843 5367 ante

281 5401 473 5490 Deum,
523 5429 583 5475 et
626 5417 776 5470 vadit
825 5413 944 5464 illuc
974 5421 1140 5461 sensu
1185 5414 1344 5473 atque
1376 5401 1715 5472 c03itatione,
1751 5413 1841 5454 ve-

280 5515 428 5569 nisse
484 5510 693 5564 dicitur
734 5514 854 5556 ante
901 5501 1092 5558 Deum,
1130 5508 1249 5545 cum
1305 5509 1410 5547 non
1470 5492 1582 5558 ipse
1628 5491 1842 5559 proprie

276 5605 516 5665 Venerit,
551 5599 646 5654 sed
705 5609 860 5648 sensu
913 5598 965 5642 et
1011 5583 1357 5651 cogitatione.
1389 5582 1522 5636 Nam
1575 5582 1843 5649 quomodo

274 5694 500 5748 Veniret
544 5693 672 5739 ante
710 5686 1047 5745 conspectum
1078 5669 1170 5721 Dei
1200 5670 1261 5729 is.
1299 5672 1392 5738 qui
1422 5677 1620 5724 sancta:
1645 5669 1840 5723 animm

349 5788 398 5820 τ’
427 5785 448 5836 ι
480 5782 619 5836 Cor.
649 5790 735 5837 xv,
764 5773 848 5832 4i,
883 5765 967 5819 42.
1049 5760 1097 5791 ⁷⁶
1117 5761 1240 5815 Dan.
1281 5780 1379 5832 χιι,
1412 5765 1463 5817 3.

261 5849 325 5889 ’ί
357 5853 509 5910 Psal.
545 5860 711 5906 sttt,
747 5842 793 5891 5.

1945 4696 1976 4731 a
2013 4678 2148 4745 facie
2186 4681 2338 4746 ignis,
2365 4679 2439 4729 sic
2485 4688 2692 4744 pereant
2735 4689 3026 4744 peccatores
3064 4694 3095 4728 a
3136 4676 3269 4744 facie
3292 4675 3383 4728 Dei
3399 4673 3480 4725 “?

1942 4767 2220 4832 Quomodo
2248 4781 2430 4820 vocem
2466 4766 2557 4820 Dei
2601 4768 2845 4829 audiens,
2888 4767 3210 4835 respondeat
3254 4764 3329 4817 illi
3376 4765 3477 4816 im-

1946 4859 2192 4922 mundus,
2224 4871 2382 4926 atqnc
2424 4860 2764 4914 exsecrabilis
2801 4859 2978 4925 refuga
3027 4857 3290 4920 diabolus,
3321 4869 3476 4924 quem

1943 4963 2041 5001 nec
2097 4949 2266 5002 sancti
2315 4949 2487 5017 angeli
2548 4950 2759 5017 dignum
2795 4951 2993 5003 habent
3039 4965 3135 5003 suo
3181 4943 3479 5013 colloquio?

1946 5037 2109 5104 Cujus
2156 5035 2581 5102 coniunctionem
2635 5038 2808 5091 nullus
2857 5046 3165 5091 sanctorum
3218 5033 3475 5099 suscepit.

1887 5146 1890 5150 λ
1948 5141 2118 5194 neque
2148 5128 2418 5194 amplexus
2449 5128 2576 5180 est?
2598 5129 2747 5193 Quod
2779 5127 2974 5181 claruit
3026 5127 3078 5178 in
3131 5125 3286 5178 beato
3316 5121 3478 5174 Paulo

1948 5225 2000 5270 et
2029 5215 2160 5278 Sila,
2195 5217 2385 5283 quibus
2418 5215 2568 5269 valde
2604 5217 2882 5270 molestum
2929 5215 3026 5267 init
3057 5213 3195 5280 quod
3239 5211 3481 5262 diabolus

1946 5321 2040 5376 per
2075 5307 2216 5361 illius
2259 5308 2544 5360 divinantis
2575 5307 2758 5375 puella:
2797 5321 2858 5360 os
2907 5306 2960 5358 in
2994 5302 3361 5368 Philippenses
3391 5311 3480 5348 se-

1948 5407 2171 5464 quentes
2214 5411 2305 5451 eos
2345 5397 2677 5459 clamaverit,
2717 5408 2990 5463 usquequo
3047 5404 3148 5442 non
3206 5386 3484 5438 sustinens

1947 5489 2144 5544 Paulus
2168 5488 2426 5544 confusus
2451 5487 2581 5541 illud
2617 5487 2934 5540 daemonium
2969 5476 3187 5549 pepulit.
3216 5470 3486 5524 Omnibus

1950 5579 2131 5646 itaque
2178 5579 2346 5631 modis
2389 5577 2793 5645 comprobatum
2831 5581 2940 5633 est,
2987 5564 3109 5632 quia
3150 5555 3405 5653 diabolus
3459 5576 3492 5609 a

1949 5670 2150 5722 sanctis
2197 5670 2381 5736 pulsus
2429 5675 2534 5726 est,
2578 5675 2738 5732 atque
2783 5667 3086 5716 sanctorum
3123 5651 3503 5736 p—rms‘entiam

1578 5761 1620 5793 ⁷⁷
1644 5760 1747 5816 Job
1777 5779 1816 5828 t,

1973 5764 2018 5794 ⁷³
2057 5729 2384 5825 Ρειιιίιιχιιι,
2419 5760 2468 5814 7.
2529 5760 2573 5792 ⁷⁸
2604 5729 2702 5814 lsa.
2754 5767 2896 5814 aut,
2927 5746 3012 5797 10.
3093 5735 3133 5764 ⁸⁰
3160 5729 3306 5782 Ρδειιο
3359 5746 3404 5794 ι,
3447 5735 3508 5789 4.
