3916 6460
481 506 582 563 Ινθό

486 639 585 678 non
637 616 918 678 sustinuit,
947 614 1079 669 'sive
1117 612 1422 681 angelorum
1444 652 1458 676 ,
1506 610 1620 666 sive
1675 610 1945 665 hominum
1980 625 1993 660 :
2028 613 2070 667 Α

480 714 644 767 multo
678 707 842 774 magis
883 707 1169 759 terribilem
1214 704 1303 757 Dei
1346 703 1676 771 praesentiam
1709 715 1811 753 nou
1836 699 1998 752 susti-

477 799 639 859 nebit,
676 809 848 864 neque
895 803 1017 847 ante
1059 792 1343 861 gloriosam
1393 791 1484 844 Dei
1539 789 1727 842 faciem
1762 789 1992 842 accedet.

428 948 442 961 .
478 888 531 939 Si
567 885 707 940 enim
733 898 851 937 cum
879 882 944 967 ad
980 892 1146 935 terras
1174 881 1379 933 veniret
1407 878 1750 945 Unigenitus,
1783 875 2001 929 Deitatis

432 996 433 1003 η
480 976 530 1029 in
573 990 631 1029 se
671 974 920 1028 virtutem
970 979 1128 1038 atque
1176 983 1448 1023 accessum
1485 983 1586 1020 non
1623 966 1907 1026 sustinens,
1935 978 2001 1017 ne

477 1070 833 1130 torqueretur,
867 1059 1071 1126 rogavit
1100 1074 1112 1108 :
1146 1059 1408 1125 quomodo
1452 1055 1516 1108 ad
1548 1055 2000 1121 incorruptionem

478 1152 756 1212 accedens,
784 1156 909 1201 ante
938 1147 1079 1199 illam
1108 1142 1500 1198 intolerabilem
1526 1153 1685 1210 atque
1712 1143 2002 1195 inaccessi-

480 1240 637 1293 bilem
692 1238 781 1290 Dei
828 1234 1021 1289 faciem
1065 1233 1244 1295 stabit,
1280 1241 1334 1285 et
1378 1246 1559 1285 vocem
1587 1230 1869 1283 verborum
1906 1245 2003 1282 au-

477 1329 651 1391 diens,
682 1340 992 1394 responsum
1029 1332 1186 1392 atque
1212 1323 1613 1392 replicationem
1642 1322 1824 1375 dabit?
1856 1320 2006 1385 Quod

477 1431 561 1471 eSt
585 1418 829 1470 omnibus
862 1415 1030 1467 modis
1057 1425 1111 1467 et
1145 1415 1404 1474 illicitum,
1430 1422 1480 1465 et
1510 1412 1850 1479 impossibile.
1880 1411 2007 1464 Post

477 1523 596 1577 qua:
630 1508 901 1569 universa,
923 1521 957 1561 ο
986 1507 1162 1565 amici,
1197 1516 1255 1559 ut
1298 1505 1543 1573 superius
1583 1503 1710 1565 dixi,
1748 1502 2009 1570 intelliga-

479 1612 598 1649 mus
626 1595 782 1648 verba
808 1603 1005 1649 sanctae
1034 1594 1342 1661 Scripturaa.

552 1683 771 1737 Venisse
807 1683 1045 1736 diabolus
1092 1682 1292 1736 dicitur
1343 1690 1465 1735 ante
1515 1680 1698 1744 Deum,
1725 1688 1779 1731 et
1803 1680 2009 1732 audisse

482 1790 511 1825 a
553 1773 677 1835 Deo,
714 1781 769 1825 et
812 1772 1147 1840 respondisse
1197 1771 1324 1833 Deo,
1357 1784 1462 1823 non
1501 1768 1637 1835 quod
1674 1768 1933 1837 malignus
1959 1775 2011 1820 et

481 1861 784 1914 iunnundus
822 1870 983 1928 atque
1035 1860 1347 1913 tenebrosus
1381 1857 1625 1911 diabolus
1663 1857 1798 1911 facie
1824 1859 1890 1910 ad
1932 1858 2011 1909 fa-

479 1949 614 2001 ciem
651 1950 857 2002 steterit
888 1958 1009 2001 ante
1053 1950 1236 2001 Deum.
1279 1947 1475 2000 Absit:
1505 1948 1625 2014 quis
1673 1947 1811 2000 enim
1846 1948 2010 2000 durus

480 2039 702 2092 ell'ectus
750 2040 1036 2102 sustineat,
1068 2038 1260 2107 inquit,
1302 2039 1637 2106 praesentiam
1667 2035 1815 2103 ejus?
1851 2035 2012 2090 Paulo

483 2140 597 2197 post
622 2130 671 2181 in
698 2128 882 2181 eodem
909 2127 1064 2188 libro,
1102 2128 1202 2180 hoc
1233 2137 1336 2191 est,
1362 2127 1482 2193 quis
1510 2127 1676 2179 durus
1700 2125 1916 2179 effectus
1948 2126 2014 2179 ad

483 2235 586 2272 non
631 2219 1016 2284 pmnitendutn,
1060 2217 1302 2269 timorem
1356 2224 1516 2283 atque
1568 2217 1814 2268 virtutem
1848 2215 2017 2269 susti-

485 2317 607 2360 neat
654 2306 828 2359 vultus
867 2305 1021 2372 ejus?
1065 2304 1208 2370 Ideo,
1245 2312 1302 2357 ut
1345 2305 1587 2371 superius
1630 2304 1879 2367 diximus,
1910 2316 2015 2355 non

486 2399 538 2450 in
573 2410 796 2465 persona
822 2397 967 2447 venit
1010 2394 1370 2462 nequissimus
1404 2394 1650 2448 diabolus
1671 2404 1795 2447 ante
1824 2395 2013 2456 Deum,

485 2489 579 2542 sed
619 2486 882 2549 consiliis,
910 2494 963 2537 et
993 2485 1422 2553 cngitationibus,
1453 2494 1612 2551 atque
1638 2483 1884 2552 nequitias
1909 2498 2017 2537 suae

488 2575 915 2629 meditationibus
941 2589 955 2624 :
979 2584 1032 2626 et
1078 2587 1193 2640 quae
1223 2573 1472 2641 cogitavit
1498 2577 1562 2627 de
1594 2588 1676 2637 eo,
1710 2587 1825 2641 qua:
1858 2574 2016 2627 etiam

485 2666 551 2718 de
590 2660 689 2717 Job
740 2661 908 2729 justo,
958 2663 1069 2715 lucc
1113 2669 1376 2714 venerunt
1424 2668 1550 2713 ante
1602 2660 1788 2724 Demu,
1830 2661 2015 2713 borum

486 2754 744 2807 memoria
776 2753 920 2806 venit
966 2752 1017 2803 in
1056 2760 1343 2819 conspectu
1392 2750 1576 2803 aeterni
1606 2749 1718 2803 Dei.
1758 2749 1880 2804 llaac
1910 2766 2020 2803 me-

487 2860 701 2898 morans
724 2844 928 2913 Moyses
962 2856 1217 2911 personas
1247 2841 1393 2910 ponit
1422 2849 1580 2907 atque
1613 2841 1858 2893 ostendit.
1895 2840 2020 2894 Per-

486 2935 636 2988 sonis
662 2934 851 3003 quibus
873 2932 1072 2986 utitur?
1103 2932 1399 3000 Aliquando
1423 2929 1752 2998 angelorum,
1774 2929 2021 2996 aliquan-

488 3026 557 3078 do
590 3024 804 3085 diaboli,
834 3036 1218 3089 nonnunquam
1254 3030 1430 3074 autem
1455 3020 1569 3082 Dei,
1608 3028 1664 3071 ut
1689 3033 1784 3087 per
1809 3017 2018 3084 signiti-

488 3114 723 3168 cationes
757 3126 1102 3182 personarum
1145 3125 1207 3164 ea
1254 3125 1374 3177 qua:
1406 3110 1729 3175 contigerint
1757 3110 2021 3175 designet,

487 3216 543 3258 et
590 3221 709 3273 quae
760 3204 899 3257 facta
958 3211 1082 3257 sunt
1125 3200 1446 3253 manifestet.
1510 3199 1744 3265 Quorum
1804 3200 2022 3253 evidens

491 3295 789 3362 exemplum
848 3293 899 3345 in
956 3291 1109 3345 nobis
1170 3290 1540 3357 reperimus,o
1597 3289 1774 3342 amici.
1805 3288 1933 3341 Nam
1967 3298 2022 3343 et

490 3385 797 3450 frequenter
821 3379 1064 3433 sensibus
1093 3379 1291 3431 nostris
1319 3378 1408 3431 illo
1450 3380 1739 3446 pergimus,
1769 3378 1853 3431 ubi
1884 3393 2021 3430 nun-

488 3488 649 3541 quam
683 3484 905 3538 corpore
939 3478 1230 3536 praesentes
1272 3468 1487 3530 luimus,
1510 3470 1623 3522 sive
1654 3469 1704 3521 in
1733 3469 1924 3522 coelum
1955 3470 2020 3520 ad

492 3561 682 3624 Deum,
710 3561 824 3614 sive
848 3561 900 3612 in
928 3567 1122 3611 terram
1157 3558 1221 3609 ad
1268 3558 1526 3611 homines.
1559 3560 1709 3628 Saepe
1735 3562 1799 3615 ad
1831 3560 2022 3614 absen-

497 3649 862 3718 tes’tanquam
896 3649 961 3701 ad
1001 3657 1293 3717 praesentes
1335 3638 1711 3714 loquimurfet
1749 3651 2025 3719 cogitation

495 3741 653 3794 nibus
683 3740 880 3793 nostris
906 3753 1025 3792 cum
1048 3737 1152 3790 illis
1174 3738 1265 3805 qui
1296 3738 1446 3791 valde
1476 3739 1628 3807 longe
1659 3750 1782 3794 sunt
1808 3753 2023 3795 conten-

492 3831 689 3893 dimus,
720 3842 773 3883 et
802 3830 1144 3893 altercamur,
1174 3838 1440 3882 certamus
1474 3844 1685 3898 quoque
1708 3841 1762 3885 et
1802 3835 2024 3902 replica-

493 3935 638 3985 mus,
681 3927 733 3974 et
764 3934 831 3972 ex
881 3918 1087 3972 illorum
1132 3933 1358 3986 persona
1402 3922 1811 3985 controversias,
1864 3933 2024 3991 atque

497 4011 888 4080 replicationes,
915 4011 1068 4065 nobis
1101 4009 1231 4078 ipsis
1262 4011 1503 4064 facimus.
1535 4009 1684 4079 Saepe
1705 4016 1865 4066 etiam
1890 4025 1945 4067 et
1974 4014 2023 4066 in

496 4101 691 4156 omium
739 4102 803 4154 ad
846 4101 1006 4154 Deum
1054 4101 1392 4155 ascendimus
1430 4113 1483 4155 et
1513 4111 1768 4169 tanquam
1816 4104 1869 4155 in
1897 4119 2027 4157 con-

498 4203 685 4260 spectu
722 4192 811 4246 Dei
840 4193 892 4245 in
924 4192 1151 4247 excelsis
1178 4192 1339 4245 animi
1366 4192 1594 4255 visione,
1627 4201 1785 4259 atque
1807 4194 2026 4259 spiritus

496 4280 795 4335 elevatione
826 4294 1048 4345 stamus,
1079 4292 1134 4337 et
1161 4287 1226 4336 ad
1262 4283 1423 4335 Deum
1465 4281 1754 4349 loquimur,
1778 4291 1831 4335 et
1863 4298 1891 4334 a
1920 4282 2027 4335 Deo

497 4371 758 4433 audimus,
788 4382 946 4441 atque
976 4374 1082 4426 Deo
1108 4388 1415 4441 responsum
1449 4373 1654 4425 damus.
1679 4372 1742 4424 Et.
1767 4373 1879 4426 haec
1904 4373 2026 4425 uni-

499 4474 656 4513 versa
686 4459 907 4513 dicimus
950 4461 1123 4514 adhuc
1162 4463 1212 4513 in
1250 4475 1474 4529 corpore
1501 4461 1681 4528 positi,
1708 4469 1869 4526 atque
1907 4474 2028 4513 car-

2040 1916 2085 1974 Β

2050 3241 2090 3297 C

1570 493 1940 549 ANONYMUS
1975 491 2042 547 IN
2078 491 2215 547 JOB.
2254 521 2323 531 -—
2358 490 2486 545 LIB.
2521 489 2563 543 l.

3604 472 3699 527 ωι

2095 606 2150 659 in
2196 606 2408 673 spiritu,
2458 610 2645 672 utpote
2698 612 2805 652 non
2858 587 3154 653 carmiia,
3206 585 3308 641 sed
3359 582 3619 654 spiritalia
3650 586 3699 638 in

2094 697 2237 750 omni
2287 706 2529 764 tempore
2578 692 2912 761 cogitantes,
2953 696 3245 751 tanquam
3280 682 3433 733 inter
3468 676 3701 732 homines

2096 802 2256 855 super
2285 796 2484 839 terram
2513 785 2637 845 visi,
2667 781 2838 834 animi
2874 792 3022 831 vero
3056 770 3262 828 studio
3299 778 3433 822 ante
3463 768 3622 822 Deum
3651 769 3698 821 in

2098 878 2233 932 caelo
2270 876 2437 929 fuisse
2465 869 2821 941 comprobati.
2856 862 3160 934 Ejusmodi
3204 858 3401 913 dicunt
3428 871 3551 909 cum
3582 855 3703 906 littu-

2099 969 2222 1021 cia:
2254 964 2543 1025 Habitatio,
2573 956 3014 1015 veloonversatio
3047 960 3250 1006 nostra
3288 948 3350 1000 in
3382 946 3525 999 caelis
3552 955 3623 998 est
3644 946 3701 997 ⁸⁸.

2102 1057 2162 1110 Si
2191 1058 2353 1125 igitur
2380 1053 2626 1107 homines
2658 1064 2826 1103 carne
2869 1045 3089 1107 induti,
3125 1051 3189 1095 et
3213 1036 3582 1105 corruptione
3610 1036 3707 1089 eir-

2102 1143 2337 1198 cumdati
2371 1141 2427 1195 in
2451 1140 2603 1195 caelis
2627 1149 2757 1191 ante
2788 1138 2961 1189 Deum
2997 1142 3161 1185 stare
3193 1137 3254 1183 et.
3286 1140 3419 1181 esse
3452 1125 3706 1190 dicuntur,

2103 1249 2207 1288 non
2239 1241 2426 1286 natura
2455 1231 2583 1283 illuc
2605 1226 2861 1297 profecti,
2885 1224 2989 1277 sed
3013 1221 3329 1275 voluntate
3355 1224 3416 1271 et
3430 1214 3704 1277 desiderio,

2106 1323 2270 1377 animi
2302 1320 2650 1375 meditatione
2666 1318 2868 1381 evecti,
2899 1315 3042 1383 quid
3081 1323 3365 1380 magnum
3401 1308 3447 1361 si
3482 1307 3708 1361 diabolus

2104 1429 2224 1467 cum
2252 1413 2321 1466 sit
2348 1411 2569 1479 spiritus
2592 1419 2648 1463 et
2676 1404 3197 1474 incorruptibiliter
3219 1414 3417 1454 aerem
3448 1408 3707 1466 pertrans-

2107 1504 2220 1557 iens
2259 1512 2314 1555 et
2354 1501 2595 1569 pelagus,
2635 1506 2759 1553 ante
2815 1498 2991 1549 Deum
3044 1492 3283 1545 venisse
3333 1485 3573 1540 dicitur?
3608 1484 3708 1538 Non

2106 1588 2246 1656 quod
2271 1589 2382 1653 ipse
2410 1587 2576 1647 venit,
2602 1585 2696 1638 sed
2737 1591 3018 1637 venerunt
3044 1575 3412 1631 immortales
3446 1574 3711 1641 cogitatu»

2108 1691 2203 1729 nes
2223 1675 2376 1743 ejus:
2411 1685 2571 1743 atque
2601 1673 2956 1741 nequissimae
2989 1667 3390 1736 cogitationes
3425 1663 3563 1731 ejus.
3597 1662 3707 1714 Nam

2107 1768 2247 1821 sicut
2275 1767 2339 1818 ad
2364 1765 2672 1820 Cornelium
2699 1765 2905 1817 dictum
2941 1762 3016 1814 de
3046 1759 3224 1812 bonis
3252 1771 3270 1809 :
3299 1755 3589 1808 Orationes
3620 1763 3709 1806 tua:

2111 1869 2156 1911 et
2188 1859 2521 1924 eleemosynw
2552 1865 2656 1908 tua:
2683 1854 3045 1906 ascenderunt
3068 1852 3129 1902 in
3157 1846 3485 1901 memoriam
3519 1846 3572 1898 in
3600 1862 3709 1898 con-

2111 1959 2287 2016 spectu
2339 1948 2546 2011 Deis",
2582 1947 2661 2000 sic
2691 1945 2981 1999 etdictum
3015 1949 3109 1994 est
3166 1937 3397 1992 diabolo
3445 1938 3511 1991 de
3553 1936 3710 1998 malis,

2112 2037 2478 2104 malignitates
2510 2046 2614 2089 tua:
2659 2044 2824 2103 atque
2860 2033 3212 2100 iniquitates
3265 2026 3635 2081 ascenderunt
3668 2027 3711 2079 in

2113 2128 2430 2182 memoriam
2478 2128 2529 2181 in
2586 2133 2885 2193 conspectu
2928 2121 3061 2175 Dei.
3119 2119 3429 2186 Quomodo
3478 2118 3715 2171 ascende-

2113 2218 2272 2271 runt?
2309 2220 2351 2269 A
2382 2218 2586 2271 sanctis
2611 2216 2821 2283 angelis
2846 2214 3087 2268 oblatae.
3128 2212 3299 2264 Sicut
3326 2210 3477 2262 enim
3500 2207 3714 2263 offerunt

2114 2308 2283 2362 sancti
2328 2307 2502 2376 angeli
2552 2306 2875 2359 memoriam
2900 2304 3231 2370 iustorum,
3274 2302 3712 2370 atquejustilica-

2116 2396 2290 2450 tiones
2336 2411 2521 2449 eorum
2571 2406 2696 2449 ante
2747 2395 2919 2448 Deum
2960 2412 2976 2447 :
3019 2394 3110 2448 sic
3163 2394 3437 2447 similiter
3490 2391 3713 2446 deferunt

2116 2485 2274 2537 iidem
2336 2484 2507 2552 angeli
2556 2484 2873 2538 memoriam
2928 2482 3205 2546 malitiae,
3272 2492 3447 2550 atque
3484 2481 3711 2548 nequitias

2117 2574 2337 2638 diaboli,
2367 2574 2555 2627 livoris
2585 2588 2797 2642 quoque
2829 2574 2953 2641 ejus
2999 2583 3061 2627 et
3103 2572 3339 2626 invidiae
3369 2587 3534 2639 quam
3572 2571 3711 2625 habet

2118 2664 2260 2716 circa
2321 2672 2537 2716 sanctos
2587 2663 2638 2715 in
2691 2670 3002 2728 conspectu
3076 2661 3362 2714 terribilis
3412 2659 3531 2715 Dei.
3578 2660 3709 2726 Quod

2117 2764 2292 2806 autem
2324 2751 2553 2806 offerunt
2584 2751 2804 2817 gloriosi
2832 2751 3026 2819 angeli
3070 2752 3127 2804 in
3165 2759 3481 2818 conspectu
3518 2750 3709 2803 Domini

2119 2843 2232 2897 hazc
2267 2844 2539 2905 universa,
2575 2843 2667 2894 Dei
2719 2841 2971 2909 Baphael
3021 2842 3267 2895 nuntius
3305 2843 3466 2895 testis
3499 2852 3601 2903 est,
3631 2843 3708 2908 qui

2120 2934 2330 2987 locutos
2360 2941 2444 2986 est
2484 2932 2551 2983 ad
2597 2931 2822 2985 Tobiam
2867 2934 3083 2987 dicens
3119 2947 3133 2985 :
3165 2932 3310 2985 Cum
3349 2948 3533 2985 orares
3582 2941 3709 2991 tu,et

2121 3024 2259 3079 Sara
2288 3024 2401 3091 ﬁlia
2438 3022 2708 3091 Ragueh‘s,
2744 3039 2839 3090 ego
2872 3024 3060 3077 obtuli
3099 3023 3431 3078 memoriam
3479 3022 3709 3077 orationis

2121 3126 2326 3176 vestrm,
2371 3125 2417 3167 et
2455 3114 2685 3180 legitima
2724 3114 2840 3181 ejus
2880 3116 2934 3167 in
2972 3126 3283 3183 conspectu
3332 3116 3522 3185 gloria:
3551 3114 3706 3166 Dei“.

2123 3203 2366 3261 Oﬂ‘erunt
2412 3203 2760 3255 nihilominus
2809 3205 2998 3258 sancti
3059 3205 3257 3275 angeli
3300 3205 3396 3260 Dei
3444 3220 3546 3259 non
3572 3206 3708 3274 quasi

2128 3294 2332 3348 nesciat
2370 3294 2413 3346 is
2443 3293 2530 3360 qui
2585 3293 2768 3346 omnia
2811 3294 2969 3348 novit
3002 3307 3325 3365 antequam
3368 3297 3522 3359 (iant,
3553 3296 3640 3350 sed
3664 3306 3710 3347 ut

2129 3395 2288 3437 testes
2313 3382 2613 3435 elliciantur
2636 3384 2953 3438 sanctitatis
2982 3396 3168 3453 atque
3194 3388 3427 3456 pietatis
3443 3386 3707 3456 justorum.

2129 3476 2325 3527 lterum
2355 3483 2604 3538 tanquam
2633 3471 2891 3527 deﬂentes
2929 3475 3299 3544 impietates,
3328 3489 3499 3546 atque
3524 3476 3707 3542 injusti-

2131 3565 2229 3617 tias
2282 3562 2626 3631 iniustorum,
2690 3572 2784 3614 aut
2839 3564 3018 3616 etiam
3086 3568 3273 3634 ipsius
3320 3567 3551 3622 diaboli.
3608 3566 3711 3619 Hau:

2130 3666 2360 3719 namque
2417 3652 2793 3704 demonstrans
2839 3662 3014 3720 atque
3070 3658 3413 3725 significans
3472 3657 3710 3711 Dominus

2128 3744 2261 3797 dicit
2293 3744 2356 3796 de
2398 3741 2501 3794 illis
2533 3740 2687 3794 bonis
2714 3745 2886 3797 servis
2919 3745 3062 3810 (hoc
3093 3758 3185 3801 est
3214 3749 3285 3802 de
3314 3748 3581 3818 angelis):
3620 3744 3705 3798 Ve-

2130 3836 2320 3887 nientes
2360 3843 2531 3884 autem
2566 3832 2944 3886 nuntiaverunt
2975 3840 3212 3892 domino
3260 3857 3365 3893 suo
3406 3840 3585 3892 omnia
3613 3852 3712 3907 qua

2129 3926 2270 3993 facta
2294 3926 2497 3989 [nerant
2528 3923 2618 3978 ⁸⁸⁸.

2201 4017 2289 4069 Sic
2336 4015 2515 4084 itaque
2553 4016 2861 4071 omnimodo
2904 4028 3212 4075 ostensum
3248 4034 3361 4088 est,
3392 4033 3450 4078 et
3477 4039 3574 4094 per
3601 4037 3712 4076 san-

2131 4117 2336 4161 ctorum
2386 4109 2568 4171 verba,
2621 4116 2784 4177 atque
2826 4109 3127 4177 historias,
3158 4124 3218 4166 et
3269 4129 3373 4181 per
3420 4114 3711 4184 angelorum

2132 4199 2291 4260 dicta,
2317 4199 2441 4264 quia
2488 4213 2594 4250 non
2635 4213 2868 4266 persona
2894 4215 2993 4251 sua
3030 4202 3129 4255 illa
3162 4218 3337 4268 sava,
3371 4204 3598 4267 crudeli,
3630 4204 3713 4255 ob-

2132 4302 2313 4351 scena,
2368 4296 2527 4354 atque
2581 4289 2930 4349 exsecrabili,
2966 4294 3279 4350 tenebrosa
3315 4308 3538 4365 quoque
3565 4303 3712 4362 atque

2134 4377 2493 4439 abominabili,
2538 4378 2749 4431 venerit
2796 4380 3057 4435 diabolus
3117 4385 3175 4438 in
3221 4395 3531 4455 conspectu
3555 4384 3711 4439 sancti

2132 4481 2195 4520 ac
2223 4467 2435 4535 gloriosi
2467 4466 2582 4529 Dei,
2617 4469 2711 4521 sed
2750 4470 3013 4536 nequitiae
3052 4476 3433 4541 revelatione,
3467 4477 3561 4533 sed
3594 4477 3711 4530 livo-

500 4552 586 4605 nis
610 4550 948 4617 corruptione
979 4565 1137 4619 super
1163 4563 1357 4605 terram
1386 4552 1720 4605 circumdati.
1749 4551 1896 4616 Quod
1927 4567 2024 4604 au-
2056 4569 2101 4624 ι)
2134 4558 2208 4610 ris
2232 4567 2392 4624 atque
2420 4556 2634 4610 invidia:
2677 4562 3109 4627 approbatione,
3146 4576 3206 4618 et
3239 4567 3533 4637 injustitia
3558 4569 3711 4621 incre-

502 4651 610 4694 tem
644 4640 714 4691 ita
744 4640 835 4700 sit,
866 4651 1059 4692 norunt
1088 4642 1122 4694 ii
1150 4644 1238 4709 qui
1282 4644 1476 4695 sinceri
1522 4653 1646 4695 sunt
1674 4642 1814 4694 circa
1842 4642 2030 4704 Deum,

503 4731 581 4785 illi
609 4730 698 4796 qtti
728 4728 921 4782 animis
942 4731 1051 4783 suis
1073 4732 1138 4784 ad
1164 4732 1589 4800 incorruptibilia
1624 4741 1782 4798 atque
1814 4730 2027 4784 excelsa

503 4833 716 4887 semper
741 4819 1035 4872 intendunt.
1055 4820 1143 4873 Sic
1175 4821 1380 4875 locutus
1410 4830 1490 4875 est
1514 4824 1578 4874 ad
1609 4821 1773 4873 Deum
1802 4820 2030 4889 Moyses,

504 4910 722 4979 quando
756 4909 1023 4975 respondit
1053 4908 1126 4961 illi
1153 4911 1289 4964 Deus
1314 4912 1497 4965 dicens
1525 4929 1540 4964 :
1572 4910 1709 4975 Quid
1748 4912 1941 4963 clamas
1965 4911 2031 4962 ad

501 5017 584 5055 me
603 5000 686 5052 ”?
714 4998 804 5052 Sic
838 4997 984 5051 stetit
1009 5007 1131 5051 ante
1172 4999 1336 5052 Deum
1367 5000 1511 5055 Elias
1534 5015 1651 5053 cum
1682 5003 1902 5064 diceret,
1941 4998 2031 5051 Vi-

505 5098 575 5147 uit
607 5090 858 5143 Dominus
893 5087 975 5139 cui
1006 5096 1118 5139 auo
1158 5088 1211 5140 in
1257 5100 1526 5156 conspectu
1566 5090 1676 5157 ejus
1698 5091 1764 5144 ⁸³.
1815 5090 1880 5143 Ει
1942 5087 2028 5141 alii

505 5178 925 5236 innumerabiles
977 5177 1329 5229 ostenduntur
1384 5193 1447 5231 ex
1501 5180 1809 5247 Scripturis,
1854 5186 1909 5232 et
1964 5179 2030 5231 ad

504 5276 669 5328 Deum
722 5268 884 5324 locuti
933 5266 1118 5330 fuisse,
1145 5276 1198 5320 et
1229 5283 1257 5319 a
1283 5270 1475 5322 saeculo
1498 5272 1729 5334 audisse,
1752 5282 1805 5324 et
1836 5270 2026 5324 identi-

507 5368 625 5420 dem
646 5363 755 5417 Deo
788 5357 1275 5420 resoundisse,tton
1298 5372 1523 5427 corpore
1545 5370 1719 5414 tamen
1754 5362 1805 5415 in
1836 5361 2033 5415 coelum

505 5456 562 5509 bin
615 5459 907 5522 conspectu
945 5448 1038 5502 Dei
1082 5446 1410 5511 ascendisse,
1443 5452 1533 5503 sed
1578 5451 1799 5520 spiritali
1847 5452 2035 5504 anima:

510 5543 817 5596 sinceritate
851 5547 975 5593 ante
999 5536 1163 5590 Deum
1190 5537 1417 5597 venisse.
1442 5538 1599 5596 Tales
1630 5542 1843 5596 fuerunt
1867 5541 1937 5595 illi
1970 5540 2036 5593 ad

514 5646 642 5698 quos
672 5634 798 5687 dicit
839 5629 1121 5698 Apostolus
1136 5628 1180 5659 ³⁵
1210 5647 1222 5682 :
1260 5626 1358 5682 Vos
1387 5646 1486 5684 non
1514 5634 1637 5685 estis
1667 5634 1721 5683 in
1742 5647 1914 5694 carne,
1951 5630 2037 5684 sed

580 5725 623 5755 ⁸’
652 5727 814 5784 Exod.
854 5741 961 5790 XIV,
1000 5724 1084 5778 15.
1167 5723 1212 5753 ⁸³
1237 5718 1453 5795 Ιιὶβεε.
1487 5742 1639 5795 xvtn,
1671 5728 1757 5779 l5.
1831 5725 1878 5754 ⁸⁷⁵
1906 5726 2036 5779 Rom

520 5806 613 5852 an,
648 5796 729 5849 12.
805 5798 870 5827 ⁸⁸·
922 5795 1106 5848 Matth.
1140 5806 1291 5861 xvut,
1317 5793 1428 5848 3l.'
1474 5795 1514 5827 ⁸⁷
1543 5794 1648 5850 .ler.
1683 5796 1905 5859 xtv,10.

2045 5763 2059 5778 .
2092 5741 2210 5796 vttt,
2239 5732 2293 5786 9.
2366 5732 2410 5764 ⁸⁸
2435 5730 2668 5805 Philipp.
2706 5731 2902 5803 111,20.
2979 5731 3047 5764 "‘
3078 5736 3204 5791 Act.
3238 5754 3296 5808 ι,
3322 5739 3417 5795 3|.

2134 4646 2363 4714 patione,
2393 4645 2697 4710 iniquarum
2725 4646 3095 4705 nihilominus
3119 4664 3180 4707 et
3205 4657 3708 4725 malignissintarum

2132 4737 2511 4806 cogitationum
2550 4737 2998 4794 manifestatione
3036 4752 3214 4813 atque
3241 4744 3708 4801 commemoratio-

2136 4842 2221 4882 ne.
2255 4825 2452 4879 Horum
2489 4828 2697 4883 scilicet
2743 4834 2990 4887 omnium
3049 4841 3530 4894 conuuemoratio
3567 4848 3710 4904 atque

2136 4916 2391 4970 memoria
2417 4918 2561 4970 venit
2598 4918 2653 4972 in
2701 4935 2997 4989 conspectu
3034 4927 3161 4985 Dei.
3200 4931 3299 4985 Sic
3327 4945 3566 4999 namque
3595 4928 3711 4981 dicit

2135 5017 2257 5077 post
2284 5006 2614 5063 hiemNunc
2668 5013 2989 5065 recordabar
3044 5017 3399 5086 impietatum
3442 5034 3636 5081 eorum,
3668 5022 3710 5067 et

2134 5097 2400 5151 vindicabo
2427 5108 2637 5165 peccata
2671 5100 2881 5153 illorum
2920 5103 2991 5167 ⁸⁷,
3016 5121 3131 5160 noo
3162 5111 3329 5176 quasi
3359 5111 3561 5164 oblitus
3584 5120 3709 5161 nunc

2135 5190 2468 5249 recordetur,
2520 5188 2615 5240 sed
2660 5187 2782 5254 quia
2835 5205 2981 5246 nunc
3013 5197 3314 5251 vindicare
3339 5198 3709 5265 justejutlica-

2136 5275 2297 5329 verit.
2354 5275 2509 5329 Juxta
2559 5276 2661 5330 hoc
2713 5278 2884 5345 ipsum
2921 5284 3251 5352 exemplum
3316 5302 3466 5340 nunc
3519 5284 3707 5337 venisse

2140 5364 2339 5418 dicitur
2377 5366 2429 5418 in
2472 5376 2765 5432 conspectu
2813 5366 2911 5422 Dei
2959 5371 3253 5441 diabolus,
3290 5392 3401 5430 non
3450 5376 3591 5446 quod
3625 5387 3707 5426 nec

2140 5456 2430 5523 quissimus
2483 5453 2570 5507 ille
2610 5457 2819 5510 venerit
2852 5459 2908 5513 in
2954 5476 3270 5533 conspectu
3322 5468 3452 5521 boni
3477 5467 3591 5529 Dei,
3621 5466 3701 5519 sed

2142 5546 2297 5612 quasi
2357 5544 2711 5613 cegitationes
2761 5545 2878 5614 ejus
2938 5553 3197 5607 crudeles
3251 5568 3321 5609 ac
3373 5554 3703 5622 nequissimae

2142 5635 2389 5689 venerint
2430 5636 2484 5688 in
2534 5637 2853 5689 memoriam
2900 5637 2953 5690 in
3002 5652 3307 5708 conspectu
3341 5645 3459 5699 Dei.
3498 5640 3702 5696 limoni-

3503 5740 3546 5770 "
3580 5737 3695 5791 Tob.
