3916 6456
122 903 218 1060 ia

173 1085 226 1136 ν

1449 574 1809 632 ANONYMUS
1843 575 1910 630 IN
1945 576 2080 633 JOB.
2116 603 2184 616 —
2219 569 2346 627 LIB.
2381 567 2425 626 I.

1713 687 1760 742 is
1786 687 1890 741 uti-
1915 693 1963 749 Α
1989 691 2074 744 tiae
2103 689 2238 758 ejus,
2268 693 2432 749 atque
2475 683 2814 752 correptione
2855 682 3122 750 iniustitiae
3168 682 3324 737 illius.
3366 679 3501 740 Nam

303 837 441 952 ξω
501 837 664 925 uie“
700 848 720 885 ³
776 837 1112 912 Venerunt
1184 864 1360 931 angeli
1413 873 1470 916 ut
1519 873 1712 918 starent
1764 875 1885 920 ante

381 916 474 964 νει
510 912 807 965 dlnbnln.
860 945 1039 965 ..-μμ
1501 964 1505 965 ν
1646 957 1657 965 _

215 912 474 1048 ἥᾜιλξξ
510 912 836 1048 άέξξιξ⁸.
860 945 1040 999 venit
1078 966 1206 1005 cum
1231 912 1338 1006 iiiis
1379 965 1432 1007 ut
1461 964 1618 1008 staret
1639 957 1745 1020 ipse
1768 967 1886 1010 ante

233 1003 700 1110 [affatim
727 1032 952 1084 autem
981 1036 1065 1090 ob
1108 1003 1215 1095 ιίοέε
1236 1003 1887 1110 ὦῌίι”ιὲι’‹ἱῖᾴιζὸίῖἔιᾎίῖιὶὶὲῖ

210 1098 877 1212 μίθῖᾳξῗξξιξῇιξθτθὶ.
905 1130 971 1176 et
1005 1123 1124 1182 Job
1185 1130 1519 1184 tolerantiam
1563 1098 1882 1196 ostenderet,

246 1185 306 1288 ἓν
361 1185 461 1300 “ei
490 1189 802 1300 iustitiam
846 1209 1284 1273 demonstraret
1318 1235 1332 1272 :
1372 1218 1643 1283 Venerunt,
1690 1185 1882 1289 inquit,

288 1285 453 1365 “geli
487 1285 588 1343 Dei
626 1301 688 1346 ut
740 1305 964 1355 starent
1010 1319 1144 1360 ante
1178 1307 1360 1360 Deum.
1395 1306 1669 1362 Venerunt
1709 1285 1887 1376 utpote

321 1382 480 1447 sancti
527 1397 596 1440 ac
653 1384 921 1456 gloriosi,
985 1404 1180 1464 utpote
1224 1399 1572 1452 sanctissima
1609 1398 1700 1452 Dei
1751 1397 1887 1453 facie

329 1478 465 1548 digni
486 1475 686 1534 habiti.
728 1477 1030 1537 Venerunt
1077 1486 1251 1555 angeli
1284 1499 1588 1541 sanctorum
1616 1487 1884 1544 estnctitati

339 1571 597 1635 ittestari,
627 1568 906 1640 iustorum
958 1575 1208 1630 diversas
1251 1593 1314 1630 ac
1351 1578 1525 1632 varias
1557 1578 1800 1642 virtutes,
1832 1587 1885 1631 et

323 1677 516 1734 corajn
547 1659 655 1714 Deo
677 1660 1110 1718 demonstrare:
1138 1664 1518 1721 Melchisedech
1548 1669 1652 1721 Deo
1673 1669 1883 1734 dignum

327 1753 710 1806 sacerdotium
764 1767 782 1806 :
836 1751 1073 1806 Abrahae
1121 1754 1442 1808 immobilem
1507 1758 1682 1820 tidem,
1743 1756 1886 1810 Isaae

313 1854 500 1891 unum
541 1839 894 1908 conjugium,
921 1839 1085 1893 Israel
1131 1843 1308 1896 cordis
1357 1844 1662 1912 puritatem,
1691 1844 1885 1912 Ioseph

316 1930 676 1994 castitatem,
704 1929 877 1998 Moysi
910 1931 1390 1995 mansuetudinem,
1411 1931 1669 1998 justitiam
1692 1934 1792 1988 Job
1822 1949 1883 1988 ac

311 2017 434 2071 Dei
465 2017 751 2072 culturam.
788 2017 916 2071 Istis
955 2032 1186 2085 namque
1217 2022 1538 2087 temporibus
1563 2031 1676 2074 erat
1700 2024 1882 2074 beatus

298 2106 454 2165 Job.
487 2107 594 2160 Ista
620 2107 807 2176 itaque
842 2108 1106 2171 conﬁteri,
1137 2122 1199 2162 ac
1237 2109 1493 2177 proﬁteri,
1518 2119 1674 2178 atque
1702 2110 1882 2164 testiﬁ-

300 2194 471 2257 cari,
503 2205 581 2257 et,
612 2204 674 2248 ut
708 2194 784 2247 ita
817 2194 1018 2256 dicam,
1047 2195 1112 2247 de
1155 2195 1270 2249 istis
1314 2195 1526 2265 gloriari
1567 2211 1744 2251 coram
1778 2198 1884 2252 Deo

299 2289 605 2334 venerunt
651 2280 830 2358 sancti
882 2281 1082 2346 angeli.
1137 2278 1226 2335 Sic
1279 2289 1332 2336 et
1376 2296 1515 2335 nunc
1541 2293 1594 2336 et
1629 2299 1796 2352 usque
1829 2286 1883 2340 in

294 2369 496 2425 ﬁnem
524 2369 720 2423 saculi
747 2369 998 2432 venient,
1026 2369 1180 2423 unius
1216 2368 1416 2438 jejunio
1456 2386 1558 2424 non
1591 2371 1736 2439 ﬁcto,
1761 2373 1887 2428 alte-

289 2459 442 2512 rius
475 2456 736 2511 sollicitis
770 2457 1133 2521 orationibus,
1160 2457 1384 2512 alterius
1424 2473 1568 2525 pura:
1621 2460 1886 2528 poeniten-

293 2546 419 2600 lim
445 2555 617 2614 atque
653 2561 762 2599 non
797 2544 1065 2600 simulatae
1087 2546 1246 2609 bono,
1277 2545 1496 2600 alterius
1512 2546 1887 2605 sincerissimis

287 2634 726 2703 eleemosynis,
759 2642 816 2688 et
847 2647 1144 2701 pauperum
1177 2633 1540 2703 largitatibus,
1572 2651 1634 2690 ac
1663 2638 1885 2691 misera-

293 2723 580 2776 tionibus
604 2722 1012 2776 instantissime
1040 2723 1092 2776 in
1119 2733 1406 2792 conspectu
1431 2722 1522 2778 Dei
1549 2734 1885 2782 attestantes.

281 2811 432 2866 Pro
502 2812 594 2866 his
657 2812 880 2880 inquam
934 2813 1182 2867 omnibus
1235 2820 1528 2877 venerunt,
1582 2823 1636 2868 et
1681 2817 1892 2871 venient

285 2900 508 2969 angeli
567 2909 700 2954 ante
748 2901 938 2966 Deum,
978 2913 1032 2955 et
1081 2902 1322 2956 diabolus
1355 2901 1498 2955 venit
1527 2917 1644 2956 cum
1693 2904 1800 2958 illis
1833 2915 1890 2959 ut

285 3000 648 3055 accusaret,
707 2997 768 3043 ut
841 2990 1182 3054 detraheret,
1229 3001 1288 3044 ut
1347 2994 1749 3062 reprehenderet
1768 3031 1792 3058 ,.
1836 3003 1892 3048 ut

284 3081 615 3133 mendacio
661 3078 970 3143 simularet,
996 3088 1052 3133 ut
1086 3090 1320 3144 vexaret,
1358 3092 1416 3134 ut
1441 3081 1766 3136 luctaretur:
1799 3099 1889 3138 ve-

3399 570 3501 626 406

1983 779 2030 832 si
2061 779 2146 833 hic
2175 789 2335 844 super
2372 784 2567 831 terram
2593 790 2752 831 nemo
2775 775 2840 829 de
2867 773 3006 826 veris
3035 786 3098 826 ac
3122 772 3278 840 justis
3297 773 3501 840 princi-

1982 865 2137 934 pibus
2181 873 2340 930 atque
2378 861 2666 930 judicibus,
2713 861 3027 926 homicidas,
3075 869 3169 914 aut
3216 859 3358 915 fures
3412 869 3502 914 aut

1981 953 2142 1006 etiam
2192 951 2516 1006 facinorosos
2543 950 2777 1004 latrones
2807 948 3128 1003 confabulari
3173 962 3378 1014 secum,
3419 947 3502 1002 vel

1983 1043 2249 1098 consiliari
2295 1040 2442 1107 facit,
2484 1055 2551 1096 ne
2591 1039 2779 1094 similis
2819 1039 2925 1093 illis
2956 1037 3222 1107 judicetur
3253 1053 3270 1093 :
3301 1045 3502 1104 quanto

1983 1133 2163 1202 magis.
2182 1131 2359 1199 justus
2381 1141 2435 1184 et
2457 1144 2616 1184 verus
2637 1137 2794 1196 atque
2824 1127 3078 1182 terribilis
3103 1126 3258 1190 Deus,
3281 1124 3501 1194 impium

1983 1221 2130 1274 illum
2181 1220 2462 1280 latronem.
2513 1228 2672 1287 atque
2718 1216 3038 1272 homicidam
3096 1213 3362 1270 diabolum
3402 1228 3502 1283 pro

1981 1311 2244 1378 colloquio
2293 1325 2390 1364 suo
2434 1317 2557 1362 ante
2603 1306 2888 1377 gloriosam
2935 1305 3078 1359 illam
3127 1319 3276 1359 suam
3307 1303 3498 1358 faciem

1983 1415 2251 1468 nunquam
2281 1399 2462 1453 venire
2485 1397 2766 1466 permittit,
2791 1409 2960 1464 neque
2991 1395 3091 1449 hoc
3127 1392 3461 1461 amplectitur
3478 1392 3504 1446 2

1984 1489 2038 1543 Si
2066 1489 2207 1543 enim
2240 1503 2360 1542 cum
2385 1489 2452 1542 ad
2491 1487 2890 1547 terrasveniret
2915 1485 2967 1539 in
2998 1498 3217 1552 corpore
3242 1483 3502 1551 Unigeni-

1985 1587 2086 1639 tus,
2125 1577 2269 1645 loqui
2311 1591 2429 1630 eum
2469 1590 2647 1630 coram
2697 1589 2754 1628 se
2797 1589 2902 1628 non
2944 1573 3208 1643 permisit,
3244 1573 3499 1629 sed'cum

1984 1665 2343 1734 increpatione
2393 1665 2526 1718 dixit
2576 1665 2641 1718 ad
2676 1662 3172 1719 eum:Conticesce
3221 1669 3274 1715 et
3313 1661 3502 1716 obmu-

1983 1763 2125 1806 tesce
2159 1752 2460 1821 :quomodo
2509 1753 2560 1806 in
2613 1761 2834 1821 aspectu
2881 1751 3063 1821 gloria:
3107 1765 3217 1804 sua:
3278 1749 3501 1803 Deitatis

1982 1841 2211 1908 colloqui
2254 1855 2373 1895 cum
2418 1840 2650 1908 maligno
2688 1847 2886 1893 statuat
2935 1837 3166 1908 diabolo,
3205 1853 3325 1892 cum
3375 1837 3506 1890 dicit

1984 1931 2048 1984 ad
2093 1945 2213 1986 euza
2247 1940 2301 1983 et
2347 1928 2658 1996 respondet,
2692 1935 2745 1981 et
2783 1941 3091 1996 responsum
3133 1925 3316 1980 audire
3348 1926 3411 1979 ab
3440 1939 3505 1978 eo

1912 1991 1954 2044 Β
1983 2021 2203 2086 patitur,
2227 2020 2308 2074 vel
2333 1991 2615 2088 dignatur?
2637 2016 2740 2072 Sed
2768 1991 2901 2072 dixit
2931 2015 2996 2069 ad
3023 2015 3287 2069 diabolum
3324 2015 3502 2069 occul-

1983 2117 2033 2161 ta
2079 2108 2466 2174 increpatione,
2496 2115 2658 2174 atque
2719 2104 3084 2158 confutatione
3127 2103 3348 2158 occulta:
3377 2102 3503 2169 ejus

1982 2197 2349 2267 malignitatis,
2389 2205 2451 2249 et
2479 2195 2600 2261 zeli,
2654 2205 2814 2262 atque
2855 2195 3099 2262 pessimae
3136 2192 3500 2262 cogitationis.

1981 2285 2112 2341 Nam
2139 2295 2188 2341 et
2219 2299 2357 2354 saepe
2387 2285 2660 2354 Scriptura
2689 2299 2750 2337 ea
2777 2299 2892 2352 quae
2931 2297 3036 2337 non
3079 2282 3264 2337 dicunt
3299 2281 3502 2336 dixisse

1982 2377 2129 2439 dicit,
2173 2383 2228 2429 et
2276 2389 2336 2427 ea
2377 2389 2492 2441 quae
2533 2387 2636 2426 non
2685 2372 2910 2426 audiunt
2949 2371 3185 2436 audisse,
3213 2379 3265 2425 et
3293 2384 3354 2423 ea
3385 2384 3507 2437 qua:

1982 2481 2086 2520 non
2123 2463 2419 2531 intelligunt
2448 2477 2544 2516 nec
2568 2461 2754 2514 vivunt
2787 2459 3124 2514 infremuisse
3155 2475 3170 2512 :
3203 2459 3341 2513 sicut
3379 2473 3498 2512 cum

1983 2553 2138 2607 dicit:
2158 2553 2302 2605 Dixit
2319 2552 2648 2612 mare,virtus
2662 2561 2830 2604 autem
2849 2549 3007 2602 maris
3027 2550 3186 2601 dixit:
3206 2546 3501 2611 κλωπεῖαι,

1983 2642 2106 2694 audi
2129 2642 2328 2694 verbum
2357 2641 2583 2705 Domini,
2613 2640 2714 2704 vel,
2733 2637 3008 2706 Infremuit
3025 2647 3161 2690 terra
3180 2652 3330 2705 super
3348 2636 3500 2691 inha-

1985 2732 2204 2785 bitantes
2237 2731 2290 2782 in
2311 2730 2449 2782 ea".
2486 2728 2821 2782 Manifestum
2869 2740 3098 2794 namque
3144 2735 3225 2780 est
3258 2725 3378 2794 quia
3411 2737 3498 2776 ne-

1986 2832 2087 2885 que
2135 2831 2297 2880 mare,
2340 2828 2510 2884 neque
2543 2815 2714 2868 virtus
2761 2815 2942 2879 maris,
2982 2815 3082 2867 hoc
3126 2811 3508 2876 estﬂuctuum,

1987 2906 2268 2976 aliquando
2300 2905 2454 2968 dixit,
2485 2903 2565 2957 vel
2594 2903 2766 2956 locuta
2786 2912 2888 2967 est,
2912 2917 3083 2970 neque
3104 2913 3242 2954 terra
3263 2901 3504 2969 aliquano

1987 2999 2056 3052 do
2083 2995 2306 3058 audivit,
2335 3006 2506 3060 neque
2547 2990 2839 3044 infremuit.
2870 2989 2984 3043 Non
3013 2989 3152 3044 enim
3183 2988 3311 3041 dicit
3335 3001 3506 3058 neque

1989 3085 2116 3139 vivit
2136 3094 2294 3148 terra,
2321 3097 2437 3136 cum
2455 3082 2522 3135 sit
2540 3081 2844 3141 inanimata,
2865 3078 2954 3132 sed
2977 3092 3092 3133 mos
3115 3086 3193 3131 est
3215 3075 3511 3146 Scriptura.

284 3169 401 3222 nit
435 3177 491 3224 et
510 3183 660 3222 nunc
700 3177 760 3222 ut
802 3169 1070 3235 luctetur,
1102 3178 1159 3222 ut
1207 3167 1446 3236 tribule’t,
1474 3182 1529 3224 ut
1574 3173 1900 3239 persecutio-
1991 3175 2228 3238 rum,ita
2260 3173 2326 3227 de
2359 3169 2762 3240 quamplurimis
2782 3169 2981 3224 dicere.
3010 3168 3099 3223 Sic
3130 3180 3358 3234 namque
3383 3164 3508 3217 illud

287 3274 490 3322 nent,
536 3270 594 3314 et
630 3258 1011 3348 tribulationes
1034 3297 1050 3323 ,
1102 3267 1259 3327 atque
1309 3260 1597 3328 angustias,
1637 3270 1689 3316 et
1727 3263 1890 3318 mole-
1919 3291 1962 3348 ο
1995 3264 2122 3320 dicit
2160 3263 2456 3332 Scriptura,
2501 3261 2638 3330 quod
2687 3259 2826 3312 Deus
2858 3259 2923 3313 ad
2956 3268 3132 3313 cetum
3184 3255 3518 3323 loqueretur;

286 3350 463 3401 stias
502 3347 716 3402 sanctis
758 3362 822 3401 ac
861 3346 1022 3414 justis
1055 3346 1264 3402 excitet.
1296 3347 1372 3402 Ob
1403 3348 1500 3402 hoc
1531 3363 1654 3419 ergo
1687 3354 1893 3409 venisse

285 3435 527 3489 dicitur
577 3445 847 3504 tanquam
905 3434 1120 3502 angelus
1153 3437 1355 3499 mortis,
1392 3445 1635 3506 tanquam
1681 3446 1895 3510 angelus

283 3537 514 3590 pennas
556 3525 839 3590 irrogans,
875 3535 1037 3591 atque
1066 3535 1398 3592 exspectans,
1431 3529 1638 3594 quando
1687 3530 1756 3582 illi
1803 3533 1890 3598 qui

287 3631 485 3684 penna
523 3615 678 3686 digni
730 3623 857 3668 sunt
882 3614 931 3666 ei
967 3614 1259 3676 tradantur,
1303 3624 1353 3669 et
1386 3616 1698 3684 deputentur
1727 3634 1894 3687 paena:

289 3712 490 3773 atque
549 3703 886 3772 perditioni,
935 3703 1074 3755 sicut
1108 3701 1196 3756 ille
1241 3703 1303 3757 de
1349 3719 1454 3772 quo
1500 3706 1714 3760 dicitur:
1768 3708 1894 3760 Tra-

287 3794 451 3849 dere
512 3791 835 3862 hujusmodi
903 3789 1114 3845 Satana:
1184 3792 1237 3844 in
1293 3794 1548 3847 interitum
1615 3799 1782 3852 carnis
1825 3800 1890 3864 ⁸⁸,

289 3885 470 3939 sicut
498 3888 674 3941 etiam
724 3885 803 3938 illi
852 3886 918 3939 de
950 3885 1144 3953 quibus
1186 3885 1380 3940 dictum
1424 3897 1506 3941 est
1545 3907 1557 3942 :
1596 3890 1734 3954 Quos
1780 3904 1891 3944 tra-

289 3975 445 4030 didi
498 3975 755 4038 Satamz,
789 3984 846 4026 ut
884 3975 1088 4027 discant
1146 3991 1245 4029 non
1289 3976 1632 4044 blaspltemare
1654 3981 1717 4034 ⁸⁸.
1763 3980 1891 4036 0m-

292 4079 427 4118 nes
470 4065 622 4119 enim
671 4062 989 4126 facinorosi,
1039 4061 1301 4128 inﬁdeles,
1341 4063 1508 4130 impii,
1552 4065 1755 4133 injusti,
1798 4068 1887 4121 isti

291 4170 518 4212 omnes
550 4153 826 4223 malignis
863 4163 1028 4222 atque
1063 4153 1310 4220 pessimis
1338 4154 1530 4207 diaboli
1557 4158 1755 4226 angelis
1786 4168 1888 4211 tra-

291 4243 530 4298 duntur
558 4259 634 4297 ac
665 4242 996 4310 deputantur
1023 4239 1127 4293 illis
1155 4240 1220 4294 de
1246 4240 1442 4308 quibus
1473 4241 1668 4296 dicitur
1693 4260 1710 4300 :
1742 4243 1889 4298 Misit

290 4333 368 4386 in
407 4349 501 4386 eos
531 4335 688 4384 iram
751 4330 1151 4396 indignationis,
1176 4329 1513 4383 immissiones
1552 4346 1641 4398 per
1685 4334 1888 4400 angelos

299 4424 497 4478 malos
511 4425 562 4457 ⁹⁰
585 4441 603 4489 ;
633 4423 748 4476 illis
781 4421 849 4475 de
872 4423 1066 4488 quibus
1086 4420 1280 4474 dicitur
1306 4420 1429 4474 alibi
1460 4436 1473 4472 :
1506 4421 1580 4475 De
1607 4422 1757 4476 domo
1776 4425 1887 4497 ejus

293 4515 601 4567 abstrahet
623 4585 626 4588 .
651 4527 774 4565 eum
809 4508 1020 4578 angelus
1057 4509 1256 4562 mortis.
1295 4507 1387 4562 Isti
1424 4523 1554 4579 ergo
1573 4513 1809 4577 veniunt,
1833 4522 1888 4567 et

1993 3365 2042 3410 et
2067 3355 2132 3408 ad
2162 3353 2511 3413 cucurbitam,
2541 3359 2594 3405 et
2622 3352 2687 3403 ad
2726 3363 2955 3403 vermem
2984 3345 3319 3406 matutinum,
3359 3351 3412 3396 et
3441 3339 3506 3394 ad

1992 3443 2236 3512 spiritum
2295 3438 2523 3494 incendii
2571 3439 3011 3496 comburentem,
3062 3433 3201 3486 sicut
3252 3431 3506 3498 scriptum

1990 3543 2073 3585 est
2098 3528 2207 3584 τιΕι
2235 3530 2472 3597 prtvcepit
2504 3527 2636 3580 Deus
2670 3526 2770 3579 ceti
2797 3539 2982 3592 magno
3020 3531 3072 3573 ut
3122 3519 3392 3589 degtutiret
3415 3517 3510 3571 Jo-

1991 3619 2188 3673 nam“.
2216 3617 2310 3672 Cui
2334 3617 2486 3680 dixit,
2518 3615 2599 3668 vel
2641 3615 2723 3669 cui
2755 3611 3023 3682 praecepit,
3060 3608 3142 3662 vel
3182 3623 3282 3676 qua
3329 3606 3509 3675 lingua

1991 3710 2055 3763 ad
2098 3716 2270 3763 cetum
2317 3706 2521 3762 locutus
2562 3705 2680 3760 est?
2710 3703 3014 3764 Hominum,
3057 3714 3122 3752 an
3161 3696 3508 3769 angelorum?

1991 3798 2118 3852 Nam
2147 3799 2322 3867 pisces
2365 3811 2535 3865 neque
2567 3795 2821 3864 linguam,
2849 3806 3022 3861 neque
3060 3806 3243 3845 vocem
3291 3790 3505 3844 habent.

1992 3887 2082 3942 Vel
2128 3889 2393 3956 quomodo
2439 3887 2634 3941 dicitur
2675 3885 2873 3938 dixisse
2907 3883 2972 3936 ad
3006 3882 3361 3947 cucurbitam,
3391 3894 3508 3948 quae

1989 3992 2088 4032 nec
2126 3977 2269 4031 ‘vivit
2327 3991 2426 4030 nec
2489 3975 2692 4044 spirat?
2739 3973 3010 4048 Quomodo
3062 3972 3365 4036 loqueretur
3429 3969 3507 4024 vel

1989 4067 2114 4135 quid
2152 4067 2333 4121 dicens
2377 4065 2687 4135 praeciperet
2732 4064 2938 4132 Spiritui
2993 4062 3223 4117 incendii
3268 4061 3358 4129 qui
3407 4073 3510 4116 nec

1989 4157 2244 4221 auditum,
2294 4171 2390 4209 nec
2442 4154 2765 4209 intellectum
2817 4153 3018 4217 habet,
3073 4159 3134 4203 ut
3183 4151 3508 4216 incenderet,

1988 4258 2146 4316 atque
2197 4253 2497 4316 percuteret
2527 4245 2580 4298 in
2637 4242 2812 4312 capite
2857 4239 3040 4294 Jonas?
3079 4238 3333 4293 Universa
3364 4237 3508 4292 enim

1988 4339 2102 4392 hzec
2161 4351 2280 4390 cum
2352 4350 2458 4390 non
2534 4333 2763 4388 habeant
2822 4331 3102 4386 scientiam
3155 4329 3507 4394 naturaliter,

1987 4435 2267 4480 vertuntur
2317 4437 2477 4492 atque
2527 4430 2806 4479 moventur
2849 4421 2953 4473 huc
3001 4426 3160 4488 atque
3199 4418 3321 4472 illuc
3351 4414 3509 4471 Crea.

1991 4517 2121 4572 toris
2145 4515 2443 4570 eﬁicientia.
2480 4514 2630 4567 Sicut
2661 4527 2788 4582 ergo
2825 4511 2942 4565 istis
2972 4510 3220 4564 omnibus
3253 4516 3308 4563 et
3340 4508 3508 4562 dixis-

298 4611 472 4656 tunc
495 4608 776 4656 venerunt
807 4597 1132 4664 temporibus
1159 4596 1280 4653 Job.
1304 4597 1407 4652 Sed
1444 4615 1546 4653 non
1583 4612 1712 4655 ante
1757 4602 1882 4656 bea-
1917 4624 1959 4677 ι)
1989 4620 2046 4660 se
2070 4644 2088 4670 ,
2123 4615 2177 4660 et
2213 4605 2418 4659 locutus
2469 4603 2634 4658 fuisse
2656 4640 2676 4668 ,
2720 4610 2773 4654 et
2808 4602 3142 4671 praecepisse,
3186 4607 3349 4667 atque
3392 4597 3509 4666 jus-

301 4700 450 4744 tam
481 4689 573 4744 Dei
601 4688 806 4742 faciem
835 4685 1057 4739 veniunt
1083 4685 1154 4740 illi
1179 4685 1522 4751 damnabiles,
1545 4689 1640 4742 sed
1665 4690 1882 4744 consilia

300 4787 376 4832 et
415 4777 792 4848 cogitationes
815 4787 1025 4839 eorum,
1059 4773 1314 4828 desideria
1344 4790 1556 4845 quoque
1586 4791 1797 4843 eorum,
1833 4788 1888 4833 et

301 4866 706 4935 cogitationes
737 4863 982 4932 malignae
1009 4872 1062 4916 et
1090 4864 1329 4931 pessima:
1349 4873 1508 4932 atque
1530 4868 1884 4934 nequissimae,

297 4965 373 5009 et
407 4955 652 5010 istarum
687 4953 949 5006 memoria
972 4951 1261 5006 oll‘erturin
1281 4962 1570 5020 conspectu
1598 4955 1711 5021 Dei,
1736 4957 1884 5025 juxta

299 5048 522 5103 omnia
542 5061 669 5116 (ιιιτε
700 5051 993 5098 memorata
1018 5051 1178 5110 atque
1197 5051 1404 5095 OSIBDSil
1425 5051 1566 5096 sunt.

401 5135 548 5191 Post
595 5137 717 5190 hac
764 5135 1018 5187 universa
1065 5133 1322 5187 dicitzEt
1363 5135 1496 5187 dixit
1545 5134 1791 5188 Dominus
1819 5139 1886 5191 ad

301 5226 704 5282 diabolum".
731 5222 866 5276 Nam
900 5222 1038 5275 sicut
1071 5221 1314 5279 diabolus
1346 5238 1449 5278 non
1479 5238 1706 5292 persona
1741 5228 1888 5280 venit

300 5326 474 5370 ante
501 5317 702 5379 Deum,
733 5313 826 5367 sed
855 5310 1177 5380 cogitatione
1217 5323 1272 5367 et
1299 5313 1582 5376 desiderio,
1607 5322 1764 5382 atque
1790 5331 1882 5368 ne-

301 5403 539 5475 quitia,
568 5406 688 5460 sive
717 5401 1071 5456 meditatione
1100 5415 1112 5450 :
1138 5401 1207 5454 ita
1238 5411 1292 5456 et
1317 5402 1457 5455 Deus
1488 5417 1591 5454 non
1621 5416 1713 5455 ore
1741 5403 1885 5458 locu-

297 5506 414 5548 tus
475 5504 567 5550 est
591 5495 660 5549 ad
699 5490 996 5553 diabolum,
1031 5503 1200 5554 neque
1233 5493 1452 5545 verbum
1491 5490 1715 5544 contulit
1761 5508 1883 5548 cum

291 5585 552 5652 iniquo,
569 5584 667 5640 sed
695 5581 907 5638 occulta
922 5587 1089 5646 atque
1109 5579 1284 5634 abdita
1311 5581 1678 5648 increpatione
1697 5584 1885 5652 nequi-

1985 4695 2123 4749 sisse
2167 4693 2363 4748 dicitur
2394 4691 2532 4745 Deus
2571 4703 2845 4764 nonvoce
2873 4690 3092 4756 dicens...
3109 4701 3280 4756 neque
3327 4686 3507 4755 lingua

1984 4785 2221 4853 loquens,
2250 4795 2420 4850 neque
2451 4781 2502 4838 in
2530 4770 2864 4848 conspectum
2889 4794 3040 4834 suum
3073 4781 3136 4833 ad
3159 4777 3391 4832 coelestia
3417 4789 3508 4830 eos

1987 4873 2288 4942 sublevans,
2317 4869 2407 4924 sed
2429 4868 2648 4923 occultae
2672 4883 2778 4925 suae
2803 4869 3120 4937 operationis
3144 4869 3342 4922 virtute
3378 4881 3504 4921 ver-

1986 4971 2104 5015 tens
2133 4969 2189 5014 ut
2214 4957 2502 5013 necessitas
2527 4956 2612 5010 vel
2636 4957 2772 5011 ratio
2798 4957 3094 5026 poposcerit
3119 4971 3144 5010 :‘
3163 4956 3238 5010 sic
3263 4955 3506 5010 similiter

1985 5047 2134 5114 iuxta
2165 5046 2459 5115 exemplum
2486 5045 2673 5098 horum
2700 5060 2815 5113 qua:
2846 5056 3136 5101 memorata
3175 5054 3319 5113 sunt,
3344 5046 3502 5100 etiam

1991 5136 2208 5199 dixisse,
2236 5144 2290 5189 et
2313 5136 2518 5190 locutus
2546 5133 2726 5197 misse,
2751 5143 2813 5188 et
2834 5134 3063 5199 audisse,
3095 5143 3148 5188 et
3175 5133 3505 5202 respondisse

1990 5224 2197 5285 dicitur,
2241 5231 2296 5277 et
2330 5224 2381 5276 in
2408 5223 2740 5295 pratsentiam
2769 5222 3093 5291 suscepisse,
3137 5235 3307 5288 neque
3352 5219 3517 5272 dictis

1988 5313 2269 5385 quidquam
2298 5314 2363 5368 ad
2386 5328 2508 5368 eum
2539 5314 2873 5382 depromens,
2900 5327 3068 5381 neque
3093 5312 3264 5378 lingua
3292 5309 3355 5360 ad
3380 5313 3514 5359 eum

1988 5404 2227 5471 loquens,
2271 5418 2440 5472 neque
2484 5405 2548 5458 ad
2593 5403 2800 5458 excelsa
2833 5412 3016 5456 sancta
3067 5401 3120 5452 in
3165 5402 3499 5462 conspectum

1987 5511 2138 5551 suum
2180 5495 2556 5565 nequissimum
2588 5493 2850 5549 diabolum
2888 5491 3272 5553 elevans,_cum
3319 5480 3500 5532 occul-

1989 5596 2095 5640 tam
2127 5595 2282 5656 atque
2303 5585 2530 5642 abditam
2557 5584 2669 5653 ejus
2695 5583 2982 5651 nequitiam
3013 5576 3206 5642 detegit
3235 5585 3294 5622 ac
3322 5581 3504 5634 repre-

369 5733 463 5812 "'_‘
504 5739 604 5796 Job
632 5754 673 5806 ι,
701 5740 756 5812 6.
834 5735 891 5812 ﬁt
911 5732 1083 5812 I_Cor.
1117 5747 1172 5812 v._
1197 5736 1246 5790 5.
1322 5741 1364 5774 θ’
1391 5739 1408 5792 l
1431 5737 1624 5806 Tim.t,
1649 5739 1736 5794 20.
1809 5742 1886 5798 "'l

1984 5744 2015 5800 l‘.
2049 5760 2249 5812 uxvu,
2279 5745 2362 5802 i9.
2437 5747 2474 5779 "
2506 5743 2604 5800 Job
2634 5758 2674 5808 I,
2695 5729 3168 5806 7."‘lsa.t,2;30b
3190 5739 3375 5788 ιιι-νων
3396 5731 3501 5796 14;

267 5802 466 5859 P531-
515 5799 677 5873 uxv',
708 5811 764 5862 ν.
843 5802 892 5836 ’³
919 5799 1043 5856 Ion.
1077 5802 1201 5865 tt,l.
1561 5835 1572 5843 ο
