3916 6460
449 529 546 584 607

1534 515 1903 571 ANONYMUS
1941 514 2007 568 IN
2044 514 2179 571 JOB.
2218 546 2282 555 —
2319 514 2445 568 LIB.
2482 514 2525 568 1.

3604 486 3705 541 408

445 639 648 699 hcndit,
674 645 829 704 atque
855 635 1050 689 revelat
1074 636 1343 689 omnibus.
1369 634 1495 699 Qute
1524 633 1677 687 nobis
1702 634 1974 687 evidenter
2001 637 2043 691 A
2072 634 2324 687 abdicans
2372 645 2580 699 quoque
2613 638 2783 698 atque
2819 627 2963 682 reda
2976 632 3226 693 rguens.
3268 620 3330 666 et
3361 607 3705 704 ιηῖίιξξίιπιυιη

445 729 672 783 ostendit
697 728 807 780 haec
830 742 971 780 nunc
994 741 1413 779 commemorans
1442 727 1715 794 Scriptura
1747 727 1927 778 dicens
1954 739 1969 775 :

446 819 514 871 Et
547 818 671 869 dixit
706 815 957 868 Dominus
1003 817 1070 867 ad
1112 815 1377 869 diabolum
1401 832 1420 869 :
1450 815 1596 870 Unde
1636 818 1773 870 venis
1826 824 1879 867 tu
1894 814 1976 867 “i

446 908 509 961 Et
540 909 830 976 interrogat
862 906 947 959 ille
982 906 1070 972 qui
1112 907 1363 967 praescius
1390 916 1487 968 est,
1517 916 1676 974 atque
1707 908 1974 973 providus,

447 997 823 1065 nequissimum
848 994 1112 1048 diabolum
1138 996 1275 1048 unde
1302 997 1525 1059 veniret,
1554 997 1696 1048 illum
1724 996 1973 1064 injustunl

444 1085 703 1155 refugam,
727 1085 865 1139 unde
896 1096 1320 1153 approperasset.
1350 1086 1439 1139 Sic
1466 1087 1813 1153 interrogavit
1849 1087 1975 1139 olim

440 1178 631 1243 Adam,
659 1175 760 1231 Ubi
801 1193 852 1229 es
883 1175 1049 1226 Adam
1074 1174 1178 1227 “"i
1216 1175 1326 1229 Non
1353 1188 1412 1230 ut
1438 1177 1658 1240 inscius,
1685 1178 1775 1231 sed
1805 1178 1979 1230 sciens

444 1268 805 1335 ltrtescienter,
834 1274 884 1319 et
916 1275 1039 1318 tunc
1069 1264 1133 1318 ad
1167 1266 1356 1327 Adam,
1390 1276 1440 1319 et
1474 1282 1612 1321 nunc
1644 1267 1709 1320 ad
1743 1267 1865 1320 Adae
1891 1280 1979 1319 se-

445 1359 741 1417 ductorem,
771 1357 861 1410 sed
888 1354 986 1408 Job
1016 1371 1116 1409 non
1154 1356 1573 1423 supplantantem
1601 1374 1615 1409 :
1652 1360 1716 1410 ad
1743 1373 1860 1411 eum
1888 1359 1977 1425 qui

445 1448 612 1502 Adam
663 1447 1029 1509 circumvenit,
1073 1450 1163 1500 sed
1196 1446 1294 1500 Job
1336 1462 1438 1499 non
1487 1448 1777 1516 superavit.
1843 1448 1981 1515 Ergo

446 1536 569 1601 quia
599 1535 650 1587 in
683 1542 908 1601 utroque
963 1534 1196 1601 ejusdem
1253 1534 1557 1602 nequissimi
1609 1536 1805 1588 malitia
1864 1535 1977 1597 fuit,

450 1626 638 1679 merito
682 1625 745 1677 ad
794 1633 1076 1691 utrumque
1108 1626 1291 1679 eodem
1328 1640 1455 1677 usus
1482 1634 1562 1677 est
1600 1627 1760 1679 verbo
1793 1641 1807 1677 :
1849 1626 1983 1677 dixit

450 1715 516 1766 ad
540 1714 705 1765 Adam
732 1714 876 1771 olim.
912 1712 1009 1766 Ubi
1042 1731 1094 1767 es
1123 1714 1331 1767 Adam?
1356 1713 1419 1765 ad
1466 1714 1730 1766 diabolum
1760 1724 1938 1781 postea
1965 1732 1979 1764 :

451 1801 600 1855 Unde
621 1802 757 1855 venis
785 1804 875 1857 tu?
910 1801 1012 1856 Sed
1043 1819 1144 1855 non
1176 1812 1230 1854 ut
1254 1802 1452 1855 inscius
1478 1804 1819 1871 Interrogavit
1846 1804 1983 1857 unde

449 1894 704 1956 venisset,
733 1893 867 1946 sicut
897 1907 993 1947 nec
1018 1894 1182 1946 Adam
1214 1893 1360 1969 olim,
1386 1893 1472 1946 ubi
1502 1902 1662 1955 esset,
1694 1894 1784 1946 sed
1808 1894 1984 1946 occul-

454 1995 560 2037 tam
586 1992 746 2051 atque
767 1984 993 2036 abditam
1019 1985 1393 2053 cogitationem
1423 1984 1536 2051 ejus
1560 1984 1803 2051 detegere
1826 1995 1984 2050 atque
2014 1968 2056 2021 Β

450 2074 720 2143 publicare
757 2074 939 2128 voluit.
984 2074 1190 2127 Latenti
1238 2076 1378 2129 enim
1423 2075 1589 2127 livore
1612 2073 1863 2127 adversus
1891 2072 1988 2128 Job

451 2165 810 2218 inflammatus
865 2174 965 2226 est,
1010 2164 1194 2217 latenti
1241 2164 1559 2233 c0gitatione
1608 2163 1767 2215 Deum
1816 2177 1989 2230 repre-

452 2255 656 2318 hendit,
687 2255 835 2323 quasi
874 2254 966 2308 Job
996 2253 1383 2317 defendentem,
1413 2262 1466 2306 et
1489 2251 1874 2305 multitudinem
1902 2253 1987 2304 di-

452 2346 699 2399 vitiarum
726 2346 799 2398 illi
829 2345 1163 2398 continenter
1195 2344 1526 2412 largientem.
1572 2343 1713 2395 Dixit
1762 2357 1990 2409 namque

458 2436 595 2488 intra
616 2436 953 2503 semetipsum
983 2434 1069 2488 :Si
1101 2434 1226 2488 mihi
1251 2443 1394 2487 tanta
1417 2435 1550 2487 bona
1576 2433 1808 2486 dedisset
1830 2446 1991 2499 super

457 2533 677 2590 terram,
726 2526 961 2593 profecto
1004 2535 1058 2580 et
1091 2540 1189 2593 ego
1238 2524 1461 2577 colerem
1514 2522 1655 2576 illum
1703 2523 1755 2574 in
1810 2523 1989 2587 terris,

460 2616 598 2669 sicut
648 2615 765 2670 Job.
806 2616 954 2670 Nunc
991 2630 1117 2684 ergo
1150 2617 1269 2684 quis
1317 2614 1443 2667 mihi
1483 2612 1628 2667 dabit
1679 2622 1737 2665 ut
1794 2613 1991 2680 possim

459 2708 744 2760 ascendere
777 2723 895 2762 cum
940 2708 1143 2777 angelis
1170 2708 1224 2759 in
1254 2706 1468 2770 ctelum,
1513 2714 1567 2758 et
1595 2715 1737 2759 stare
1774 2705 1824 2758 in
1864 2719 1990 2759 cun-

460 2807 641 2866 spectu
668 2797 761 2850 Dei
795 2798 846 2850 in
877 2798 1050 2851 medio
1085 2810 1291 2861 eorum,
1332 2803 1385 2848 et
1408 2803 1719 2862 potestatem
1750 2793 1994 2862 accipere

458 2903 492 2941 a
531 2888 635 2942 Deo
672 2890 908 2943 omnium
945 2888 1059 2957 ejus
1086 2886 1381 2942 bonorum?
1410 2884 1475 2938 Et
1502 2886 1836 2939 ostenderem
1872 2899 1991 2938 eum

462 2997 556 3035 sua
584 2982 717 3036 bona
744 2983 1055 3050 perdidisse,
1083 2984 1204 3051 quia
1231 2998 1334 3036 non
1363 2991 1444 3035 est
1470 2981 1670 3044 utilior,
1706 2997 1877 3050 neque
1905 2985 1995 3035 lir-

461 3071 598 3126 tuior
626 3071 726 3126 Job
747 3073 952 3126 caeteris
980 3073 1277 3126 hominibus
1304 3071 1582 3136 universis,
1606 3072 1726 3140 quia
1754 3088 1855 3125 non
1877 3086 1995 3141 pro-

460 3160 581 3235 pter
621 3163 956 3226 cbaritatem,
1010 3177 1179 3232 neque
1228 3164 1475 3231 pietatem
1518 3160 1615 3215 Job
1645 3162 1773 3215 colit
1806 3162 1994 3225 Deum,

2070 724 2181 790 ejus
2206 733 2364 791 atque
2390 696 2777 790 apostasiam,
2830 717 3288 783 malignumque
3322 701 3448 770 ejus
3482 696 3707 749 livorem

2072 816 2213 869 circa
2243 814 2360 876 Job,
2412 823 2465 866 et
2515 812 2659 866 circa
2710 822 2921 864 omnes
2970 813 3225 859 sanctos
3290 795 3709 851 demonstrans.

2073 907 2204 959 dixit
2233 921 2248 960 :
2277 904 2420 959 Unde
2466 905 2606 957 venis
2655 903 2761 955 tu?
2802 901 2925 955 Non
2966 895 3123 951 dixit
3173 892 3290 944 hoc
3345 884 3416 937 ad
3470 878 3712 949 angeIOS.

2076 1012 2246 1066 neque
2271 999 2335 1049 ad
2365 1006 2577 1049 sanctas
2603 994 2863 1054 virtutes,
2894 1005 3007 1044 non
3055 977 3468 1048 interrogavit
3502 972 3714 1066 specia-

2075 1064 2458 1141 les—ministros
2496 1086 2636 1137 unde
2663 1083 2977 1145 venissent,
3012 1077 3108 1131 vel
3151 1074 3317 1126 unde
3356 1067 3611 1123 veniant.
3662 1064 3716 1119 In

2078 1180 2189 1246 ipso
2230 1177 2373 1229 enim
2422 1183 2582 1243 atque
2629 1175 2682 1227 in
2731 1173 2855 1243 ejus
2892 1170 3230 1231 voluntate,
3284 1162 3346 1216 in
3408 1156 3718 1213 visionibus

2077 1267 2191 1334 ejus
2242 1277 2401 1335 atque
2437 1264 2877 1319 ordinationibus
2924 1270 2981 1316 et
3032 1265 3191 1313 eunt
3244 1263 3310 1308 et
3363 1250 3622 1314 veniunt,
3669 1259 3721 1301 et

2079 1358 2255 1410 omnia
2291 1355 2576 1422 perficiunt
2610 1365 2775 1423 atque
2801 1352 2991 1406 omnia
3026 1343 3376 1415 adimplent
3400 1383 3418 1408 ,
3447 1350 3508 1394 et
3534 1350 3721 1395 cuncta

2080 1445 2368 1497 secundum
2416 1444 2530 1511 ejus
2578 1442 2917 1496 voluntatem
2974 1444 3344 1507 operantur,
3402 1431 3567 1500 juxta
3628 1429 3723 1482 hoc

2081 1537 2218 1606 quod
2265 1537 2461 1589 dictum
2502 1544 2584 1588 est
2616 1551 2631 1587 :
2666 1532 2978 1586 Benedicile
3015 1527 3370 1590 Dominum,
3412 1538 3599 1576 omnes
3632 1538 3724 1573 an-

2082 1629 2182 1695 geli
2211 1628 2339 1692 eius.
2374 1627 2600 1678 ministri
2624 1625 2761 1692 ejus,
2792 1623 2886 1692 qui
2908 1619 3110 1689 facitis
3141 1616 3508 1670 voluntatem
3529 1612 3645 1679 ejus
3661 1612 3722 1663 ".

2082 1719 2224 1786 Ergo
2258 1717 2378 1783 quia
2411 1717 2541 1770 tales
2564 1724 2688 1768 sunt
2719 1714 2897 1768 sancti
2929 1709 3155 1779 angeli,
3192 1715 3258 1761 et
3291 1703 3494 1759 taliter
3523 1703 3726 1757 faciunt

2084 1811 2413 1863 voluntatem
2442 1808 2555 1870 Dei,
2586 1817 2639 1860 ct
2661 1806 2714 1859 in
2745 1806 2863 1875 ipso
2891 1815 3057 1865 eunt,
3093 1808 3159 1854 et
3192 1798 3471 1857 veniunt,
3496 1804 3554 1849 et
3578 1803 3725 1847 extra

2086 1900 2255 1967 ipsum
2293 1913 2562 1965 nunquam
2600 1905 2745 1961 sunt,
2794 1892 3002 1947 merito
3055 1904 3210 1958 ergo
3246 1888 3385 1942 illos
3423 1900 3539 1939 non
3568 1884 3726 1938 inter-

2092 1998 2241 2057 rogat
2272 1990 2410 2041 unde
2461 1988 2721 2041 veniant:
2760 1975 3075 2052 malignum
3121 1990 3332 2032 autem
3386 1976 3550 2030 illum
3591 1974 3727 2028 refu-

2090 2096 2207 2151 gam
2237 2090 2397 2149 atque
2429 2087 2725 2147 apostatam
2762 2078 3108 2142 interrogat,
3152 2082 3448 2140 tanquam
3475 2068 3727 2138 alienige-

2091 2185 2237 2232 nam,
2268 2180 2517 2237 tanquam
2543 2178 2813 2231 exterum,
2843 2174 3123 2233 tanquam
3154 2160 3593 2222 adversarium,
3619 2166 3728 2211 tan-

2090 2274 2246 2326 quam
2285 2259 2558 2311 inituicum
2607 2257 2847 2310 omnium
2885 2256 3215 2308 bonorum.
3256 2250 3435 2304 Hunc
3488 2262 3622 2316 ergo
3652 2246 3727 2301 in-

2095 2358 2373 2415 terrogans
2405 2346 2535 2400 dicit
2568 2343 2754 2399 :Unde
2792 2345 2935 2397 venis
2991 2343 3109 2396 tu?
3166 2342 3261 2395 Ab
3301 2337 3650 2398 homicidiis,
3697 2352 3723 2389 a

2090 2436 2456 2502 sanguinibus,
2500 2437 2566 2491 ab
2598 2434 2905 2498 adulteriis,
2948 2448 2981 2486 a
3032 2432 3257 2494 furtis,
3308 2446 3343 2484 a
3403 2427 3720 2491 mendaciis,

2096 2537 2346 2599 tanquam
2382 2526 2678 2589 homicida,
2714 2534 2769 2579 et
2802 2533 3072 2592 tanquam
3114 2522 3421 2578 mendacii
3461 2530 3642 2591 pater,
3673 2529 3722 2572 et

2092 2620 2281 2672 horum
2325 2626 2513 2673 auctor
2532 2624 2694 2684 atque
2728 2614 2989 2668 inventor
3024 2614 3345 2668 exsistens
3395 2625 3572 2681 super
3626 2620 3721 2663 ter-

2093 2725 2251 2765 ram:
2293 2706 2437 2761 Unde
2481 2706 2618 2759 venis
2661 2706 2757 2759 tu?
2792 2705 2874 2759 Ab
2926 2704 3355 2759 internecione
3390 2701 3554 2766 Abel,
3599 2716 3625 2754 a
3652 2700 3722 2768 gi-

2094 2806 2311 2867 gantum
2340 2795 2669 2865 impudicitia
2703 2804 2867 2863 atque
2900 2795 3151 2849 interitu
3213 2794 3480 2860 illorum,
3528 2806 3559 2845 a
3589 2801 3720 2845 turre

2096 2888 2443 2944 contumaciae
2482 2896 2647 2954 atque
2687 2885 3062 2954 dispersione,
3115 2886 3194 2940 ab
3254 2885 3413 2940 Esau
3469 2884 3719 2939 aviditate

2095 2989 2255 3047 atque
2279 2978 2459 3031 fratris
2484 2973 2978 3040 circumven’tione.
3017 2992 3050 3029 a
3101 2976 3449 3031 Pharaonis
3492 2975 3716 3046 pertina-

2095 3070 2178 3125 cia
2208 3076 2364 3136 atque
2399 3066 2733 3136 perditione,
2762 3066 2834 3121 ab
2868 3066 3051 3122 Israel
3093 3069 3155 3121 in
3190 3069 3433 3123 deserto
3462 3066 3714 3121 idolcram

2097 3159 2300 3214 cultura
2346 3165 2505 3225 atque
2535 3156 2711 3222 ruina,
2755 3171 2785 3208 a
2831 3157 3267 3227 prOphetarum
3317 3152 3713 3227 persecutione,

465 3251 558 3305 sed
587 3264 803 3321 propter
834 3251 1069 3320 pecunia:
1114 3252 1501 3306 multitudinem
1550 3260 1711 3320 atque
1739 3252 1994 3305 bonorum
2022 3283 2064 3340 ο
2098 3251 2163 3304 ab
2194 3248 2562 3303 interfectione
2603 3244 2851 3310 Joannis,
2889 3262 2922 3301 a
2969 3246 3331 3304 Judazorum
3374 3247 3712 3311 crudelitate,

464 3341 863 3395 abundantiam.
895 3330 1026 3395 ‘Nisi
1076 3343 1217 3396 enim
1266 3356 1361 3408 pro
1408 3343 1592 3394 horum
1637 3341 1997 3395 blandimento

463 3433 688 3486 serviret
716 3435 843 3497 Deo,
870 3431 1103 3499 perfecto
1127 3448 1229 3485 non
1260 3440 1402 3486 esset
1431 3431 1615 3486 melior
1637 3432 1773 3484 Esau
1806 3433 2000 3487 tritavo

466 3535 582 3576 suo.
616 3520 768 3576 Nunc
792 3536 920 3576 vero
954 3530 1199 3590 tanquam
1230 3520 1329 3575 flos
1362 3520 1573 3574 videtur
1594 3537 1658 3574 ex
1691 3521 1858 3589 Spinis
1886 3523 1998 3575 ori-

466 3609 512 3661 ri
544 3607 642 3664 Job
672 3625 738 3663 ex
768 3611 1079 3678 posteritate
1110 3610 1245 3663 Esau
1285 3628 1301 3664 :
1342 3611 1433 3664 sed
1469 3611 1512 3664 si
1545 3611 1840 3664 denudetur
1869 3611 2002 3664 divi—

466 3700 578 3762 tiis,
607 3700 847 3767 profecto
880 3701 1131 3755 continuo
1160 3701 1513 3755 denudabitur
1559 3701 1718 3754 etiam
1764 3702 1857 3755 Dei
1892 3702 2003 3755 cul-

472 3778 624 3855 titra;
651 3790 696 3844 si
728 3789 999 3843 auferatur
1021 3790 1087 3844 ab
1115 3790 1202 3843 illo
1225 3791 1467 3859 pecunia,
1496 3789 1731 3857 profecto
1757 3805 1859 3843 non
1877 3790 2003 3844 offe-

470 3887 553 3932 ret
582 3880 693 3949 ipse
722 3882 1011 3947 gratiarum
1032 3882 1272 3935 actiones
1298 3880 1424 3935 Deo.
1460 3881 1601 3951 Ergo
1625 3882 1746 3950 quia
1778 3883 1887 3935 haec
1915 3897 2004 3936 co-

469 3969 657 4039 gitavit
682 3972 922 4026 diabolus
957 3986 1074 4025 cum
1108 3972 1356 4039 nequiter
1382 3972 1571 4026 invidit
1597 3971 1716 4037 Job,
1746 3980 1799 4027 et
1826 3972 2005 4026 illicite

472 4059 811 4126 reprehendit
835 4062 1030 4125 Deum,
1066 4059 1259 4125 injuste
1285 4059 1631 4114 nihilominus
1662 4068 1820 4127 atque
1868 4059 2005 4112 indi-

473 4163 574 4215 gne
606 4151 896 4217 ingressum
930 4165 1049 4205 cum
1077 4150 1280 4219 angelis
1303 4151 1611 4205 desiderans
1656 4159 1783 4202 ante
1818 4149 2002 4213 Deum,

476 4256 679 4297 necnon
723 4246 901 4299 ethoc
925 4245 1065 4313 quod
1098 4245 1283 4299 illicite
1315 4242 1566 4298 deferens
1602 4240 1723 4307 Job,
1772 4241 2007 4310 pecuniae

477 4338 637 4397 atque
683 4332 910 4386 filiorum
954 4334 1069 4402 ejus
1106 4342 1423 4401 potestatem
1470 4330 1713 4399 accipere
1749 4338 2006 4396 cuperet,

478 4434 798 4491 acceptaque
842 4425 1018 4477 omnia
1068 4425 1246 4478 subito
1299 4422 1562 4492 perderet,
1594 4429 1648 4475 et
1681 4435 1800 4475 cum
1834 4420 2010 4489 perdi-

479 4516 665 4575 disset,
695 4522 787 4566 aut
818 4523 963 4568 certe
990 4514 1089 4569 Job
1119 4530 1148 4568 a
1176 4514 1283 4569 Deo
1321 4512 1673 4573 abstraheret,
1732 4518 1822 4563 aut
1845 4510 2005 4564 etiam

2098 3353 2152 3396 et
2179 3342 2245 3397 ab
2280 3341 2515 3395 omnium
2541 3353 2571 3392 a
2602 3339 2803 3394 saaculo
2828 3348 2885 3397 et
2915 3356 3112 3410 usque
3169 3343 3231 3396 in
3262 3342 3537 3398 saeculum
3562 3339 3715 3394 malo-

2100 3449 2215 3486 rum
2256 3430 2606 3499 perfectione.
2660 3429 2877 3498 Omnia,
2921 3433 3151 3501 inquit,
3203 3435 3359 3490 mala
3412 3450 3535 3503 qua
3570 3446 3715 3500 super

2103 3534 2294 3577 terram
2323 3533 2507 3576 exorta
2555 3531 2700 3583 sunt,
2737 3537 2805 3576 ex
2838 3532 2895 3578 te
2945 3525 3192 3580 initium
3240 3531 3627 3594 sumpserunt,
3669 3530 3715 3575 et

2102 3628 2194 3682 per
2226 3623 2275 3665 te
2304 3612 2399 3666 sub
2440 3610 2578 3665 coelo
2613 3610 2970 3666 disseminata
3022 3626 3204 3677 sunt,
3243 3626 3303 3670 et
3334 3625 3393 3669 tu
3426 3630 3511 3679 es,
3540 3630 3573 3669 ο
3614 3613 3713 3666 dia—

2102 3704 2243 3766 bole,
2270 3702 2508 3755 omnium
2537 3698 2729 3753 horum
2772 3700 2976 3767 factor,
3002 3713 3065 3757 et
3102 3704 3493 3776 suffragator,
3528 3713 3585 3758 et
3622 3701 3713 3755 ini-

2103 3794 2257 3854 tium,
2286 3800 2339 3846 et
2363 3791 2504 3845 finis.
2532 3790 2761 3853 Oblttec,
2790 3790 2992 3859 inquit,
3023 3809 3061 3848 0
3092 3794 3363 3861 diabole,
3400 3806 3456 3849 et
3478 3810 3623 3849 mors
3644 3792 3712 3845 vi-

2102 3881 2197 3944 vit,
2228 3888 2280 3933 et
2303 3877 2541 3932 infernus
2563 3875 2737 3941 floret,
2760 3886 2813 3929 et
2844 3879 3102 3934 tenebrae
3134 3882 3427 3951 gaudent,
3452 3892 3509 3937 et
3536 3882 3713 3937 obscu-

2104 3972 2235 4025 ritas
2261 3983 2363 4023 non
2407 3966 2727 4030 minoratur,
2759 3975 2813 4019 et
2842 3965 3120 4035 iniquitas
3152 3987 3278 4026 non
3310 3972 3535 4038 deficit,
3565 3982 3617 4026 et
3636 3970 3712 4040 ju-

2104 4061 2204 4111 dex
2234 4055 2416 4109 mortis
2446 4054 2719 4108 victoriam
2753 4055 2977 4122 accipit.
3007 4057 3167 4112 Cum
3210 4077 3357 4131 ergo
3392 4063 3712 4131 interrogem

2108 4156 2157 4200 te
2186 4147 2323 4199 unde
2356 4143 2560 4207 venias,
2598 4156 2701 4196 non
2741 4144 2901 4211 quasi
2940 4149 3228 4205 nesciens
3291 4152 3601 4222 interrogo,
3634 4166 3714 4205 ne-

2106 4252 2207 4306 que
2235 4245 2290 4289 ut
2320 4236 2530 4301 ignarus
2557 4235 2825 4298 sciscitor,
2857 4236 2954 4290 sed
2994 4247 3059 4291 ut
3098 4244 3547 4309 reprehendens
3570 4253 3715 4311 atque

2107 4329 2375 4397 detegens,
2411 4327 2737 4381 convincens
2775 4336 2945 4396 atque
2996 4331 3399 4402 redarguens,
3436 4334 3714 4391 ostendens

2108 4431 2319 4486 quoque
2353 4424 2514 4484 atque
2541 4413 2925 4470 demonstrans
2957 4421 3115 4486 quod
3154 4424 3237 4477 ab
3270 4426 3427 4479 omni
3482 4425 3713 4494 impieta-

2111 4506 2178 4560 tis
2221 4514 2378 4573 atque
2430 4502 2706 4571 injustitiaa
2750 4504 3110 4571 perfectione
3169 4523 3355 4581 atque
3408 4513 3711 4584 operatione

481 4616 601 4655 cum
638 4601 837 4667 justum
876 4601 973 4656 Job
1003 4604 1278 4657 tormentis
1305 4601 1573 4665 alliceret,
1610 4600 1862 4668 nequitia:
1900 4613 2010 4652 suae
2042 4595 2085 4648 D
2111 4594 2312 4649 venies.
2335 4593 2428 4647 Dic
2455 4592 2595 4646 unde
2624 4592 2775 4645 venis
2807 4602 2888 4660 ιιι,
2915 4596 3034 4651 zelo
3058 4612 3417 4671 succensus,
3446 4603 3711 4672 iniquitate

479 4691 833 4748 Satisfaceret.
886 4692 1022 4760 Ergo
1073 4694 1195 4760 quia
1241 4702 1299 4747 ut
1345 4693 1454 4747 dixi
1501 4690 1763 4745 desiderio
1805 4704 1901 4743 suo
1945 4704 2009 4743 ac

479 4781 705 4837 consilio
733 4780 803 4831 ita
835 4781 977 4833 venit
1004 4783 1357 4849 nequissimus
1388 4782 1631 4836 diabolus
1671 4789 1794 4833 ante
1821 4779 2006 4843 Deum,

480 4875 535 4929 in
566 4871 739 4924 medio
768 4869 1076 4937 angelorum
1117 4874 1306 4925 merito
1330 4872 1537 4926 venisse
1563 4887 1683 4925 eum
1709 4870 1868 4935 dicit,
1907 4885 2008 4922 non

481 4960 622 5031 quod
657 4958 767 5023 ipse
792 4957 1015 5020 venerit,
1044 4958 1136 5012 sed
1164 4960 1488 5013 desiderium
1533 4959 1651 5028 ejus
1683 4968 1844 5028 atque
1869 4959 2012 5027 cogi-

480 5048 618 5103 tatio
652 5045 816 5099 venit.
860 5044 1126 5098 Adversus
1158 5061 1315 5113 quam
1367 5048 1739 5117 cogitationem
1793 5062 2016 5115 respon-

481 5138 624 5194 disse
651 5136 844 5189 dicitur
875 5133 1032 5198 Deus,
1064 5144 1116 5186 et
1148 5135 1499 5201 interrogasse
1538 5138 1829 5201 diabolum,
1874 5136 2016 5190 unde

480 5228 706 5283 veniret.
742 5223 872 5277 Nam
911 5237 1037 5276 vero
1073 5238 1175 5276 non
1224 5234 1467 5290 poterant
1514 5225 1626 5278 ltazc
1671 5228 2019 5279 historialiter

483 5320 670 5382 scribi,
702 5330 874 5384 neque
900 5313 1054 5366 aliter
1084 5315 1238 5366 nobis
1272 5312 1505 5376 recitari,
1538 5315 1639 5367 nisi
1673 5326 1729 5370 ut
1776 5330 2015 5385 personae

484 5410 836 5465 recitarentur
870 5401 1019 5471 quasi
1051 5402 1115 5454 ad
1146 5400 1365 5453 invicem
1396 5404 1795 5468 respOndentes,
1827 5406 1894 5458 ob
1917 5404 2017 5456 hoc

480 5500 612 5557 dicit
638 5519 653 5556 :
687 5498 751 5552 Et
799 5496 930 5549 dixit
974 5492 1110 5545 Deus
1154 5493 1220 5545 ad
1260 5492 1519 5544 diabolum
1549 5489 1729 5546 :Unde
1760 5495 1894 5549 venis
1924 5494 2018 5546 tu?

486 5591 599 5643 Non
631 5590 784 5659 quasi
825 5590 1180 5654 interrogans,
1216 5582 1298 5636 vel
1326 5597 1591 5650 quaerens,
1628 5586 1705 5637 vel
1738 5584 2020 5637 sciscitans

489 5678 729 5734 dixerit:
761 5678 908 5732 Unde
948 5677 1081 5729 uenis
1129 5675 1221 5728 tu?
1262 5673 1352 5728 sed
1396 5676 1638 5741 culpatis,
1670 5684 1723 5728 et
1751 5674 2020 5742 detegens,

562 5830 605 5860 ’⁸
632 5831 727 5886 Job
756 5849 791 5899 ι,
827 5835 875 5889 7.
952 5834 1181 5899 9"LGen.
1216 5847 1291 5896 ιιι,
1326 5831 1378 5885 9.
1454 5831 1495 5860 οδ
1541 5828 1677 5883 Psal.
1715 5843 1803 5891 cu,
1837 5825 1920 5889 21)»
1952 5822 2039 5875 “3J-

2112 4696 2382 4748 oneratus,
2411 4681 2607 4735 invidia
2641 4681 2873 4750 plenus?
2917 4685 3056 4756 Ego,
3098 4690 3326 4761 inquit,
3361 4696 3488 4750 dedi
3522 4694 3637 4757 Job,
3665 4700 3711 4743 et

2115 4784 2167 4827 tu
2201 4772 2422 4826 invides.
2459 4770 2568 4840 Ego
2592 4771 2759 4839 adjeci
2787 4772 2891 4840 illi,
2921 4786 2979 4829 et
3010 4787 3068 4830 tu
3096 4783 3418 4840 :emularis.
3449 4786 3561 4852 Ego
3590 4785 3711 4837 mulo

2116 4859 2376 4930 tiplicavi,
2398 4868 2453 4911 tu
2485 4874 2611 4912 vero
2634 4859 2873 4916 lluescis.
2908 4864 3025 4933 Ego
3049 4867 3304 4938 largitus
3337 4893 3485 4940 sum,
3520 4887 3570 4929 tu
3599 4890 3709 4928 vero

2118 4948 2329 5002 auferre
2358 4947 2591 5001 conaris.
2617 4948 3046 5018 Apprcbendam
3084 4964 3245 5013 enim
3283 4971 3362 5028 te,
3395 4976 3454 5018 et
3480 4966 3706 5033 detegam

2116 5038 2297 5092 divina
2334 5037 2697 5103 Providentia,
2751 5050 3018 5111 tanquam
3074 5048 3266 5105 furem
3319 5055 3522 5109 alienis
3570 5052 3708 5108 bonis

2114 5128 2430 5195 inhiantem,
2466 5138 2520 5183 et
2548 5140 2859 5199 sperantem
2893 5140 3048 5206 quod
3081 5156 3180 5209 per
3213 5143 3343 5200 hate
3384 5144 3590 5213 justum
3617 5142 3705 5195 Job

2115 5219 2430 5271 subvertere
2456 5220 2651 5287 possis.
2692 5222 2798 5277 Sed
2826 5239 2957 5296 ego,
2992 5230 3214 5300 inquit,
3255 5245 3313 5289 et
3344 5246 3495 5290 tuam
3525 5233 3704 5302 iniqui-

2118 5317 2276 5360 tatem
2306 5312 2652 5380 redarguunt,
2681 5314 2818 5370 bona
2849 5315 2955 5375 Job
2989 5322 3088 5376 tibi
3120 5325 3422 5393 tradendo,
3452 5339 3514 5381 ut
3540 5336 3588 5381 et
3613 5324 3699 5376 Job

2108 5394 2306 5463 justum
2339 5399 2703 5456 demonstrem
2735 5420 2831 5474 per
2855 5408 3218 5467 tolerantiam
3253 5413 3549 5467 victoriam
3577 5414 3636 5466 de
3659 5420 3702 5461 te

2114 5494 2435 5573 sunteutem.
2466 5486 2546 5542 Ob
2581 5492 2686 5547 hoc
2719 5508 2847 5566 ergo
2876 5505 3145 5570 tanquam
3181 5506 3533 5573 interrogans
3560 5503 3696 5555 dico:

2118 5572 2268 5626 Unde
2297 5579 2436 5631 venis
2465 5582 2563 5635 tu?
2617 5583 2689 5641 Ut
2727 5591 2942 5647 occulta
2978 5605 3072 5649 tua
3110 5572 3700 5663 meditatioappareal.

2121 5675 2177 5720 ut
2204 5668 2500 5732 vehemens
2545 5686 2637 5737 tua
2689 5687 2928 5759 nequitia
2975 5691 3241 5749 omnibus
3288 5686 3697 5747 demonstretur,
