3916 6454
265 607 435 671 auum
482 627 616 680 “ms
656 626 833 682 rm“
903 665 1083 682 Mt
1111 669 1160 682 η
1308 679 1319 682 Δ
1355 561 1730 620 ANONYMUS
1766 561 1831 616 1N
1868 561 2008 618 JOB.
2043 587 2108 598 -
2149 543 2374 682 ωΒῖᾹι.

37 623 616 792 ill/mtuum?
633 626 833 781 (ἕέἑη
903 665 1270 732 0mnibus
1307 679 1624 738 innotescat.
1675 683 1785 736 Pro
1812 686 1858 742 Α
1884 696 1988 750 que
2015 688 2100 734 est
2128 679 2381 746 prasens
2420 684 2578 744 atque
2615 686 2783 732 totum
2822 677 3071 731 mundum
3095 676 3268 732 subito
3305 697 3424 749 per-

811 748 834 786 :
898 740 1126 792 Unci-
1174 773 1334 792 ..-μμ
1376 774 1466 792 .-.ο
1522 773 1543 792 Α
1566 775 1779 792 4---_-__-
1882 774 2064 792 __.__,-
2138 768 2196 792 cz
2230 763 2373 792 ....:...
2404 769 2547 792 ..-...:
2581 769 2719 792 -_..:-
2747 770 2988 792 _-_:-_--
3024 781 3085 792 ,Α
3116 769 3419 792 ----.ε..-ε--

43 784 68 820 Ἃ

215 717 324 774 κτςο
342 710 593 772 omnibus
633 721 770 781 dico
811 748 834 786 ξ
898 740 963 796 υ

54 798 72 866 ιὶ.
891 798 1123 886 d.":"'
1178 798 1336 872 υῗιη
1367 798 1460 874 fit:
1513 798 1783 826 ηυνιπδυο

54 831 240 984 ὴν
267 905 342 961 qm
367 891 460 947 ωδ
494 898 627 954 αιιο
662 915 743 960 ea
949 851 1086 948 ιοξι
1124 866 1148 903 =
1188 855 1428 913 Circum
1451 877 1651 914 omnem
1678 873 1784 914 ter-

63 945 83 984 \
165 959 204 984 Δ
749 949 770 976 9
796 927 858 970 ει
891 938 1056 984 υθηι
1097 941 1165 974 ,θ
1230 945 1591 984 Mannilnnnin
1625 964 1784 984 oens...

109 891 204 973 ll
267 891 460 998 manli
494 898 627 954 celo
662 915 770 976 est,
796 927 858 970 et
891 891 1651 1003 δειλὲ-θὀ,νίί;“;;ξῖου”’ἶ’⁶”⁶
1678 891 1784 914 ’ω’

109 959 204 1054 1’
203 995 405 1054 ,Διηιιθ
451 993 660 1054 uteris.
717 1014 756 1054 ο
807 1013 1216 1054 πήρα-,κῃ
1435 964 1600 1054 _q'"°_
1621 964 1784 1054 θξαυε

141 995 405 1127 7/1”“
451 995 660 1098 ωῗτῖδν
717 1014 756 1056 ο
807 1013 1224 1089 miserrime
1275 995 1782 1106 dinia'iiiizié

237 1098 330 1127 41w
349 1092 506 1127 almus
535 1097 806 1127 ηειδελ-ηε..
871 1118 944 1127 ι--
989 1113 1035 1127 .-

93 1085 330 1215 ἭἏἾΕ
349 1092 514 1188 mine.
534 1085 843 1164 humu“.
871 1118 954 1162 ιιι
989 1113 1091 1172 ita
1126 1085 1782 1198 appar—eal'qiiod'

118 1182 160 1215 ab
263 1175 446 1215 Αιιηηιιι
500 1187 856 1215 ιιοισιπιιιι.-ιε
923 1211 942 1215 _

118 1175 492 1289 magis
500 1177 892 1289 iurantes“.
919 1175 1412 1284 δττοςεὶιῖιζέξὲὶ
1429 1175 1783 1289 ’ὲᾷᾗέτὶῖῖἐέ

161 1269 843 1384 ζξοίιξῗμδῖξιξεξῖθοψιιὶῑ.
865 1295 936 1384 ει
961 1269 1144 1364 ξψιῶ
1180 1311 1239 1358 te
1258 1269 1564 1362 didicerint
1574 1269 1780 1380 ἔξζάιᾶ

187 1373 266 1452 »ὦ
300 1373 424 1466 sui“
461 1373 749 1466 contraria
796 1389 814 1426 ι
868 1376 1040 1440 Deus
1090 1393 1243 1448 enim
1284 1397 1516 1466 superbis
1562 1373 1779 1465 resistit,

206 1462 448 1535 ὶιιτηίιίδω
475 1470 648 1518 “mm
676 1464 774 1519 ἀαῑ
800 1474 1068 1536 gratiam
1103 1484 1177 1537 ’⁷.
1209 1483 1305 1539 His
1344 1462 1591 1543 similiter
1618 1462 1778 1544 etiam

231 1572 347 1621 bima
373 1564 540 1612 mater
581 1555 868 1616 Samuelis
899 1564 1055 1630 dicit
1091 1587 1111 1626 :
1147 1572 1334 1628 Nolite
1375 1577 1518 1646 loqui
1563 1579 1780 1646 superba

224 1660 270 1710 in
304 1649 546 1717 superbia,
585 1661 770 1706 etnon
810 1667 967 1709 exeat
1008 1665 1437 1735 magniloquium
1473 1684 1538 1722 ea:
1579 1685 1665 1722 ore
1696 1687 1778 1724 ve-

226 1754 321 1798 stro
341 1743 406 1800 ".
431 1741 538 1798 Sed
555 1742 750 1798 borum
782 1745 1089 1805 immemor
1125 1754 1394 1819 diabolus,
1420 1766 1474 1810 et
1513 1759 1646 1812 alios
1678 1759 1778 1813 do-

213 1835 348 1898 cuit,
385 1844 440 1888 et
489 1837 605 1905 ipse
633 1853 826 1907 magna
861 1839 1086 1896 locutus
1132 1845 1270 1898 dixit
1305 1862 1320 1898 :
1357 1844 1586 1901 Circuivi
1619 1860 1776 1904 totum

209 1936 407 1977 terram
441 1941 552 1994 qua
597 1928 689 1979 sub
723 1927 857 1982 ctzlo
903 1939 1006 1982 est.
1046 1931 1336 1998 Intendite,
1381 1949 1416 1988 ο
1443 1936 1628 1999 amici,
1652 1937 1774 2005 quia

195 2015 476 2070 circuisse
508 2031 565 2071 se
592 2017 724 2072 dicit
759 2027 936 2074 totam
981 2031 1182 2078 terram
1209 2038 1328 2093 quae
1375 2026 1476 2080 sub
1508 2025 1644 2080 cmlu
1671 2034 1776 2090 est,

192 2107 300 2160 sed
333 2120 441 2159 non
477 2108 792 2164 carnalibus
837 2112 1106 2181 vestigiis,
1131 2127 1305 2183 neque
1343 2117 1776 2186 corruptibilibus

179 2197 505 2266 gressibus,
532 2199 626 2254 sed
661 2201 898 2269 spiritali
933 2210 1270 2269 transcursu,
1303 2215 1461 2274 atque
1490 2207 1542 2260 in
1585 2222 1775 2261 corno-

182 2287 297 2342 rali
347 2290 588 2344 transitu
640 2291 906 2348 universa
941 2309 1062 2363 quae
1105 2297 1204 2348 sub
1242 2297 1379 2351 ctelo
1435 2309 1561 2351 sunt
1603 2300 1777 2352 subito

170 2379 493 2448 pervolans
519 2389 687 2449 atque
727 2396 1052 2453 peragrans.
1093 2383 1246 2438 Sicut
1277 2399 1406 2454 ergo
1452 2400 1557 2439 non
1587 2401 1773 2441 corru-

170 2471 487 2538 ptibilibus
518 2471 827 2540 gressibus,
870 2486 1049 2541 neque
1078 2474 1384 2529 carnalibus
1408 2477 1651 2546 vestigiis
1671 2477 1777 2531 cir-

165 2559 374 2612 cuivit
413 2561 682 2626 diabolus,
717 2562 816 2617 sed
849 2562 902 2616 in
936 2564 1332 2633 iucorruptibili
1375 2575 1534 2636 atque
1564 2568 1774 2622 occulto

171 2659 530 2704 transcursu
585 2670 602 2709 :
661 2653 746 2708 sic
801 2653 1057 2708 similiter
1109 2669 1234 2710 cum
1283 2655 1415 2711 dicit
1462 2659 1603 2726 quod
1651 2668 1775 2712 ante

165 2739 374 2793 Deum
409 2745 646 2806 steterit,
677 2759 790 2799 non
827 2745 968 2800 facie
993 2746 1058 2799 ad
1080 2745 1277 2801 faciem
1307 2761 1487 2802 coram
1532 2749 1640 2803 Deo
1665 2759 1776 2803 ste-

166 2831 273 2895 tit,
322 2833 426 2887 sed
456 2834 696 2890 occultis
719 2835 1172 2905 c0gitationibus,
1212 2845 1266 2891 et
1296 2838 1637 2906 nequissimis
1664 2855 1775 2894 me-

162 2923 566 2981 ditationibus
596 2934 727 2982 ante
756 2927 929 2982 Deum
951 2928 1166 2984 venisse
1191 2929 1403 2995 dicitur,
1435 2930 1538 2984 hoc
1569 2940 1651 2984 est
1681 2947 1776 2985 ne-

159 3013 491 3080 quissima:
533 3012 655 3082 eius
695 3016 1061 3085 cogitationes
1102 3030 1200 3085 pro
1241 3017 1356 3086 ejus
1414 3020 1775 3086 increpatione

162 3115 482 3160 steterunt
519 3115 647 3161 ante
678 3107 876 3161 Deum.
904 3106 1011 3162 Sed
1035 3106 1270 3172 interim,
1320 3107 1514 3178 inquit,
1547 3110 1776 3164 Circuioi

163 3205 372 3250 totum
405 3206 600 3250 terram
623 3213 744 3266 qua:
791 3196 888 3250 sub
926 3196 1051 3250 calo
1092 3205 1189 3265 est,
1221 3207 1267 3253 et
1296 3201 1428 3252 veni.
1479 3197 1603 3264 Sed,
1638 3203 1776 3257 male

166 3285 497 3356 gloriaris;
539 3295 597 3341 et
636 3286 781 3340 mala
822 3293 908 3340 est
951 3286 1066 3342 haec
1115 3296 1202 3340 tua
1242 3287 1502 3358 gloriatio.
1554 3287 1772 3345 Terram
1801 3307 1844 3363 α

168 3376 438 3438 circuis,
467 3377 561 3429 sed
589 3375 658 3428 ad
705 3373 908 3430 cmlum
937 3389 1043 3429 non
1076 3379 1376 3433 reverteris.
1414 3379 1484 3432 Ea
1514 3394 1632 3448 quae
1673 3381 1770 3433 sub

168 3459 353 3514 ct'nlo
386 3469 508 3513 sunt
546 3475 840 3530 peragras,
877 3463 971 3515 sed
997 3461 1089 3515 illa
1138 3479 1254 3531 quae
1289 3466 1340 3518 in
1385 3467 1609 3522 excelsis
1649 3477 1774 3522 sunt

171 3566 310 3604 non
354 3553 680 3620 possidebis.
729 3551 964 3618 Circuivi
1017 3568 1215 3607 onmem
1270 3566 1462 3609 terram
1499 3573 1616 3628 qua:
1676 3558 1772 3610 sub

172 3641 341 3694 celo
376 3652 466 3695 est.
497 3642 766 3697 Circuivit
790 3657 897 3696 non
929 3641 1232 3698 carnalibus
1263 3646 1515 3712 vestigiis,
1541 3647 1634 3702 sed
1663 3648 1771 3701 cir-

172 3731 546 3787 cuitionibus
573 3731 907 3801 iniquitatis,
954 3747 1058 3786 non
1093 3736 1317 3788 terrenis
1357 3737 1648 3809 gressibus,
1679 3737 1770 3791 sed

172 3821 552 3886 Spiritalibus
596 3823 1042 3887 seductionibus,
1109 3821 1335 3876 Circuivi
1377 3834 1534 3878 totam
1583 3837 1772 3880 terram

172 3928 328 3979 qua:
359 3914 452 3966 sub
472 3915 594 3968 calo
627 3923 728 3968 est.
760 3913 876 3969 Non
907 3928 1004 3982 per
1033 3921 1329 3982 temporum
1363 3916 1528 3982 spatia
1576 3916 1773 3970 circui-

177 4003 298 4066 sti,
361 4005 452 4058 sed
490 4005 692 4069 subito,
728 4005 984 4060 celeriter
1031 4018 1096 4057 ac
1150 4003 1406 4058 velociter
1454 4007 1632 4058 omnia
1657 4023 1775 4076 quae

181 4089 310 4144 sub
369 4093 501 4148 caelo
532 4103 659 4148 sunt
705 4094 1029 4162 peragrasti,
1074 4101 1126 4145 et
1177 4094 1357 4145 omnia
1401 4108 1519 4160 quae
1559 4093 1624 4158 in.
1653 4110 1776 4149 aere

180 4189 347 4234 sunt
398 4184 743 4250 pervolando,
787 4191 841 4236 et
871 4190 1066 4236 cuncta
1093 4196 1214 4250 qua:
1243 4183 1341 4236 sub
1376 4182 1513 4238 coelo
1545 4193 1667 4237 sunt
1694 4184 1775 4237 iu-

182 4270 514 4338 spicieudo,
541 4274 725 4328 subito
753 4273 822 4326 ab
843 4272 1051 4326 oriente
1073 4273 1138 4326 ad
1160 4287 1405 4326 occasum
1430 4276 1774 4341 transeundo,

183 4367 252 4411 et
285 4374 322 4411 a
364 4363 663 4416 meridiano
690 4363 760 4414 ad
788 4360 1099 4432 aquilonem
1124 4361 1465 4427 pervolaudo,
1491 4372 1546 4418 et
1564 4378 1628 4417 ea
1657 4379 1776 4432 qua:

183 4462 304 4516 per
342 4464 573 4518 quatuor
602 4427 869 4506 tet-mitias
899 4450 1046 4505 orbis
1071 4451 1125 4503 in
1154 4453 1400 4506 omnibus
1427 4427 1696 4522 gentibus,
1725 4464 1778 4507 et

183 4541 539 4606 provinciis,
596 4553 654 4598 et
695 4541 1008 4612 regionibus
1050 4550 1210 4610 atque
1265 4541 1459 4611 linguis
1496 4545 1647 4612 ﬁunt,
1695 4545 1773 4598 vel

179 4631 478 4687 dicuntur
515 4635 727 4698 videns,
772 4643 824 4687 et
868 4632 1112 4697 audiens,
1155 4640 1210 4686 et
1248 4633 1461 4696 sciens,
1507 4649 1609 4687 nou
1661 4643 1776 4687 tan-
1809 4619 1852 4672 Ῑ)

179 4735 390 4787 quam
443 4727 491 4778 in
530 4725 822 4795 praesentia
864 4723 1090 4785 habens,
1136 4723 1227 4776 sed
1265 4731 1514 4792 tanquam
1558 4725 1775 4792 spiritus

175 4811 436 4879 volans,
464 4825 516 4870 et
536 4816 714 4870 omnia
741 4828 861 4884 quae
889 4827 1020 4868 voce
1040 4813 1290 4866 dicuntur
1311 4814 1554 4876 audiens,
1581 4823 1633 4867 ct
1660 4830 1775 4882 qua:

175 4903 483 4967 operibus
527 4905 660 4960 liunt
715 4904 962 4956 universa
1025 4901 1230 4964 videns,
1287 4915 1348 4954 ea
1401 4915 1529 4954 vero
1576 4917 1693 4969 qua!
1721 4902 1773 4954 in

173 4991 388 5045 corde
428 5003 584 5064 atque
613 4995 757 5048 intra
793 4992 1030 5043 animum
1066 4997 1386 5051 tractantur,
1418 4988 1681 5042 nesciens.
1717 4989 1775 5042 Si

173 5083 360 5136 enim
419 5085 688 5140 hominum
729 5081 1082 5154 cogitationes
1131 5080 1342 5142 scisset,
1401 5079 1641 5148 profecto
1669 5083 1780 5136 nul-

170 5167 318 5224 ιυω
376 5172 656 5230 hominem
711 5174 923 5228 salvum
976 5169 1091 5224 ﬁeri
1142 5168 1496 5238 permisisset.
1541 5169 1777 5238 nihilque

173 5261 336 5314 boni
368 5268 664 5332 perlicere,
696 5264 792 5319 sed
824 5261 1006 5316 omnia
1041 5261 1174 5314 bona
1212 5273 1334 5311 mox
1365 5268 1422 5312 ut
1460 5260 1780 5329 cogitatione

165 5360 421 5418 empta
443 5355 681 5421 fuissent,
711 5353 971 5409 continuo
1002 5350 1318 5411 destrueret,
1353 5348 1607 5402 continuo
1662 5363 1781 5416 per-

166 5443 381 5493 ﬁcere
450 5461 550 5499 non
595 5442 950 5512 permisisset.
989 5437 1137 5491 Nunc
1164 5451 1288 5490 vero
1316 5450 1376 5490 ea
1421 5438 1634 5505 quidem
1665 5453 1782 5506 qua:

156 5532 552 5598 cogitantur,
583 5536 667 5590 vel
699 5541 1000 5588 tractantur
1041 5530 1245 5598 ignorat
1273 5545 1286 5580 :
1324 5544 1384 5582 ea
1416 5545 1548 5584 vero
1577 5546 1696 5600 qua:
1729 5533 1780 5586 in

162 5621 486 5688 Operihus
511 5628 664 5691 iiunt,
697 5634 753 5677 et
787 5637 886 5691 per
913 5634 1093 5674 vocem
1128 5619 1390 5681 dicuntur,
1418 5621 1588 5685 audit,
1616 5629 1671 5673 et
1702 5623 1779 5673 vi-

183 5711 334 5774 det,
368 5723 557 5781 utpote
581 5715 815 5783 spiritus
849 5709 1070 5763 callidus
1099 5722 1160 5760 ac
1197 5709 1424 5772 subtilis,
1455 5721 1512 5763 et
1537 5713 1623 5778 qui
1662 5712 1778 5766 ubi-

975 756 1126 813 nde
1174 773 1336 825 venis
1372 774 1466 825 tu?
1513 773 1783 826 Adversus

278 5881 342 5912 os
403 5877 483 5940 Job
513 5904 552 5949 ι,
587 5885 638 5935 7.
719 5879 764 5911 ⁸⁷
810 5877 827 5928 l
864 5874 1001 5929 Pctr.
1026 5891 1074 5940 v,
1103 5875 1150 5928 5.
1226 5878 1263 5908 ’⁸
1295 5877 1310 5929 Ι
1343 5878 1475 5950 Reg.
1521 5897 1577 5948 ll,
1621 5885 1674 5939 5.

3331 566 3428 619 4ΐο

1879 774 2087 827 volans.
2138 768 2196 823 Si
2229 763 2373 818 enim
2404 769 2547 822 venti
2579 769 2720 824 aeris
2747 770 2991 838 regiones
3023 781 3086 822 ac
3116 769 3422 836 provincias

1879 864 2054 919 subito
2086 857 2318 930 perﬂant
2352 868 2512 928 atque
2557 867 2856 924 transeunt,
2901 872 3076 914 nonne
3119 856 3282 911 multo
3309 873 3420 913 am-

1880 955 2016 1024 plius
2057 951 2200 1006 aerei
2245 947 2484 1016 spiritus,
2529 950 2582 1003 id
2641 956 2726 1003 est
2777 947 3090 1016 nequissimi
3129 946 3420 1011 daemones,

1881 1040 2056 1094 subito
2104 1034 2386 1107 pervolant
2420 1045 2584 1089 totum
2638 1035 2912 1099 mundum,
2955 1034 3132 1088 subito
3170 1033 3418 1087 unius-sa

1879 1135 2167 1198 peragrant
2210 1139 2328 1193 qua:
2372 1125 2470 1179 sub
2511 1125 2646 1178 cwlo
2676 1133 2820 1187 sunt,
2859 1123 3034 1178 subito
3079 1123 3274 1191 ubique
3297 1131 3420 1177 sunt

1878 1217 2202 1288 praesentes?
2236 1217 2291 1270 In
2323 1216 2468 1270 omni
2495 1215 2676 1283 praelia
2699 1213 2780 1269 vel
2809 1227 3005 1283 pugna,
3039 1214 3091 1266 in
3123 1213 3266 1266 omni
3299 1226 3420 1281 per-

1881 1306 2188 1361 turbatione
2210 1315 2370 1376 atque
2395 1306 2581 1359 mortis
2606 1304 2781 1368 ruina,
2817 1305 2868 1357 in
2891 1303 3035 1356 omni
3063 1302 3328 1356 seditione
3354 1317 3418 1356 ac

1881 1396 2131 1460 tumultu,
2163 1397 2216 1450 in
2245 1397 2388 1451 omni
2421 1395 2764 1450 contentione
2790 1403 2845 1448 et
2877 1393 2993 1458 lite,
3039 1393 3091 1445 in
3125 1393 3266 1445 omni
3291 1407 3418 1445 sau-

1878 1490 2037 1561 guine
2065 1497 2122 1542 et
2154 1486 2463 1551 homicidio,
2489 1495 2542 1539 et
2571 1485 2713 1538 furto
2742 1493 2903 1553 atque
2929 1482 3212 1547 adulterio,
3245 1480 3414 1533 omni-

1877 1596 1982 1650 que
2003 1578 2329 1634 lamentabili
2362 1576 2501 1632 bello
2525 1577 2635 1631 sive
2665 1576 2908 1639 orientis,
2957 1575 3069 1628 sive
3098 1573 3413 1637 occidentis,

1877 1672 1990 1727 sive
2045 1668 2350 1734 meridiani,
2395 1668 2509 1721 sive
2554 1666 2840 1735 aquilonis,
2886 1665 3081 1733 ubique
3122 1671 3416 1731 praesentes

1878 1767 2003 1814 sunt
2032 1757 2342 1827 nequissimi
2385 1765 2548 1824 atque
2573 1755 2717 1809 aerei
2767 1756 3032 1808 dmmones
3061 1751 3176 1821 plus
3201 1758 3416 1818 perturo

1877 1851 2081 1914 bantes,
2123 1857 2179 1901 et
2222 1847 2610 1901 succendentes
2643 1855 2803 1912 atque
2837 1845 3080 1897 universa
3115 1849 3414 1895 moventes.

1878 1941 2028 1996 Unde
2061 1939 2412 1994 divinationes
2446 1945 2592 2004 sunt,
2627 1951 2692 1992 ex
2746 1951 2851 2004 quo
2881 1933 3250 2004 malignissimi
3309 1932 3416 1985 da:-

1878 2043 2083 2094 mones,
2112 2028 2360 2096 aereique
2384 2027 2604 2095 spiritus
2633 2027 2809 2080 subito
2836 2026 2978 2079 hunc
3007 2023 3261 2076 mundum
3292 2033 3416 2088 per-

1874 2118 2113 2170 volantes
2165 2126 2324 2185 Mque
2359 2114 2608 2168 universa
2652 2130 2769 2182 qua:
2799 2115 2850 2167 in
2899 2115 3044 2167 omni
3092 2114 3208 2170 loco
3259 2116 3417 2182 hujus

1875 2225 2054 2262 mnum
2110 2212 2246 2260 nunt
2285 2203 2708 2272 contemplantes
2751 2217 2766 2254 :
2807 2213 2861 2256 et
2905 2220 2968 2258 ea
3002 2219 3120 2273 quae
3164 2205 3418 2259 dicuntur

1875 2299 2170 2363 audientes,
2218 2298 2309 2366 qui
2341 2295 2464 2350 alibi
2495 2295 2800 2364 ubicunque
2832 2295 2985 2364 longe
3028 2295 3186 2363 positi
3216 2294 3418 2349 iuerint

1874 2388 1972 2442 sub
2003 2386 2250 2456 nequitia:
2281 2384 2544 2439 ministris
2572 2382 2813 2437 revelant
2835 2392 2996 2452 atque
3025 2384 3415 2449 demonstrant,

1876 2486 1982 2530 tam
2009 2476 2062 2530 in
2103 2475 2304 2530 somnis
2329 2488 2488 2543 quam
2535 2473 2586 2526 in
2638 2472 2860 2542 vigiliis,
2908 2487 3004 2527 nec
3027 2488 3130 2527 non
3163 2476 3214 2526 in
3250 2474 3420 2542 phano

1877 2564 2207 2631 tasmatibus,
2243 2573 2298 2619 et
2317 2561 2468 2631 iuxta
2505 2565 2619 2617 haec
2649 2578 2767 2631 qua:
2794 2565 2950 2628 nunt,
2996 2563 3081 2617 vel
3110 2575 3415 2631 emergunt,

1873 2655 2034 2708 etiam
2079 2653 2182 2707 alia
2207 2662 2367 2720 atque
2398 2651 2502 2706 alia
2527 2651 2709 2706 futura
2738 2666 2961 2720 sperare
2987 2661 3149 2721 atque
3190 2653 3420 2721 probare

1874 2746 2087 2801 docent.
2121 2745 2326 2800 Exinde
2365 2743 2531 2812 coepit
2575 2742 2919 2797 divinationis
2959 2757 3115 2798 error
3151 2742 3290 2798 ﬁlios
3320 2745 3420 2798 ho-

1875 2838 2074 2889 minum
2111 2833 2164 2887 in
2204 2833 2514 2888 scandalum
2562 2833 2615 2886 in
2648 2846 2741 2886 eos
2766 2831 2965 2900 quibus
3016 2845 3178 2900 super
3216 2841 3418 2886 terram

1873 2936 2049 2979 ortum
2078 2931 2180 2980 est.
2206 2922 2300 2976 His
2327 2935 2556 2990 namque
2586 2921 2834 2974 omnibus
2855 2920 3235 2976 demonstratis
3257 2929 3422 2990 atque

1876 3013 2182 3070 memoratis
2242 3011 2660 3082 malignissimus
2716 3020 2879 3080 atque
2923 3023 3112 3065 aereus
3169 3010 3419 3066 diabolus

1876 3105 2043 3160 dicit:
2081 3102 2305 3156 σὺ·εαὶιὴ
2341 3111 2502 3155 totam
2533 3109 2726 3155 terram
2773 3116 2888 3170 qua:
2934 3100 3026 3152 sub
3076 3099 3199 3154 caelo
3236 3108 3333 3162 est,
3366 3108 3418 3153 et

1877 3197 2010 3250 veni.
2038 3195 2082 3250 Ο
2107 3193 2432 3264 nequissime
2456 3192 2783 3256 adversarie,
2823 3207 2856 3246 ο
2883 3191 3268 3261 malignissime
3297 3191 3418 3245 dia-

1875 3289 2014 3355 bole,
2037 3303 2196 3358 quam
2227 3286 2490 3356 malignus
2523 3299 2606 3349 es,
2650 3293 2707 3338 et
2733 3283 2798 3337 ad
2843 3281 3024 3337 omnia
3060 3283 3197 3336 mala
3227 3297 3419 3336 versu-

1874 3390 1958 3434 tus
2000 3389 2159 3444 atque
2203 3375 2459 3431 callidus!
2499 3375 2632 3429 Cum
2679 3375 2822 3429 enim
2856 3373 2922 3427 ad
2953 3371 3116 3426 Deum
3160 3371 3420 3441 loqueris,

1874 3471 2226 3525 humilitatem
2278 3471 2503 3539 ﬁngens,
2548 3476 2713 3522 totam
2758 3475 2955 3521 terram
3003 3479 3122 3534 quae
3149 3464 3249 3519 sub
3281 3464 3420 3520 casio

1872 3571 1957 3616 est
1996 3560 2255 3614 circuisse
2290 3570 2340 3614 te
2370 3558 2522 3622 dicis,
2561 3566 2616 3612 et
2644 3556 2764 3612 caeli
2797 3571 2900 3610 non
2938 3555 3247 3610 meministi.
3285 3554 3419 3609 Cum

1873 3661 2049 3706 autem
2071 3653 2135 3704 ad
2161 3649 2402 3702 homines
2427 3646 2681 3716 loqueris,
2705 3656 2834 3700 tunc
2858 3645 3202 3700 nihilominus
3225 3659 3418 3712 magna

1872 3737 2093 3807 loquens
2119 3746 2177 3790 ut
2203 3737 2442 3803 homines
2476 3735 2673 3805 rapias,
2717 3734 2852 3789 dicis
2882 3750 2895 3786 :
2927 3732 2993 3787 In
3022 3733 3203 3787 caelum
3237 3749 3422 3785 ascen-

1872 3829 2015 3892 dam,
2057 3842 2210 3895 super
2243 3826 2419 3879 stellas
2459 3825 2570 3879 ια’ιὶ
2601 3841 2788 3894 ponam
2816 3823 2984 3878 sedem
3016 3839 3206 3888 meum,
3238 3832 3285 3877 et
3308 3837 3420 3875 ero

1872 3916 2056 3970 similis
2082 3915 2344 3968 Altissimo
2377 3915 2463 3967 η’.
2511 3914 2621 3969 Hoc
2650 3914 2897 3967 nimirum
2924 3915 2992 3966 ob
3021 3913 3121 3967 hoc
3152 3913 3289 3967 dicis
3311 3950 3326 3978 ,
3362 3921 3421 3966 ut

1872 4021 1968 4076 pro
1984 4004 2256 4058 Altissimo
2274 4003 2478 4056 adorari
2497 4014 2654 4070 atque
2674 4003 2778 4056 coll
2807 4003 2871 4056 ab
2895 4002 3198 4055 hominibus
3217 4003 3415 4069 possis.

1941 4094 2198 4159 Circuiui,
2246 4093 2436 4164 inquit,
2483 4103 2642 4146 totam
2673 4104 2864 4146 terram
2906 4109 3020 4162 qua:
3053 4091 3145 4145 sub
3175 4093 3298 4144 calo
3319 4103 3416 4149 est.

1874 4185 2094 4240 Terram
2129 4186 2348 4250 circuis,
2367 4199 2398 4235 θ
2424 4184 2653 4248 diabolo,
2679 4184 2744 4236 ad
2775 4184 3135 4258 desolandum,
3155 4183 3219 4236 ad
3242 4191 3420 4258 exter-

1875 4276 2178 4329 minandum
2203 4291 2356 4328 eam.
2389 4275 2459 4328 Ea
2488 4289 2604 4344 qua:
2635 4273 2735 4327 sub
2759 4273 2896 4328 cwlo
2923 4283 3046 4326 sunt
3074 4287 3324 4342 pcragras
3351 4260 3418 4326 ad

1875 4364 2288 4433 perturbandam
2317 4373 2369 4418 et
2395 4363 2830 4432 pervet‘tentlum,
2855 4370 2907 4414 et
2929 4362 2993 4414 ad
3024 4361 3260 4414 furorem
3285 4376 3416 4414 con—

1874 4455 2112 4508 citandas
2143 4462 2300 4524 atque
2329 4452 2731 4508 exacerbandas
2775 4460 2961 4519 gentes
2996 4451 3260 4505 adversus
3287 4466 3419 4520 gen-

1879 4557 1956 4601 tes
2003 4554 2055 4600 et
2081 4546 2341 4615 regiones.
2368 4544 2473 4598 Pro
2503 4543 2619 4598 istis
2644 4557 2772 4608 ergo
2797 4542 3063 4605 ozttnibus,
3095 4542 3285 4610 inquit,
3313 4543 3420 4596 cir-

1879 4637 2017 4692 cuivi
2053 4645 2217 4689 tctam
2246 4644 2440 4688 terram
2466 4647 2584 4702 qua:
2610 4633 2708 4687 sub
2747 4631 2883 4685 coelo
2913 4641 3015 4698 est,
3049 4642 3101 4686 et
3135 4632 3275 4684 veni.
3310 4631 3418 4684 Sed

1879 4727 2048 4780 adhuc
2075 4726 2232 4780 aliter
2254 4726 2469 4779 circuivi
2498 4733 2662 4777 totam
2690 4731 2910 4786 terram,
2935 4738 3121 4777 omnes
3151 4732 3416 4786 terrenus,

1879 4829 1970 4870 eos
2013 4816 2104 4883 qui
2153 4825 2364 4869 terrena
2405 4813 2618 4880 sapiunt
2672 4821 2900 4876 tantum,
2945 4829 3038 4867 eos
3066 4814 3153 4882 qui
3206 4821 3418 4866 terrena

1880 4903 1990 4957 sola
2019 4904 2276 4972 cogitant,
2305 4913 2360 4956 et
2401 4901 2750 4968 meditantur,
2785 4902 3012 4972 diligunt
3049 4912 3208 4970 atque
3250 4903 3421 4969 requi-

1883 5000 2023 5046 runt.
2055 4991 2188 5045 istos
2216 5007 2341 5059 ergo
2369 4991 2584 5056 circuis,
2624 4990 2898 5059 exploras,
2923 4992 3166 5060 exquiris
3203 4999 3256 5044 et
3290 5006 3421 5042 con-

1880 5082 2076 5145 culcas,
2108 5083 2231 5149 quia
2275 5082 2526 5135 introitus
2555 5091 2610 5135 et
2648 5082 2824 5135 exitus
2856 5082 2996 5134 viam
3050 5093 3208 5148 atque
3237 5080 3338 5132 iter
3366 5083 3417 5130 in

1880 5171 1960 5224 eis
1985 5171 2166 5224 habes.
2197 5170 2306 5236 Sic,
2334 5172 2572 5239 inquam,
2606 5171 2800 5225 circuis
2827 5182 3092 5234 terram,o
3115 5167 3342 5228 diabole,
3369 5175 3419 5217 et

1880 5274 2136 5328 peragras
2164 5275 2226 5313 ea
2271 5275 2390 5328 qua:
2419 5260 2517 5313 sub
2567 5260 2705 5314 cmlo
2752 5270 2897 5314 sunt.
2944 5259 3070 5325 Quae
3097 5267 3220 5310 sunt
3265 5253 3424 5307 haec?

1881 5349 2051 5403 Corda
2081 5363 2199 5416 qua:
2243 5364 2345 5402 non
2373 5358 2496 5403 sunt
2545 5349 2596 5402 iu
2643 5350 2802 5413 caelo,
2829 5364 2947 5419 qua:
2990 5349 3040 5400 in
3073 5346 3263 5400 ccelum
3292 5359 3424 5394 iltlll-

1881 5453 2040 5508 quam
2071 5441 2447 5505 ascenderunt,
2490 5456 2662 5508 neque
2704 5440 2824 5493 litlei
2869 5437 3196 5505 integritate,
3240 5445 3422 5494 neque

1884 5531 2077 5583 mentis
2122 5531 2408 5593 desiderio,
2453 5547 2620 5600 neque
2669 5529 2876 5584 Domini
2925 5522 3200 5579 memoria,
3243 5532 3427 5583 neque

1886 5621 2292 5676 resurrectionis
2321 5623 2739 5690 exspectatione,
2790 5631 2964 5685 neque
2986 5608 3168 5680 jndicii
3201 5605 3428 5668 timore,

1883 5725 2052 5779 neque
2080 5725 2172 5780 spe
2197 5712 2377 5780 gloria:
2403 5722 2631 5778 ast-ternae,
2663 5713 2754 5766 sed
2787 5712 2977 5764 horum
3033 5695 3265 5751 euntium
3305 5706 3439 5760 qua:

1752 5889 1811 5919 ³⁸·
1845 5887 1940 5942 Isa.
1979 5902 2081 5954 xiv,
2111 5888 2196 5944 15.
