3916 6422
479 476 575 530 ιιι

1567 464 1936 521 ANONYMUS
1973 464 2035 517 lN
2068 465 2203 521 JOB.
2239 497 2303 506 —
2340 463 2467 517 LIB.
2503 464 2541 516 l.

3688 468 3777 519 ΓΞ

480 588 530 640 iu
587 581 721 637 coelo
762 585 920 644 sunt,
952 575 1394 642 "obliviscuntur,
1443 577 1740 647 despiciunt
1792 592 2000 647 quoque
2026 577 2299 641 A,Mosen,
2330 578 2397 629 de
2425 589 2532 644 quo
2558 572 2690 627 dicit
2720 572 2791 626 ad
2823 572 3027 625 Aason
3057 582 3074 620 :
3112 563 3179 618 Ν
3185 579 3275 617 on
3331 561 3510 619 sicut
3566 566 3781 636 famulus

474 681 629 736 atque
661 667 994 733 delinquunt.
1037 664 1184 718 Talia
1219 672 1344 718 sunt
1369 666 1528 717 corda
1576 665 1810 718 omnium
1857 665 1998 719 fero-

472 761 627 820 cium,
658 755 1031 824 pertinacium,
1075 768 1259 809 eorum
1296 756 1385 822 qui
1412 768 1515 808 non
1546 762 1711 821 agunt
1735 755 1997 822 poeniten-

470 847 619 898 tiam.
672 843 1040 914 Hujuscemodi
1100 844 1242 898 enim
1299 845 1461 898 corda
1518 844 1707 898 circuit
1753 844 1995 899 diabolus

466 935 792 1002 persuadens
818 943 979 1004 atque
1005 934 1299 1000 inlatuans,
1321 934 1624 990 obtundens
1650 942 1809 1003 atque
1834 935 1996 989 obdu-

465 1039 609 1085 rans.
636 1040 818 1079 eorum
850 1024 947 1093 qui
972 1039 1033 1079 ea
1060 1039 1175 1093 qua:
1197 1040 1355 1094 super
1379 1026 1571 1080 cmlum
1597 1036 1724 1081 sunt
1747 1028 1798 1080 in
1824 1027 1995 1081 incor-

465 1114 711 1182 ruptione
762 1129 865 1168 non
896 1115 1127 1182 sapiunt,
1183 1116 1273 1168 sed
1302 1131 1365 1169 ea
1407 1117 1519 1170 sola
1565 1132 1684 1185 qua:
1708 1118 1804 1171 sub
1858 1118 1994 1172 coelo

463 1212 588 1257 sunt
633 1204 685 1256 in
732 1205 1073 1273 corruptione
1124 1220 1282 1272 super
1326 1215 1523 1259 terram
1574 1208 1868 1275 requirunt.
1919 1207 1993 1260 De

464 1293 580 1347 istis
609 1308 735 1359 ergo
762 1294 1007 1346 omnibus
1036 1293 1161 1347 dicit
1194 1311 1207 1346 :
1241 1294 1462 1347 Circuivi
1486 1303 1648 1348 totam
1670 1307 1860 1349 terram
1879 1312 1992 1363 qua:

461 1384 554 1436 sub
583 1383 708 1436 caelo
744 1393 840 1448 est,
878 1397 925 1437 et
950 1385 1081 1439 veni.
1124 1387 1166 1437 A
1198 1385 1349 1439 nobis
1376 1397 1554 1438 autem
1585 1387 1846 1440 avertitur
1870 1402 1988 1439 cum

463 1474 626 1527 donat
676 1473 816 1528 Deus
850 1489 944 1528 cor
987 1476 1261 1538 mundum,
1311 1476 1541 1529 animam
1582 1487 1801 1540 castam,
1842 1490 1990 1530 men-

466 1571 673 1630 temque
701 1563 864 1630 piam,
904 1565 1057 1617 [idem
1088 1564 1368 1633 integram,
1414 1565 1618 1633 plenam
1649 1566 1986 1630 cbaritatem,

408 1700 412 1707 ,
464 1650 880 1706 misericordiam
927 1653 1212 1718 sinceram,
1257 1657 1540 1724 puritatem
1579 1671 1681 1710 non
1727 1656 1898 1709 ﬁctam
1934 1666 1989 1710 et

461 1757 607 1809 spem
661 1742 1003 1808 immobilem,
1052 1753 1108 1795 ut
1154 1759 1340 1798 omnes
1390 1746 1700 1811 nequissimi
1746 1746 1988 1799 incursus

463 1842 623 1898 atque
651 1845 894 1886 accessus
924 1832 1078 1900 longe
1119 1849 1147 1885 a
1193 1834 1341 1887 nobis
1377 1844 1702 1896 avertantur,
1736 1846 1789 1887 et
1815 1834 1987 1887 omnis

463 1922 696 1975 versutia
728 1922 841 1988 ejus
870 1923 1088 1976 confusa
1130 1924 1559 1991 atqueineﬂicax
1600 1925 1988 1992 comprobetur.
2022 1902 2064 1959 Β

466 2011 569 2065 Sed
600 2012 809 2073 interim
838 2027 959 2067 cum
988 2014 1099 2065 lucc
1120 2014 1317 2066 diceret
1341 2012 1580 2065 diabolus
1603 2014 1741 2080 quod
1769 2013 1991 2067 circuis-

464 2109 544 2153 set
592 2111 808 2166 terram,
856 2112 911 2156 et
938 2111 1271 2170 peragrasset
1309 2115 1370 2156 ea
1400 2118 1519 2169 qua:
1558 2103 1656 2156 sub
1683 2103 1821 2156 coelo
1847 2112 1989 2166 sunt,

463 2190 737 2256 respondit
764 2189 813 2242 ei
844 2188 1001 2254 Deus,
1049 2190 1229 2242 dicens
1262 2205 1277 2243 :
1308 2188 1727 2242 Animadvertisti
1771 2190 1839 2242 ad
1868 2207 1990 2258 pue-

462 2293 578 2330 rum
609 2294 774 2330 meum
806 2278 925 2343 Job,
956 2280 1076 2346 quia
1099 2279 1282 2331 similis
1320 2279 1367 2331 ei
1396 2294 1494 2331 non
1527 2289 1598 2331 est
1636 2280 1905 2347 quisquam
1938 2280 1991 2333 in

463 2367 616 2419 terris
645 2367 722 2421 θη
752 2366 1025 2437 Tanquam
1051 2370 1095 2422 si
1136 2369 1335 2422 diceret
1364 2387 1376 2421 :
1406 2369 1537 2433 Quia
1567 2369 1814 2437 gloriaris
1850 2370 1990 2437 quod

464 2466 663 2509 terram
712 2457 1005 2519 circuieris,
1049 2466 1102 2511 et
1145 2473 1207 2513 ea
1248 2473 1366 2526 qua
1411 2460 1510 2513 sub
1543 2460 1675 2513 caelo
1712 2469 1835 2512 sunt
1870 2474 1990 2527 per-

460 2547 753 2614 agraveris,
772 2547 855 2600 dic
876 2546 1025 2610 mihi,
1051 2547 1467 2601 animadvertisti
1492 2548 1554 2600 ad
1571 2563 1788 2616 puerum
1816 2562 1990 2603 meum

460 2632 594 2689 Job?
634 2634 784 2701 Quod
812 2637 857 2689 si
896 2636 1121 2691 forsitan
1152 2638 1368 2701 dixeris,
1407 2638 1588 2692 nescio
1616 2638 1733 2704 quis
1765 2638 1834 2692 sit
1868 2635 1987 2702 Job,

461 2724 550 2778 bic
577 2735 679 2791 est,
703 2725 789 2779 cui
816 2741 917 2779 non
944 2736 1027 2781 cst
1055 2727 1214 2781 homo
1237 2727 1425 2781 similis
1445 2742 1604 2795 super
1633 2737 1846 2782 terram.
1875 2729 1988 2797 Ego

462 2815 582 2868 dico
616 2815 754 2882 quod
775 2831 878 2870 non
904 2816 973 2869 sit
1007 2816 1082 2871 illi
1108 2817 1299 2871 similis
1331 2832 1490 2885 super
1516 2827 1710 2871 terram
1741 2837 1754 2872 :
1782 2827 1833 2871 tu
1863 2833 1989 2872 vero

461 2901 552 2969 qui
572 2901 702 2955 dicis
730 2904 866 2970 quod
892 2911 1086 2957 terram
1114 2904 1410 2969 circuieris,
1437 2913 1489 2958 et
1516 2919 1576 2958 ea
1598 2920 1713 2973 qua:
1734 2906 1833 2959 sub
1854 2906 1994 2961 caelo

458 2999 583 3044 sunt
612 2994 1002 3062 peragraveris,
1050 2995 1268 3048 ostende
1316 2995 1474 3048 alium
1521 2995 1749 3048 similem
1792 2995 1887 3049 illi.
1924 2996 1989 3048 Et

458 3094 586 3138 vere
618 3083 924 3151 nequissimi
968 3083 1163 3138 diaboli
1210 3085 1557 3153 cogitationes
1591 3086 1788 3154 arguit,
1828 3097 1988 3155 atque

457 3170 699 3224 illicitum
730 3171 845 3239 ejus
870 3171 1088 3226 livorem
1127 3173 1376 3237 ostendit,
1404 3188 1558 3241 quem
1596 3174 1879 3229 meditatus
1903 3185 1984 3229 est
2011 3200 2052 3257 ο

457 3274 520 3313 ac
546 3261 791 3328 nequiter
844 3262 1113 3330 cogitavit,
1148 3278 1266 3316 cum
1303 3263 1400 3317 Job
1433 3264 1634 3316 zelatur
1664 3272 1718 3318 et
1760 3266 1980 3319 invidet.

455 3348 532 3401 Ac
578 3349 622 3401 si
665 3348 906 3402 diceret:
938 3349 1044 3417 Ego
1079 3365 1243 3415 arguo
1281 3352 1643 3405 meditationes
1690 3361 1829 3416 tuas,
1860 3368 1983 3408 ecce

456 3435 634 3488 revelo
683 3436 908 3490 consilia
953 3446 1060 3501 tua,
1093 3452 1216 3491 ecce
1264 3442 1485 3493 ostendo
1524 3440 1810 3508 nequitiam
1840 3451 1983 3495 tuam

455 3532 618 3588 atque
649 3522 890 3577 livorem.
937 3523 1070 3583 Ecce
1107 3524 1175 3578 do
1207 3526 1295 3578 tibi
1325 3528 1623 3591 audaciam,
1667 3529 1983 3596 utproleras

455 3609 709 3664 malitiam
743 3620 909 3672 tuam.
932 3623 989 3665 ut
1014 3612 1294 3679 depromas
1325 3615 1698 3684 malignitatem
1730 3626 1892 3680 tuam,
1926 3626 1984 3672 ut

455 3697 522 3749 ad
558 3707 829 3753 certamen
859 3708 1016 3768 atque
1041 3702 1275 3770 praelium
1324 3702 1533 3757 beatum
1570 3705 1829 3771 requiras.
1872 3705 1981 3760 Nisi

455 3786 596 3839 enim
634 3788 877 3842 ﬁduciam
932 3792 1234 3859 acceperis,
1287 3808 1524 3861 quaerere
1569 3809 1670 3846 non
1721 3794 1977 3850 audebis:

453 3875 872 3930 Animadvertisti
904 3880 971 3932 ad
1014 3896 1226 3948 puerum
1272 3899 1436 3935 meum
1480 3881 1625 3937 Job?
1664 3881 1774 3938 Hoc
1794 3898 1875 3939 est
1900 3902 1985 3940 re-

456 3964 647 4019 laxasti
694 3967 926 4021 animum
972 3977 1137 4035 tuum,
1184 3971 1535 4041 cogitationes
1580 3983 1717 4037 tuas,
1760 3976 1979 4030 consilia

456 4063 565 4119 tua,
593 4054 961 4113 meditationes
988 4068 1121 4113 tuas.
1146 4061 1222 4114 Ad
1243 4063 1441 4129 quem?
1470 4062 1550 4115 Ad
1576 4079 1789 4129 puerum
1816 4081 1981 4119 meum

452 4144 570 4201 Job.
614 4147 900 4202 Laetaberis
938 4150 1237 4204 adversarie
1281 4152 1471 4219 sagitta
1516 4152 1568 4204 in
1603 4153 1816 4208 modum
1844 4155 1980 4225 ignis

453 4237 828 4292 comburente?
873 4237 1020 4293 Hanc
1044 4253 1224 4293 vocem
1266 4239 1504 4294 diabolus
1532 4256 1861 4311 nequaquam
1885 4261 1980 4298 au-

453 4322 568 4377 dire
603 4326 819 4391 patitur,
863 4340 966 4380 non
1009 4326 1199 4381 tolerat
1242 4327 1630 4394 nequissimus,
1683 4338 1739 4382 ut
1787 4332 1979 4401 aliquis

454 4427 642 4466 servus
670 4413 758 4467 Dei
786 4415 878 4477 sit,
903 4416 984 4469 vel
1015 4416 1231 4471 omnino
1266 4417 1586 4471 nominetur.
1637 4418 1765 4473 Cum
1802 4431 1974 4476 autem

2098 683 2239 719 meus
2265 664 2435 718 Moses
2463 665 2514 715 in
2548 671 2660 715 tota
2686 663 2845 716 domo
2874 675 3003 711 mea
3031 653 3244 723 ﬁdelis
3280 651 3339 702 ⁸.
3388 649 3480 705 Et
3519 667 3642 721 post
3661 674 3781 725 ρευ-

2097 758 2261 811 Iulum
2296 773 2311 809 :
2343 753 2615 819 Quomodo
2648 767 2756 804 non
2788 750 3033 803 timuisti
3069 743 3254 814 loqui
3292 743 3389 791 de
3448 744 3651 810 {amulo
3683 766 3784 819 n'o

2098 846 2241 900 Mosa
2266 846 2321 898 ’?
2345 844 2484 908 Quid
2517 843 2619 897 boc
2652 838 2828 908 majus
2855 850 2970 904 est,
3007 835 3161 905 quid
3203 835 3573 903 superius,
3599 849 3659 894 ut
3684 845 3793 909 quis

2097 938 2165 990 sit
2200 933 2473 990 Creatoris
2506 946 2693 986 servus
2734 939 2903 997 atque
2936 924 3215 981 caelestis
3286 925 3505 996 regis
3546 927 3797 990 famulus!

2096 1025 2212 1080 Non
2241 1033 2323 1079 est
2350 1025 2451 1077 bac
2478 1022 2651 1090 major
2680 1020 2878 1089 gloria.
2906 1017 3105 1086 Super
3148 1015 3321 1097 hac,
3341 1024 3395 1062 ιι
3419 1029 3597 1081 uitem
3642 1024 3806 1097 ipsum

2095 1112 2366 1168 diabolum
2401 1111 2667 1178 increpat,
2714 1107 2906 1177 dejicit
2953 1114 3145 1172 atque
3200 1096 3401 1192 objll
3440 1127 3579 1192 τιμε
3620 1134 3715 1192 ρει-
3768 1124 3816 1179 ω

2095 1202 2237 1272 quod
2275 1201 2377 1255 Job
2421 1214 2651 1268 puerum
2692 1211 2851 1251 suum
2900 1195 3175 1264 appellat
3211 1208 3229 1244 =
3277 1187 3809 1280 {Numantina

2095 1291 2285 1359 inquit,
2315 1289 2383 1342 ad
2409 1303 2627 1358 puerum
2651 1302 2824 1339 meum
2847 1283 2999 1337 Job»?
3038 1284 3131 1337 Ac
3175 1281 3235 1335 si
3272 1277 3610 1365 di¢§emu
3639 1277 3806 1365 “cum,

2093 1382 2268 1435 victus
2296 1394 2375 1443 es,
2407 1388 2463 1433 et
2487 1376 2731 1444 dejectus
2758 1383 2928 1443 atque
2964 1372 3528 1459 humiliatusyw
3546 1399 3655 1446 λθθ
3678 1411 3794 1444 σοι.

2093 1468 2361 1537 ruptibilis
2389 1478 2552 1535 atque
2577 1475 2830 1520 terrenus
2868 1465 3050 1519 homo
3087 1472 3322 1516 servus
3364 1487 3537 1522 ωερε
3576 1473 3665 1525 5/1,
3693 1480 3749 1516 θ]

2092 1560 2146 1614 in
2175 1573 2293 1613 mea
2319 1557 2577 1612 servitute
2617 1554 2876 1610 maneat?
2912 1553 2998 1608 Tu
3036 1567 3219 1617 vero,
3248 1565 3281 1605 ο
3318 1550 3585 1615 diabole,
3617 1567 3735 1605 cum

2092 1653 2337 1720 superior
2384 1651 2460 1705 sis
2513 1647 2741 1718 angelis,
2797 1661 2928 1701 cum
2988 1645 3156 1699 inter
3217 1643 3528 1699 cherubim
3583 1657 3615 1695 a
3656 1656 3739 1695 me

2092 1752 2383 1805 creatus,a
2415 1754 2530 1794 mea
2560 1738 2829 1795 servitute
2864 1734 3208 1797 recessisti,
3243 1743 3296 1789 et
3323 1746 3534 1813 meum
3577 1733 3742 1787 mini-

2092 1835 2312 1889 sterium
2342 1831 2703 1900 dereliquisti,
2728 1828 2931 1883 merito
2964 1843 3041 1883 ex
3091 1827 3323 1882 sanctis
3378 1825 3592 1880 choris
3624 1839 3742 1892 pro-

2088 1924 2261 1993 iectus
2286 1934 2503 1991 atquea
2533 1921 2853 1975 caelestibus
2894 1919 3107 1988 pulsus
3155 1916 3315 1971 circa
3363 1926 3567 1970 terras
3589 1916 3748 1969 ober-

2091 2027 2200 2075 ras,
2231 2012 2375 2065 circa
2418 2021 2591 2063 terras
2633 2018 2841 2079 reptas,
2884 2019 2942 2063 et
2997 2018 3277 2064 terrenos
3318 2007 3751 2060 circumvenire

2089 2102 2320 2155 conaris.
2352 2099 2432 2155 0b
2464 2101 2565 2153 boc
2598 2114 2721 2153 cum
2765 2098 2907 2153 dicis
2938 2099 3100 2167 quod
3158 2106 3388 2151 terram
3430 2096 3757 2161 circuieris,

2088 2195 2142 2241 et
2166 2201 2226 2240 ea
2256 2201 2375 2254 quae
2401 2186 2500 2240 sub
2529 2190 2668 2239 coelo
2715 2196 2845 2240 sunt
2884 2186 3344 2256 peragraveris,
3404 2187 3558 2255 quia
3590 2185 3761 2238 cccle—

2088 2278 2249 2331 stium
2281 2278 2464 2347 refuga
2498 2276 2731 2331 elfectus
2764 2286 2936 2346 atque
2966 2277 3029 2330 in
3076 2276 3346 2331 terrenis
3386 2284 3665 2345 reptare,
3710 2275 3765 2329 in

2089 2377 2227 2422 terra
2282 2368 2633 2432 manducare,
2689 2368 2739 2421 in
2797 2382 3053 2438 persona
3092 2368 3414 2436 serpentis
3449 2382 3525 2423 es
3593 2369 3769 2423 male-

2088 2456 2279 2515 dictus.
2316 2456 2750 2510 animadvertisti
2804 2456 3002 2511 animo
3045 2457 3152 2511 illo
3201 2457 3632 2527 nequissimo,
3688 2458 3769 2510 in-

2087 2545 2229 2610 vido,
2260 2546 2487 2611 crudeli,
2537 2560 2727 2614 pravo,
2758 2545 2901 2611 fero,
2950 2545 3027 2599 ad
3081 2562 3352 2615 puerum
3401 2563 3618 2601 meum
3668 2548 3775 2601 mi-

2089 2642 2211 2697 tem,
2260 2635 2573 2704 benignum,
2616 2634 2955 2702 subjectum,
3006 2636 3401 2707 religiosum,
3455 2653 3584 2692 non
3623 2637 3775 2691 fraus.

2086 2724 2379 2789 dolentum,
2425 2726 2519 2779 sed
2577 2726 2858 2791 devotum,
2905 2728 2980 2781 ad
3044 2742 3314 2797 puerum
3385 2746 3634 2793 meum,
3695 2732 3795 2784 cui.

2085 2828 2189 2867 non
2244 2823 2325 2866 est
2360 2814 2518 2868 homo
2553 2814 2746 2870 similis
2796 2831 2973 2885 super
3023 2821 3309 2873 terram?
3376 2818 3451 2874 In
3502 2822 3780 2874 omnibus

2085 2903 2375 2957 virtutibus
2417 2912 2577 2972 atque
2629 2906 2831 2960 studiis
2878 2922 2997 2961 non
3044 2916 3142 2962 est
3190 2909 3285 2963 illi
3338 2910 3582 2965 similis
3612 2926 3787 2980 super

2086 3000 2307 3046 terram.
2348 2991 2618 3045 Abrabam
2651 3008 2759 3048 non
2811 3005 2923 3061 est,
2975 2997 3148 3052 Isaae
3199 3001 3564 3068 requievit,
3606 3004 3786 3056 Israel

2087 3080 2350 3144 transivit,
2374 3078 2572 3149 Joseph
2597 3085 2837 3149 quietem
2874 3090 3209 3156 assumpsit
3240 3106 3258 3141 :
3291 3100 3647 3163 propterea
3673 3107 3787 3146 non

2087 3176 2170 3223 est
2202 3169 2276 3222 illi
2302 3169 2491 3223 similis
2529 3184 2691 3239 super
2721 3181 2955 3228 terram.
2996 3175 3151 3244 Ego,
3209 3178 3462 3248 inquit,
3510 3181 3789 3234 testimo-

2085 3259 2229 3311 nium
2258 3257 2515 3327 perbibeo
2554 3259 2852 3314 virtutibus
2883 3263 3040 3331 ejus,
3073 3275 3294 3333 utpote
3351 3270 3650 3325 omnium
3694 3285 3788 3327 ce-

2082 3347 2256 3416 gnitor
2282 3347 2558 3401 Dominus.
2602 3348 2922 3404 Attestatur
2957 3354 3248 3411 videlicet
3290 3358 3391 3412 illi
3432 3362 3631 3414 etiam
3668 3376 3790 3413 ma»

2082 3439 2255 3506 lignus
2308 3445 2432 3488 tuus
2479 3436 2658 3501 livor,
2692 3455 2726 3492 ο
2776 3440 3031 3498 diabole.
3095 3444 3271 3513 Nisi,
3324 3449 3592 3518 inquit,
3627 3468 3784 3506 meus

2082 3536 2266 3575 servus
2300 3521 2486 3575 luisset
2534 3533 2759 3579 sanctus
2785 3540 2851 3580 ac
2888 3528 3115 3599 dignus
3138 3571 3157 3594 ,
3186 3544 3393 3604 atque
3434 3540 3595 3593 mihi
3642 3542 3784 3595 bene

2082 3608 2445 3675 complacens,
2483 3624 2589 3664 non
2618 3613 2805 3681 utique
2853 3630 2989 3671 eum
3051 3622 3299 3679 zelatns
3354 3626 3621 3694 fuisses,
3669 3646 3779 3685 non

2082 3698 2262 3765 utique
2294 3712 2415 3751 eum
2454 3700 2743 3756 invideres.
2783 3703 2906 3759 Non
2947 3723 3016 3762 es
3047 3715 3294 3769 zelatns
3348 3719 3569 3785 Esau,
3601 3737 3780 3789 neque

2081 3786 2289 3851 lsmael,
2319 3804 2421 3842 non
2454 3790 2714 3847 zelaberis
2756 3794 2913 3861 Saul,
2962 3811 3154 3869 atque
3205 3806 3567 3874 Achitol'el,
3598 3786 3780 3880 neque

2079 3877 2287 3944 Doecb,
2308 3894 2477 3948 neque
2506 3881 2669 3935 ullum
2700 3899 2765 3937 ex
2810 3886 2881 3941 iis
2922 3890 3031 3957 qui
3070 3901 3238 3949 tuam
3286 3914 3663 3967 perversam
3693 3877 3775 3957 l'e-

2079 3979 2268 4022 cerunt
2294 3969 2617 4023 voluntatem
2654 3988 2667 4023 :
2701 3976 2795 4028 sed
2846 3978 3082 4035 zelatus
3122 3999 3191 4039 es
3225 4001 3263 4039 a
3299 3991 3546 4046 saeculo
3578 4007 3783 4047 omnes.

2078 4072 2260 4113 servos
2310 4075 2455 4115 meos
2494 4070 2658 4130 atque
2697 4064 2967 4133 cultores,
2998 4072 3057 4125 id
3101 4085 3201 4130 est
3224 4079 3398 4134 Abel
3429 4092 3497 4138 et
3533 4082 3765 4153 Josepb.

2078 4156 2134 4202 et
2186 4164 2327 4204 nunc
2377 4150 2547 4218 ipsum
2582 4151 2707 4217 Job,
2757 4164 2928 4225 atque
2971 4160 3073 4217 bis
3125 4167 3378 4226 similes
3428 4150 3765 4240 omnes,et

2079 4253 2265 4292 omnes
2308 4239 2590 4295 sinceriter
2620 4258 2707 4297 me
2740 4244 3109 4308 invocantes.
3153 4257 3320 4323 Quia
3364 4280 3493 4318 non
3543 4279 3649 4331 est,
3676 4268 3758 4320 iu-

2078 4328 2211 4418 quit,
2236 4329 2418 4382 similis
2463 4329 2544 4382 illi
2591 4348 2748 4401 super
2790 4344 3031 4394 terram.
3103 4346 3176 4402 ιι,
3216 4365 3356 4418 quo
3395 4370 3521 4409 ηοη
3568 4328 3656 4410 eis"
3682 4356 3757 4410 si.

2078 4416 2219 4471 milis
2257 4418 2305 4471 ei
2337 4418 2616 4487 quisquam
2669 4437 2838 4491 super
2886 4437 3120 4488 terram
3160 4416 3288 4493 ui.
3332 4446 3627 4501 Omnibus
3664 4447 3755 4499 bo-

451 4500 576 4556 odio
596 4502 816 4601 baberet
848 4502 945 4557 Job
968 4515 1126 4573 atque
1154 4506 1414 4560 zelaretur
1435 4522 1579 4570 eum,
1606 4508 1796 4577 adjecit
1818 4525 1973 4578 super
2002 4510 2049 4563 D
2075 4507 2156 4560 nis
2200 4508 2468 4603 operibus,
2501 4520 2660 4578 atque
2701 4513 2824 4568 ideo
2872 4517 3145 4591 dilectis,
3179 4530 3317 4585 sine
3355 4536 3611 4603 querela
3650 4547 3749 4601 est,

454 4589 741 4657 nequitiam
775 4606 893 4645 cum
928 4607 1136 4648 servum
1172 4595 1262 4649 Dei
1291 4596 1437 4650 illum
1467 4598 1764 4666 nuncupari
1793 4601 1973 4653 audis-

450 4686 554 4743 set,
611 4679 719 4733 Deo
779 4692 1067 4751 astrueute,
1118 4687 1199 4739 Ad
1255 4706 1470 4756 puerum
1528 4706 1695 4744 meum
1733 4691 1853 4747 Job.
1909 4694 1976 4748 Et

450 4774 811 4830 animadverte
832 4786 1065 4845 quantus‘
1081 4795 1270 4836 sensus
1296 4783 1347 4836 in
1376 4784 1474 4837 hoc
1500 4784 1612 4852 ipso
1642 4787 1974 4840 demonstra-

451 4872 540 4917 tur
567 4876 831 4928 sermone,
867 4880 984 4919 cum
1013 4883 1221 4922 servum
1252 4886 1403 4926 suum
1428 4873 1655 4942 appellat
1684 4875 1798 4929 Job.
1853 4876 1972 4930 Pri-

448 4966 593 5033 mum
619 4952 829 5019 quidem
857 4963 1105 5021 tanquam
1143 4959 1361 5028 gloriam
1402 4961 1504 5016 sibi
1529 4964 1792 5017 existimat
1817 4975 1976 5034 atque

448 5041 702 5107 honorem
738 5043 969 5094 omnium
1006 5044 1254 5099 Dominus
1282 5065 1400 5102 cum
1429 5060 1610 5104 sancte
1638 5061 1795 5119 atque
1832 5061 1973 5105 caste

449 5129 527 5184 illi
566 5129 801 5183 serviunt
841 5130 1095 5183 homines.
1133 5132 1333 5189 Idcirco
1376 5137 1527 5204 quasi
1571 5138 1802 5205 glorians
1848 5137 1974 5189 dicit

448 5236 593 5276 nunc
618 5235 747 5275 sane
777 5222 840 5275 de
865 5222 976 5276 solo
996 5221 1115 5287 Job,
1147 5223 1371 5278 Puerum
1407 5242 1571 5279 meum
1589 5227 1708 5293 Job,
1741 5230 1839 5282 boc
1869 5235 1968 5291 cst,
2066 5235 2156 5273 ccs
2189 5222 2239 5273 in
2280 5223 2522 5277 humanis
2570 5228 2835 5285 duntaxat
2891 5237 3142 5306 judiciis
3186 5259 3277 5303 et
3324 5221 3549 5323 causis,

446 5327 658 5368 servum
690 5326 860 5366 meum
888 5326 902 5363 :
934 5313 1055 5369 alibi
1102 5327 1278 5370 autem
1329 5318 1393 5371 de
1440 5316 1720 5385 plurimis:
1751 5317 1875 5370 Misi
1901 5317 1970 5369 ad

445 5390 745 5455 aesomnes
791 5418 959 5456 servos
1017 5420 1150 5458 meos
1196 5407 1550 5474 prophetas".
1621 5406 1771 5460 Unde
1808 5407 1966 5458 etiam

449 5490 589 5558 ipsos
621 5490 880 5559 glorificat
929 5503 1084 5563 atque
1118 5496 1423 5564 magiiiticat
1476 5511 1571 5566 per
1603 5497 1652 5549 id
1685 5495 1821 5563 quod
1857 5509 1970 5545 ser-

449 5587 562 5642 VOS.
593 5587 646 5631 et
672 5577 896 5639 famulos
948 5597 1041 5638 eos
1098 5584 1292 5639 astruit
1335 5594 1492 5652 atque
1542 5582 1786 5652 appellat,
1835 5581 1973 5631 sicut

2074 4603 2253 4693 utpote
2281 4596 2370 4663 qui
2398 4597 2450 4649 in
2490 4598 2635 4652 nullo
2657 4605 2848 4693 potuit
2884 4615 3291 4677 reprehendi.
3326 4596 3646 4693 (gummis,
3671 4596 3748 4683 in;

2245 4693 2298 4736 tu
2341 4700 2461 4737 eum
2502 4691 2889 4789 reprehendas,
2916 4714 2952 4753 ο
2987 4704 3277 4773 diabole.
3308 4684 3494 4783 qitasi
3530 4684 3751 4789 propter

2074 4773 2287 4875 divitias
2327 4789 2411 4875 me
2441 4776 2728 4875 colentem,
2776 4796 2905 4851 post
2957 4799 3302 4859 paululum
3334 4773 3746 4875 ’ρτουξὼίίυη

2074 4863 2198 4931 quia
2223 4863 2437 4917 omnino
2466 4863 2564 4919 Job
2595 4868 2712 4922 sine
2734 4879 2965 4939 querela
2998 4863 3394 4959 permanet...
3422 4863 3484 4952 et
3513 4863 3646 4953 non
3672 4863 3754 4954 so;

2073 4952 2180 5006 lum
2208 4954 2330 5054 sine
2347 4955 2585 5054 querela,
2619 4952 2721 5013 sed
2762 4971 2820 5016 et
2852 4966 3083 5042 justus,
3121 4997 3283 5038 cum
3324 4952 3561 5054 iustitia

2072 5056 2251 5133 verus.
2299 5043 2402 5097 Sed
2448 5046 2572 5112 quia
2616 5048 2867 5120 plerique
2914 5058 3267 5126 hominum
3307 5043 3370 5127 in
3420 5077 3537 5132 hoc
3561 5043 3754 5133 mundo

2068 5130 2314 5184 omnibus
2341 5134 2511 5186 modis
2532 5136 2649 5188 sine
2682 5142 2911 5204 querela
2940 5147 3199 5216 fuerunt
3253 5170 3319 5214 et
3346 5163 3494 5232 justi
3601 5130 3747 5221 ξέί-ξ-

2074 5268 2153 5273 η-
2281 5268 2522 5322 ·;“··;·····”
2571 5268 2835 5285 ’ωηεν-ει·
2891 5268 3142 5306 Juutcus
3186 5268 3277 5303 et
3324 5268 3549 5323 causts,
3596 5268 3748 5326 atque

2071 5311 2502 5411 εοτνυβξιδίιιῧυε
2528 5311 2757 5411 iugulus
2793 5326 3124 5409 universis,
3154 5347 3247 5398 et
3279 5345 3446 5411 quod
3476 5363 3737 5403 summum

2073 5406 2126 5500 et
2155 5399 2435 5453 maximum
2461 5409 2564 5467 est,
2590 5406 2682 5461 Dei
2710 5411 3026 5481 scientiam
3059 5399 3176 5488 “Em
3219 5399 3727 5505 ιιηῇυθηξέιζξξηξ

2075 5497 2538 5600 ἷίὶ³,“ῗξι¹.ῳ¹⁰(¹“ξ²
2571 5497 2697 5600 ei}
2745 5516 2928 5578 atque
2964 5526 3291 5591 ευιιυΐὶιω,
3322 5535 3539 5588 merito
3566 5497 3716 5600 super

2075 5576 2188 5632 haec
2219 5579 2464 5637 universa
2502 5582 2606 5643 Job
2662 5590 2807 5649 bona
2828 5576 3734 5681 tadjicipﬁia‘

523 5730 567 5762 "
590 5730 686 5788 Job
722 5753 758 5801 ι,
786 5740 837 5796 8.
915 5746 930 5777 ¹
958 5744 1143 5803 Matth.
1172 5756 1326 5807 um,
1364 5742 1447 5795 3.5.
1524 5745 1542 5772 '
1571 5740 1725 5794 Num.
1753 5739 1916 5804 xu,7.
1993 5737 2013 5770 ³
2041 5738 2165 5795 ibid.
2199 5738 2254 5795 8.

3400 6132 3856 6422 “J
