3916 6458
45 685 84 739 lli

33 896 453 975 919;.14dicit
480 929 498 966 -.
524 913 688 975 Αὐειὶ

83 721 286 845 μσἷὲ
299 721 616 845 {Erilli

35 807 188 906 lile

1385 581 1770 639 ANONYMUS
1806 584 1874 639 ιΝ
1909 583 2044 640 JOB.
2078 615 2146 626 —-
2182 581 2306 637 LIB.
2349 583 2388 638 l.
3351 589 3456 645 414

959 669 1112 782 ﬁve
1152 683 1298 782 siue
1345 698 1570 766 querela
1611 696 1821 764 fuisset,
1848 702 1895 760 Α
1925 697 2107 751 Deum.
2150 696 2335 764 Incipit
2366 704 2672 773 ~ostendere,
2705 693 2831 764 quia
2874 693 3124 764 nequiter
3175 697 3454 758 meditatus

732 770 871 888 ἴθι,
919 770 1160 828 omuia
1220 777 1359 838 hac
1391 797 1616 857 propter
1649 788 1818 842 Deum
1918 798 2002 844 est
2026 805 2041 842 :
2065 786 2252 855 incipit
2278 770 2568 854 publicari},
2593 785 2714 850 ιιιιῑε
2747 782 3008 838 Ιηθιῖιῖοεθ
3036 786 3306 855 εοείιθνίι-
3331 790 3452 846 Νοη

759 845 1006 907 “nam.
1040 855 1260 916 Super
1297 888 1426 916 num
1453 877 1698 916 "nium.
1724 875 1818 916 ιιι..
1920 881 2026 916 .z...
2072 895 2230 916 Mm...
2297 877 2544 916 innuian
2604 874 2704 916 ιρι»
2742 873 2864 916 mm
2900 874 3076 916 ηρηηι
3123 875 3237 916 Non
3265 882 3427 916 ("alia

986 892 1006 907 °
1029 873 1260 946 ,Suner
1297 888 1426 943 quae
1453 877 1699 932 universa
1723 875 1818 930 ad-
1916 881 2026 934 sine
2071 895 2251 940 causa,
2297 877 2565 945 inquiens,
2604 874 2704 928 Job
2742 873 2864 926 colit
2896 874 3080 930 Deum.
3123 875 3237 930 Non
3264 882 3448 946 gratis,

169 633 417 742 [βίων
446 627 555 690 Dei
611 645 853 708 cauare
888 677 918 718 τ

182 729 208 742 ρ
318 721 408 742 Α)...
486 726 531 742 ᾼ.

311 819 477 883 4“lue
512 817 618 880 Dei
653 843 729 886 cu

34 941 942 1064 εηίῒόςέιῖιῖὲιξὶζξξέε
972 945 1058 1000 ab
1091 961 1270 1014 omni
1303 980 1365 1018 τε
1388 967 1530 1019 ’Μία
1542 967 1606 1032 δ’)
1633 973 1817 1034 utpote
1917 970 2009 1025 sed
2034 984 2152 1022 cum
2178 968 2382 1036 pretio;
2414 980 2518 1018 non
2547 965 2766 1026 frustra,
2799 963 2890 1016 sed
2919 979 3014 1032 pro
3044 967 3318 1030 mercede;
3344 984 3446 1024 non

224 1055 248 1064 Α
667 1055 683 1064 _
897 1044 938 1064 ἢ
992 1042 1103 1064 ____:
1148 1047 1194 1064 λ
1557 1059 1567 1064 Δ
2192 1057 2204 1064 ⁸
2507 1045 2544 1064 ι.
2713 1061 2721 1064 Δ
2822 1053 2858 1064 η

48 1024 939 1155 ἵκελῗᾹἫὲὶῦἒξίἓὶξέίξ
991 1042 1108 1155 ἰξυῖ
1148 1047 1341 1108 Deum
1373 1059 1662 1118 metuebat,
1695 1024 1817 1108 iau-
1914 1069 2132 1127 propter
2156 1024 2424 1126 pietatem,
2455 1045 2546 1108 sed
2573 1061 2788 1120 propter
2807 1053 3055 1120 divitias;
3081 1069 3185 1109 non
3233 1067 3450 1126 propter

61 1108 224 1248 si“;
245 1108 569 1248 legem
981 1137 1051 1183 et
1080 1140 1375 1209 tanquam
1403 1145 1494 1213 qui
1546 1145 1654 1199 Deo
1697 1143 1814 1212 pla-
1915 1108 2124 1201 ὗοτῖιιηι
2155 1108 2514 1205 dilectionem,
2555 1108 2646 1248 {ea
2673 1108 2891 1248 propter
2919 1108 3111 1211 peculii
3155 1108 3447 1202 τηυίιίιῖιιιί-

87 1193 224 1331 “3::
315 1193 964 1331 θξέξέξὶοῇῗῖῖξίθίωξδ
1004 1236 1204 1296 super
1239 1193 1438 1290 omne;
1460 1245 1678 1290 caeteras
1703 1235 1815 1290 vir—
1914 1251 2058 1291 nem.
2097 1234 2209 1288 Non
2259 1235 2374 1288 sine
2420 1247 2577 1286 causa
2617 1231 2715 1285 Job
2753 1231 2875 1285 colit
2926 1233 3107 1286 Deum.
3136 1233 3303 1290 Habet
3352 1251 3448 1305 pro

1914 1325 2105 1393 quibus
2128 1331 2512 1389 rccompenset,
2541 1321 2704 1374 habet
2731 1335 2829 1388 pro
2858 1322 3050 1389 quibus
3079 1323 3265 1377 reddat
3289 1326 3448 1378 retri-

1912 1417 2202 1471 butionem.
2233 1411 2356 1466 Non
2405 1413 2515 1466 sine
2546 1427 2703 1464 causa
2736 1412 2854 1464 colit
2904 1411 3083 1466 Deum.
3110 1413 3167 1466 Si
3193 1414 3332 1468 enim
3366 1416 3444 1468 fe-

1912 1507 2210 1562 rocioribus
2269 1511 2430 1572 atque
2479 1502 2885 1556 immanioribus
2935 1503 3234 1558 hominibus
3276 1515 3448 1562 tantas

1910 1597 2183 1654 conferres
2217 1595 2452 1661 divitias,
2468 1602 2522 1648 et
2553 1603 2752 1646 tantam
2782 1594 3029 1661 gloriam,
3057 1605 3216 1663 atque
3242 1604 3444 1650 tantum

1909 1688 2186 1752 honorem,
2215 1686 2453 1756 profecto
2483 1701 2670 1740 omnes
2705 1700 2807 1740 uno
2855 1701 3113 1742 consensu
3152 1689 3245 1742 tibi
3277 1690 3446 1743 servi-

1909 1787 2028 1831 rent
2066 1786 2121 1831 et
2149 1786 2200 1831 te
2226 1777 2481 1832 colerent.
2511 1775 2634 1830 Non
2657 1776 2767 1829 sine
2797 1792 2956 1830 causa
2984 1777 3082 1830 Job
3112 1778 3230 1831 colit
3260 1778 3444 1846 Deum,

1908 1869 2001 1922 sed
2029 1883 2125 1935 pro
2156 1867 2375 1930 divitiis,
2393 1881 2489 1935 pro
2516 1865 2974 1934 possibilitatibus,
3007 1882 3102 1935 pro
3122 1868 3442 1933 substantia,

1910 1975 2006 2028 pro
2035 1958 2398 2021 facultatibus,
2427 1971 2525 2024 pro
2572 1957 2803 2024 potentia
2830 1965 2884 2010 et
2930 1957 3118 2024 gloria,
3155 1966 3314 2027 atque
3345 1960 3444 2013 ho-

1909 2061 2056 2101 nore.
2074 2045 2178 2100 Pro
2197 2045 2280 2099 his
2305 2059 2433 2112 ergo
2471 2052 2628 2112 atque
2658 2044 2844 2097 horum
2886 2044 3260 2100 blandimentis
3284 2054 3336 2101 te
3355 2062 3447 2114 co-

1908 2136 1988 2190 lit.
2021 2135 2174 2190 Nunc
2224 2149 2350 2188 vero
2382 2134 2535 2188 facile
2579 2142 2661 2186 est
2707 2133 2780 2186 illi
2835 2133 3009 2188 colere
3049 2142 3120 2199 te,
3155 2134 3312 2190 facile
3361 2147 3446 2192 est

1906 2229 2064 2280 etiam
2109 2228 2222 2280 sine
2246 2226 2457 2294 querela
2499 2236 2551 2279 et
2583 2226 2784 2294 justum
2827 2234 2987 2293 atque
3029 2238 3273 2281 veracem
3303 2243 3442 2284 esse.

1909 2317 2035 2372 Siue
2058 2317 2270 2386 querela
2295 2327 2397 2382 est,
2421 2317 2542 2384 quia
2577 2317 2980 2371 innumerabilia
3019 2317 3198 2382 habet,
3227 2326 3282 2371 et
3302 2318 3444 2374 nullo

1907 2408 2105 2478 indiget
2132 2424 2146 2472 ;
2176 2407 2350 2475 justus
2374 2419 2474 2469 est,
2507 2407 2626 2476 quia
2660 2407 2870 2460 divitias
2904 2407 3100 2473 habet;
3153 2420 3313 2460 verax
3340 2416 3441 2469 est.

1905 2498 2026 2564 quia
2076 2512 2258 2551 omnes
2284 2497 2532 2565 undique
2569 2497 2641 2550 illi
2678 2498 3023 2562 inclinantur,
3049 2504 3103 2550 et
3142 2511 3441 2553 sermonem

1904 2585 2020 2654 ejus
2055 2599 2220 2653 usque
2267 2584 2330 2637 ad
2367 2585 2534 2638 nubes
2569 2587 2861 2653 perferunt.
2905 2586 3006 2639 Sed
3048 2587 3192 2639 mitte
3231 2603 3443 2640 manum

1905 2683 2046 2725 tuam
2073 2681 2122 2725 et
2155 2682 2304 2742 tange
2332 2673 2503 2724 omnia
2532 2688 2646 2740 qua:
2679 2673 2829 2724 habet
2875 2683 2922 2725 et
2953 2674 3079 2726 scito
3112 2674 3156 2727 si
3182 2675 3443 2728 bcncdicat

1905 2761 2012 2815 ιε’.
2057 2759 2242 2824 Aufer,
2277 2759 2479 2827 inquit,
2519 2759 2763 2819 divitias,
2799 2759 3031 2827 exspolia
3075 2760 3442 2824 facultatibus,

1903 2853 2090 2920 detege
2117 2851 2302 2918 gloria,
2329 2850 2476 2916 priva
2511 2851 2732 2913 honore,
2756 2849 2975 2902 humilia
3005 2864 3070 2903 ex
3094 2849 3441 2916 sublimitate,

1902 2950 1956 2994 et
1979 2949 2103 2992 tunc
2135 2954 2236 2992 non
2258 2939 2426 2991 solum
2468 2939 2606 2992 hanc
2633 2938 2898 2992 culturam
2927 2939 3284 3008 derelinquet,
3313 2949 3369 2994 et
3395 2939 3443 2995 si

234 1577 569 1648 «ualidum
596 1580 870 1651 ἰοειιιῖὶιιτς
897 1603 1008 1658 per
1054 1594 1183 1652 hinc
1217 1599 1486 1655 diabolum
1519 1602 1695 1668 arguit
1727 1608 1812 1653 at-

235 1695 339 1750 que
383 1675 640 1741 increpat,
667 1681 724 1728 et
763 1676 943 1733 veluti
976 1680 1222 1750 diceret,
1254 1688 1402 1751 audi,
1424 1702 1456 1741 0
1489 1687 1716 1750 diabolo,
1745 1687 1812 1741 ad

245 1766 452 1822 teeu'un
482 1775 562 1819 est
588 1764 680 1821 hic
705 1781 912 1835 sermo,
960 1780 1021 1825 et
1057 1783 1152 1828 tua
1179 1776 1295 1832 haec
1334 1777 1624 1845 increpatio
1657 1786 1814 1845 atque

231 1859 561 1927 obiurgatio.
593 1857 722 1913 Sine
752 1861 986 1928 querela
1015 1873 1101 1919 est
1131 1864 1258 1932 Job,
1292 1877 1346 1921 tu
1395 1882 1524 1922 vero
1566 1866 1811 1922 omnibus

228 1950 567 2004 criminibus
590 1965 648 2004 es
676 1950 938 2008 refertus.
969 1953 1166 2012 Justus
1194 1965 1279 2012 cst
1315 1955 1436 2020 Job,
1467 1967 1518 2010 tu
1545 1971 1670 2010 vero
1699 1956 1812 2022 ipse

209 2039 478 2108 injustas
523 2054 601 2103 es,
647 2050 703 2095 et
761 2043 931 2096 totius
985 2043 1271 2114 iujustitiac
1323 2044 1660 2114 suﬂ‘ragator.
1703 2020 1808 2099 ile-
1838 2020 1883 2074 Β

208 2143 328 2182 ηε
380 2138 468 2182 est
516 2128 654 2194 Job,
692 2139 750 2185 tu
787 2140 969 2186 autem
1019 2134 1186 2189 totius
1217 2134 1456 2188 veritatis
1493 2147 1553 2187 es
1584 2149 1806 2200 exsors,

193 2229 396 2289 atque
428 2221 579 2273 omni
612 2222 903 2276 mendacio
935 2225 1126 2291 plenus
1146 2264 1161 2286 ,
1185 2233 1240 2277 et
1261 2224 1434 2279 omnis
1458 2223 1698 2289 fallaciae,
1731 2233 1810 2277 at-

191 2324 333 2378 que
364 2309 475 2363 doli
500 2325 563 2364 es
586 2321 765 2380 pater.
801 2313 895 2366 Dei
925 2313 1103 2366 cultor
1129 2324 1210 2367 est
1233 2312 1352 2378 Job,
1381 2323 1434 2367 tu
1456 2329 1580 2368 vero
1608 2315 1696 2368 Dei
1725 2331 1810 2369 rc-

188 2401 361 2470 !uga
385 2411 440 2453 et
485 2411 760 2470 apostata,
796 2412 961 2470 atqne
1003 2403 1218 2457 rebellis
1247 2421 1260 2456 :
1293 2412 1346 2456 et
1381 2418 1485 2457 non
1525 2404 1696 2458 solum
1725 2413 1805 2468 tu,

189 2492 321 2545 sed
361 2499 415 2545 et
447 2504 647 2545 omnes
695 2491 950 2546 homines
983 2492 1052 2546 ad
1101 2493 1204 2546 hoc
1245 2493 1492 2562 instigas,
1525 2494 1712 2547 suades
1753 2501 1808 2545 et

191 2580 415 2634 doces.
442 2579 698 2635 Abstinet
716 2593 779 2635 se
804 2583 874 2636 ab
899 2581 1044 2635 omni
1065 2596 1228 2650 opere
1247 2583 1385 2638 malo
1405 2591 1459 2636 et
1481 2584 1644 2638 verbo
1665 2582 1763 2636 Job
1787 2601 1801 2636 :

195 2678 272 2722 ιιι
317 2678 504 2723 autem
536 2685 704 2724 omne
753 2670 956 2723 malum
993 2680 1048 2725 et
1082 2671 1341 2738 illicitum,
1378 2682 1536 2740 atque
1585 2672 1802 2739 impium

191 2773 392 2826 opus,
417 2769 510 2813 aut
562 2763 791 2814 verbum
841 2760 1122 2816 seminasti
1172 2761 1313 2815 inter
1355 2761 1616 2824 homines,
1648 2771 1805 2828 atque

193 2850 273 2904 in
313 2865 388 2904 ea
422 2867 538 2920 quae
567 2851 672 2906 sub
699 2852 842 2904 ccelo
877 2861 1004 2917 sunt
1029 2851 1162 2904 oriri
1193 2851 1386 2905 fecisti.
1422 2851 1557 2904 Dicit
1579 2851 1805 2919 denique

194 2940 359 2996 hac
407 2945 656 2999 universa
712 2945 858 2998 Deus
893 2946 960 2999 ad
1003 2945 1293 3009 diabolum,
1336 2960 1454 2998 cum
1488 2943 1666 2997 laudat
1704 2942 1803 2997 Job
1902 2949 2103 2994 ettuuc
2135 2954 2236 2992 non
2258 2940 2387 3021 solui

195 3043 274 3088 ει
318 3038 588 3092 veneno.-
620 3036 940 3105 magniﬁcai
975 3051 1116 3101 eum,
1148 3045 1206 3089 ιιι
1232 3045 1415 3092 nosset,
1441 3036 1679 3090 diabolus
1705 3040 1800 3088 ad-
1903 3045 2006 3083 non
2035 3029 2084 3082 iu
2117 3027 2362 3097 prmsenti
2387 3035 2436 3081 te
2463 3028 2762 3088 benedicet,
2790 3028 2888 3080 hoc
2913 3038 2994 3080 est
3015 3028 3114 3080 nisi
3146 3036 3196 3080 te
3225 3029 3276 3081 in
3306 3043 3442 3096 prae-'-

199 3136 429 3179 versus
456 3142 613 3194 quem
649 3126 924 3188 habebat,
953 3138 1017 3177 ne
1049 3132 1233 3192 postea
1260 3125 1478 3188 diceret,
1521 3139 1623 3178 non
1673 3124 1801 3178 mihi
1902 3121 2038 3172 senti
2071 3118 2351 3172 maledicat
2383 3127 2437 3172 et
2470 3119 2822 3187 blasphemet,
2855 3126 3015 3184 atque
3038 3117 3304 3173 detrahat.
3333 3117 3444 3170 Mo-

198 3214 515 3282 indicasti,
551 3233 732 3286 neque
761 3232 868 3285 ego
924 3217 1203 3284 sperabam
1249 3216 1302 3268 iu
1351 3215 1604 3269 omnibus
1643 3231 1803 3284 super
1901 3225 1985 3266 ses
2011 3211 2151 3264 enim
2186 3224 2404 3279 magnus
2440 3210 2600 3262 homo
2630 3208 2719 3262 Dei
2751 3223 2870 3260 cum
2901 3207 3161 3261 scriberet
3183 3205 3302 3269 Job,
3329 3220 3438 3260 non

199 3315 438 3362 terram
464 3307 839 3376 hujuscemodi
873 3321 996 3360 esse
1043 3306 1416 3360 consmmiam.
1446 3305 1676 3360 Cunctos
1702 3323 1799 3358 au-
1827 3326 1869 3384 ο
1903 3302 1974 3355 ita
2004 3300 2221 3369 scripsit
2251 3300 2390 3352 sicut
2448 3297 2693 3351 diabolus
2731 3296 2938 3350 locutus
2966 3306 3081 3359 est,
3113 3295 3206 3350 sed
3252 3297 3443 3350 decen-

193 3395 373 3458 divi,
402 3398 486 3465 qui
531 3398 750 3451 fuerunt
787 3397 859 3450 ab
883 3395 1039 3449 initio
1073 3395 1273 3459 szeculi,
1305 3404 1357 3449 et
1380 3395 1798 3464 quamplurimos
1900 3394 2005 3446 tius
2034 3405 2096 3444 ac
2127 3389 2426 3459 benignius,
2453 3397 2635 3457 utpote
2663 3388 2887 3440 devotus
2909 3387 3000 3439 Dei
3036 3385 3284 3442 famulus.
3316 3387 3440 3439 Dia-

195 3485 378 3536 meis
402 3485 676 3555 discipulis
717 3483 1077 3550 circumdedi,
1108 3493 1264 3552 atque
1299 3484 1431 3538 meis
1460 3485 1667 3539 insidiis
1699 3501 1794 3554 ap-
1897 3483 2048 3536 holus
2077 3481 2214 3533 enim
2243 3479 2535 3532 crudeliter
2570 3492 2631 3531 ac
2664 3477 2908 3544 nequiter
2930 3476 3137 3530 locutus
3169 3485 3270 3541 est,
3300 3485 3354 3528 et
3384 3483 3443 3530 ιιι

191 3575 516 3638 prehendi.
543 3577 739 3631 Merito
772 3574 1031 3644 putabam
1076 3574 1233 3626 etiam
1272 3573 1408 3628 hunc
1441 3576 1593 3644 quasi
1635 3592 1796 3629 unum
1859 3573 2012 3643 -plus
2041 3572 2106 3624 ad
2144 3569 2492 3630 iracundiam,
2539 3577 2593 3619 ut
2633 3566 2868 3633 putabat,
2896 3573 3208 3632 provocaret
3250 3565 3437 3628 Deum,

195 3670 296 3713 ex
335 3667 580 3719 otnuibus
616 3665 778 3719 facile
806 3677 1093 3731 superare.
1127 3663 1205 3716 01)
1234 3665 1334 3717 hoc
1367 3679 1492 3733 ergo
1532 3681 1599 3719 ne
1627 3665 1799 3720 victus
1899 3677 2003 3715 non
2025 3661 2160 3713 dixit
2185 3661 2230 3712 si
2265 3675 2364 3711 non
2409 3659 2462 3710 in
2499 3657 2686 3724 facient
2716 3666 2764 3708 te
2787 3657 3126 3716 benedixcrit,
3146 3655 3238 3708 sed
3265 3657 3311 3708 si
3337 3669 3440 3708 non

193 3749 481 3807 diabolus
508 3765 628 3821 post
656 3754 761 3808 hoc
798 3760 984 3822 posset
1011 3768 1070 3806 ea
1097 3767 1214 3821 qua:
1234 3763 1536 3806 memorata
1561 3761 1684 3808 sunt
1718 3756 1798 3809 di-
1896 3753 1952 3805 in
1987 3751 2166 3820 faciem
2198 3750 2288 3801 tibi
2320 3748 2667 3802 maledixcrit.
2712 3747 2882 3799 Moses
2914 3761 3041 3798 Vero
3072 3745 3306 3798 illicitam
3358 3752 3442 3796 at-

192 3851 399 3904 «τετε,
434 3854 716 3912 propterea
773 3842 1096 3897 teStilicatus
1125 3852 1204 3896 est
1252 3841 1322 3894 illi
1357 3842 1530 3909 Deus,
1568 3852 1624 3898 et
1674 3855 1798 3898 ante
1899 3859 2000 3912 que
2033 3840 2300 3896 crudelem
2344 3838 2536 3892 diaboli
2576 3852 2757 3890 vocem
2811 3837 3129 3899 immutans,
3169 3834 3345 3888 dixit:
3376 3833 3441 3887 In

192 3936 554 3996 pra-monuit
586 3934 654 3987 de
691 3934 944 3988 omnibus
973 3948 1091 4000 quae
1118 3933 1256 3986 circa
1283 3931 1381 3986 Job
1411 3944 1710 3999 agerentur,
1737 3951 1799 3988 ac
1897 3933 2083 4002 faciem
2119 3932 2211 3982 tibi
2260 3929 2536 3981 benedicet.
2578 3928 2689 3981 Non
2731 3928 2845 3981 sine
2887 3941 3069 3992 causa,
3110 3925 3314 3994 inquit,
3339 3923 3440 3980 Job

192 4015 262 4066 si
311 4019 518 4075 diceret
551 4038 567 4072 :
599 4020 722 4074 Noli
777 4030 990 4089 putare,
1026 4035 1058 4074 0
1089 4019 1316 4083 diabole,
1347 4023 1485 4089 quod
1518 4023 1797 4077 adversum
1899 4023 2024 4077 colit
2054 4023 2236 4076 Deum.
2269 4019 2331 4071 Et
2373 4019 2599 4086 utquid?
2625 4017 2706 4071 vel
2737 4018 2804 4070 ob
2839 4030 2994 4084 quam
3028 4029 3243 4069 causam
3271 4013 3440 4069 colit?

196 4117 404 4159 avum
445 4111 542 4165 Joh
590 4113 734 4165 Esau
779 4111 1015 4174 habeas,
1058 4117 1150 4161 aut
1200 4113 1481 4164 adversum
1525 4126 1683 4164 untim
1732 4125 1822 4165 ex~

195 4188 382 4246 Esau
408 4200 690 4263 similibus,
710 4200 806 4254 sed
838 4200 1121 4252 adversum
1163 4196 1262 4251 Job
1295 4200 1478 4263 habes,
1506 4200 1556 4252 in
1593 4198 1797 4254 ﬁdeiu-

196 4279 636 4352 declinabilem,
675 4288 1011 4342 itumobilem
1065 4286 1366 4354 injustitia,
1421 4289 1471 4342 in
1505 4289 1797 4358 gratiarum

195 4371 539 4432 alionibus
572 4377 998 4439 immutabilem,
1029 4377 1082 4428 in
1111 4375 1381 4430 doloribus
1421 4393 1521 4430 non
1553 4393 1800 4430 succum-

197 4455 474 4532 lientetn,
517 4485 623 4522 non
672 4467 1012 4521 deficientem
1047 4467 1100 4520 in
1137 4466 1583 4522 tribulationilms.
1618 4467 1796 4521 Talem
1899 4478 2046 4533 sunt,
2072 4468 2162 4522 sed
2188 4477 2238 4522 et
2261 4482 2322 4520 ea
2349 4481 2466 4535 qua:
2501 4466 2834 4520 extrinsecus
2874 4475 2998 4518 sunt
3028 4475 3179 4518 extra
3226 4465 3438 4519 domum

194 4547 403 4608 {uisae
429 4557 526 4614 Job
565 4560 751 4613 sciens
784 4557 957 4621 Deus,
985 4566 1109 4610 ante
1140 4557 1458 4612 testificatus
1484 4567 1568 4612 est
1592 4558 1800 4612 diabolo
1902 4557 2174 4621 universa,
2203 4571 2320 4626 qua:
2348 4565 2471 4610 sunt
2493 4556 2566 4609 -ei
2593 4556 2646 4608 in
2686 4556 2933 4608 circuitu.
2975 4554 3214 4620 Quoties,
3243 4555 3436 4623 inquit,

186 4637 423 4703 dicens
456 4671 474 4706 :
505 4650 676 4704 llomo
707 4650 824 4702 sine
845 4646 1076 4716 querela,
1092 4645 1464 4714 ⁸ἱιιιιιιιεῃιιενιιιι)
1489 4647 1585 4702 Dei
1609 4650 1796 4716 cultor,
1825 4634 1876 4692 Ῑ)
1901 4649 2044 4704 volui
2079 4649 2528 4716 appropinquare,
2559 4653 2614 4699 et
2641 4660 2746 4698 non
2773 4645 2948 4698 inveni
2978 4658 3273 4707 accessum,
3317 4658 3438 4697 cum

186 4724 499 4793 αδδιὶηειιδ
527 4756 582 4794 se
610 4739 756 4792 omni
790 4752 845 4789 rc
871 4734 1010 4788 mala
1031 4735 1072 4788 ⁸.
1901 4740 2136 4812 protegis
2182 4749 2340 4807 atque
2387 4735 2712 4792 obumbres?
2770 4735 2986 4801 Quoties
3015 4773 3031 4797 ,
3063 4735 3253 4803 inquit,
3295 4733 3437 4787 volui

285 4814 414 4883 Sed
445 4841 498 4884 et
529 4845 650 4900 quae
676 4830 731 4883 in
766 4827 977 4880 laudem
1023 4826 1160 4880 beati
1187 4825 1284 4880 Job
1314 4827 1440 4881 dicit
1465 4827 1606 4882 Deus
1635 4837 1796 4897 atque
1901 4831 2123 4901 perdere
2162 4839 2217 4883 et
2263 4828 2655 4891 exterminare,
2681 4835 2735 4878 et
2767 4841 2872 4878 non
2915 4825 3155 4894 permisit
3197 4825 3440 4891 omnipo-

186 4902 259 4956 ίη
323 4921 706 4975 testimonium
742 4918 1063 4986 nequissimi
1103 4918 1319 4981 diaboli,
1365 4918 1476 4971 haec
1508 4920 1574 4972 ad
1628 4921 1798 4972 maxi-
1905 4932 2023 4976 tens
2075 4935 2266 4974 manus
2307 4919 2441 4974 tua?
2469 4918 2547 4972 Tu
2591 4919 2808 4972 munisti
2843 4919 2893 4972 ei
2937 4919 3114 4971 omnia
3147 4931 3268 4986 quae
3315 4921 3440 4970 sunt

180 5007 368 5057 mam
409 5011 889 5066 inﬂammationem
935 5007 1291 5074 profecerunt,
1317 5017 1372 5062 et
1397 5008 1792 5061 succensionem
1900 5013 2039 5067 intra
2075 5013 2329 5074 domum,
2365 5021 2526 5078 atque
2573 5021 2725 5064 extra
2774 5011 2986 5064 domum
3037 5009 3153 5078 ejus
3185 5014 3436 5079 tanquam

181 5094 486 5154 ne(milite
519 5098 828 5154 adversarii
867 5105 1030 5163 atque
1056 5096 1340 5148 maximam
1370 5096 1648 5148 adversum
1696 5094 1793 5148 Job
1899 5103 2109 5155 flamma
2164 5101 2300 5170 ignis
2331 5099 2640 5169 angelorum
2679 5110 2895 5153 tuorum
2943 5097 3179 5151 custodia
3205 5104 3328 5148 aute
3357 5107 3439 5147 me

176 5184 644 5244 c"neilationem
673 5186 869 5241 livoris
910 5199 973 5238 ac
1003 5184 1122 5238 ιθιῖ-
1161 5184 1351 5238 Μθΐίιο
1376 5172 1594 5236 (“Mallia
1623 5182 1794 5237 ΐτειυε
1897 5191 2075 5248 omnia
2133 5191 2271 5244 bo‘ua
2311 5191 2671 5253 circumdatis,
2728 5205 3000 5244 accessqu
3044 5188 3172 5242 mihi
3222 5185 3438 5238 minime

179 5273 591 5334 m’“lMssimus
612 5319 628 5344 ,
657 5276 1088 5331 immoderanter
1117 5274 1324 5342 protulit
1365 5289 1516 5328 suam
1546 5273 1793 5340 iniquita~
1896 5281 2231 5346 concessisti,
2256 5295 2428 5348 neque
2455 5283 2823 5348 approximare
2845 5281 2975 5332 mihi
3002 5275 3314 5346 permisisti,
3338 5286 3438 5339 po-

176 5356 318 5434 tem
346 5369 583 5424 dicens:
621 5365 752 5420 Non
773 5367 889 5418 sine
917 5380 1076 5416 causa
1111 5367 1266 5432 gratis
1291 5365 1389 5418 Job
1420 5363 1538 5415 colit
1560 5361 1726 5415 Deum
1750 5363 1793 5415 ⁸ο
1902 5380 2147 5424 testatem
2183 5371 2310 5424 mihi
2365 5371 2665 5425 nullatenus
2696 5369 2906 5423 dedisti.
2941 5369 3114 5434 Quare
3148 5377 3272 5429 er8°
3324 5361 3439 5411 ¹²¹³⁴

169 5433 527 5515 Respondet
544 5457 932 5515 nihilominus,
948 5461 1002 5504 et
1018 5452 1166 5516 dicit,
1181 5468 1278 5507 non
1297 5453 1446 5507 labiis
1461 5453 1796 5520 depromens,

1906 5461 1997 5514 das
2035 5459 2133 5514 101)
2169 5460 2316 5528 quasi
2339 5459 2584 5528 justum?
2620 5460 2755 5526 Quid
2793 5433 3103 5526 magniﬁcas
3138 5450 3257 5510 Job,
3282 5446 3436 5511 quasi

167 5537 399 5622 "Fque
427 5554 672 5605 lnunano
707 5558 807 5597 ore
849 5541 1087 5603 locutus,
1119 5544 1208 5596 sed
1235 5541 1471 5596 consiliis
1500 5542 1667 5610 iniqui
1699 5559 1794 5598 co-
1906 5550 1998 5605 Dei
2023 5551 2282 5605 cultorem
2335 5561 2497 5620 atque
2543 5549 2898 5621 religiosum?
2932 5547 3043 5599 Non
3093 5540 3190 5594 Job
3226 5533 3443 5598 religio.

164 5622 416 5709 διιδηε,
449 5651 618 5709 atque
642 5634 786 5702 ipsis
821 5630 1232 5697 cogitationibus
1264 5633 1443 5686 illicita
1480 5634 1787 5698 meditatus,

1906 5640 2045 5705 sitas,
2077 5638 2472 5706 nequejustitia
2507 5642 2608 5695 hoc
2635 5637 2786 5702 fecit,
2829 5636 2926 5689 sed
2965 5627 3269 5698 largitiones
3311 5626 3444 5709 lii-'8.

160 5702 547 5787 ῖθδιιοιίάεηᾷ
585 5721 853 5781 diabolus
887 5718 1046 5781 dicit,
1080 5719 1194 5774 Non
1221 5723 1328 5775 sine
1349 5737 1508 5775 causa
1529 5721 1637 5776 Job
1668 5726 1788 5779 colit

1906 5702 2052 5797 atque
2108 5702 2417 5797 multiplicia
2475 5738 2565 5784 tua
2622 5727 2782 5789 bona,
2828 5736 2929 5791 pro
2954 5721 3139 5788 quibus
3169 5702 3451 5788 “ﬁdem

1901 4113 2035 4178 Quia
2072 4123 2128 4164 tu
2156 4110 2367 4162 munisti
2404 4108 2482 4160 illi
2501 4124 2560 4160 ea
2585 4124 2698 4176 qua:
2721 4116 2865 4159 extra
2886 4109 3094 4158 domum
3126 4120 3277 4174 atque
3301 4107 3441 4158 intra

1898 4203 2104 4252 domum
2149 4199 2259 4267 ejus
2307 4207 2422 4250 sunt
2446 4196 2489 4248 ⁸.
2521 4196 2598 4248 Tu
2638 4195 2873 4260 munisti,
2911 4203 2963 4246 tu
3016 4193 3438 4259 circumdedisti,

1902 4287 2335 4351 tuobumbrasti,
2365 4296 2418 4338 tu
2466 4286 2810 4354 prospexisti,
2856 4296 2910 4338 tu
2963 4285 3123 4338 illaesa
3153 4283 3440 4338 custodisti

1898 4375 2074 4431 omnia
2129 4375 2266 4428 bona
2317 4373 2449 4441 ejus,
2484 4389 2585 4428 non
2618 4375 2786 4427 solum
2825 4389 2885 4426 ea
2915 4389 3034 4443 qua:
3061 4375 3198 4426 intra
3224 4375 3438 4427 domum

286 5865 316 5897 "
369 5885 466 5942 Job
529 5899 573 5949 ι,
612 5877 672 5930 8.
759 5871 807 5904 ιο
847 5869 978 5924 ibid.
1053 5870 1220 5928 arma.
1284 5873 1463 5931 “ibid.
1493 5876 1545 5930 9.
1627 5879 1802 5941 ’ibid.
1841 5883 1919 5938 ll.
1994 5881 2279 5938 'ibid.lo.
