3916 6456
413 487 516 543 415

1524 456 1903 517 ΔΝΟΝἸΜΗΞ
1938 456 2005 513 IN
2040 456 2175 513 JOB.
2206 484 2275 497 —-
2303 450 2429 509 ΠΒ.
2470 447 2510 504 l.

3688 425 3785 477 416

410 606 631 662 Videtur.
656 595 804 663 Quod
841 590 885 649 si
915 603 1021 655 non
1056 587 1161 642 hoc
1193 590 1292 644 est,
1333 581 1478 635 Mitte
1524 597 1733 635 manum
1772 590 1933 642 tuam,
1965 581 2009 638 Α
2038 578 2147 645 ipse
2171 570 2404 628 diabolus
2432 576 2515 621 cst
2535 565 2707 619 etiam
2744 571 2938 619 nunc,
2959 550 3073 655 qui
3101 542 3363 663 “liti-‘10
3393 542 3505 663 “‘2‘
3525 550 3782 663 flP'tﬂc;

409 708 557 760 tange
598 687 765 741 omnia
805 696 920 751 qua
950 678 1136 741 habet,
1168 674 1268 726 nisi
1304 673 1358 726 in
1405 674 1592 740 faciem
1633 670 1942 725 benedixerit

410 759 520 845 tibi,
551 777 631 831 vel
684 773 856 842 potius
908 763 1263 828 maledixerit,
1313 762 1454 815 sicut
1505 761 1631 815 dicit
1678 759 1942 815 diabolus.

409 870 507 933 Tu,
558 863 763 932 inquit,
806 857 1057 925 munisti,
1105 865 1160 910 tu
1208 851 1559 911 benedixisti,
1602 859 1656 902 tu
1695 847 1946 916 multipli'

407 956 562 1019 casti,
591 966 644 1007 tu
695 947 1025 1006 conservasti
1054 956 1107 1000 et
1136 959 1200 999 ea
1251 958 1369 1013 quae
1418 941 1559 995 domi
1608 950 1763 1002 sunt,
1790 949 1844 992 et
1887 951 1947 991 ea

410 1059 526 1112 qua:
551 1052 701 1097 extra
732 1042 964 1101 domum,
997 1037 1090 1092 sed
1134 1036 1185 1088 in
1231 1034 1456 1088 circuitu
1493 1037 1636 1090 sunt,
1664 1036 1715 1081 et
1748 1043 1808 1080 ea
1834 1041 1951 1094 quae

409 1144 532 1189 sunt
574 1147 760 1201 prope,
794 1139 847 1183 et
892 1143 956 1182 ea
997 1141 1115 1195 quae
1169 1125 1323 1191 longe
1370 1129 1497 1177 sunt
1551 1120 1820 1172 universa.
1850 1115 1952 1169 Pro

412 1228 516 1285 his,
545 1223 736 1291 inquit,
762 1219 1012 1275 omnibus
1039 1218 1356 1284 deprecatur
1383 1221 1437 1266 et
1477 1210 1640 1273 colit,
1672 1216 1727 1261 et
1755 1206 1954 1275 gratias

413 1315 563 1384 agit:
594 1327 698 1367 non
748 1310 840 1363 tibi
888 1308 1085 1378 gratias
1117 1320 1300 1375 agens,
1342 1303 1438 1358 sed
1483 1315 1579 1370 pro
1634 1298 1766 1367 ipsis
1801 1296 1956 1351 bonis

418 1403 620 1472 gratias
672 1410 1108 1466 recompensans,
1156 1409 1262 1447 non
1296 1402 1346 1446 te
1373 1391 1615 1459 diligens,
1664 1388 1757 1442 sed
1789 1387 1955 1454 ipsam

416 1492 811 1549 multitudinem
854 1487 1090 1556 pecuniae
1122 1497 1309 1537 amans
1338 1490 1393 1534 et
1424 1492 1772 1541 conservans,
1801 1485 1959 1543 atque

418 1582 638 1652 perdere
666 1577 870 1632 nolens.
899 1573 1011 1627 Non
1047 1586 1194 1639 ergo,
1218 1569 1412 1638 inquit,
1438 1581 1533 1635 pro
1562 1575 1651 1619 tua
1680 1563 1960 1619 dilectione

359 1725 363 1734 ,
422 1682 471 1725 te
499 1668 648 1730 colit,
681 1679 850 1733 neque
892 1670 1109 1732 propter
1150 1669 1294 1713 tuam
1333 1656 1717 1710 beatitudinem
1760 1653 1962 1721 gratias

422 1761 549 1829 agit,
578 1757 668 1812 sed
715 1769 812 1825 pro
858 1752 1093 1821 pecunia:
1136 1750 1291 1818 hujus
1332 1746 1696 1801 blandimento
1731 1752 1782 1797 te
1814 1741 1961 1805 colit,

423 1848 512 1900 sed
544 1854 762 1912 propter
788 1840 1173 1894 beatitudinem
1206 1851 1357 1892 suam
1388 1847 1672 1900 rerumque
1707 1831 1963 1900 plurima-

424 1952 537 1989 rum
567 1948 699 2003 quas
734 1932 821 1985 hic
843 1929 1112 1997 possidet,
1138 1926 1344 1995 copiam
1368 1939 1527 1992 quam
1555 1922 1741 1975 dedisti
1770 1921 1841 1984 ei,
1869 1920 1962 1973 tibi

408 2004 623 2094 (gratias
653 2023 787 2091 agit.
824 2020 989 2073 Aufer
1035 2031 1163 2085 ergo
1213 2016 1286 2068 illi
1315 2029 1433 2082 quae
1464 2012 1654 2065 dedisti
1695 2011 1961 2072 universa,

423 2111 701 2181 apparebit
749 2109 996 2161 omnibus
1047 2120 1163 2174 quae
1204 2106 1273 2157 sit
1308 2102 1409 2156 Job
1440 2101 1661 2170 perﬁdia
1687 2138 1703 2162 ,
1734 2109 1789 2153 et
1839 2099 1962 2167 quia

424 2216 529 2255 nou
580 2212 711 2269 pura
738 2195 1025 2250 dilectione
1056 2204 1104 2246 te
1133 2192 1278 2257 colit,
1313 2191 1406 2244 sed
1453 2198 1667 2258 propter
1688 2188 1963 2255 pecuniam

425 2298 707 2353 rerumque
748 2291 1014 2336 tantarum
1064 2279 1473 2347 possessionem,
1514 2291 1581 2330 ne
1619 2291 1735 2330 eam
1785 2276 1829 2330 si
1888 2276 1968 2329 in-

424 2384 607 2447 gratus
651 2376 891 2429 videatur
945 2370 1188 2433 auferas,
1222 2378 1273 2423 te
1320 2377 1612 2421 reveretur.
1655 2367 1749 2421 Cui
1809 2366 1967 2435 digne

424 2471 807 2538 respondeatur
854 2473 909 2521 et
955 2465 1160 2517 dicatur
1194 2463 1261 2515 ad
1289 2475 1433 2513 eum.
1459 2458 1604 2522 Dico,
1643 2458 1967 2526 nequissime

425 2560 645 2626 Satana,
675 2559 814 2622 dico,
847 2555 1072 2624 maligne
1101 2551 1331 2616 diabole,
1362 2565 1466 2604 non
1510 2550 1781 2618 intelligis,
1806 2565 1838 2602 ο
1870 2550 1967 2602 ιιιί-

427 2650 679 2711 serrime,
714 2648 838 2716 quia
886 2655 943 2699 tu
993 2645 1217 2712 teipsum
1273 2642 1497 2709 dejicis,
1529 2650 1584 2693 tu
1634 2639 1967 2707 temetipsum

426 2741 768 2795 condemnas.
798 2734 929 2789 Nam
976 2735 1029 2787 in
1074 2734 1157 2787 his
1196 2746 1313 2799 qum
1349 2731 1401 2784 in
1449 2728 1548 2784 Joh
1600 2728 1967 2796 reprehendis,

426 2830 564 2900 quod
614 2829 703 2883 ille
763 2829 998 2897 ingratus
1036 2823 1330 2887 exstiterit,
1366 2823 1590 2891 teipsum
1644 2822 1970 2875 condemnas

428 2937 549 2973 eum
582 2928 634 2973 tu
666 2918 849 2972 eadem
893 2915 1106 2971 feceris.
1139 2913 1273 2969 Nam
1323 2913 1426 2967 hoc
1472 2913 1642 2981 ipsum
1690 2922 1744 2965 tu
1796 2911 1967 2966 fecisti

427 3026 548 3066 cum
572 3025 602 3064 a
626 3008 733 3064 Deo
764 3008 1085 3071 discederes,
1115 3016 1275 3073 atque
1296 3005 1402 3059 Deo
1425 3005 1719 3067 resisteres,
1742 3003 1971 3058 derelin-

429 3114 620 3168 queres
652 3112 881 3166 quoque,
908 3105 1067 3164 atque
1090 3096 1328 3163 ingratus
1360 3095 1661 3155 exsisteres,
1695 3093 1758 3147 de
1780 3092 1972 3161 quibus

2041 635 2281 722 eumdem
2312 656 2617 727 iniquitatis
2646 655 2899 707 livorem
2941 644 3146 698 etiam
3198 647 3405 727 satine
3443 635 3621 686 habet
3647 635 3783 686 circa

2042 721 2140 810 nos
2169 750 2348 822 procul
2370 721 2560 809 dubio,
2593 758 2764 813 quem
2797 748 2863 797 et
2906 746 3064 789 tunc
3109 721 3383 782 habuit
3420 732 3601 822 atque
3633 738 3786 822 exet-

2045 815 2324 901 cuit-circa
2358 838 2483 893 Job.
2540 835 2657 888 Non
2708 827 2980 901 quiescit
3037 827 3376 884 unquam
3442 815 3785 868 aduersarius

2047 945 2209 990 vester
2224 931 2488 992 diabolus,
2508 926 2605 980 sed
2636 934 2909 990 tanquam
2945 917 3042 969 leo
3074 907 3406 976 rugiens,
3426 904 3633 958 circuit
3657 922 3789 975 qam-

2050 1044 2163 1079 rens
2193 1039 2343 1091 quem
2375 1022 2581 1072 devoret
2610 1016 2654 1068 ’.
2691 1012 2819 1066 Non
2855 1004 3137 1077 quiescit
3187 1010 3511 1063 unquam
3541 1012 3792 1052 accusare

2052 1084 2293 1170 homines
2314 1111 2383 1165 ad
2408 1109 2600 1171 Deum,
2622 1113 2677 1157 et
2700 1103 2885 1157 Deum
2916 1095 2992 1149 ad
3022 1086 3405 1146 homines.
3444 1084 3653 1143 Merito
3676 1103 3794 1158 ergo

2053 1206 2294 1261 diabolus
2324 1211 2405 1258 est
2446 1198 2776 1269 appellatus,
2812 1194 2870 1248 id
2910 1197 3007 1245 est
3049 1191 3358 1239 accusat
3374 1198 3472 1236 or.
3506 1180 3607 1237 Sic
3651 1201 3796 1242 nam-

2055 1310 2159 1363 que
2183 1302 2239 1347 et
2286 1302 2413 1347 tunc
2438 1289 2542 1344 Job
2597 1282 2896 1342 accusavit
2938 1279 3120 1335 circa
3182 1272 3468 1338 Deum,
3499 1277 3666 1343 quasi
3702 1292 3796 1332 non

2056 1395 2271 1454 propter
2321 1381 2727 1441 sinceritatem,
2761 1374 2865 1429 sed
2913 1376 3192 1440 propter
3235 1366 3571 1430 pecunia:
3605 1369 3801 1427 blandi-

2059 1478 2256 1531 tionem
2282 1473 2448 1527 Deum
2474 1468 2708 1525 coluerit
2735 1483 2751 1523 :
2784 1475 2843 1520 et
2874 1464 3071 1518 Deum
3110 1455 3509 1510 acausavit
3531 1466 3593 1512 et
3620 1473 3799 1529 repreo

2058 1565 2244 1620 hendit
2273 1578 2378 1617 non
2411 1561 2658 1623 minime,
2690 1556 2788 1612 sed
2812 1554 3014 1623 petius
3040 1560 3260 1618 quam
3299 1548 3635 1615 maxime,
3660 1556 3802 1621 quasi

2060 1668 2166 1707 nou
2200 1652 2391 1722 digne,
2436 1649 2530 1703 sed
2581 1648 2947 1701 continenter
2980 1639 3109 1695 Job
3172 1632 3347 1691 divi
3376 1636 3498 1692 tias
3535 1640 3804 1712 tribuerit,

2061 1747 2129 1800 ob
2160 1746 2262 1798 hoc
2288 1742 2487 1802 solum,
2515 1748 2576 1795 ut
2609 1740 2921 1794 adorarent
2965 1733 3152 1787 illum
3196 1736 3337 1781 tan
3374 1736 3508 1784 tum
3565 1732 3806 1795 homines

2064 1844 2118 1888 et
2141 1833 2399 1888 colerent.
2431 1829 2547 1885 Hoc
2577 1829 2759 1896 ipsum
2794 1822 3087 1879 nimirum
3154 1815 3420 1872 etia-n
3473 1836 3636 1878 nunc
3666 1826 3803 1897 facit,

1996 1891 2037 1950 Β
2064 1934 2120 1978 et
2160 1937 2329 1991 usque
2365 1922 2430 1973 ad
2462 1916 3015 1974 consummationem
3061 1906 3307 1965 saeculi
3392 1927 3608 1974 omnes
3641 1891 3802 1978 hami;

2058 2029 2161 2073 nes
2192 2012 2406 2067 occulte
2432 2023 2700 2064 accusans
2729 2006 2799 2059 ad
2832 2006 3022 2059 Deum
3060 2009 3133 2055 et
3160 2012 3294 2068 pro
3401 2012 3594 2073 verbo
3626 2032 3679 2075 et
3717 2036 3803 2093 pro

2064 2119 2249 2173 opere,
2279 2101 2532 2158 omnibus
2583 2097 2911 2154 hominibus
2961 2096 3251 2162 laqueos
3307 2112 3411 2161 εει
3450 2124 3798 2179 captat-aee!

2067 2195 2362 2249 tendiculas
2400 2190 2554 2260 ponit
2579 2198 2632 2243 et
2657 2185 2924 2242 scandala
2958 2181 3391 2253 multiplicat,
3425 2205 3495 2245 et
3539 2199 3761 2252 ιι-ίιηιιτ.

2066 2288 2239 2339 tiones
2271 2291 2325 2336 et
2366 2279 2640 2335 molestias
2691 2276 2932 2344 ingerit,
2952 2272 3234 2327 maxime
3259 2273 3459 2342 iustis
3495 2284 3752 2338 omnibus

2062 2384 2228 2443 atque
2256 2373 2482 2434 sanctis,
2505 2369 2652 2423 circa
2681 2382 2825 2436 quos
2855 2366 3044 2419 etiam
3076 2363 3277 2417 zelum
3317 2364 3516 2422 habet
3541 2379 3601 2424 et
3620 2373 3752 2427 bella

2066 2465 2286 2521 suscitat
2314 2472 2472 2528 atque
2493 2457 2738 2527 praelium
2769 2452 3123 2516 committit,
3152 2453 3313 2506 sicut
3340 2453 3505 2511 dicit
3538 2457 3601 2511 in
3627 2474 3755 2528 quo-

2065 2558 2186 2611 dam
2230 2555 2352 2608 loco
2406 2553 2712 2623 propheta:
2752 2548 2825 2602 Et
2861 2546 3128 2616 faciebat
3178 2543 3406 2599 bellum
3463 2565 3598 2603 una
3634 2568 3754 2605 seu-

2066 2649 2161 2701 ctis
2222 2644 2463 2698 altissimi
2525 2640 2655 2703 Dei,
2701 2647 2750 2693 et
2803 2636 3165 2705 pra-ualebat
3222 2636 3307 2688 eis
3381 2637 3577 2693 donec
3630 2646 3758 2697 venit

2064 2737 2320 2803 Antiqua:
2375 2734 2580 2787 dierum
2616 2737 2666 2782 et
2706 2726 2991 2795 judicium
3043 2724 3213 2777 dedit
3272 2727 3518 2781 sanctis
3577 2727 3761 2786 Exed-

2065 2833 2111 2884 si
2154 2829 2216 2883 ιο.
2257 2826 2444 2881 Merito
2485 2836 2615 2889 ergo
2676 2822 2734 2873 in
2770 2817 2929 2873 omni
2997 2826 3282 2886 tempore
3361 2827 3553 2874 caute
3607 2826 3767 2891 atque

2066 2920 2290 2975 sollicite
2335 2917 2719 2975 observemus,
2759 2919 2936 2978 atque
2990 2909 3421 2966 intendamus.
3470 2912 3773 2969 animabus

2069 3011 2283 3071 nostris,
2329 3016 2388 3062 ut
2431 3020 2531 3059 nec
2574 3004 2663 3056 hic
2701 3016 3004 3058 accessum
3051 3001 3128 3054 ad
3187 3015 3314 3055 nos
3371 3004 3783 3071 nequissimus

2069 3099 2322 3160 inveniat,
2353 3108 2449 3149 nec
2495 3092 2606 3146 illic
2658 3090 2712 3143 in
2747 3099 3064 3159 conspectu
3125 3089 3234 3143 Dei
3303 3105 3431 3146 nos
3468 3100 3783 3161 reprehen-

429 3203 571 3243 nnnc
595 3187 694 3242 Job
720 3199 818 3240 nec
852 3184 1140 3252 quidquam
1186 3183 1493 3251 huiusmodi
1537 3183 1817 3237 facientem
1847 3197 1969 3251 pes-
1994 3202 2038 3262 C
2070 3193 2180 3246 dat.

433 3280 567 3333 sime
598 3273 960 3343 reprehendis.
993 3271 1094 3326 Sed
1119 3274 1349 3335 interim,
1373 3286 1406 3322 o
1435 3271 1660 3333 diabole,
1686 3271 1819 3325 dicis
1837 3274 1976 3341 quod

433 3383 537 3421 non
572 3374 786 3434 propter
832 3364 1250 3418 benedictionem
1302 3365 1441 3418 colat
1485 3378 1568 3417 me
1616 3361 1737 3427 Job,
1759 3365 1852 3417 sed
1883 3380 1977 3433 pro

435 3456 587 3509 donis
610 3454 743 3508 meis
775 3461 933 3520 atque
960 3452 1201 3518 pecunia.
1232 3452 1326 3506 Dic
1347 3467 1498 3521 ergo,
1523 3452 1848 3521 nequissime
1874 3453 1975 3507 Sa-

437 3554 582 3608 tana,
609 3549 862 3608 quantum
910 3540 992 3593 vel
1035 3540 1160 3607 quid
1194 3542 1315 3594 dedi
1362 3539 1462 3594 Job
1483 3580 1499 3604 ,
1531 3542 1975 3610 quemadmodum

440 3634 574 3688 tibi?
606 3632 792 3687 Nonne
834 3641 884 3685 te
914 3632 1242 3700 superiorem
1278 3631 1481 3699 angelis
1507 3631 1629 3697 feci,
1661 3641 1717 3686 et
1748 3634 1980 3689 anterio-

439 3740 551 3778 rem
599 3722 937 3789 archangelis
972 3722 995 3774 ἲ
1035 3720 1221 3775 Nonne
1270 3721 1409 3774 inter
1456 3722 1669 3775 ordines
1701 3722 1975 3778 cherubim

440 3814 614 3869 ert-avi
638 3813 662 3867 ἲ
686 3813 869 3866 Nonne
895 3811 1309 3880 incorruptionis
1328 3811 1492 3881 gloria
1519 3821 1567 3865 te
1598 3810 1977 3869 indui?Nonue

440 3904 495 3958 in
523 3902 839 3958 indesinenti
873 3902 1053 3956 laetitia
1101 3902 1277 3956 vultus
1325 3901 1425 3955 mei
1453 3910 1504 3955 te
1549 3901 1801 3955 constitui
1830 3901 1980 3956 ?Pro

440 3994 634 4061 quibus
670 4003 721 4046 tu
747 3991 1005 4047 universis
1028 3993 1262 4061 ingratus
1288 3991 1549 4045 exsistens
1584 4006 1665 4044 mc
1691 3991 1980 4060 dereliqui-

441 4085 531 4149 sti,
560 4094 614 4139 et
657 4099 686 4137 a
725 4098 808 4137 me
839 4084 1129 4146 recessisti,
1174 4093 1228 4137 et
1269 4082 1479 4137 rebellis
1522 4084 1649 4135 mihi
1699 4082 1976 4137 exstitisti.

440 4174 535 4231 Dic
550 4189 694 4244 ergo,
710 4188 743 4227 ο
768 4173 995 4239 diabole,
1019 4175 1143 4242 quid
1169 4173 1533 4241 hujuscemodi
1550 4172 1670 4226 dedi
1696 4171 1792 4227 Job
1808 4173 1980 4238 ?Quid

442 4265 802 4332 hujuscemodi
848 4264 1108 4337 impertivi
1140 4265 1162 4316 ‘t
1188 4263 1375 4317 Nonne
1407 4264 1680 4318 mortalem
1707 4273 1760 4318 et
1801 4278 1983 4319 corru-

442 4357 677 4425 ptibiletn
721 4356 855 4409 intra
887 4357 1217 4426 angelorum,
1243 4355 1682 4424 archangelorum
1734 4366 1979 4409 naturam

444 4443 655 4495 creavi?
676 4441 860 4496 Nonne
885 4442 937 4495 in
967 4444 1099 4498 valle
1123 4443 1455 4497 miseriarum
1477 4457 1596 4496 cum
1626 4443 1835 4496 caeteris
1861 4443 1981 4497 [iliis

2152 3277 2327 3341 Mitte,
2358 3272 2556 3342 inquit.
2577 3285 2801 3325 manum
2824 3278 2985 3324 tuam
3017 3284 3153 3338 quae
3186 3285 3383 3325 nunc
3426 3272 3795 3337 circumdat,

2076 3384 2193 3436 qua:
2228 3378 2370 3419 nunc
2402 3363 2599 3424 munit,
2629 3374 2750 3429 quae
2781 3374 2936 3414 nunc
2960 3359 3261 3427 protegit,
3306 3375 3464 3429 quae
3502 3377 3675 3417 nunc
3697 3378 3799 3415 un-

2077 3460 2237 3525 dique
2263 3453 2576 3515 obumbrat,
2608 3466 2728 3518 qua:
2780 3465 2935 3505 nunc
2964 3450 3340 3505 nullatenus
3404 3452 3573 3507 mihi
3614 3467 3807 3507 acces-

2076 3562 2192 3603 sum
2224 3544 2430 3598 tribuit.
2464 3542 2619 3595 Mitte
2648 3556 2797 3595 nunc
2827 3556 3066 3594 manum
3100 3551 3320 3605 tuam,
3359 3543 3498 3598 hoc
3530 3553 3635 3600 est
3668 3558 3810 3612 prm-

2077 3649 2288 3709 ceptum
2336 3644 2487 3689 tuum
2513 3674 2527 3694 .
2558 3634 2863 3701 iussionem
2903 3642 3108 3695 tuam,
3164 3634 3559 3701 iuniperium
3633 3646 3817 3690 tuum.

2078 3728 2201 3784 Haec
2231 3741 2461 3794 namque
2500 3724 2823 3794 signiﬁcans
2866 3724 3035 3789 dicit,
3074 3724 3266 3779 Mitte
3312 3745 3598 3783 manum
3641 3739 3824 3791 luant,

2080 3835 2141 3874 ac
2166 3820 2210 3873 si
2241 3819 2469 3880 diceret,
2508 3817 2762 3884 praicipe,
2788 3815 2951 3882 jube,
2989 3817 3240 3879 manda,
3294 3823 3659 3888 permitte,
3698 3821 3831 3874 llaec

2078 3911 2261 3976 utique
2295 3908 2546 3960 universa
2584 3905 2789 3959 habens
2816 3905 2969 3958 intra
3003 3916 3290 3961 mentem
3338 3925 3554 3965 suam
3596 3912 3833 3979 nequis-

2080 4001 2246 4054 simus
2274 3996 2521 4050 diabolus
2564 3996 2737 4057 dixit,
2789 3994 2949 4049 Mitte
2992 4013 3244 4050 manum
3292 4010 3531 4057 tuam.
3587 4003 3729 4057 Non
3773 4003 3841 4054 de

2080 4105 2144 4144 eo
2169 4088 2349 4141 infelix
2396 4084 2535 4140 dixit
2583 4085 2650 4137 ad
2696 4086 2867 4138 Deum
2896 4124 2913 4147 ,
2950 4084 3482 4145 Mittemauum
3528 4104 3735 4157 tuam,
3774 4106 3843 4144 eo

2080 4177 2217 4259 quod
2236 4190 2449 4228 manum
2481 4172 2573 4226 Dei
2604 4173 2767 4226 vellet
2789 4174 2958 4237 mitti,
2987 4174 3217 4229 sciebat
3266 4194 3594 4248 namque
3633 4184 3841 4244 miser,

2083 4268 2206 4336 quia
2235 4264 2539 4331 ubicunque
2574 4278 2768 4317 manus
2794 4263 2889 4317 Dei
2935 4266 3225 4327 mittitur,
3300 4286 3477 4326 cum
3528 4273 3841 4342 propitia-

2085 4356 2227 4413 tione
2269 4350 2529 4415 mittitur,
2559 4348 2673 4405 illic
2709 4361 2766 4406 et
2796 4354 2985 4407 munit
3032 4364 3092 4409 et
3122 4360 3546 4428 auxiliatur,
3590 4379 3670 4418 ac
3706 4363 3835 4431 opi-

2087 4440 2280 4494 tulatur
2306 4447 2361 4491 et
2389 4438 2528 4505 regit
2560 4447 2615 4491 et
2641 4449 2802 4492 sanat
2830 4447 3004 4508 atque
3040 4436 3496 4506 salvat.rll:£c
3537 4453 3835 4506 nimirum

445 4532 719 4586 hominum
754 4535 1009 4588 constitui
1046 4533 1285 4589 ‘tNonne
1318 4531 1662 4587 mortalitatis
1698 4542 1752 4586 et
1794 4548 1981 4587 corru-
2014 4514 2057 4570 υ
2086 4525 2519 4594 sciensiniquus.
2545 4526 2691 4580 alivd
2726 4527 3072 4597 loquebatur
3111 4544 3173 4588 et
3213 4538 3433 4595 aliud
3474 4543 3826 4611 cogitabat,

445 4620 748 4690 ptibilitatis
776 4636 883 4675 suae
920 4624 1254 4691 passionibus
1278 4638 1419 4684 eum,
1451 4630 1508 4676 ut
1550 4632 1776 4677 caeteros
1813 4624 1985 4676 homi-

447 4726 566 4774 nes,
600 4710 798 4777 subjeci
829 4712 852 4764 ?
878 4711 1076 4779 Nempe
1128 4727 1231 4766 non
1276 4713 1328 4766 in
1376 4713 1607 4767 tristitiis
1652 4712 1784 4766 vivit
1828 4727 1987 4780 super

449 4801 692 4854 terram?
722 4799 918 4870 Nempe
948 4819 1050 4856 non
1075 4804 1283 4859 labores
1315 4819 1565 4857 manuum
1597 4819 1811 4857 suarum
1844 4819 1988 4857 man-

446 4890 884 4959 ducat?Nempe
933 4907 1035 4945 non
1087 4893 1294 4947 labores
1343 4908 1467 4946 suos
1523 4908 1625 4946 non
1672 4892 1989 4945 habentibus

447 4978 729 5042 dividens,
767 4980 893 5033 mihi
936 4982 1134 5048 gratias
1176 4984 1283 5050 agit
1324 4983 1346 5034 ?
1394 4981 1592 5050 Nempe
1646 4997 1749 5034 non
1795 4982 1989 5035 sudore

448 5070 625 5122 vultus
658 5069 736 5121 sui
776 5069 941 5123 edens
982 5086 1064 5123 me
1095 5071 1260 5125 colit?
1286 5072 1577 5137 Quomodo,
1613 5070 1801 5139 inquit,
1831 5086 1864 5123 ο
1904 5071 1987 5121 in-

446 5158 758 5216 .”clicissime
783 5158 1005 5221 diabole,
1039 5174 1158 5212 cum
1195 5170 1244 5212 tu
1271 5178 1365 5228 pro
1385 5161 1635 5229 gloriosis
1667 5162 1719 5213 in
1747 5161 1987 5213 incorru-

448 5250 631 5311 ptione
666 5248 901 5315 ingratus
933 5248 1202 5303 exstiteris
1228 5288 1243 5310 ,
1283 5248 1381 5304 Job
1418 5250 1792 5319 reprehendis,
1839 5248 1985 5300 illum

452 5340 537 5407 qui
575 5340 624 5390 in
656 5336 860 5404 exiguis
889 5346 1044 5404 atque
1080 5342 1255 5406 parvis
1286 5342 1452 5395 ﬁdelis
1477 5341 1763 5403 exsistens,
1795 5339 1993 5392 indesi-

453 5439 638 5486 nenter
682 5442 765 5479 me
812 5426 991 5479 colens
1038 5430 1163 5482 mihi
1213 5433 1415 5499 gratias
1457 5432 1611 5500 agit?
1646 5430 1767 5485 llazc
1816 5432 1996 5499 itaque

456 5520 734 5572 audientes
759 5533 872 5579 nos,
913 5532 945 5570 0
978 5517 1077 5571 viri
1110 5523 1285 5590 periti,
1322 5532 1476 5575 caute
1510 5538 1605 5575 nos
1626 5523 1998 5582 observemus,

457 5608 681 5661 sollicite
717 5608 991 5663 animabus
1041 5612 1236 5665 nostris
1282 5612 1641 5666 intendamus.
1688 5610 1817 5664 Nam
1862 5611 1998 5664 idem

529 5764 545 5791 τ’
581 5762 594 5812 1
632 5764 770 5818 i‘etr.
804 5783 852 5831 v,
887 5768 938 5825 8.
1019 5772 1057 5801 ‘°
1105 5768 1234 5822 Dan.
1271 5782 1364 5832 \‘tt,
1404 5767 1493 5829 ﬁl,
1544 5765 1630 5817 22.

2090 4614 2229 4669 aliud
2258 4616 2579 4682 suggerebat
2628 4626 2685 4670 et
2736 4617 2888 4672 aliud
2936 4624 3283 4689 quzerebat.
3335 4630 3447 4687 Ob
3508 4634 3639 4688 hoc
3687 4647 3827 4702 ergo

2091 4708 2218 4763 dicit
2245 4706 2435 4765 callide
2461 4722 2475 4758 :
2503 4707 2656 4764 Mitte
2684 4725 2906 4764 manum
2939 4724 3119 4769 tuam.
3146 4717 3366 4786 Bene,
3389 4726 3635 4795 inquit,
3668 4740 3807 4781 ecce

2091 4797 2242 4852 mitto
2271 4811 2485 4851 manum
2511 4812 2688 4854 meam
2716 4810 2775 4854 ut
2805 4808 2860 4854 tu
2890 4803 3037 4858 dicis
3066 4822 3085 4861 :
3112 4806 3197 4861 Ad
3221 4814 3412 4880 quid
3459 4817 3805 4870 faciendum

2090 4887 2295 4940 mittam
2324 4901 2544 4941 manum
2578 4906 2751 4946 meam
2781 4892 2805 4945 ἰ
2838 4891 3016 4957 Mitte,
3046 4895 3278 4965 inquit,
3316 4918 3583 4958 manem
3605 4916 3775 4968 (alia,

2086 4988 2135 5031 et
2168 4987 2321 5044 tange
2346 4981 2527 5034 omnia
2551 4999 2673 5053 qua:
2704 4984 2879 5039 habet.
2918 4982 3033 5039 Cur
3081 4997 3381 5055 tangam,
3422 4995 3624 5063 inquit
3645 4996 3670 5047 ’ἒ
3700 4994 3781 5047 Ad

2088 5068 2395 5133 delendum,
2424 5071 2528 5140 bit,
2563 5086 2745 5148 tange,
2764 5079 2829 5133 ad
2851 5078 3153 5143 interitum,
3174 5082 3283 5134 ad
3319 5086 3756 5143 exterminia/1h

2089 5162 2156 5258 iu"
2188 5161 2577 5258 Perdilibuem.
2610 5173 2675 5228 Et
2696 5174 2985 5245 quomodo,
3015 5171 3207 5242 inquit,
3267 5178 3550 5242 perdam,
3583 5194 3617 5230 ο
3645 5176 3739 5231 ini-

2088 5251 2225 5302 mice
2252 5251 2502 5311 omnium
2531 5260 2804 5323 bonum“,
2819 5265 3051 5336 diabole,
3075 5279 3137 5319 ea
3160 5278 3295 5332 qua
3317 5280 3456 5324 creo
3467 5270 3519 5322 vi
3538 5267 3720 5334 701/0-

2088 5336 2245 5434 modo
2274 5347 2663 5414 exterminem
2702 5378 2767 5420 ea
2794 5377 2913 5434 qua:
2952 5354 3244 5419 dedi‘tVel
3292 5361 3574 5422 quomodo
3616 5360 3693 5411 tle-

2089 5427 2227 5522 leam
2260 5443 2325 5483 ea
2358 5450 2491 5503 qua:
2523 5463 2632 5522 ego
2676 5456 2784 5516 τρεῖ
2868 5462 2936 5519 Et
2983 5462 3159 5518 adimo
3196 5445 3374 5511 aliter
3402 5463 3423 5501 ι
3451 5451 3707 5515 Quomodo

2436 5537 2704 5633 ίδδοίε,
2723 5557 3089 5619 substantiam
3112 5577 3179 5621 ex
3198 5539 3691 5633 αθῗδδχδίωψῖκῖ

2100 5609 2276 5676 digna:
2309 5617 2575 5692 victima:
2614 5609 3179 5739 οιιὲὲζιῖιιζξτηξζξυξ
3198 5609 3479 5725 ξιῦλῗκδλ
3509 5621 3735 5670 ““M"

2948 5704 2963 5730 θ
