3916 6456
1292 286 1309 323 δ

54 447 102 501 ll‘l

64 575 210 697 Ἑξἒὲ
282 578 452 697 ﬁlim
498 591 842 697 ἐδῑξιιηιιις
881 611 953 656 et
985 575 1779 686 orphani

89 678 710 780 [rum-scapulae
739 684 1056 753 calettunt
1077 678 1120 755 V?
1151 678 1436 770 Quomodo
1470 707 1710 772 perdam.
1743 723 1778 762 0

101 761 354 865 ἓᾷζίνιει
378 763 528 820 “llos
553 767 686 835 elus
709 779 812 844 qui
855 797 960 838 tne
987 761 1238 848 nimitim
1262 795 1436 867 diligit
1504 761 1778 864 Quomodo

125 903 228 949 mu
245 872 744 955 fem_°_"3A°°"“'“
786 873 890 939 qui
951 877 1015 934 in
1055 883 1374 942 innocentia
1407 903 1510 942 una
1537 904 1656 943 cum
1687 904 1776 955 pa-

136 967 342 1033 “.500
368 950 470 1008 ³ου
501 952 713 1012 ἀθνοῑθ
745 964 894 1020 mihi
933 977 1159 1040 gratias
1180 990 1348 1049 agunt
1375 980 1398 1033 ?
1426 979 1530 1034 Sed
1562 950 1777 1034 interim

170 1071 273 1135 qua
307 1061 416 1142 9°“
445 1057 662 1142 ιζοιεει,
709 1053 931 1128 inquit,
973 1066 1145 1124 aliter
1193 1080 1280 1125 tua
1317 1073 1572 1142 iniquitas
1603 1073 1778 1127 sedari

186 1155 275 1208 nisi
310 1141 411 1202 sie.
461 1138 598 1197 Ecce
638 1149 828 1203 omnia
879 1169 1014 1223 qua:
1058 1161 1250 1227 habet,
1305 1138 1430 1214 dedi
1465 1162 1518 1214 in
1568 1177 1776 1214 manum

199 1235 549 1298 ιω.“.Νιιιιι
571 1237 620 1290 si
648 1253 765 1294 non
794 1242 1034 1313 dedero,
1067 1251 1348 1306 discedens
1388 1252 1699 1321 gloriaheris
1729 1262 1781 1305 et

203 1331 433 1404 plaudes,
458 1329 618 1400 quasi
648 1331 832 1387 victor
867 1335 1221 1405 discesseris,
1244 1342 1392 1409 quasi
1419 1356 1516 1411 ego
1543 1343 1641 1394 hoc
1665 1356 1784 1394 cer-

200 1436 377 1481 tamen
409 1438 514 1478 non
549 1428 958 1491 concesserim,
997 1432 1156 1498 quasi
1187 1433 1288 1485 hoc
1312 1431 1502 1486 bellum
1537 1432 1649 1486 ﬁeri
1676 1447 1778 1486 non

190 1516 562 1586 permiserim,
613 1519 775 1586 quasi
807 1521 881 1573 de
912 1519 1020 1576 Job
1067 1525 1366 1576 constantia
1402 1539 1502 1578 non
1531 1537 1779 1593 praesum-

185 1605 423 1676 pserim,
448 1606 608 1674 quasi
636 1615 766 1660 ante
793 1610 1042 1675 praelium
1079 1621 1134 1666 et
1160 1613 1590 1681 congressionem
1627 1627 1781 1679 supe-

184 1705 352 1748 ratus
388 1694 556 1748 fuerit
593 1694 724 1760 Job,
756 1698 849 1766 qui
889 1716 1037 1754 a-me
1076 1701 1445 1770 magniﬁcatus
1471 1712 1632 1770 atque
1668 1703 1780 1755 lau.

175 1785 360 1838 datus
383 1794 485 1839 est.
519 1785 603 1839 0b
629 1785 763 1850 hoc,
798 1788 1008 1853 inquit,
1040 1804 1105 1844 ne
1137 1792 1202 1844 de
1241 1791 1322 1844 his
1352 1791 1621 1860 glorieris.
1649 1791 1779 1844 Ecce

173 1876 380 1927 omnia
421 1890 537 1942 qua:
574 1876 766 1939 habet,
796 1876 919 1929 dedi
953 1877 1009 1930 in
1056 1893 1270 1930 manum
1300 1859 1463 1930 tuam.
1514 1879 1579 1932 Et
1605 1881 1780 1933 adhuc
1812 1859 1851 1911 Β

169 1975 516 2032 propterea,
545 1975 606 2017 ut
644 1980 771 2018 cum
805 1965 908 2019 hoc
938 1967 1080 2034 quod
1113 1967 1347 2036 gloriari,
1379 1975 1461 2021 vel
1493 1971 1779 2036 applaude-

170 2072 240 2111 re
268 2073 393 2110 non
431 2057 790 2124 permitteris,
833 2072 959 2111 cum
993 2057 1095 2112 hoc
1139 2059 1254 2126 ipso
1281 2060 1440 2112 etiam
1479 2060 1778 2115 humilieris

167 2163 241 2203 ac
302 2149 574 2204 refuteris
607 2160 775 2220 atque
822 2151 1053 2204 mendax
1091 2153 1454 2219 comproberis
1481 2169 1494 2204 :
1520 2152 1618 2209 Job
1650 2169 1776 2208 vero

166 2238 471 2293 exaltetnr
493 2251 552 2293 et
580 2239 952 2302 beatiﬁcetur,
985 2251 1144 2307 atque
1170 2243 1338 2294 victor
1361 2242 1773 2307 demonstretur,

167 2341 232 2382 et
264 2331 347 2384 sit
378 2330 528 2384 Deus
561 2345 752 2394 verax,
777 2329 868 2397 qui
896 2331 1251 2383 testimonium
1283 2331 1546 2398 perhibuit
1568 2332 1686 2397 Job,
1723 2342 1774 2386 tu

171 2435 319 2475 vero
347 2421 575 2475 diabole
599 2420 859 2484 mendax,
889 2430 1052 2490 atque
1072 2432 1262 2476 auctor
1305 2423 1562 2476 mendacii
1591 2431 1774 2476 osten-

173 2513 357 2565 daris.
382 2511 472 2565 Ob
503 2512 613 2564 hoc
641 2525 774 2579 ergo
803 2511 984 2563 omnia
1012 2525 1338 2579 quaecunque
1367 2511 1546 2574 habet,
1573 2511 1690 2564 dedi
1724 2511 1773 2563 in

175 2617 415 2654 manum
443 2610 622 2667 tuam,
656 2612 718 2654 ut
763 2615 956 2654 omnes
991 2601 1041 2654 in
1082 2610 1340 2667 perpetuo
1376 2609 1694 2669 cognoscant
1722 2609 1777 2654 et

177 2704 334 2745 tuam
390 2691 785 2760 iniquitatem,
829 2707 863 2746 o
897 2689 1145 2752 diabole,
1179 2697 1234 2742 et
1278 2688 1375 2742 Job
1415 2689 1672 2756 justitiam
1711 2705 1774 2744 ac

182 2780 568 2845 tolerantiam,
601 2790 657 2834 et
681 2795 860 2834 meam
889 2778 1257 2848 praesentiam;
1289 2787 1344 2830 et
1371 2779 1493 2845 quia
1526 2779 1575 2830 in
1605 2779 1772 2832 tribuo

183 2872 492 2926 lationihus
527 2881 699 2939 atque
733 2869 1020 2924 tolerantia
1067 2867 1233 2936 probo
1260 2866 1457 2919 electos
1505 2881 1651 2920 meos
1681 2883 1696 2930 ;
1723 2877 1776 2920 et

187 2965 315 3030 quia
352 2965 609 3032 plurimae
639 2961 1006 3014 tribulationes
1029 2961 1316 3026 justorum,
1354 2966 1400 3009 et
1436 2973 1498 3010 ex
1540 2958 1773 3009 omnibus

190 3055 278 3106 his
298 3055 549 3106 liberabit
574 3067 664 3104 eos
691 3049 1038 3113 Dominus";
1072 3058 1125 3103 et
1147 3049 1270 3116 quia
1301 3056 1548 3115 tanquam
1587 3061 1772 3100 aurum

195 3147 252 3199 in
289 3147 536 3208 fornace,
569 3144 645 3197 ita
667 3142 801 3210 justi
828 3149 992 3208 atque
1025 3140 1134 3193 Deo
1167 3138 1522 3207 acceptabiles
1545 3141 1772 3206 proban-

198 3251 287 3291 tur
308 3239 359 3292 in
399 3236 735 3291 tentatione.
768 3233 850 3287 Ob
892 3233 992 3286 hoc
1032 3245 1162 3298 ergo
1193 3229 1521 3297 respondens
1552 3229 1680 3282 dicit
1707 3229 1774 3281 ad

200 3328 468 3385 diabolum
503 3346 517 3380 :
564 3327 723 3389 Ecce,
758 3324 948 3392 inquit,
983 3321 1154 3373 omnia
1197 3335 1310 3388 quae
1355 3319 1540 3383 habet,
1573 3319 1691 3372 dedi
1719 3320 1774 3372 in

200 3433 410 3473 matiam
463 3423 637 3472 tuam.
673 3417 811 3482 Quia
873 3415 973 3467 hoc
1023 3412 1297 3481 quaesisti,
1333 3419 1389 3463 ut
1432 3425 1530 3478 ego
1560 3424 1772 3462 manum

203 3524 370 3562 meam
408 3513 720 3571 mitterem,
751 3507 869 3559 ideo
892 3519 1022 3559 ecce
1048 3517 1146 3572 ego
1175 3503 1292 3556 dedi
1325 3501 1502 3555 omnia
1533 3515 1777 3569 quaecun-

202 3616 300 3666 que
333 3603 502 3655 habet
537 3601 593 3652 in
631 3612 849 3650 manum
875 3607 1052 3659 tuam,
1086 3605 1138 3650 et
1173 3593 1431 3661 peculium
1461 3601 1514 3646 et
1557 3591 1690 3644 ﬁlios
1720 3600 1775 3644 et

203 3692 562 3746 substantiam
597 3699 655 3744 et
694 3689 908 3742 labores
948 3687 1315 3741 etdivitiasoet
1345 3683 1768 3752 possibilitatem.

202 3776 386 3834 Omnia
412 3794 541 3848 qua:
569 3786 705 3832 sunt
731 3779 868 3830 intra
902 3779 1115 3829 «lenium
1140 3785 1194 3828 et
1215 3783 1363 3827 extra
1391 3774 1599 3827 domum
1636 3771 1770 3839 ejus,

201 3873 371 3925 omnia
396 3884 754 3940 quacunque
786 3869 944 3922 habet
981 3883 1086 3919 non
1110 3865 1350 3928 defendo,
1374 3879 1543 3930 neque
1566 3873 1774 3915 contra-
1807 3894 1824 3906 -

202 3959 335 4028 dico,
368 3981 479 4018 non
535 3962 838 4032 prmpedio,
893 3972 1066 4021 neque
1098 3955 1404 4018 obvio,sed
1453 3955 1504 4006 in
1555 3967 1769 4004 manum

203 4061 338 4109 tuam
367 4058 556 4110 trado.
593 4051 840 4106 lnterﬁce
861 4093 876 4112 ,
907 4051 1070 4118 perde
1108 4047 1225 4100 dele
1267 4055 1423 4116 atque
1453 4044 1768 4097 extermina.

200 4141 401 4202 Perﬁce
428 4147 738 4213 malignum
767 4155 916 4197 tuum
956 4141 1200 4194 livorem.
1231 4137 1393 4206 Imple
1437 4137 1769 4190 maledictum

201 4233 324 4294 illud
348 4251 506 4294 tuum
544 4238 752 4291 odium.
783 4234 1071 4289 Pecuniam
1115 4232 1253 4286 enim
1283 4241 1335 4284 et
1369 4229 1503 4283 ﬁlios
1535 4229 1631 4282 Job
1655 4243 1771 4296 per-

199 4325 308 4396 des,
347 4331 444 4385 sed
490 4328 822 4384 eharitatem
865 4325 981 4392 ejus
1015 4339 1118 4378 non
1166 4322 1372 4390 perdes.
1407 4317 1767 4374 Substantiam

197 4428 260 4469 ac
286 4421 508 4474 labores
569 4418 689 4486 ejus
721 4417 1055 4482 intercipies,
1090 4413 1181 4466 sed
1217 4413 1575 4465 sinceritatem
1631 4408 1770 4461 illius

1334 399 1718 468 ANONYMUS
1755 411 1825 466 1N
1855 411 1992 468 ποις.
2032 440 2098 450 -
2139 402 2281 462 LIB.
2336 393 2372 451 Ι.

149 483 460 600 β
491 489 881 600 ἷρξοπιοάο
944 523 1337 579 exterminem
1385 525 1742 582 substantiam
1763 569 1780 595 ,
1811 535 1858 591 Α
1884 531 2078 594 nando,
2111 517 2516 598 obumbrando,
2564 514 2920 600 protegendo,

3349 427 3451 480 διε

2953 531 3134 589 omnia
3179 553 3294 607 qua:
3346 543 3443 596 sub

1875 621 2013 675 caelo
2035 630 2162 674 sunt
2208 617 2355 669 facta
2387 621 2600 676 tuendo.
2641 612 2803 684 Quod
2833 622 3005 671 autem
3036 617 3109 677 ita
3142 640 3220 682 est
3265 632 3437 698 perdi-

1880 711 2006 766 tioni
2035 711 2214 764 dedita
2259 708 2568 776 nequissimi
2609 703 2815 766 diaboli
2862 720 3072 778 manus,
3101 719 3430 774 manifestum

1878 811 1961 855 est
1985 801 2035 854 in
2059 799 2191 864 Job;
2227 813 2348 866 quae
2380 816 2498 854 mox
2530 811 2586 855 ut
2614 798 2876 871 permissa
2903 811 3072 865 cst,et
3102 823 3220 860 nio:
3250 807 3432 876 utjus-

1875 891 2076 944 sionem
2093 888 2321 955 accepit,
2337 891 2513 943 statim
2537 892 2899 960 imparceuter
2913 904 3103 948 cuncta
3119 897 3306 963 perdit,
3323 907 3432 950 sta-

1879 979 1971 1032 tim
1988 981 2168 1033 omnia
2193 979 2463 1033 interticit.
2487 980 2637 1046 Ecce,
2664 982 2901 1048 inquam,
2933 985 3106 1036 omnia
3131 1001 3246 1053 qua:
3275 987 3426 1039 habet

1877 1070 2019 1123 dedit
2045 1070 2098 1122 in
2127 1085 2341 1123 manum
2364 1071 2669 1125 taam.Ecce
2683 1086 2873 1126 omnes
2892 1074 2982 1127 tibi
3001 1074 3172 1130 ademi
3189 1078 3428 1130 occasio-

1880 1175 1994 1225 nes,
2012 1175 2136 1214 ecce
2160 1176 2263 1214 non
2283 1159 2445 1214 babes
2465 1160 2966 1226 contradictionem,
2983 1177 3109 1218 ecce
3129 1179 3233 1218 non
3260 1167 3426 1221 habes

1879 1251 2040 1304 ullam
2069 1251 2629 1319 replicationem,ecce
2665 1266 2769 1306 non
2794 1252 2958 1307 habes
2981 1257 3380 1310 excusationem
3405 1273 3421 1309 :

1877 1344 2047 1396 omnia
2073 1357 2390 1410 quacunque
2421 1343 2567 1394 habet
2622 1340 2740 1394 dedi
2782 1343 2840 1396 in
2889 1359 3096 1397 manum
3142 1355 3308 1408 luant,
3356 1359 3416 1400 ut

1879 1447 1998 1486 cum
2029 1445 2240 1486 omnem
2269 1429 2368 1485 Job
2415 1431 2769 1485 substantiam
2798 1433 3106 1500 perdideris,
3143 1443 3264 1488 tunc
3286 1451 3423 1504 pra:-

1879 1522 2061 1576 sertim
2090 1534 2385 1590 cognoscas
2410 1519 2533 1588 quia
2567 1534 2672 1573 non
2705 1533 2921 1589 propter
2952 1521 3308 1576 substantiam
3338 1539 3423 1578 me

1880 1611 2003 1666 colit
2035 1610 2156 1676 Job,
2192 1611 2282 1664 sed
2316 1618 2532 1679 propter
2558 1610 2896 1676 charitatem,
2921 1612 3043 1679 quia
3076 1627 3180 1666 non
3204 1623 3424 1680 propter

1881 1702 2158 1756 facultates
2187 1703 2388 1769 gratias
2414 1702 2544 1755 mihi
2571 1702 2701 1770 agit,
2749 1704 2840 1756 sed
2894 1713 3110 1771 propter
3141 1705 3422 1759 sincerita-

1882 1800 2006 1848 tem.
2036 1791 2115 1846 Ob
2139 1793 2238 1846 hoc
2268 1806 2394 1860 ergo
2418 1790 2551 1844 Ecce
2581 1793 2753 1844 omnia
2770 1808 3084 1861 quiscunque
3115 1794 3264 1848 habet
3301 1797 3421 1848 dedi

1880 1884 1935 1933 in
1988 1898 2200 1935 manum
2267 1892 2430 1945 tuam,
2480 1883 2567 1933 sed
2608 1883 2775 1949 ipsum
2826 1898 2948 1935 cave
3008 1899 3069 1936 ne
3110 1895 3292 1954 tangas
3331 1885 3418 1938 ⁸⁸⁸.

1882 1971 2096 2034 Dixisti,
2126 1985 2159 2024 ο
2183 1971 2408 2031 diabole,
2437 1971 2576 2038 quod
2623 1985 2724 2023 non
2769 1981 2989 2039 prepter
3023 1973 3294 2040 pietatem,
3327 1976 3419 2028 sed

1880 2071 2099 2130 propter
2133 2062 2346 2114 divitias
2373 2060 2472 2116 Job
2494 2061 2717 2115 coluerit
2747 2075 2868 2115 nte:
2901 2063 3104 2128 dixisti,
3134 2063 3286 2118 aufer
3302 2079 3420 2134 qua:

1882 2150 2096 2212 dedisti,
2144 2159 2198 2202 et
2241 2165 2531 2220 cognosces
2579 2152 2704 2220 quid
2757 2153 2827 2207 sit
2875 2151 3182 2224 Job..Ego,
3223 2155 3416 2224 inquit,

1879 2255 2204 2310 cognoscere
2239 2257 2343 2294 non
2382 2255 2599 2296 necesse
2639 2242 2806 2297 habeo
2849 2263 2862 2297 :
2895 2245 3237 2312 przescienter
3275 2246 3417 2298 enim

1879 2331 1991 2384 scio
2021 2333 2368 2384 constantiam
2410 2329 2508 2384 Job
2553 2340 2713 2399 atque
2762 2330 3091 2386 devotionem
3131 2348 3289 2401 quam
3322 2333 3419 2386 ha-

1881 2421 1970 2474 bet
2002 2421 2144 2475 circa
2183 2435 2268 2474 me
2301 2422 2515 2474 :omnia
2562 2435 2689 2475 vero
2717 2436 3048 2490 quaecunque
3074 2433 3196 2474 sunt
3219 2422 3316 2488 illi,
3352 2425 3418 2476 do

1882 2511 1933 2564 in
1967 2526 2180 2564 manum
2241 2520 2405 2577 tuam,
2466 2520 2523 2562 ut
2573 2525 2692 2564 cum
2742 2509 3077 2578 probaveris,
3128 2525 3418 2581 cognoscas

1879 2601 2000 2670 quia
2037 2601 2182 2654 solus
2211 2599 2309 2654 Job
2343 2601 2480 2654 Valet
2533 2601 2782 2656 resistere
2833 2603 3092 2656 universze
3145 2601 3415 2670 iniquitati

1878 2705 2038 2760 atque
2110 2694 2326 2746 malitia:
2374 2703 2496 2745 tuae.
2544 2693 2648 2746 Sed
2709 2693 2919 2745 interim
2973 2695 3169 2756 omnia,
3222 2694 3414 2760 inquit,

1877 2799 2192 2852 quwcunque
2213 2783 2360 2836 habet
2399 2785 2518 2836 dedi
2543 2784 2599 2836 in
2655 2798 2865 2835 manum
2906 2791 3073 2845 tuam,
3118 2784 3206 2835 sed
3250 2784 3415 2850 ipsum

1878 2889 1996 2926 care
2022 2889 2084 2926 ne
2108 2883 2307 2942 tangas.
2345 2874 2492 2940 Quod
2519 2874 2828 2941 quaesivisti,
2851 2874 3038 2940 inquit,
3065 2873 3227 2928 habes
3253 2891 3266 2925 :
3299 2889 3416 2940 quae

1883 2962 2082 3032 petisti,
2102 2965 2375 3029 accepisti,
2399 2971 2714 3032 potestatem
2741 2963 3051 3016 substantia
3068 2973 3121 3015 et
3143 2963 3416 3030 possibili-

1887 3055 2008 3106 tatis
2023 3061 2184 3121 atque
2201 3054 2527 3118 divitiarum,
2544 3053 2733 3122 peculii
2755 3052 3099 3106 nihilominus
3114 3061 3270 3120 atque
3288 3053 3416 3104 ﬁlio-

1882 3157 1995 3195 rum
2035 3161 2047 3195 :
2086 3145 2178 3196 sed
2215 3143 2384 3210 ipsum
2417 3159 2535 3195 cave
2569 3158 2627 3194 ne
2661 3151 2877 3209 tangas,
2917 3143 3041 3209 quia
3090 3157 3194 3194 non
3239 3142 3410 3210 ipsum

1873 3235 2131 3302 quaesisti,
2149 3235 2238 3287 sed
2259 3247 2588 3302 quaecunque
2604 3232 2780 3285 habet.
2798 3230 2999 3284 Idcirco
3012 3231 3258 3284 omnibus
3274 3245 3412 3299 quae-

1873 3339 2082 3393 cunque
2116 3325 2273 3379 habet
2308 3324 2544 3392 acceptis
2579 3323 2750 3392 ipsum
2783 3338 2902 3376 care
2936 3339 2994 3375 ne
3011 3334 3212 3391 tangas,
3239 3337 3412 3390 neque

1873 3415 2179 3477 carnaliter,
2207 3427 2378 3480 neque
2414 3412 2743 3480 spiritaliter,
2775 3425 2946 3478 neque
2978 3409 3276 3474 manifeste,
3319 3426 3412 3465 ne-

1871 3519 1975 3575 que
2007 3506 2256 3558 latenter.
2290 3503 2468 3571 Ipsum
2505 3517 2623 3554 cave
2659 3517 2721 3554 ne
2750 3509 2951 3568 tangas.
2993 3499 3104 3554 Cur
3131 3501 3276 3553 enim
3304 3514 3408 3553 non

1875 3593 2122 3661 tangam?
2145 3592 2224 3646 0b
2254 3591 2374 3654 hoc,
2399 3590 2588 3658 inquit,
2623 3589 2745 3656 quia
2763 3595 3008 3640 servatur
3029 3588 3094 3640 ad
3119 3589 3408 3640 secundam

1872 3683 2236 3744 luctationem,
2266 3690 2533 3734 certamen
2560 3693 2770 3748 quoque
2813 3687 2868 3731 et
2922 3678 3297 3740 constantiam,
3329 3687 3412 3729 at-

1870 3789 1973 3843 que
1997 3773 2286 3828 tolerantia:
2313 3773 2771 3840 approbationem.
2799 3768 3024 3836 Sullicit,
3057 3769 3246 3837 inquit,
3269 3783 3410 3822 nunc

1871 3862 1982 3916 Ιιωε
2015 3877 2132 3930 quae
2166 3876 2259 3930 per
2309 3861 2544 3929 pecuniae
2581 3871 2741 3928 atque
2799 3860 3028 3914 ﬁliorum
3059 3862 3408 3929 perditionem

1872 3950 1929 4004 ﬁt
1957 3951 2196 4004 tentatio.
2228 3949 2414 4003 Merito
2439 3950 2612 4017 ipsum
2644 3965 2774 4004 eave
2804 3967 2869 4003 ne
2897 3959 3104 4019 tangas.
3130 3950 3173 4004 0
3197 3951 3409 4005 bonitas

1873 4052 1982 4107 tua,
2013 4056 2126 4105 rex,
2150 4057 2182 4096 ο
2207 4041 2374 4095 virtus
2397 4051 2557 4110 atque
2594 4040 2988 4109 magniﬁcentia
3033 4051 3138 4101 tua,
3166 4041 3403 4097 Eterne!

1871 4135 2037 4197 Quam
2066 4147 2308 4200 magnam
2339 4132 2755 4186 consolationem
2794 4131 2983 4184 tribuis
3016 4132 3081 4185 iis
3109 4134 3199 4200 qui
3249 4133 3312 4185 ad
3356 4143 3408 4185 te

1871 4221 2227 4289 confugerint,
2249 4230 2302 4274 et
2321 4221 2634 4274 constantia:
2665 4220 2912 4273 ﬁduciam
2930 4237 2958 4272 a
2977 4229 3028 4272 te
3051 4220 3402 4289 speraverint,

1871 4322 1928 4365 ut
1957 4326 2126 4378 neque
2149 4312 2422 4365 hominum
2455 4324 2628 4378 neque
2650 4311 3013 4379 jumentorum
3035 4351 3050 4375 ,
3097 4325 3263 4378 neque
3291 4311 3404 4362 ani-

1873 4410 2133 4453 malorum
2176 4413 2348 4466 neque
2397 4401 2805 4452 inanimatorum
2837 4407 3152 4466 potestatem
3211 4398 3402 4452 habeat

198 4513 360 4575 atque
414 4485 726 4577 gratiarum
776 4506 1040 4557 actionem
1081 4516 1183 4554 non
1219 4498 1542 4566 intercipies,
1578 4497 1764 4551 Omnia
1798 4485 1838 4539 ί)
1868 4488 2226 4551 adversarius,
2253 4489 2351 4542 nisi
2388 4489 2472 4542 tlbl
2497 4487 2659 4541 fuerit
2689 4489 3010 4555 permissus!
3060 4487 3176 4542 Non
3224 4499 3400 4541 autem

197 4606 329 4664 ergo
357 4607 710 4664 quacunque
766 4591 928 4646 habet
957 4590 1075 4644 dedi
1111 4589 1162 4642 in
1219 4603 1431 4639 manum
1465 4595 1628 4649 tuam,
1655 4598 1772 4651 qua:

203 4679 338 4737 iram
393 4695 569 4752 atque
621 4680 858 4748 gladium
902 4680 1158 4744 continet,
1211 4691 1328 4744 quae
1376 4674 1553 4743 praelia
1609 4685 1771 4742 atque

207 4773 338 4827 bella
395 4781 686 4843 operatur,
736 4784 858 4838 quae
899 4769 1250 4836 perditionem
1281 4775 1439 4832 atque
1477 4763 1771 4817 damnatio-

211 4873 328 4915 nem
372 4861 616 4931 perﬁcit,
649 4874 768 4927 quae
809 4856 1079 4912 doloribus
1110 4855 1358 4917 satiatur,
1387 4866 1503 4919 qua:
1557 4851 1770 4906 sceleri-

210 4943 309 5003 bus
339 4960 504 5018 atque
545 4946 916 5016 impietatibus
944 4945 1132 4997 inhiat.
1168 4941 1222 4993 ln
1258 4943 1418 5005 hante,
1443 4939 1630 5006 inquit,
1660 4954 1772 4991 ma-

215 5050 338 5092 num
373 5051 523 5092 tuam
571 5037 727 5090 trado
773 5035 951 5089 omnia
994 5047 1321 5102 quaacunque
1366 5039 1488 5082 sunt
1515 5029 1688 5088 illius;
1718 5027 1767 5080 in

222 5127 353 5182 hanc
383 5143 632 5189 manum,
660 5142 777 5194 qua:
807 5125 849 5178 si
887 5124 1217 5193 praevaleret,
1253 5135 1462 5175 onmem
1506 5117 1768 5170 hominem

225 5226 276 5264 et
306 5231 515 5270 omnem
557 5216 807 5281 spiritum
837 5215 924 5281 qui
965 5213 1064 5264 sub
1093 5209 1229 5264 coelo
1255 5219 1356 5271 est,
1391 5206 1566 5260 subito
1590 5205 1639 5256 in
1662 5205 1765 5257 ictu

230 5308 357 5359 oculi
387 5309 675 5374 perderet,
715 5305 916 5358 deleret
971 5314 1129 5371 atque
1174 5300 1517 5359 interﬁceret,
1569 5295 1609 5348 si
1650 5309 1769 5362 per-

237 5397 546 5460 mitteretur,
579 5405 632 5448 et
686 5395 728 5446 si
756 5393 905 5461 juxta
958 5393 1281 5444 voluntatem
1332 5382 1629 5452 iniquitatis
1660 5397 1767 5436 suae

239 5496 537 5548 potestatem
561 5487 804 5538 haberet.
835 5483 935 5537 Sed
965 5481 1167 5535 resistit
1200 5479 1270 5530 illi
1295 5481 1626 5540 omnipotens
1659 5487 1769 5524 ma-

244 5588 330 5630 nus
353 5578 460 5640 Dei,
504 5586 667 5643 atque
693 5573 992 5627 fortissima
1023 5571 1238 5625 dextera
1276 5565 1541 5622 Creatoris
1581 5565 1770 5632 guber-

307 5737 338 5766 ¹¹
380 5735 476 5789 Job
507 5753 546 5798 I,
581 5733 665 5785 12.
744 5735 782 5765 ¹²
812 5733 949 5792 Psal.
984 5745 1172 5792 suun,
1198 5729 1282 5780 ΞΟ.
1375 5727 1440 5775 ".'
1481 5721 1574 5775 Η)
1609 5739 1651 5786 l,
1692 5724 1769 5776 l2.

1868 4578 2214 4646 permittitur,
2247 4577 2347 4632 nisi
2379 4577 2464 4630 ubi
2491 4578 2698 4631 noverit
2738 4575 2876 4631 Deus
2911 4591 3007 4646 pro
3062 4577 3180 4631 ﬁdei
3231 4579 3398 4630 manl-

1868 4668 2170 4730 l'estatione,
2211 4675 2264 4720 et
2286 4666 2597 4720 constantiae
2633 4665 3038 4734 approbatione,
3078 4677 3237 4734 atque
3291 4666 3402 4733 glo-

1867 4759 2025 4811 riosae
2081 4754 2527 4809 remunerationis
2587 4756 2955 4809 retributione.
3016 4755 3138 4810 Haec
3199 4756 3403 4809 scilicet

1872 4859 1971 4898 nos
1999 4845 2226 4896 scientes
2249 4842 2474 4896 sollicite
2499 4854 2655 4909 atque
2683 4843 2870 4895 devote
2907 4843 2972 4895 ad
3020 4843 3182 4897 Deum
3218 4843 3402 4896 confu—

1871 4935 2095 5004 giamus,
2131 4933 2511 4986 instantissime
2539 4943 2699 5000 atque
2721 4932 3081 4986 sincerissime
3116 4934 3169 4986 in
3195 4935 3398 4988 oratio-

1871 5024 2026 5076 nibus
2059 5023 2215 5076 Deum
2244 5022 2569 5086 invocemus,
2607 5033 2664 5074 ut
2687 5031 2897 5074 avertat
2930 5035 2959 5073 a
2991 5021 3143 5076 nobis
3185 5023 3399 5089 maligni

1871 5109 2124 5175 insidias;
2161 5120 2218 5162 ut
2243 5109 2432 5177 eripiat
2461 5124 2556 5161 nos
2577 5109 2642 5162 de
2682 5107 2987 5161 crudelibus
3015 5107 3156 5160 illius
3215 5107 3398 5160 incur-

1869 5201 2128 5265 sionibus,
2160 5212 2337 5254 etnon
2365 5199 2634 5266 permittat
2658 5213 2752 5252 nos
2777 5197 2966 5251 tentari
2995 5209 3150 5264 super
3177 5195 3228 5248 id
3257 5195 3400 5262 quod

1867 5291 2135 5359 possimus
2167 5289 2410 5344 sufferre.

1937 5378 2090 5444 Ecce,
2123 5381 2316 5447 inquit,
2352 5379 2588 5431 universa
2641 5392 2952 5445 quecunque
2995 5375 3139 5427 habet
3190 5369 3309 5420 dedi
3347 5372 3402 5422 i-t

1869 5489 2024 5527 manu
2048 5483 2154 5525 tua.
2188 5469 2301 5524 Non
2333 5469 2475 5533 ideo,
2507 5470 2696 5537 inquit,
2727 5467 2847 5521 dedi
2873 5466 2982 5517 haec
3003 5460 3172 5515 omnia
3201 5458 3252 5507 in
3287 5473 3402 5508 ma-

1877 5581 1944 5620 nu
1981 5553 2088 5631 tua,
2122 5562 2242 5633 quia
2271 5569 2577 5631 oportuerat
2604 5559 2685 5613 vel
2716 5557 2914 5626 justum
2964 5550 3151 5608 fuerat,
3178 5542 3274 5596 sed
3333 5549 3407 5599 ob
