  <div class='ocr_page' id='page_1' title='image "/cluster/home/n/w/nwhite01/storage/ocr_20150623/17 (Origenes, pt. 7)/nyp.33433081862348/221.png"; bbox 0 0 3916 6458; ppageno 0'>
   <div class='ocr_carea' id='block_1_1' title="bbox 437 389 541 442">
    <p class='ocr_par' dir='ltr' id='par_1_1' title="bbox 437 389 541 442">
     <span class='ocr_line' id='line_1_1' title="bbox 437 389 541 442; baseline -0.01 0"><span class='ocrx_word' id='word_1_1' title='bbox 437 389 541 442; x_wconf 75' lang='lat' dir='ltr'><strong>M9</strong></span> 
     </span>
    </p>
   </div>
   <div class='ocr_carea' id='block_1_2' title="bbox 1523 370 2502 427">
    <p class='ocr_par' dir='ltr' id='par_1_2' title="bbox 1523 370 2502 427">
     <span class='ocr_line' id='line_1_2' title="bbox 1523 370 2502 427; baseline 0 -4"><span class='ocrx_word' id='word_1_2' title='bbox 1523 370 1896 427; x_wconf 72' lang='lat' dir='ltr'><strong>ANONYMUS</strong></span> <span class='ocrx_word' id='word_1_3' title='bbox 1928 370 1990 426; x_wconf 73' lang='lat' dir='ltr'><strong>IN</strong></span> <span class='ocrx_word' id='word_1_4' title='bbox 2026 370 2161 425; x_wconf 82' lang='lat' dir='ltr'><strong>JOB.</strong></span> <span class='ocrx_word' id='word_1_5' title='bbox 2199 401 2268 410; x_wconf 89' lang='grc'><strong>--</strong></span> <span class='ocrx_word' id='word_1_6' title='bbox 2304 370 2426 423; x_wconf 86' lang='lat' dir='ltr'><strong>LIB.</strong></span> <span class='ocrx_word' id='word_1_7' title='bbox 2464 370 2502 423; x_wconf 92' lang='grc'><strong>1.</strong></span> 
     </span>
    </p>
   </div>
   <div class='ocr_carea' id='block_1_3' title="bbox 3681 358 3780 414">
    <p class='ocr_par' dir='ltr' id='par_1_3' title="bbox 3681 358 3780 414">
     <span class='ocr_line' id='line_1_3' title="bbox 3681 358 3780 414; baseline 0 -1"><span class='ocrx_word' id='word_1_8' title='bbox 3681 358 3780 414; x_wconf 73' lang='grc'><strong>420</strong></span> 
     </span>
    </p>
   </div>
   <div class='ocr_carea' id='block_1_4' title="bbox 438 472 3777 567">
    <p class='ocr_par' dir='ltr' id='par_1_4' title="bbox 438 472 3777 567">
     <span class='ocr_line' id='line_1_4' title="bbox 438 472 3777 567; baseline -0.008 -9"><span class='ocrx_word' id='word_1_9' title='bbox 438 510 539 563; x_wconf 80' lang='lat' dir='ltr'><strong>hec</strong></span> <span class='ocrx_word' id='word_1_10' title='bbox 569 513 622 556; x_wconf 92' lang='lat' dir='ltr'><strong>nt</strong></span> <span class='ocrx_word' id='word_1_11' title='bbox 646 496 887 567; x_wconf 63' lang='lat' dir='ltr'><strong>nequitia:</strong></span> <span class='ocrx_word' id='word_1_12' title='bbox 924 504 1025 547; x_wconf 70' lang='lat' dir='ltr'><strong>tute</strong></span> <span class='ocrx_word' id='word_1_13' title='bbox 1054 491 1360 546; x_wconf 78' lang='lat' dir='ltr'><strong>occasiones</strong></span> <span class='ocrx_word' id='word_1_14' title='bbox 1382 491 1666 545; x_wconf 79' lang='lat' dir='ltr'><strong>auferrem.</strong></span> <span class='ocrx_word' id='word_1_15' title='bbox 1688 492 1956 557; x_wconf 79' lang='lat' dir='ltr'><strong>Quomodo</strong></span> <span class='ocrx_word' id='word_1_16' title='bbox 1983 494 2031 556; x_wconf 73' lang='grc' dir='ltr'><strong>Α</strong></span> <span class='ocrx_word' id='word_1_17' title='bbox 2062 491 2162 545; x_wconf 88' lang='lat' dir='ltr'><strong>alio</strong></span> <span class='ocrx_word' id='word_1_18' title='bbox 2190 500 2433 559; x_wconf 87' lang='lat' dir='ltr'><strong>poterant</strong></span> <span class='ocrx_word' id='word_1_19' title='bbox 2475 487 2827 542; x_wconf 83' lang='lat' dir='ltr'><strong>manducare</strong></span> <span class='ocrx_word' id='word_1_20' title='bbox 2860 483 2961 538; x_wconf 85' lang='lat' dir='ltr'><strong>vel</strong></span> <span class='ocrx_word' id='word_1_21' title='bbox 2992 481 3219 535; x_wconf 85' lang='lat' dir='ltr'><strong>bibere</strong></span> <span class='ocrx_word' id='word_1_22' title='bbox 3298 472 3484 526; x_wconf 75' lang='lat' dir='ltr'><strong>talis</strong></span> <span class='ocrx_word' id='word_1_23' title='bbox 3534 487 3601 527; x_wconf 88' lang='lat' dir='ltr'><strong>ac</strong></span> <span class='ocrx_word' id='word_1_24' title='bbox 3653 480 3777 532; x_wconf 81' lang='lat' dir='ltr'><strong>tanti</strong></span> 
     </span>
    </p>
   </div>
   <div class='ocr_carea' id='block_1_5' title="bbox 436 582 1952 657">
    <p class='ocr_par' dir='ltr' id='par_1_5' title="bbox 436 582 1952 657">
     <span class='ocr_line' id='line_1_5' title="bbox 436 582 1952 657; baseline -0.012 -8"><span class='ocrx_word' id='word_1_25' title='bbox 436 597 572 649; x_wconf 91' lang='lat' dir='ltr'><strong>enim</strong></span> <span class='ocrx_word' id='word_1_26' title='bbox 597 592 793 657; x_wconf 87' lang='lat' dir='ltr'><strong>justum</strong></span> <span class='ocrx_word' id='word_1_27' title='bbox 821 595 957 647; x_wconf 90' lang='lat' dir='ltr'><strong>erat,</strong></span> <span class='ocrx_word' id='word_1_28' title='bbox 980 583 1061 637; x_wconf 85' lang='lat' dir='ltr'><strong>vel</strong></span> <span class='ocrx_word' id='word_1_29' title='bbox 1088 590 1395 652; x_wconf 88' lang='lat' dir='ltr'><strong>oportuerat</strong></span> <span class='ocrx_word' id='word_1_30' title='bbox 1417 591 1473 634; x_wconf 87' lang='lat' dir='ltr'><strong>ut</strong></span> <span class='ocrx_word' id='word_1_31' title='bbox 1506 582 1683 633; x_wconf 90' lang='lat' dir='ltr'><strong>darem</strong></span> <span class='ocrx_word' id='word_1_32' title='bbox 1715 582 1765 634; x_wconf 90' lang='lat' dir='ltr'><strong>in</strong></span> <span class='ocrx_word' id='word_1_33' title='bbox 1798 596 1952 633; x_wconf 86' lang='lat' dir='ltr'><strong>manu</strong></span> 
     </span>
    </p>
   </div>
   <div class='ocr_carea' id='block_1_6' title="bbox 438 670 1957 748">
    <p class='ocr_par' dir='ltr' id='par_1_6' title="bbox 438 670 1957 748">
     <span class='ocr_line' id='line_1_6' title="bbox 438 670 1957 748; baseline -0.007 -14"><span class='ocrx_word' id='word_1_34' title='bbox 438 697 521 736; x_wconf 85' lang='lat' dir='ltr'><strong>tua</strong></span> <span class='ocrx_word' id='word_1_35' title='bbox 566 682 687 748; x_wconf 68' lang='lat' dir='ltr'><strong>juga</strong></span> <span class='ocrx_word' id='word_1_36' title='bbox 738 679 890 729; x_wconf 83' lang='lat' dir='ltr'><strong>boum</strong></span> <span class='ocrx_word' id='word_1_37' title='bbox 921 689 1040 743; x_wconf 77' lang='lat' dir='ltr'><strong>qua:</strong></span> <span class='ocrx_word' id='word_1_38' title='bbox 1080 674 1264 726; x_wconf 90' lang='lat' dir='ltr'><strong>viduas</strong></span> <span class='ocrx_word' id='word_1_39' title='bbox 1291 672 1490 725; x_wconf 87' lang='lat' dir='ltr'><strong>orando</strong></span> <span class='ocrx_word' id='word_1_40' title='bbox 1548 670 1847 724; x_wconf 83' lang='lat' dir='ltr'><strong>revelabant</strong></span> <span class='ocrx_word' id='word_1_41' title='bbox 1903 682 1957 723; x_wconf 88' lang='lat' dir='ltr'><strong>et</strong></span> 
     </span>
    </p>
   </div>
   <div class='ocr_carea' id='block_1_7' title="bbox 435 760 1956 836">
    <p class='ocr_par' dir='ltr' id='par_1_7' title="bbox 435 760 1956 836">
     <span class='ocr_line' id='line_1_7' title="bbox 435 760 1956 836; baseline -0.007 -15"><span class='ocrx_word' id='word_1_42' title='bbox 435 782 617 836; x_wconf 76' lang='lat' dir='ltr'><strong>greges</strong></span> <span class='ocrx_word' id='word_1_43' title='bbox 650 780 919 833; x_wconf 86' lang='lat' dir='ltr'><strong>pecorum,</strong></span> <span class='ocrx_word' id='word_1_44' title='bbox 947 763 1036 829; x_wconf 92' lang='lat' dir='ltr'><strong>qui</strong></span> <span class='ocrx_word' id='word_1_45' title='bbox 1100 761 1367 828; x_wconf 78' lang='lat' dir='ltr'><strong>orphanos</strong></span> <span class='ocrx_word' id='word_1_46' title='bbox 1435 760 1747 823; x_wconf 87' lang='lat' dir='ltr'><strong>vestiebant,</strong></span> <span class='ocrx_word' id='word_1_47' title='bbox 1800 771 1956 827; x_wconf 88' lang='lat' dir='ltr'><strong>atque</strong></span> 
     </span>
    </p>
   </div>
   <div class='ocr_carea' id='block_1_8' title="bbox 434 850 1958 918">
    <p class='ocr_par' dir='ltr' id='par_1_8' title="bbox 434 850 1958 918">
     <span class='ocr_line' id='line_1_8' title="bbox 434 850 1958 918; baseline -0.004 -9"><span class='ocrx_word' id='word_1_48' title='bbox 434 854 846 910; x_wconf 87' lang='lat' dir='ltr'><strong>calefaciebant?</strong></span> <span class='ocrx_word' id='word_1_49' title='bbox 871 852 1145 917; x_wconf 87' lang='lat' dir='ltr'><strong>Quomodo</strong></span> <span class='ocrx_word' id='word_1_50' title='bbox 1174 859 1500 918; x_wconf 76' lang='lat' dir='ltr'><strong>oportuerat,</strong></span> <span class='ocrx_word' id='word_1_51' title='bbox 1522 850 1603 903; x_wconf 89' lang='lat' dir='ltr'><strong>vel</strong></span> <span class='ocrx_word' id='word_1_52' title='bbox 1624 851 1824 916; x_wconf 88' lang='lat' dir='ltr'><strong>justum</strong></span> <span class='ocrx_word' id='word_1_53' title='bbox 1845 859 1958 903; x_wconf 88' lang='lat' dir='ltr'><strong>erat</strong></span> 
     </span>
    </p>
   </div>
   <div class='ocr_carea' id='block_1_9' title="bbox 433 940 1956 1014">
    <p class='ocr_par' dir='ltr' id='par_1_9' title="bbox 433 940 1956 1014">
     <span class='ocr_line' id='line_1_9' title="bbox 433 940 1956 1014; baseline -0.007 -13"><span class='ocrx_word' id='word_1_54' title='bbox 433 958 487 1001; x_wconf 89' lang='lat' dir='ltr'><strong>ut</strong></span> <span class='ocrx_word' id='word_1_55' title='bbox 508 946 680 1014; x_wconf 89' lang='lat' dir='ltr'><strong>justos</strong></span> <span class='ocrx_word' id='word_1_56' title='bbox 706 955 759 998; x_wconf 92' lang='lat' dir='ltr'><strong>et</strong></span> <span class='ocrx_word' id='word_1_57' title='bbox 788 945 1096 997; x_wconf 89' lang='lat' dir='ltr'><strong>innocentes</strong></span> <span class='ocrx_word' id='word_1_58' title='bbox 1122 942 1257 995; x_wconf 91' lang='lat' dir='ltr'><strong>ﬁlios</strong></span> <span class='ocrx_word' id='word_1_59' title='bbox 1283 941 1381 995; x_wconf 85' lang='lat' dir='ltr'><strong>Job</strong></span> <span class='ocrx_word' id='word_1_60' title='bbox 1408 953 1459 993; x_wconf 91' lang='lat' dir='ltr'><strong>tu</strong></span> <span class='ocrx_word' id='word_1_61' title='bbox 1503 942 1743 1007; x_wconf 77' lang='lat' dir='ltr'><strong>nequiter</strong></span> <span class='ocrx_word' id='word_1_62' title='bbox 1789 940 1956 991; x_wconf 88' lang='lat' dir='ltr'><strong>inter-</strong></span> 
     </span>
    </p>
   </div>
   <div class='ocr_carea' id='block_1_10' title="bbox 433 1026 1957 1100">
    <p class='ocr_par' dir='ltr' id='par_1_10' title="bbox 433 1026 1957 1100">
     <span class='ocr_line' id='line_1_10' title="bbox 433 1026 1957 1100; baseline -0.008 -11"><span class='ocrx_word' id='word_1_63' title='bbox 433 1038 688 1100; x_wconf 88' lang='lat' dir='ltr'><strong>ﬁceres,o</strong></span> <span class='ocrx_word' id='word_1_64' title='bbox 715 1033 941 1097; x_wconf 70' lang='lat' dir='ltr'><strong>dialiole,</strong></span> <span class='ocrx_word' id='word_1_65' title='bbox 966 1047 1084 1085; x_wconf 90' lang='lat' dir='ltr'><strong>cmn</strong></span> <span class='ocrx_word' id='word_1_66' title='bbox 1123 1031 1346 1083; x_wconf 83' lang='lat' dir='ltr'><strong>dixerim</strong></span> <span class='ocrx_word' id='word_1_67' title='bbox 1370 1039 1488 1098; x_wconf 89' lang='lat' dir='ltr'><strong>post</strong></span> <span class='ocrx_word' id='word_1_68' title='bbox 1512 1030 1563 1082; x_wconf 91' lang='lat' dir='ltr'><strong>in</strong></span> <span class='ocrx_word' id='word_1_69' title='bbox 1588 1029 1701 1096; x_wconf 78' lang='lat' dir='ltr'><strong>lege</strong></span> <span class='ocrx_word' id='word_1_70' title='bbox 1719 1046 1731 1080; x_wconf 93' lang='lat'>:</span> <span class='ocrx_word' id='word_1_71' title='bbox 1749 1026 1957 1080; x_wconf 79' lang='lat' dir='ltr'><strong>Justum</strong></span> 
     </span>
    </p>
   </div>
   <div class='ocr_carea' id='block_1_11' title="bbox 430 1119 1959 1187">
    <p class='ocr_par' dir='ltr' id='par_1_11' title="bbox 430 1119 1959 1187">
     <span class='ocr_line' id='line_1_11' title="bbox 430 1119 1959 1187; baseline -0.007 -6"><span class='ocrx_word' id='word_1_72' title='bbox 430 1140 475 1181; x_wconf 87' lang='lat' dir='ltr'><strong>et</strong></span> <span class='ocrx_word' id='word_1_73' title='bbox 504 1128 823 1179; x_wconf 73' lang='lat' dir='ltr'><strong>innocentem</strong></span> <span class='ocrx_word' id='word_1_74' title='bbox 847 1140 946 1175; x_wconf 86' lang='lat' dir='ltr'><strong>non</strong></span> <span class='ocrx_word' id='word_1_75' title='bbox 979 1122 1176 1174; x_wconf 78' lang='lat' dir='ltr'><strong>occides</strong></span> <span class='ocrx_word' id='word_1_76' title='bbox 1208 1121 1283 1173; x_wconf 71' lang='lat' dir='ltr'><strong>&quot;i</strong></span> <span class='ocrx_word' id='word_1_77' title='bbox 1317 1119 1430 1174; x_wconf 75' lang='lat' dir='ltr'><strong>Non</strong></span> <span class='ocrx_word' id='word_1_78' title='bbox 1474 1134 1599 1187; x_wconf 78' lang='lat' dir='ltr'><strong>ergo</strong></span> <span class='ocrx_word' id='word_1_79' title='bbox 1651 1128 1959 1184; x_wconf 79' lang='lat' dir='ltr'><strong>oportuerat</strong></span> 
     </span>
    </p>
   </div>
   <div class='ocr_carea' id='block_1_12' title="bbox 432 1211 1956 1285">
    <p class='ocr_par' dir='ltr' id='par_1_12' title="bbox 432 1211 1956 1285">
     <span class='ocr_line' id='line_1_12' title="bbox 432 1211 1956 1285; baseline -0.007 -14"><span class='ocrx_word' id='word_1_80' title='bbox 432 1217 820 1285; x_wconf 87' lang='lat' dir='ltr'><strong>nequejustum</strong></span> <span class='ocrx_word' id='word_1_81' title='bbox 856 1214 1047 1274; x_wconf 91' lang='lat' dir='ltr'><strong>fuerat,</strong></span> <span class='ocrx_word' id='word_1_82' title='bbox 1078 1212 1168 1265; x_wconf 90' lang='lat' dir='ltr'><strong>sed</strong></span> <span class='ocrx_word' id='word_1_83' title='bbox 1200 1219 1420 1279; x_wconf 84' lang='lat' dir='ltr'><strong>propter</strong></span> <span class='ocrx_word' id='word_1_84' title='bbox 1450 1211 1781 1279; x_wconf 83' lang='lat' dir='ltr'><strong>iniquitatem</strong></span> <span class='ocrx_word' id='word_1_85' title='bbox 1816 1219 1956 1261; x_wconf 89' lang='lat' dir='ltr'><strong>tuam</strong></span> 
     </span>
    </p>
   </div>
   <div class='ocr_carea' id='block_1_13' title="bbox 430 1297 1957 1366">
    <p class='ocr_par' dir='ltr' id='par_1_13' title="bbox 430 1297 1957 1366">
     <span class='ocr_line' id='line_1_13' title="bbox 430 1297 1957 1366; baseline -0.008 -4"><span class='ocrx_word' id='word_1_86' title='bbox 430 1318 483 1362; x_wconf 89' lang='lat' dir='ltr'><strong>et</strong></span> <span class='ocrx_word' id='word_1_87' title='bbox 515 1307 684 1361; x_wconf 81' lang='lat' dir='ltr'><strong>zelum</strong></span> <span class='ocrx_word' id='word_1_88' title='bbox 721 1315 775 1359; x_wconf 88' lang='lat' dir='ltr'><strong>et</strong></span> <span class='ocrx_word' id='word_1_89' title='bbox 803 1306 1042 1365; x_wconf 79' lang='lat' dir='ltr'><strong>livorem,</strong></span> <span class='ocrx_word' id='word_1_90' title='bbox 1076 1311 1131 1353; x_wconf 91' lang='lat' dir='ltr'><strong>ut</strong></span> <span class='ocrx_word' id='word_1_91' title='bbox 1168 1300 1542 1353; x_wconf 81' lang='lat' dir='ltr'><strong>inexcusabilis</strong></span> <span class='ocrx_word' id='word_1_92' title='bbox 1576 1297 1957 1366; x_wconf 89' lang='lat' dir='ltr'><strong>comproberis,</strong></span> 
     </span>
    </p>
   </div>
   <div class='ocr_carea' id='block_1_14' title="bbox 432 1390 1959 1463">
    <p class='ocr_par' dir='ltr' id='par_1_14' title="bbox 432 1390 1959 1463">
     <span class='ocr_line' id='line_1_14' title="bbox 432 1390 1959 1463; baseline -0.006 -13"><span class='ocrx_word' id='word_1_93' title='bbox 432 1407 487 1451; x_wconf 92' lang='lat' dir='ltr'><strong>et</strong></span> <span class='ocrx_word' id='word_1_94' title='bbox 534 1398 733 1463; x_wconf 79' lang='lat' dir='ltr'><strong>absque</strong></span> <span class='ocrx_word' id='word_1_95' title='bbox 787 1392 1209 1447; x_wconf 87' lang='lat' dir='ltr'><strong>contradictione</strong></span> <span class='ocrx_word' id='word_1_96' title='bbox 1268 1390 1624 1458; x_wconf 82' lang='lat' dir='ltr'><strong>redarguaris,</strong></span> <span class='ocrx_word' id='word_1_97' title='bbox 1682 1398 1959 1457; x_wconf 87' lang='lat' dir='ltr'><strong>propterea</strong></span> 
     </span>
    </p>
   </div>
   <div class='ocr_carea' id='block_1_15' title="bbox 431 1481 1957 1552">
    <p class='ocr_par' dir='ltr' id='par_1_15' title="bbox 431 1481 1957 1552">
     <span class='ocr_line' id='line_1_15' title="bbox 431 1481 1957 1552; baseline -0.006 -12"><span class='ocrx_word' id='word_1_98' title='bbox 431 1503 547 1541; x_wconf 73' lang='lat' dir='ltr'><strong>ecce</strong></span> <span class='ocrx_word' id='word_1_99' title='bbox 601 1487 773 1537; x_wconf 81' lang='lat' dir='ltr'><strong>omnia</strong></span> <span class='ocrx_word' id='word_1_100' title='bbox 816 1498 1124 1552; x_wconf 76' lang='lat' dir='ltr'><strong>quwcnnqne</strong></span> <span class='ocrx_word' id='word_1_101' title='bbox 1184 1481 1332 1533; x_wconf 85' lang='lat' dir='ltr'><strong>habet</strong></span> <span class='ocrx_word' id='word_1_102' title='bbox 1380 1482 1498 1533; x_wconf 83' lang='lat' dir='ltr'><strong>dedi</strong></span> <span class='ocrx_word' id='word_1_103' title='bbox 1546 1481 1598 1533; x_wconf 87' lang='lat' dir='ltr'><strong>in</strong></span> <span class='ocrx_word' id='word_1_104' title='bbox 1644 1496 1801 1532; x_wconf 79' lang='lat' dir='ltr'><strong>manu</strong></span> <span class='ocrx_word' id='word_1_105' title='bbox 1847 1489 1957 1545; x_wconf 86' lang='lat' dir='ltr'><strong>tua,</strong></span> 
     </span>
    </p>
   </div>
   <div class='ocr_carea' id='block_1_16' title="bbox 433 1569 1959 1644">
    <p class='ocr_par' dir='ltr' id='par_1_16' title="bbox 433 1569 1959 1644">
     <span class='ocr_line' id='line_1_16' title="bbox 433 1569 1959 1644; baseline -0.007 -13"><span class='ocrx_word' id='word_1_106' title='bbox 433 1578 525 1632; x_wconf 72' lang='lat' dir='ltr'><strong>sed</strong></span> <span class='ocrx_word' id='word_1_107' title='bbox 556 1580 719 1644; x_wconf 79' lang='lat' dir='ltr'><strong>ipsum</strong></span> <span class='ocrx_word' id='word_1_108' title='bbox 755 1590 872 1626; x_wconf 80' lang='lat' dir='ltr'><strong>cave</strong></span> <span class='ocrx_word' id='word_1_109' title='bbox 924 1590 984 1625; x_wconf 86' lang='lat' dir='ltr'><strong>ne</strong></span> <span class='ocrx_word' id='word_1_110' title='bbox 1020 1584 1224 1640; x_wconf 79' lang='lat' dir='ltr'><strong>tangas.</strong></span> <span class='ocrx_word' id='word_1_111' title='bbox 1254 1569 1318 1621; x_wconf 85' lang='lat' dir='ltr'><strong>Et</strong></span> <span class='ocrx_word' id='word_1_112' title='bbox 1349 1570 1539 1637; x_wconf 72' lang='lat' dir='ltr'><strong>factum</strong></span> <span class='ocrx_word' id='word_1_113' title='bbox 1577 1582 1647 1623; x_wconf 80' lang='lat' dir='ltr'><strong>est</strong></span> <span class='ocrx_word' id='word_1_114' title='bbox 1678 1571 1825 1634; x_wconf 73' lang='lat' dir='ltr'><strong>quasi</strong></span> <span class='ocrx_word' id='word_1_115' title='bbox 1852 1569 1959 1621; x_wconf 73' lang='lat' dir='ltr'><strong>dies</strong></span> 
     </span>
    </p>
   </div>
   <div class='ocr_carea' id='block_1_17' title="bbox 433 1658 1960 1730">
    <p class='ocr_par' dir='ltr' id='par_1_17' title="bbox 433 1658 1960 1730">
     <span class='ocr_line' id='line_1_17' title="bbox 433 1658 1960 1730; baseline -0.007 -10"><span class='ocrx_word' id='word_1_116' title='bbox 433 1668 527 1720; x_wconf 83' lang='lat' dir='ltr'><strong>illa</strong></span> <span class='ocrx_word' id='word_1_117' title='bbox 552 1666 614 1719; x_wconf 69' lang='grc'><strong>¹⁸.</strong></span> <span class='ocrx_word' id='word_1_118' title='bbox 647 1665 771 1730; x_wconf 66' lang='lat' dir='ltr'><strong>Quae</strong></span> <span class='ocrx_word' id='word_1_119' title='bbox 800 1662 1061 1717; x_wconf 87' lang='lat' dir='ltr'><strong>dies?llla</strong></span> <span class='ocrx_word' id='word_1_120' title='bbox 1094 1664 1204 1716; x_wconf 86' lang='lat' dir='ltr'><strong>dies</strong></span> <span class='ocrx_word' id='word_1_121' title='bbox 1235 1661 1287 1714; x_wconf 93' lang='lat' dir='ltr'><strong>in</strong></span> <span class='ocrx_word' id='word_1_122' title='bbox 1320 1676 1423 1729; x_wconf 89' lang='lat' dir='ltr'><strong>qua</strong></span> <span class='ocrx_word' id='word_1_123' title='bbox 1445 1661 1705 1729; x_wconf 73' lang='lat' dir='ltr'><strong>malignus</strong></span> <span class='ocrx_word' id='word_1_124' title='bbox 1741 1658 1960 1727; x_wconf 87' lang='lat' dir='ltr'><strong>permis-</strong></span> 
     </span>
    </p>
   </div>
   <div class='ocr_carea' id='block_1_18' title="bbox 436 1749 1959 1820">
    <p class='ocr_par' dir='ltr' id='par_1_18' title="bbox 436 1749 1959 1820">
     <span class='ocr_line' id='line_1_18' title="bbox 436 1749 1959 1820; baseline -0.006 -11"><span class='ocrx_word' id='word_1_125' title='bbox 436 1757 637 1809; x_wconf 87' lang='lat' dir='ltr'><strong>sionem</strong></span> <span class='ocrx_word' id='word_1_126' title='bbox 673 1754 895 1820; x_wconf 88' lang='lat' dir='ltr'><strong>acccpit,</strong></span> <span class='ocrx_word' id='word_1_127' title='bbox 947 1751 998 1804; x_wconf 91' lang='lat' dir='ltr'><strong>in</strong></span> <span class='ocrx_word' id='word_1_128' title='bbox 1064 1766 1166 1819; x_wconf 92' lang='lat' dir='ltr'><strong>qua</strong></span> <span class='ocrx_word' id='word_1_129' title='bbox 1224 1752 1576 1818; x_wconf 84' lang='lat' dir='ltr'><strong>nequissimus</strong></span> <span class='ocrx_word' id='word_1_130' title='bbox 1628 1749 1814 1802; x_wconf 78' lang='lat' dir='ltr'><strong>fiducia</strong></span> <span class='ocrx_word' id='word_1_131' title='bbox 1879 1758 1959 1801; x_wconf 90' lang='lat' dir='ltr'><strong>est</strong></span> 
     </span>
    </p>
   </div>
   <div class='ocr_carea' id='block_1_19' title="bbox 2058 566 3777 647">
    <p class='ocr_par' dir='ltr' id='par_1_19' title="bbox 2058 566 3777 647">
     <span class='ocr_line' id='line_1_19' title="bbox 2058 566 3777 647; baseline -0.005 -14"><span class='ocrx_word' id='word_1_132' title='bbox 2058 580 2155 633; x_wconf 91' lang='lat' dir='ltr'><strong>viri</strong></span> <span class='ocrx_word' id='word_1_133' title='bbox 2193 579 2282 633; x_wconf 83' lang='lat' dir='ltr'><strong>ﬁlii</strong></span> <span class='ocrx_word' id='word_1_134' title='bbox 2321 591 2556 647; x_wconf 88' lang='lat' dir='ltr'><strong>tempore</strong></span> <span class='ocrx_word' id='word_1_135' title='bbox 2593 595 2608 631; x_wconf 87' lang='lat'><strong>:</strong></span> <span class='ocrx_word' id='word_1_136' title='bbox 2645 577 2785 645; x_wconf 85' lang='lat' dir='ltr'><strong>quia</strong></span> <span class='ocrx_word' id='word_1_137' title='bbox 2836 588 2951 628; x_wconf 89' lang='lat' dir='ltr'><strong>nec</strong></span> <span class='ocrx_word' id='word_1_138' title='bbox 3025 572 3167 637; x_wconf 80' lang='lat' dir='ltr'><strong>ipse</strong></span> <span class='ocrx_word' id='word_1_139' title='bbox 3240 569 3391 617; x_wconf 67' lang='lat' dir='ltr'><strong>ext</strong></span> <span class='ocrx_word' id='word_1_140' title='bbox 3410 578 3477 615; x_wconf 85' lang='lat' dir='ltr'><strong>ra</strong></span> <span class='ocrx_word' id='word_1_141' title='bbox 3542 566 3777 625; x_wconf 87' lang='lat' dir='ltr'><strong>ordinem</strong></span> 
     </span>
    </p>
   </div>
   <div class='ocr_carea' id='block_1_20' title="bbox 2060 650 3779 725">
    <p class='ocr_par' dir='ltr' id='par_1_20' title="bbox 2060 650 3779 725">
     <span class='ocr_line' id='line_1_20' title="bbox 2060 650 3779 725; baseline -0.006 -1"><span class='ocrx_word' id='word_1_142' title='bbox 2060 672 2377 725; x_wconf 86' lang='lat' dir='ltr'><strong>manducare</strong></span> <span class='ocrx_word' id='word_1_143' title='bbox 2408 669 2491 722; x_wconf 90' lang='lat' dir='ltr'><strong>vel</strong></span> <span class='ocrx_word' id='word_1_144' title='bbox 2519 669 2713 722; x_wconf 84' lang='lat' dir='ltr'><strong>bibere</strong></span> <span class='ocrx_word' id='word_1_145' title='bbox 2749 666 2967 721; x_wconf 86' lang='lat' dir='ltr'><strong>solitus</strong></span> <span class='ocrx_word' id='word_1_146' title='bbox 2997 671 3137 716; x_wconf 87' lang='lat' dir='ltr'><strong>erat</strong></span> <span class='ocrx_word' id='word_1_147' title='bbox 3162 696 3183 721; x_wconf 91' lang='lat'><strong>,</strong></span> <span class='ocrx_word' id='word_1_148' title='bbox 3231 650 3377 709; x_wconf 79' lang='lat' dir='ltr'><strong>sed</strong></span> <span class='ocrx_word' id='word_1_149' title='bbox 3461 663 3779 725; x_wconf 83' lang='lat' dir='ltr'><strong>competenti</strong></span> 
     </span>
    </p>
   </div>
   <div class='ocr_carea' id='block_1_21' title="bbox 2063 744 3785 829">
    <p class='ocr_par' dir='ltr' id='par_1_21' title="bbox 2063 744 3785 829">
     <span class='ocr_line' id='line_1_21' title="bbox 2063 744 3785 829; baseline -0.006 -14"><span class='ocrx_word' id='word_1_150' title='bbox 2063 770 2315 829; x_wconf 90' lang='lat' dir='ltr'><strong>tempore,</strong></span> <span class='ocrx_word' id='word_1_151' title='bbox 2378 759 2470 812; x_wconf 89' lang='lat' dir='ltr'><strong>sed</strong></span> <span class='ocrx_word' id='word_1_152' title='bbox 2516 756 2793 825; x_wconf 87' lang='lat' dir='ltr'><strong>disposito</strong></span> <span class='ocrx_word' id='word_1_153' title='bbox 2819 764 3100 816; x_wconf 86' lang='lat' dir='ltr'><strong>tempore</strong></span> <span class='ocrx_word' id='word_1_154' title='bbox 3135 756 3362 814; x_wconf 81' lang='lat' dir='ltr'><strong>atque</strong></span> <span class='ocrx_word' id='word_1_155' title='bbox 3442 744 3699 804; x_wconf 86' lang='lat' dir='ltr'><strong>ordinato</strong></span> <span class='ocrx_word' id='word_1_156' title='bbox 3735 762 3785 808; x_wconf 91' lang='lat' dir='ltr'><strong>et</strong></span> 
     </span>
    </p>
   </div>
   <div class='ocr_carea' id='block_1_22' title="bbox 2062 835 3786 919">
    <p class='ocr_par' dir='ltr' id='par_1_22' title="bbox 2062 835 3786 919">
     <span class='ocr_line' id='line_1_22' title="bbox 2062 835 3786 919; baseline -0.005 -15"><span class='ocrx_word' id='word_1_157' title='bbox 2062 851 2173 919; x_wconf 86' lang='lat' dir='ltr'><strong>ipse</strong></span> <span class='ocrx_word' id='word_1_158' title='bbox 2197 848 2559 913; x_wconf 78' lang='lat' dir='ltr'><strong>manducavit,</strong></span> <span class='ocrx_word' id='word_1_159' title='bbox 2589 856 2645 901; x_wconf 90' lang='lat' dir='ltr'><strong>et</strong></span> <span class='ocrx_word' id='word_1_160' title='bbox 2678 846 2828 899; x_wconf 92' lang='lat' dir='ltr'><strong>ﬁlios</strong></span> <span class='ocrx_word' id='word_1_161' title='bbox 2872 856 3017 896; x_wconf 91' lang='lat' dir='ltr'><strong>suos</strong></span> <span class='ocrx_word' id='word_1_162' title='bbox 3057 839 3240 894; x_wconf 79' lang='lat' dir='ltr'><strong>circa</strong></span> <span class='ocrx_word' id='word_1_163' title='bbox 3285 848 3400 885; x_wconf 81' lang='grc' dir='ltr'><strong>οι·</strong></span> <span class='ocrx_word' id='word_1_164' title='bbox 3422 835 3618 891; x_wconf 82' lang='lat' dir='ltr'><strong>dinem</strong></span> <span class='ocrx_word' id='word_1_165' title='bbox 3652 856 3786 897; x_wconf 74' lang='lat' dir='ltr'><strong>nian-</strong></span> 
     </span>
    </p>
   </div>
   <div class='ocr_carea' id='block_1_23' title="bbox 2062 922 3789 1003">
    <p class='ocr_par' dir='ltr' id='par_1_23' title="bbox 2062 922 3789 1003">
     <span class='ocr_line' id='line_1_23' title="bbox 2062 922 3789 1003; baseline -0.01 -10"><span class='ocrx_word' id='word_1_166' title='bbox 2062 940 2256 993; x_wconf 88' lang='lat' dir='ltr'><strong>ducare</strong></span> <span class='ocrx_word' id='word_1_167' title='bbox 2283 938 2483 993; x_wconf 90' lang='lat' dir='ltr'><strong>docuit.</strong></span> <span class='ocrx_word' id='word_1_168' title='bbox 2518 936 2609 990; x_wconf 86' lang='lat' dir='ltr'><strong>Sic</strong></span> <span class='ocrx_word' id='word_1_169' title='bbox 2649 936 2844 1003; x_wconf 86' lang='lat' dir='ltr'><strong>itaque</strong></span> <span class='ocrx_word' id='word_1_170' title='bbox 2877 934 3024 986; x_wconf 89' lang='lat' dir='ltr'><strong>hora</strong></span> <span class='ocrx_word' id='word_1_171' title='bbox 3066 922 3346 997; x_wconf 84' lang='lat' dir='ltr'><strong>prandii</strong></span> <span class='ocrx_word' id='word_1_172' title='bbox 3462 929 3789 989; x_wconf 87' lang='lat' dir='ltr'><strong>manducan-</strong></span> 
     </span>
    </p>
   </div>
   <div class='ocr_carea' id='block_1_24' title="bbox 2064 1013 3788 1089">
    <p class='ocr_par' dir='ltr' id='par_1_24' title="bbox 2064 1013 3788 1089">
     <span class='ocr_line' id='line_1_24' title="bbox 2064 1013 3788 1089; baseline -0.002 -6"><span class='ocrx_word' id='word_1_173' title='bbox 2064 1030 2205 1083; x_wconf 92' lang='lat' dir='ltr'><strong>tibus</strong></span> <span class='ocrx_word' id='word_1_174' title='bbox 2234 1028 2339 1082; x_wconf 91' lang='lat' dir='ltr'><strong>illis</strong></span> <span class='ocrx_word' id='word_1_175' title='bbox 2367 1042 2431 1080; x_wconf 91' lang='lat' dir='ltr'><strong>ac</strong></span> <span class='ocrx_word' id='word_1_176' title='bbox 2454 1025 2795 1089; x_wconf 84' lang='lat' dir='ltr'><strong>bibentibus,</strong></span> <span class='ocrx_word' id='word_1_177' title='bbox 2822 1021 2933 1076; x_wconf 91' lang='lat' dir='ltr'><strong>Job</strong></span> <span class='ocrx_word' id='word_1_178' title='bbox 2975 1033 3129 1073; x_wconf 85' lang='lat' dir='ltr'><strong>sane</strong></span> <span class='ocrx_word' id='word_1_179' title='bbox 3165 1018 3235 1069; x_wconf 88' lang='lat' dir='ltr'><strong>in</strong></span> <span class='ocrx_word' id='word_1_180' title='bbox 3280 1013 3407 1065; x_wconf 68' lang='lat' dir='ltr'><strong>do</strong></span> <span class='ocrx_word' id='word_1_181' title='bbox 3437 1032 3530 1070; x_wconf 90' lang='lat' dir='ltr'><strong>mo</strong></span> <span class='ocrx_word' id='word_1_182' title='bbox 3558 1034 3677 1085; x_wconf 84' lang='lat' dir='ltr'><strong>sua,</strong></span> <span class='ocrx_word' id='word_1_183' title='bbox 3706 1026 3788 1080; x_wconf 90' lang='lat' dir='ltr'><strong>ﬁlii</strong></span> 
     </span>
    </p>
   </div>
   <div class='ocr_carea' id='block_1_25' title="bbox 2064 1104 3790 1185">
    <p class='ocr_par' dir='ltr' id='par_1_25' title="bbox 2064 1104 3790 1185">
     <span class='ocr_line' id='line_1_25' title="bbox 2064 1104 3790 1185; baseline -0.002 -14"><span class='ocrx_word' id='word_1_184' title='bbox 2064 1128 2236 1172; x_wconf 88' lang='lat' dir='ltr'><strong>autem</strong></span> <span class='ocrx_word' id='word_1_185' title='bbox 2268 1116 2455 1185; x_wconf 90' lang='lat' dir='ltr'><strong>ejuset</strong></span> <span class='ocrx_word' id='word_1_186' title='bbox 2485 1115 2632 1179; x_wconf 62' lang='lat' dir='ltr'><strong>ﬁlice,</strong></span> <span class='ocrx_word' id='word_1_187' title='bbox 2688 1114 2743 1166; x_wconf 90' lang='lat' dir='ltr'><strong>in</strong></span> <span class='ocrx_word' id='word_1_188' title='bbox 2810 1112 2988 1165; x_wconf 88' lang='lat' dir='ltr'><strong>domo</strong></span> <span class='ocrx_word' id='word_1_189' title='bbox 3041 1104 3284 1160; x_wconf 84' lang='lat' dir='ltr'><strong>fratris</strong></span> <span class='ocrx_word' id='word_1_190' title='bbox 3349 1108 3500 1159; x_wconf 62' lang='lat' dir='ltr'><strong>sui</strong></span> <span class='ocrx_word' id='word_1_191' title='bbox 3564 1112 3790 1183; x_wconf 84' lang='lat' dir='ltr'><strong>majoris,</strong></span> 
     </span>
    </p>
   </div>
   <div class='ocr_carea' id='block_1_26' title="bbox 2064 1196 3789 1265">
    <p class='ocr_par' dir='ltr' id='par_1_26' title="bbox 2064 1196 3789 1265">
     <span class='ocr_line' id='line_1_26' title="bbox 2064 1196 3789 1265; baseline -0.002 -5"><span class='ocrx_word' id='word_1_192' title='bbox 2064 1208 2282 1260; x_wconf 90' lang='lat' dir='ltr'><strong>nuntius</strong></span> <span class='ocrx_word' id='word_1_193' title='bbox 2313 1205 2461 1257; x_wconf 81' lang='lat' dir='ltr'><strong>venit</strong></span> <span class='ocrx_word' id='word_1_194' title='bbox 2483 1205 2550 1257; x_wconf 89' lang='lat' dir='ltr'><strong>ad</strong></span> <span class='ocrx_word' id='word_1_195' title='bbox 2576 1202 2703 1256; x_wconf 89' lang='lat' dir='ltr'><strong>Job.</strong></span> <span class='ocrx_word' id='word_1_196' title='bbox 2744 1201 2883 1254; x_wconf 88' lang='lat' dir='ltr'><strong>Erat</strong></span> <span class='ocrx_word' id='word_1_197' title='bbox 2914 1210 3191 1265; x_wconf 86' lang='lat' dir='ltr'><strong>namque</strong></span> <span class='ocrx_word' id='word_1_198' title='bbox 3233 1206 3407 1259; x_wconf 66' lang='lat' dir='ltr'><strong>nec.</strong></span> <span class='ocrx_word' id='word_1_199' title='bbox 3440 1196 3657 1255; x_wconf 88' lang='lat' dir='ltr'><strong>uissimi</strong></span> <span class='ocrx_word' id='word_1_200' title='bbox 3687 1207 3789 1260; x_wconf 84' lang='lat' dir='ltr'><strong>dia-</strong></span> 
     </span>
    </p>
   </div>
   <div class='ocr_carea' id='block_1_27' title="bbox 2062 1289 3786 1362">
    <p class='ocr_par' dir='ltr' id='par_1_27' title="bbox 2062 1289 3786 1362">
     <span class='ocr_line' id='line_1_27' title="bbox 2062 1289 3786 1362; baseline -0.001 -11"><span class='ocrx_word' id='word_1_201' title='bbox 2062 1297 2167 1351; x_wconf 89' lang='lat' dir='ltr'><strong>boli</strong></span> <span class='ocrx_word' id='word_1_202' title='bbox 2193 1295 2451 1355; x_wconf 89' lang='lat' dir='ltr'><strong>versutia,</strong></span> <span class='ocrx_word' id='word_1_203' title='bbox 2480 1303 2538 1345; x_wconf 90' lang='lat' dir='ltr'><strong>ut</strong></span> <span class='ocrx_word' id='word_1_204' title='bbox 2567 1294 2761 1348; x_wconf 89' lang='lat' dir='ltr'><strong>horam</strong></span> <span class='ocrx_word' id='word_1_205' title='bbox 2794 1289 3023 1360; x_wconf 88' lang='lat' dir='ltr'><strong>prandii</strong></span> <span class='ocrx_word' id='word_1_206' title='bbox 3058 1290 3358 1341; x_wconf 80' lang='lat' dir='ltr'><strong>observa</strong></span> <span class='ocrx_word' id='word_1_207' title='bbox 3398 1300 3537 1352; x_wconf 72' lang='lat' dir='ltr'><strong>ret,</strong></span> <span class='ocrx_word' id='word_1_208' title='bbox 3559 1301 3618 1345; x_wconf 91' lang='lat' dir='ltr'><strong>ut</strong></span> <span class='ocrx_word' id='word_1_209' title='bbox 3643 1310 3786 1362; x_wconf 81' lang='lat' dir='ltr'><strong>pran-</strong></span> 
     </span>
    </p>
   </div>
   <div class='ocr_carea' id='block_1_28' title="bbox 2064 1371 3785 1443">
    <p class='ocr_par' dir='ltr' id='par_1_28' title="bbox 2064 1371 3785 1443">
     <span class='ocr_line' id='line_1_28' title="bbox 2064 1371 3785 1443; baseline -0.01 -4"><span class='ocrx_word' id='word_1_210' title='bbox 2064 1388 2220 1439; x_wconf 85' lang='lat' dir='ltr'><strong>dente</strong></span> <span class='ocrx_word' id='word_1_211' title='bbox 2248 1385 2343 1438; x_wconf 89' lang='lat' dir='ltr'><strong>illo</strong></span> <span class='ocrx_word' id='word_1_212' title='bbox 2383 1384 2566 1436; x_wconf 87' lang='lat' dir='ltr'><strong>tristes</strong></span> <span class='ocrx_word' id='word_1_213' title='bbox 2621 1397 2684 1435; x_wconf 91' lang='lat' dir='ltr'><strong>ac</strong></span> <span class='ocrx_word' id='word_1_214' title='bbox 2737 1379 3078 1433; x_wconf 85' lang='lat' dir='ltr'><strong>mortiferus</strong></span> <span class='ocrx_word' id='word_1_215' title='bbox 3144 1371 3484 1434; x_wconf 49' lang='lat' dir='ltr'><strong>nuntios</strong></span> <span class='ocrx_word' id='word_1_216' title='bbox 3550 1386 3618 1437; x_wconf 68' lang='lat' dir='ltr'><strong>ad</strong></span> <span class='ocrx_word' id='word_1_217' title='bbox 3676 1402 3785 1443; x_wconf 69' lang='lat' dir='ltr'><strong>eum</strong></span> 
     </span>
    </p>
   </div>
   <div class='ocr_carea' id='block_1_29' title="bbox 2063 1470 3779 1545">
    <p class='ocr_par' dir='ltr' id='par_1_29' title="bbox 2063 1470 3779 1545">
     <span class='ocr_line' id='line_1_29' title="bbox 2063 1470 3779 1545; baseline 0.003 -18"><span class='ocrx_word' id='word_1_218' title='bbox 2063 1475 2319 1538; x_wconf 79' lang='lat' dir='ltr'><strong>mitteret,</strong></span> <span class='ocrx_word' id='word_1_219' title='bbox 2349 1488 2454 1541; x_wconf 89' lang='lat' dir='ltr'><strong>quo</strong></span> <span class='ocrx_word' id='word_1_220' title='bbox 2486 1471 2661 1540; x_wconf 82' lang='lat' dir='ltr'><strong>magis</strong></span> <span class='ocrx_word' id='word_1_221' title='bbox 2710 1470 2979 1539; x_wconf 80' lang='lat' dir='ltr'><strong>fatigaret</strong></span> <span class='ocrx_word' id='word_1_222' title='bbox 3042 1477 3105 1520; x_wconf 92' lang='lat' dir='ltr'><strong>et</strong></span> <span class='ocrx_word' id='word_1_223' title='bbox 3160 1478 3323 1519; x_wconf 84' lang='lat' dir='ltr'><strong>eum</strong></span> <span class='ocrx_word' id='word_1_224' title='bbox 3431 1470 3779 1545; x_wconf 78' lang='lat' dir='ltr'><strong>interﬁceret,</strong></span> 
     </span>
    </p>
   </div>
   <div class='ocr_carea' id='block_1_30' title="bbox 2063 1560 3783 1631">
    <p class='ocr_par' dir='ltr' id='par_1_30' title="bbox 2063 1560 3783 1631">
     <span class='ocr_line' id='line_1_30' title="bbox 2063 1560 3783 1631; baseline 0.004 -13"><span class='ocrx_word' id='word_1_225' title='bbox 2063 1574 2120 1618; x_wconf 91' lang='lat' dir='ltr'><strong>ut</strong></span> <span class='ocrx_word' id='word_1_226' title='bbox 2144 1574 2384 1631; x_wconf 88' lang='lat' dir='ltr'><strong>tempore</strong></span> <span class='ocrx_word' id='word_1_227' title='bbox 2409 1562 2763 1616; x_wconf 91' lang='lat' dir='ltr'><strong>comestionis</strong></span> <span class='ocrx_word' id='word_1_228' title='bbox 2793 1575 2859 1613; x_wconf 92' lang='lat' dir='ltr'><strong>ac</strong></span> <span class='ocrx_word' id='word_1_229' title='bbox 2890 1568 3070 1628; x_wconf 80' lang='lat' dir='ltr'><strong>potus</strong></span> <span class='ocrx_word' id='word_1_230' title='bbox 3102 1567 3319 1623; x_wconf 86' lang='lat' dir='ltr'><strong>atque</strong></span> <span class='ocrx_word' id='word_1_231' title='bbox 3404 1560 3783 1628; x_wconf 78' lang='lat' dir='ltr'><strong>jucunditatis</strong></span> 
     </span>
    </p>
   </div>
   <div class='ocr_carea' id='block_1_31' title="bbox 2066 1645 3775 1714">
    <p class='ocr_par' dir='ltr' id='par_1_31' title="bbox 2066 1645 3775 1714">
     <span class='ocr_line' id='line_1_31' title="bbox 2066 1645 3775 1714; baseline -0.002 -9"><span class='ocrx_word' id='word_1_232' title='bbox 2066 1653 2245 1706; x_wconf 85' lang='lat' dir='ltr'><strong>tristes</strong></span> <span class='ocrx_word' id='word_1_233' title='bbox 2280 1654 2498 1705; x_wconf 89' lang='lat' dir='ltr'><strong>nuntios</strong></span> <span class='ocrx_word' id='word_1_234' title='bbox 2530 1651 2797 1705; x_wconf 88' lang='lat' dir='ltr'><strong>mittendo</strong></span> <span class='ocrx_word' id='word_1_235' title='bbox 2827 1650 3086 1703; x_wconf 87' lang='lat' dir='ltr'><strong>deﬁcere</strong></span> <span class='ocrx_word' id='word_1_236' title='bbox 3118 1648 3311 1701; x_wconf 82' lang='lat' dir='ltr'><strong>illum</strong></span> <span class='ocrx_word' id='word_1_237' title='bbox 3338 1645 3393 1712; x_wconf 68' lang='grc' dir='ltr'><strong>,ἰ</strong></span> <span class='ocrx_word' id='word_1_238' title='bbox 3421 1663 3613 1708; x_wconf 88' lang='lat' dir='ltr'><strong>ustum</strong></span> <span class='ocrx_word' id='word_1_239' title='bbox 3643 1658 3775 1714; x_wconf 81' lang='lat' dir='ltr'><strong>face-</strong></span> 
     </span>
    </p>
   </div>
   <div class='ocr_carea' id='block_1_32' title="bbox 2065 1734 3775 1810">
    <p class='ocr_par' dir='ltr' id='par_1_32' title="bbox 2065 1734 3775 1810">
     <span class='ocr_line' id='line_1_32' title="bbox 2065 1734 3775 1810; baseline 0.001 -16"><span class='ocrx_word' id='word_1_240' title='bbox 2065 1750 2163 1794; x_wconf 83' lang='lat' dir='ltr'><strong>ret.</strong></span> <span class='ocrx_word' id='word_1_241' title='bbox 2187 1741 2309 1795; x_wconf 69' lang='lat' dir='ltr'><strong>llzec</strong></span> <span class='ocrx_word' id='word_1_242' title='bbox 2340 1757 2573 1810; x_wconf 79' lang='lat' dir='ltr'><strong>namque</strong></span> <span class='ocrx_word' id='word_1_243' title='bbox 2603 1744 3000 1795; x_wconf 87' lang='lat' dir='ltr'><strong>demonstrans</strong></span> <span class='ocrx_word' id='word_1_244' title='bbox 3040 1738 3197 1792; x_wconf 89' lang='lat' dir='ltr'><strong>dicit</strong></span> <span class='ocrx_word' id='word_1_245' title='bbox 3232 1753 3257 1790; x_wconf 89' lang='lat'><strong><em>:</em></strong></span> <span class='ocrx_word' id='word_1_246' title='bbox 3304 1734 3510 1797; x_wconf 70' lang='lat' dir='ltr'><strong>Ecce</strong></span> <span class='ocrx_word' id='word_1_247' title='bbox 3564 1753 3775 1805; x_wconf 63' lang='lat' dir='ltr'><strong>nuntia;</strong></span> 
     </span>
    </p>
   </div>
   <div class='ocr_carea' id='block_1_33' title="bbox 438 1825 3766 1909">
    <p class='ocr_par' dir='ltr' id='par_1_33' title="bbox 438 1825 3766 1909">
     <span class='ocr_line' id='line_1_33' title="bbox 438 1825 3766 1909; baseline -0.001 -14"><span class='ocrx_word' id='word_1_248' title='bbox 438 1845 624 1907; x_wconf 82' lang='lat' dir='ltr'><strong>fretus,</strong></span> <span class='ocrx_word' id='word_1_249' title='bbox 651 1844 702 1895; x_wconf 91' lang='lat' dir='ltr'><strong>in</strong></span> <span class='ocrx_word' id='word_1_250' title='bbox 733 1857 835 1909; x_wconf 89' lang='lat' dir='ltr'><strong>qua</strong></span> <span class='ocrx_word' id='word_1_251' title='bbox 858 1841 946 1894; x_wconf 90' lang='lat' dir='ltr'><strong>die</strong></span> <span class='ocrx_word' id='word_1_252' title='bbox 972 1840 1212 1895; x_wconf 86' lang='lat' dir='ltr'><strong>diabolus</strong></span> <span class='ocrx_word' id='word_1_253' title='bbox 1238 1841 1577 1894; x_wconf 86' lang='lat' dir='ltr'><strong>innocentum</strong></span> <span class='ocrx_word' id='word_1_254' title='bbox 1623 1849 1841 1893; x_wconf 88' lang='lat' dir='ltr'><strong>mortem</strong></span> <span class='ocrx_word' id='word_1_255' title='bbox 1888 1839 1963 1890; x_wconf 90' lang='lat' dir='ltr'><strong>fa-</strong></span> <span class='ocrx_word' id='word_1_256' title='bbox 1996 1827 2035 1880; x_wconf 81' lang='grc' dir='ltr'><strong>Β</strong></span> <span class='ocrx_word' id='word_1_257' title='bbox 2066 1830 2201 1884; x_wconf 71' lang='lat' dir='ltr'><strong>venit</strong></span> <span class='ocrx_word' id='word_1_258' title='bbox 2234 1831 2302 1880; x_wconf 81' lang='lat' dir='ltr'><strong>ad</strong></span> <span class='ocrx_word' id='word_1_259' title='bbox 2323 1829 2423 1882; x_wconf 86' lang='lat' dir='ltr'><strong>Job</strong></span> <span class='ocrx_word' id='word_1_260' title='bbox 2450 1829 2515 1896; x_wconf 80' lang='grc'><strong>’⁸,</strong></span> <span class='ocrx_word' id='word_1_261' title='bbox 2544 1829 2792 1884; x_wconf 84' lang='lat' dir='ltr'><strong>dolorum</strong></span> <span class='ocrx_word' id='word_1_262' title='bbox 2829 1837 3006 1895; x_wconf 88' lang='lat' dir='ltr'><strong>atque</strong></span> <span class='ocrx_word' id='word_1_263' title='bbox 3060 1825 3363 1894; x_wconf 78' lang='lat' dir='ltr'><strong>gemituu</strong></span> <span class='ocrx_word' id='word_1_264' title='bbox 3401 1846 3459 1882; x_wconf 93' lang='lat' dir='ltr'><strong>m</strong></span> <span class='ocrx_word' id='word_1_265' title='bbox 3530 1839 3766 1899; x_wconf 86' lang='lat' dir='ltr'><strong>nuntius.</strong></span> 
     </span>
    </p>
   </div>
   <div class='ocr_carea' id='block_1_34' title="bbox 435 1928 1960 1998">
    <p class='ocr_par' dir='ltr' id='par_1_34' title="bbox 435 1928 1960 1998">
     <span class='ocr_line' id='line_1_34' title="bbox 435 1928 1960 1998; baseline -0.005 -11"><span class='ocrx_word' id='word_1_266' title='bbox 435 1935 668 1987; x_wconf 87' lang='lat' dir='ltr'><strong>bricatus</strong></span> <span class='ocrx_word' id='word_1_267' title='bbox 699 1941 779 1985; x_wconf 90' lang='lat' dir='ltr'><strong>est</strong></span> <span class='ocrx_word' id='word_1_268' title='bbox 810 1950 821 1985; x_wconf 96' lang='lat'>:</span> <span class='ocrx_word' id='word_1_269' title='bbox 851 1930 915 1983; x_wconf 86' lang='lat' dir='ltr'><strong>Et</strong></span> <span class='ocrx_word' id='word_1_270' title='bbox 946 1930 1138 1998; x_wconf 77' lang='lat' dir='ltr'><strong>factum</strong></span> <span class='ocrx_word' id='word_1_271' title='bbox 1167 1939 1244 1983; x_wconf 77' lang='lat' dir='ltr'><strong>est</strong></span> <span class='ocrx_word' id='word_1_272' title='bbox 1287 1931 1432 1998; x_wconf 80' lang='lat' dir='ltr'><strong>quasi</strong></span> <span class='ocrx_word' id='word_1_273' title='bbox 1461 1930 1566 1981; x_wconf 81' lang='lat' dir='ltr'><strong>dies</strong></span> <span class='ocrx_word' id='word_1_274' title='bbox 1605 1929 1720 1989; x_wconf 82' lang='lat' dir='ltr'><strong>illa,</strong></span> <span class='ocrx_word' id='word_1_275' title='bbox 1756 1928 1804 1980; x_wconf 93' lang='lat' dir='ltr'><strong>in</strong></span> <span class='ocrx_word' id='word_1_276' title='bbox 1858 1942 1960 1994; x_wconf 89' lang='lat' dir='ltr'><strong>qua</strong></span> 
     </span>
    </p>
   </div>
   <div class='ocr_carea' id='block_1_35' title="bbox 437 2018 1959 2090">
    <p class='ocr_par' dir='ltr' id='par_1_35' title="bbox 437 2018 1959 2090">
     <span class='ocr_line' id='line_1_35' title="bbox 437 2018 1959 2090; baseline -0.004 -15"><span class='ocrx_word' id='word_1_277' title='bbox 437 2023 674 2075; x_wconf 83' lang='lat' dir='ltr'><strong>diabolus</strong></span> <span class='ocrx_word' id='word_1_278' title='bbox 712 2022 925 2090; x_wconf 80' lang='lat' dir='ltr'><strong>gavisus</strong></span> <span class='ocrx_word' id='word_1_279' title='bbox 956 2031 1057 2083; x_wconf 90' lang='lat' dir='ltr'><strong>est,</strong></span> <span class='ocrx_word' id='word_1_280' title='bbox 1087 2020 1175 2088; x_wconf 90' lang='lat' dir='ltr'><strong>qui</strong></span> <span class='ocrx_word' id='word_1_281' title='bbox 1222 2035 1492 2088; x_wconf 83' lang='lat' dir='ltr'><strong>nunquam</strong></span> <span class='ocrx_word' id='word_1_282' title='bbox 1530 2030 1609 2072; x_wconf 87' lang='lat' dir='ltr'><strong>est</strong></span> <span class='ocrx_word' id='word_1_283' title='bbox 1641 2019 1870 2087; x_wconf 80' lang='lat' dir='ltr'><strong>gavisus,</strong></span> <span class='ocrx_word' id='word_1_284' title='bbox 1908 2018 1959 2070; x_wconf 92' lang='lat' dir='ltr'><strong>in</strong></span> 
     </span>
    </p>
   </div>
   <div class='ocr_carea' id='block_1_36' title="bbox 435 2108 1961 2181">
    <p class='ocr_par' dir='ltr' id='par_1_36' title="bbox 435 2108 1961 2181">
     <span class='ocr_line' id='line_1_36' title="bbox 435 2108 1961 2181; baseline -0.002 -17"><span class='ocrx_word' id='word_1_285' title='bbox 435 2126 538 2181; x_wconf 90' lang='lat' dir='ltr'><strong>qua</strong></span> <span class='ocrx_word' id='word_1_286' title='bbox 575 2112 838 2181; x_wconf 76' lang='lat' dir='ltr'><strong>malignus</strong></span> <span class='ocrx_word' id='word_1_287' title='bbox 878 2110 1182 2173; x_wconf 81' lang='lat' dir='ltr'><strong>exsultavit,</strong></span> <span class='ocrx_word' id='word_1_288' title='bbox 1213 2111 1300 2177; x_wconf 89' lang='lat' dir='ltr'><strong>qui</strong></span> <span class='ocrx_word' id='word_1_289' title='bbox 1359 2123 1624 2175; x_wconf 89' lang='lat' dir='ltr'><strong>nunquam</strong></span> <span class='ocrx_word' id='word_1_290' title='bbox 1694 2108 1961 2161; x_wconf 76' lang='lat' dir='ltr'><strong>exsultare</strong></span> 
     </span>
    </p>
   </div>
   <div class='ocr_carea' id='block_1_37' title="bbox 434 2196 1959 2270">
    <p class='ocr_par' dir='ltr' id='par_1_37' title="bbox 434 2196 1959 2270">
     <span class='ocr_line' id='line_1_37' title="bbox 434 2196 1959 2270; baseline -0.005 -15"><span class='ocrx_word' id='word_1_291' title='bbox 434 2210 519 2255; x_wconf 87' lang='lat' dir='ltr'><strong>est</strong></span> <span class='ocrx_word' id='word_1_292' title='bbox 549 2201 941 2270; x_wconf 90' lang='lat' dir='ltr'><strong>comprobatus.</strong></span> <span class='ocrx_word' id='word_1_293' title='bbox 976 2198 1106 2253; x_wconf 90' lang='lat' dir='ltr'><strong>Nam</strong></span> <span class='ocrx_word' id='word_1_294' title='bbox 1146 2198 1550 2252; x_wconf 80' lang='lat' dir='ltr'><strong>exsultationem</strong></span> <span class='ocrx_word' id='word_1_295' title='bbox 1583 2196 1727 2250; x_wconf 89' lang='lat' dir='ltr'><strong>ducit</strong></span> <span class='ocrx_word' id='word_1_296' title='bbox 1777 2212 1959 2249; x_wconf 79' lang='lat' dir='ltr'><strong>eorum</strong></span> 
     </span>
    </p>
   </div>
   <div class='ocr_carea' id='block_1_38' title="bbox 436 2284 1959 2357">
    <p class='ocr_par' dir='ltr' id='par_1_38' title="bbox 436 2284 1959 2357">
     <span class='ocr_line' id='line_1_38' title="bbox 436 2284 1959 2357; baseline -0.004 -14"><span class='ocrx_word' id='word_1_297' title='bbox 436 2291 526 2356; x_wconf 87' lang='lat' dir='ltr'><strong>qui</strong></span> <span class='ocrx_word' id='word_1_298' title='bbox 553 2300 677 2343; x_wconf 92' lang='lat' dir='ltr'><strong>sunt</strong></span> <span class='ocrx_word' id='word_1_299' title='bbox 703 2288 1075 2357; x_wconf 88' lang='lat' dir='ltr'><strong>perditionem,</strong></span> <span class='ocrx_word' id='word_1_300' title='bbox 1101 2297 1259 2353; x_wconf 88' lang='lat' dir='ltr'><strong>atque</strong></span> <span class='ocrx_word' id='word_1_301' title='bbox 1302 2288 1535 2339; x_wconf 88' lang='lat' dir='ltr'><strong>vivorum</strong></span> <span class='ocrx_word' id='word_1_302' title='bbox 1597 2284 1959 2337; x_wconf 74' lang='lat' dir='ltr'><strong>mortiﬁcatio-</strong></span> 
     </span>
    </p>
   </div>
   <div class='ocr_carea' id='block_1_39' title="bbox 438 2373 1959 2448">
    <p class='ocr_par' dir='ltr' id='par_1_39' title="bbox 438 2373 1959 2448">
     <span class='ocr_line' id='line_1_39' title="bbox 438 2373 1959 2448; baseline -0.007 -15"><span class='ocrx_word' id='word_1_303' title='bbox 438 2396 577 2448; x_wconf 75' lang='lat' dir='ltr'><strong>nem.</strong></span> <span class='ocrx_word' id='word_1_304' title='bbox 608 2378 673 2431; x_wconf 88' lang='lat' dir='ltr'><strong>Et</strong></span> <span class='ocrx_word' id='word_1_305' title='bbox 695 2379 887 2445; x_wconf 76' lang='lat' dir='ltr'><strong>factum</strong></span> <span class='ocrx_word' id='word_1_306' title='bbox 912 2388 985 2431; x_wconf 79' lang='lat' dir='ltr'><strong>est</strong></span> <span class='ocrx_word' id='word_1_307' title='bbox 1008 2380 1135 2430; x_wconf 86' lang='lat' dir='ltr'><strong>sicut</strong></span> <span class='ocrx_word' id='word_1_308' title='bbox 1163 2378 1254 2429; x_wconf 86' lang='lat' dir='ltr'><strong>illa</strong></span> <span class='ocrx_word' id='word_1_309' title='bbox 1304 2377 1432 2428; x_wconf 78' lang='lat' dir='ltr'><strong>dies.</strong></span> <span class='ocrx_word' id='word_1_310' title='bbox 1487 2375 1619 2440; x_wconf 60' lang='lat' dir='ltr'><strong>Quae</strong></span> <span class='ocrx_word' id='word_1_311' title='bbox 1656 2374 1809 2427; x_wconf 88' lang='lat' dir='ltr'><strong>dies?</strong></span> <span class='ocrx_word' id='word_1_312' title='bbox 1849 2373 1959 2436; x_wconf 88' lang='lat' dir='ltr'><strong>Illa,</strong></span> 
     </span>
    </p>
   </div>
   <div class='ocr_carea' id='block_1_40' title="bbox 437 2465 1961 2539">
    <p class='ocr_par' dir='ltr' id='par_1_40' title="bbox 437 2465 1961 2539">
     <span class='ocr_line' id='line_1_40' title="bbox 437 2465 1961 2539; baseline -0.005 -16"><span class='ocrx_word' id='word_1_313' title='bbox 437 2470 631 2539; x_wconf 90' lang='lat' dir='ltr'><strong>inquit,</strong></span> <span class='ocrx_word' id='word_1_314' title='bbox 661 2469 773 2521; x_wconf 87' lang='lat' dir='ltr'><strong>dies</strong></span> <span class='ocrx_word' id='word_1_315' title='bbox 803 2470 853 2521; x_wconf 92' lang='lat' dir='ltr'><strong>in</strong></span> <span class='ocrx_word' id='word_1_316' title='bbox 874 2483 978 2536; x_wconf 88' lang='lat' dir='ltr'><strong>qua</strong></span> <span class='ocrx_word' id='word_1_317' title='bbox 999 2467 1089 2520; x_wconf 91' lang='lat' dir='ltr'><strong>ﬁlii</strong></span> <span class='ocrx_word' id='word_1_318' title='bbox 1119 2465 1218 2520; x_wconf 93' lang='lat' dir='ltr'><strong>Job</strong></span> <span class='ocrx_word' id='word_1_319' title='bbox 1242 2477 1296 2520; x_wconf 91' lang='lat' dir='ltr'><strong>et</strong></span> <span class='ocrx_word' id='word_1_320' title='bbox 1319 2466 1438 2519; x_wconf 83' lang='lat' dir='ltr'><strong>ﬁliae</strong></span> <span class='ocrx_word' id='word_1_321' title='bbox 1467 2466 1807 2519; x_wconf 87' lang='lat' dir='ltr'><strong>novissimum</strong></span> <span class='ocrx_word' id='word_1_322' title='bbox 1838 2465 1961 2517; x_wconf 91' lang='lat' dir='ltr'><strong>illud</strong></span> 
     </span>
    </p>
   </div>
   <div class='ocr_carea' id='block_1_41' title="bbox 436 2555 1964 2626">
    <p class='ocr_par' dir='ltr' id='par_1_41' title="bbox 436 2555 1964 2626">
     <span class='ocr_line' id='line_1_41' title="bbox 436 2555 1964 2626; baseline -0.004 -13"><span class='ocrx_word' id='word_1_323' title='bbox 436 2559 801 2613; x_wconf 89' lang='lat' dir='ltr'><strong>unanimitatis</strong></span> <span class='ocrx_word' id='word_1_324' title='bbox 830 2569 987 2626; x_wconf 90' lang='lat' dir='ltr'><strong>atque</strong></span> <span class='ocrx_word' id='word_1_325' title='bbox 1001 2557 1303 2611; x_wconf 68' lang='lat' dir='ltr'><strong>concordiae</strong></span> <span class='ocrx_word' id='word_1_326' title='bbox 1328 2556 1606 2624; x_wconf 88' lang='lat' dir='ltr'><strong>prandium</strong></span> <span class='ocrx_word' id='word_1_327' title='bbox 1636 2555 1964 2622; x_wconf 82' lang='lat' dir='ltr'><strong>pranderunt</strong></span> 
     </span>
    </p>
   </div>
   <div class='ocr_carea' id='block_1_42' title="bbox 436 2647 1964 2719">
    <p class='ocr_par' dir='ltr' id='par_1_42' title="bbox 436 2647 1964 2719">
     <span class='ocr_line' id='line_1_42' title="bbox 436 2647 1964 2719; baseline -0.005 -15"><span class='ocrx_word' id='word_1_328' title='bbox 436 2665 595 2719; x_wconf 88' lang='lat' dir='ltr'><strong>super</strong></span> <span class='ocrx_word' id='word_1_329' title='bbox 622 2659 838 2703; x_wconf 89' lang='lat' dir='ltr'><strong>terram.</strong></span> <span class='ocrx_word' id='word_1_330' title='bbox 872 2648 925 2700; x_wconf 91' lang='lat' dir='ltr'><strong>lu</strong></span> <span class='ocrx_word' id='word_1_331' title='bbox 962 2647 1370 2713; x_wconf 76' lang='lat' dir='ltr'><strong>ctelisnamque</strong></span> <span class='ocrx_word' id='word_1_332' title='bbox 1418 2655 1627 2698; x_wconf 66' lang='lat' dir='ltr'><strong>(eterna:</strong></span> <span class='ocrx_word' id='word_1_333' title='bbox 1668 2647 1848 2715; x_wconf 64' lang='lat' dir='ltr'><strong>gloriae</strong></span> <span class='ocrx_word' id='word_1_334' title='bbox 1911 2654 1964 2699; x_wconf 90' lang='lat' dir='ltr'><strong>et</strong></span> 
     </span>
    </p>
   </div>
   <div class='ocr_carea' id='block_1_43' title="bbox 438 2734 1960 2806">
    <p class='ocr_par' dir='ltr' id='par_1_43' title="bbox 438 2734 1960 2806">
     <span class='ocr_line' id='line_1_43' title="bbox 438 2734 1960 2806; baseline -0.002 -14"><span class='ocrx_word' id='word_1_335' title='bbox 438 2737 857 2806; x_wconf 90' lang='lat' dir='ltr'><strong>incorruptibilis</strong></span> <span class='ocrx_word' id='word_1_336' title='bbox 885 2736 1212 2790; x_wconf 88' lang='lat' dir='ltr'><strong>beatitudine</strong></span> <span class='ocrx_word' id='word_1_337' title='bbox 1248 2736 1448 2802; x_wconf 85' lang='lat' dir='ltr'><strong>pariter</strong></span> <span class='ocrx_word' id='word_1_338' title='bbox 1510 2734 1773 2787; x_wconf 87' lang='lat' dir='ltr'><strong>fruuntur.</strong></span> <span class='ocrx_word' id='word_1_339' title='bbox 1813 2736 1960 2801; x_wconf 83' lang='lat' dir='ltr'><strong>Quod</strong></span> 
     </span>
    </p>
   </div>
   <div class='ocr_carea' id='block_1_44' title="bbox 438 2825 1961 2893">
    <p class='ocr_par' dir='ltr' id='par_1_44' title="bbox 438 2825 1961 2893">
     <span class='ocr_line' id='line_1_44' title="bbox 438 2825 1961 2893; baseline -0.002 -14"><span class='ocrx_word' id='word_1_340' title='bbox 438 2838 613 2881; x_wconf 89' lang='lat' dir='ltr'><strong>autem</strong></span> <span class='ocrx_word' id='word_1_341' title='bbox 640 2825 989 2880; x_wconf 63' lang='lat' dir='ltr'><strong>novissimum</strong></span> <span class='ocrx_word' id='word_1_342' title='bbox 1017 2825 1292 2893; x_wconf 90' lang='lat' dir='ltr'><strong>prandium</strong></span> <span class='ocrx_word' id='word_1_343' title='bbox 1328 2834 1450 2876; x_wconf 90' lang='lat' dir='ltr'><strong>tunc</strong></span> <span class='ocrx_word' id='word_1_344' title='bbox 1472 2825 1522 2876; x_wconf 91' lang='lat' dir='ltr'><strong>in</strong></span> <span class='ocrx_word' id='word_1_345' title='bbox 1559 2839 1779 2890; x_wconf 85' lang='lat' dir='ltr'><strong>corpore</strong></span> <span class='ocrx_word' id='word_1_346' title='bbox 1803 2840 1961 2893; x_wconf 87' lang='lat' dir='ltr'><strong>pran-</strong></span> 
     </span>
    </p>
   </div>
   <div class='ocr_carea' id='block_1_45' title="bbox 436 2912 1963 2981">
    <p class='ocr_par' dir='ltr' id='par_1_45' title="bbox 436 2912 1963 2981">
     <span class='ocr_line' id='line_1_45' title="bbox 436 2912 1963 2981; baseline -0.002 -13"><span class='ocrx_word' id='word_1_347' title='bbox 436 2915 645 2977; x_wconf 90' lang='lat' dir='ltr'><strong>derunt,</strong></span> <span class='ocrx_word' id='word_1_348' title='bbox 669 2929 789 2966; x_wconf 84' lang='lat' dir='ltr'><strong>mox</strong></span> <span class='ocrx_word' id='word_1_349' title='bbox 818 2914 1201 2981; x_wconf 88' lang='lat' dir='ltr'><strong>subsequenter</strong></span> <span class='ocrx_word' id='word_1_350' title='bbox 1237 2913 1486 2977; x_wconf 84' lang='lat' dir='ltr'><strong>ostendit,</strong></span> <span class='ocrx_word' id='word_1_351' title='bbox 1518 2914 1735 2967; x_wconf 88' lang='lat' dir='ltr'><strong>dicens:</strong></span> <span class='ocrx_word' id='word_1_352' title='bbox 1765 2912 1830 2965; x_wconf 84' lang='lat' dir='ltr'><strong>Et</strong></span> <span class='ocrx_word' id='word_1_353' title='bbox 1867 2913 1963 2981; x_wconf 80' lang='lat' dir='ltr'><strong>ﬁlii</strong></span> 
     </span>
    </p>
   </div>
   <div class='ocr_carea' id='block_1_46' title="bbox 434 3003 1963 3072">
    <p class='ocr_par' dir='ltr' id='par_1_46' title="bbox 434 3003 1963 3072">
     <span class='ocr_line' id='line_1_46' title="bbox 434 3003 1963 3072; baseline -0.001 -14"><span class='ocrx_word' id='word_1_354' title='bbox 434 3006 535 3059; x_wconf 89' lang='lat' dir='ltr'><strong>Job</strong></span> <span class='ocrx_word' id='word_1_355' title='bbox 558 3015 605 3059; x_wconf 85' lang='lat' dir='ltr'><strong>et</strong></span> <span class='ocrx_word' id='word_1_356' title='bbox 638 3006 759 3072; x_wconf 71' lang='lat' dir='ltr'><strong>ﬁlice</strong></span> <span class='ocrx_word' id='word_1_357' title='bbox 776 3004 1153 3057; x_wconf 84' lang='lat' dir='ltr'><strong>manducabant</strong></span> <span class='ocrx_word' id='word_1_358' title='bbox 1180 3013 1226 3055; x_wconf 88' lang='lat' dir='ltr'><strong>et</strong></span> <span class='ocrx_word' id='word_1_359' title='bbox 1268 3003 1497 3055; x_wconf 83' lang='lat' dir='ltr'><strong>bibebant</strong></span> <span class='ocrx_word' id='word_1_360' title='bbox 1526 3005 1579 3055; x_wconf 89' lang='lat' dir='ltr'><strong>in</strong></span> <span class='ocrx_word' id='word_1_361' title='bbox 1608 3005 1757 3056; x_wconf 87' lang='lat' dir='ltr'><strong>domo</strong></span> <span class='ocrx_word' id='word_1_362' title='bbox 1784 3004 1963 3072; x_wconf 75' lang='lat' dir='ltr'><strong>fratris</strong></span> 
     </span>
    </p>
   </div>
   <div class='ocr_carea' id='block_1_47' title="bbox 436 3091 1964 3163">
    <p class='ocr_par' dir='ltr' id='par_1_47' title="bbox 436 3091 1964 3163">
     <span class='ocr_line' id='line_1_47' title="bbox 436 3091 1964 3163; baseline -0.001 -14"><span class='ocrx_word' id='word_1_363' title='bbox 436 3098 518 3149; x_wconf 74' lang='lat' dir='ltr'><strong>sui</strong></span> <span class='ocrx_word' id='word_1_364' title='bbox 543 3095 760 3163; x_wconf 86' lang='lat' dir='ltr'><strong>majoris</strong></span> <span class='ocrx_word' id='word_1_365' title='bbox 778 3094 843 3159; x_wconf 76' lang='lat'><strong>&quot;,</strong></span> <span class='ocrx_word' id='word_1_366' title='bbox 875 3108 937 3147; x_wconf 91' lang='lat' dir='ltr'><strong>ac</strong></span> <span class='ocrx_word' id='word_1_367' title='bbox 958 3092 1113 3146; x_wconf 86' lang='lat' dir='ltr'><strong>veluti</strong></span> <span class='ocrx_word' id='word_1_368' title='bbox 1137 3092 1340 3161; x_wconf 82' lang='lat' dir='ltr'><strong>parvuli</strong></span> <span class='ocrx_word' id='word_1_369' title='bbox 1366 3091 1596 3146; x_wconf 81' lang='lat' dir='ltr'><strong>infantes</strong></span> <span class='ocrx_word' id='word_1_370' title='bbox 1623 3095 1775 3148; x_wconf 89' lang='lat' dir='ltr'><strong>malis</strong></span> <span class='ocrx_word' id='word_1_371' title='bbox 1792 3096 1964 3149; x_wconf 89' lang='lat' dir='ltr'><strong>omni-</strong></span> 
     </span>
    </p>
   </div>
   <div class='ocr_carea' id='block_1_48' title="bbox 439 3183 1967 3254">
    <p class='ocr_par' dir='ltr' id='par_1_48' title="bbox 439 3183 1967 3254">
     <span class='ocr_line' id='line_1_48' title="bbox 439 3183 1967 3254; baseline -0.001 -15"><span class='ocrx_word' id='word_1_372' title='bbox 439 3186 535 3240; x_wconf 91' lang='lat' dir='ltr'><strong>bus</strong></span> <span class='ocrx_word' id='word_1_373' title='bbox 560 3194 825 3254; x_wconf 84' lang='lat' dir='ltr'><strong>expertes,</strong></span> <span class='ocrx_word' id='word_1_374' title='bbox 846 3184 1003 3239; x_wconf 88' lang='lat' dir='ltr'><strong>simul</strong></span> <span class='ocrx_word' id='word_1_375' title='bbox 1030 3184 1213 3237; x_wconf 89' lang='lat' dir='ltr'><strong>sedent</strong></span> <span class='ocrx_word' id='word_1_376' title='bbox 1238 3191 1289 3237; x_wconf 87' lang='lat' dir='ltr'><strong>et</strong></span> <span class='ocrx_word' id='word_1_377' title='bbox 1317 3193 1458 3237; x_wconf 89' lang='lat' dir='ltr'><strong>stant</strong></span> <span class='ocrx_word' id='word_1_378' title='bbox 1475 3222 1491 3247; x_wconf 87' lang='lat'><strong>,</strong></span> <span class='ocrx_word' id='word_1_379' title='bbox 1532 3184 1684 3237; x_wconf 90' lang='lat' dir='ltr'><strong>simul</strong></span> <span class='ocrx_word' id='word_1_380' title='bbox 1708 3194 1761 3237; x_wconf 89' lang='lat' dir='ltr'><strong>et</strong></span> <span class='ocrx_word' id='word_1_381' title='bbox 1783 3183 1967 3238; x_wconf 90' lang='lat' dir='ltr'><strong>ludunt</strong></span> 
     </span>
    </p>
   </div>
   <div class='ocr_carea' id='block_1_49' title="bbox 437 3272 1969 3342">
    <p class='ocr_par' dir='ltr' id='par_1_49' title="bbox 437 3272 1969 3342">
     <span class='ocr_line' id='line_1_49' title="bbox 437 3272 1969 3342; baseline -0.002 -13"><span class='ocrx_word' id='word_1_382' title='bbox 437 3285 492 3329; x_wconf 92' lang='lat' dir='ltr'><strong>et</strong></span> <span class='ocrx_word' id='word_1_383' title='bbox 520 3276 728 3339; x_wconf 88' lang='lat' dir='ltr'><strong>bibunt,</strong></span> <span class='ocrx_word' id='word_1_384' title='bbox 782 3289 881 3328; x_wconf 88' lang='lat' dir='ltr'><strong>nec</strong></span> <span class='ocrx_word' id='word_1_385' title='bbox 941 3273 1226 3342; x_wconf 88' lang='lat' dir='ltr'><strong>quidquam</strong></span> <span class='ocrx_word' id='word_1_386' title='bbox 1273 3272 1420 3338; x_wconf 85' lang='lat' dir='ltr'><strong>mali,</strong></span> <span class='ocrx_word' id='word_1_387' title='bbox 1471 3283 1563 3325; x_wconf 91' lang='lat' dir='ltr'><strong>aut</strong></span> <span class='ocrx_word' id='word_1_388' title='bbox 1621 3272 1811 3337; x_wconf 87' lang='lat' dir='ltr'><strong>illiciti,</strong></span> <span class='ocrx_word' id='word_1_389' title='bbox 1875 3282 1969 3327; x_wconf 89' lang='lat' dir='ltr'><strong>aut</strong></span> 
     </span>
    </p>
   </div>
   <div class='ocr_carea' id='block_1_50' title="bbox 437 3360 1966 3430">
    <p class='ocr_par' dir='ltr' id='par_1_50' title="bbox 437 3360 1966 3430">
     <span class='ocr_line' id='line_1_50' title="bbox 437 3360 1966 3430; baseline -0.005 -10"><span class='ocrx_word' id='word_1_390' title='bbox 437 3365 596 3420; x_wconf 89' lang='lat' dir='ltr'><strong>etiam</strong></span> <span class='ocrx_word' id='word_1_391' title='bbox 629 3364 844 3418; x_wconf 89' lang='lat' dir='ltr'><strong>obsceni</strong></span> <span class='ocrx_word' id='word_1_392' title='bbox 885 3362 949 3415; x_wconf 94' lang='lat' dir='ltr'><strong>de</strong></span> <span class='ocrx_word' id='word_1_393' title='bbox 981 3361 1201 3415; x_wconf 90' lang='lat' dir='ltr'><strong>invicem</strong></span> <span class='ocrx_word' id='word_1_394' title='bbox 1229 3360 1293 3414; x_wconf 89' lang='lat' dir='ltr'><strong>ad</strong></span> <span class='ocrx_word' id='word_1_395' title='bbox 1321 3362 1547 3415; x_wconf 88' lang='lat' dir='ltr'><strong>invicem</strong></span> <span class='ocrx_word' id='word_1_396' title='bbox 1591 3362 1819 3430; x_wconf 80' lang='lat' dir='ltr'><strong>cogitant</strong></span> <span class='ocrx_word' id='word_1_397' title='bbox 1850 3380 1865 3416; x_wconf 85' lang='lat'><strong>:</strong></span> <span class='ocrx_word' id='word_1_398' title='bbox 1896 3362 1966 3414; x_wconf 91' lang='lat' dir='ltr'><strong>ita</strong></span> 
     </span>
    </p>
   </div>
   <div class='ocr_carea' id='block_1_51' title="bbox 436 3448 1969 3508">
    <p class='ocr_par' dir='ltr' id='par_1_51' title="bbox 436 3448 1969 3508">
     <span class='ocr_line' id='line_1_51' title="bbox 436 3448 1969 3508; baseline -0.003 0"><span class='ocrx_word' id='word_1_399' title='bbox 436 3462 493 3508; x_wconf 82' lang='lat' dir='ltr'><strong>et</strong></span> <span class='ocrx_word' id='word_1_400' title='bbox 523 3452 818 3507; x_wconf 88' lang='lat' dir='ltr'><strong>beatissimi</strong></span> <span class='ocrx_word' id='word_1_401' title='bbox 856 3449 946 3502; x_wconf 90' lang='lat' dir='ltr'><strong>ﬁlii</strong></span> <span class='ocrx_word' id='word_1_402' title='bbox 978 3448 1078 3503; x_wconf 90' lang='lat' dir='ltr'><strong>Job</strong></span> <span class='ocrx_word' id='word_1_403' title='bbox 1109 3464 1171 3503; x_wconf 90' lang='lat' dir='ltr'><strong>ac</strong></span> <span class='ocrx_word' id='word_1_404' title='bbox 1201 3449 1321 3503; x_wconf 81' lang='lat' dir='ltr'><strong>ﬁliae</strong></span> <span class='ocrx_word' id='word_1_405' title='bbox 1350 3450 1485 3504; x_wconf 83' lang='lat' dir='ltr'><strong>casti</strong></span> <span class='ocrx_word' id='word_1_406' title='bbox 1516 3461 1668 3503; x_wconf 86' lang='lat' dir='ltr'><strong>erant</strong></span> <span class='ocrx_word' id='word_1_407' title='bbox 1702 3450 1893 3505; x_wconf 90' lang='lat' dir='ltr'><strong>animis</strong></span> <span class='ocrx_word' id='word_1_408' title='bbox 1916 3458 1969 3504; x_wconf 88' lang='lat' dir='ltr'><strong>et</strong></span> 
     </span>
    </p>
   </div>
   <div class='ocr_carea' id='block_1_52' title="bbox 438 3539 1969 3602">
    <p class='ocr_par' dir='ltr' id='par_1_52' title="bbox 438 3539 1969 3602">
     <span class='ocr_line' id='line_1_52' title="bbox 438 3539 1969 3602; baseline -0.003 -6"><span class='ocrx_word' id='word_1_409' title='bbox 438 3542 634 3596; x_wconf 73' lang='lat' dir='ltr'><strong>mundo</strong></span> <span class='ocrx_word' id='word_1_410' title='bbox 667 3541 847 3602; x_wconf 88' lang='lat' dir='ltr'><strong>corde,</strong></span> <span class='ocrx_word' id='word_1_411' title='bbox 877 3548 930 3591; x_wconf 89' lang='lat' dir='ltr'><strong>et</strong></span> <span class='ocrx_word' id='word_1_412' title='bbox 960 3539 1293 3591; x_wconf 89' lang='lat' dir='ltr'><strong>immaculata</strong></span> <span class='ocrx_word' id='word_1_413' title='bbox 1337 3540 1661 3593; x_wconf 86' lang='lat' dir='ltr'><strong>conscientia</strong></span> <span class='ocrx_word' id='word_1_414' title='bbox 1696 3549 1751 3594; x_wconf 89' lang='lat' dir='ltr'><strong>et</strong></span> <span class='ocrx_word' id='word_1_415' title='bbox 1798 3540 1969 3593; x_wconf 85' lang='lat' dir='ltr'><strong>omni-</strong></span> 
     </span>
    </p>
   </div>
   <div class='ocr_carea' id='block_1_53' title="bbox 440 3627 1967 3696">
    <p class='ocr_par' dir='ltr' id='par_1_53' title="bbox 440 3627 1967 3696">
     <span class='ocr_line' id='line_1_53' title="bbox 440 3627 1967 3696; baseline 0 -13"><span class='ocrx_word' id='word_1_416' title='bbox 440 3630 539 3683; x_wconf 90' lang='lat' dir='ltr'><strong>bus</strong></span> <span class='ocrx_word' id='word_1_417' title='bbox 589 3629 937 3682; x_wconf 87' lang='lat' dir='ltr'><strong>immunditiis</strong></span> <span class='ocrx_word' id='word_1_418' title='bbox 986 3636 1147 3694; x_wconf 88' lang='lat' dir='ltr'><strong>atque</strong></span> <span class='ocrx_word' id='word_1_419' title='bbox 1192 3627 1393 3681; x_wconf 88' lang='lat' dir='ltr'><strong>illicitis</strong></span> <span class='ocrx_word' id='word_1_420' title='bbox 1453 3637 1717 3696; x_wconf 76' lang='lat' dir='ltr'><strong>expertes.</strong></span> <span class='ocrx_word' id='word_1_421' title='bbox 1781 3629 1967 3683; x_wconf 83' lang='lat' dir='ltr'><strong>Merito</strong></span> 
     </span>
    </p>
   </div>
   <div class='ocr_carea' id='block_1_54' title="bbox 442 3717 1971 3785">
    <p class='ocr_par' dir='ltr' id='par_1_54' title="bbox 442 3717 1971 3785">
     <span class='ocr_line' id='line_1_54' title="bbox 442 3717 1971 3785; baseline -0.001 -13"><span class='ocrx_word' id='word_1_422' title='bbox 442 3735 563 3772; x_wconf 90' lang='lat' dir='ltr'><strong>cum</strong></span> <span class='ocrx_word' id='word_1_423' title='bbox 618 3717 982 3785; x_wconf 85' lang='lat' dir='ltr'><strong>hujuscemodi</strong></span> <span class='ocrx_word' id='word_1_424' title='bbox 1036 3725 1233 3777; x_wconf 86' lang='lat' dir='ltr'><strong>essent,</strong></span> <span class='ocrx_word' id='word_1_425' title='bbox 1274 3717 1431 3769; x_wconf 87' lang='lat' dir='ltr'><strong>simul</strong></span> <span class='ocrx_word' id='word_1_426' title='bbox 1485 3717 1870 3771; x_wconf 87' lang='lat' dir='ltr'><strong>manducabant</strong></span> <span class='ocrx_word' id='word_1_427' title='bbox 1917 3726 1971 3771; x_wconf 91' lang='lat' dir='ltr'><strong>et</strong></span> 
     </span>
    </p>
   </div>
   <div class='ocr_carea' id='block_1_55' title="bbox 440 3804 1965 3863">
    <p class='ocr_par' dir='ltr' id='par_1_55' title="bbox 440 3804 1965 3863">
     <span class='ocr_line' id='line_1_55' title="bbox 440 3804 1965 3863; baseline -0.001 -2"><span class='ocrx_word' id='word_1_428' title='bbox 440 3807 687 3863; x_wconf 86' lang='lat' dir='ltr'><strong>bibebant</strong></span> <span class='ocrx_word' id='word_1_429' title='bbox 712 3814 876 3859; x_wconf 87' lang='lat' dir='ltr'><strong>caste.</strong></span> <span class='ocrx_word' id='word_1_430' title='bbox 904 3804 978 3858; x_wconf 89' lang='lat' dir='ltr'><strong>lta</strong></span> <span class='ocrx_word' id='word_1_431' title='bbox 1008 3814 1161 3859; x_wconf 90' lang='lat' dir='ltr'><strong>erant</strong></span> <span class='ocrx_word' id='word_1_432' title='bbox 1191 3805 1347 3859; x_wconf 89' lang='lat' dir='ltr'><strong>simul</strong></span> <span class='ocrx_word' id='word_1_433' title='bbox 1376 3805 1504 3859; x_wconf 92' lang='lat' dir='ltr'><strong>olim</strong></span> <span class='ocrx_word' id='word_1_434' title='bbox 1548 3807 1712 3859; x_wconf 80' lang='lat' dir='ltr'><strong>Adam</strong></span> <span class='ocrx_word' id='word_1_435' title='bbox 1760 3818 1813 3860; x_wconf 89' lang='lat' dir='ltr'><strong>et</strong></span> <span class='ocrx_word' id='word_1_436' title='bbox 1862 3808 1965 3861; x_wconf 81' lang='lat' dir='ltr'><strong>Eva</strong></span> 
     </span>
    </p>
   </div>
   <div class='ocr_carea' id='block_1_56' title="bbox 440 3896 1966 3965">
    <p class='ocr_par' dir='ltr' id='par_1_56' title="bbox 440 3896 1966 3965">
     <span class='ocr_line' id='line_1_56' title="bbox 440 3896 1966 3965; baseline 0 -15"><span class='ocrx_word' id='word_1_437' title='bbox 440 3897 671 3965; x_wconf 89' lang='lat' dir='ltr'><strong>quandiu</strong></span> <span class='ocrx_word' id='word_1_438' title='bbox 720 3897 771 3948; x_wconf 91' lang='lat' dir='ltr'><strong>in</strong></span> <span class='ocrx_word' id='word_1_439' title='bbox 799 3896 1045 3963; x_wconf 87' lang='lat' dir='ltr'><strong>paradiso</strong></span> <span class='ocrx_word' id='word_1_440' title='bbox 1087 3896 1137 3949; x_wconf 92' lang='lat' dir='ltr'><strong>in</strong></span> <span class='ocrx_word' id='word_1_441' title='bbox 1186 3896 1494 3949; x_wconf 85' lang='lat' dir='ltr'><strong>innocentia</strong></span> <span class='ocrx_word' id='word_1_442' title='bbox 1536 3900 1966 3965; x_wconf 87' lang='lat' dir='ltr'><strong>permansisseut.</strong></span> 
     </span>
    </p>
   </div>
   <div class='ocr_carea' id='block_1_57' title="bbox 442 3986 1965 4043">
    <p class='ocr_par' dir='ltr' id='par_1_57' title="bbox 442 3986 1965 4043">
     <span class='ocr_line' id='line_1_57' title="bbox 442 3986 1965 4043; baseline -0.001 -2"><span class='ocrx_word' id='word_1_443' title='bbox 442 3989 515 4041; x_wconf 91' lang='lat' dir='ltr'><strong>Ita</strong></span> <span class='ocrx_word' id='word_1_444' title='bbox 548 3996 598 4041; x_wconf 90' lang='lat' dir='ltr'><strong>et</strong></span> <span class='ocrx_word' id='word_1_445' title='bbox 627 4001 765 4040; x_wconf 91' lang='lat' dir='ltr'><strong>nunc</strong></span> <span class='ocrx_word' id='word_1_446' title='bbox 790 3995 910 4043; x_wconf 89' lang='lat' dir='ltr'><strong>sunt</strong></span> <span class='ocrx_word' id='word_1_447' title='bbox 932 3987 983 4039; x_wconf 92' lang='lat' dir='ltr'><strong>in</strong></span> <span class='ocrx_word' id='word_1_448' title='bbox 1012 3995 1194 4040; x_wconf 86' lang='lat' dir='ltr'><strong>saneta</strong></span> <span class='ocrx_word' id='word_1_449' title='bbox 1230 3986 1464 4040; x_wconf 83' lang='lat' dir='ltr'><strong>Ecclesia</strong></span> <span class='ocrx_word' id='word_1_450' title='bbox 1495 4000 1653 4041; x_wconf 73' lang='lat' dir='ltr'><strong>casta:</strong></span> <span class='ocrx_word' id='word_1_451' title='bbox 1681 3988 1871 4041; x_wconf 80' lang='lat' dir='ltr'><strong>animae</strong></span> <span class='ocrx_word' id='word_1_452' title='bbox 1904 4001 1965 4039; x_wconf 90' lang='lat' dir='ltr'><strong>ac</strong></span> 
     </span>
    </p>
   </div>
   <div class='ocr_carea' id='block_1_58' title="bbox 440 4076 1969 4146">
    <p class='ocr_par' dir='ltr' id='par_1_58' title="bbox 440 4076 1969 4146">
     <span class='ocr_line' id='line_1_58' title="bbox 440 4076 1969 4146; baseline 0.001 -16"><span class='ocrx_word' id='word_1_453' title='bbox 440 4088 653 4141; x_wconf 68' lang='lat' dir='ltr'><strong>sanctae,</strong></span> <span class='ocrx_word' id='word_1_454' title='bbox 682 4078 819 4131; x_wconf 89' lang='lat' dir='ltr'><strong>sicut</strong></span> <span class='ocrx_word' id='word_1_455' title='bbox 874 4077 1141 4146; x_wconf 87' lang='lat' dir='ltr'><strong>simplices</strong></span> <span class='ocrx_word' id='word_1_456' title='bbox 1192 4076 1444 4140; x_wconf 89' lang='lat' dir='ltr'><strong>infantes,</strong></span> <span class='ocrx_word' id='word_1_457' title='bbox 1504 4088 1664 4146; x_wconf 88' lang='lat' dir='ltr'><strong>atque</strong></span> <span class='ocrx_word' id='word_1_458' title='bbox 1722 4076 1969 4131; x_wconf 91' lang='lat' dir='ltr'><strong>omnibus</strong></span> 
     </span>
    </p>
   </div>
   <div class='ocr_carea' id='block_1_59' title="bbox 441 4165 1967 4235">
    <p class='ocr_par' dir='ltr' id='par_1_59' title="bbox 441 4165 1967 4235">
     <span class='ocr_line' id='line_1_59' title="bbox 441 4165 1967 4235; baseline -0.001 -15"><span class='ocrx_word' id='word_1_459' title='bbox 441 4168 590 4221; x_wconf 88' lang='lat' dir='ltr'><strong>malis</strong></span> <span class='ocrx_word' id='word_1_460' title='bbox 615 4176 877 4234; x_wconf 81' lang='lat' dir='ltr'><strong>expertes.</strong></span> <span class='ocrx_word' id='word_1_461' title='bbox 915 4165 1004 4220; x_wconf 91' lang='lat' dir='ltr'><strong>Sic</strong></span> <span class='ocrx_word' id='word_1_462' title='bbox 1035 4167 1239 4221; x_wconf 87' lang='lat' dir='ltr'><strong>scilicet</strong></span> <span class='ocrx_word' id='word_1_463' title='bbox 1264 4166 1478 4221; x_wconf 88' lang='lat' dir='ltr'><strong>fuerunt</strong></span> <span class='ocrx_word' id='word_1_464' title='bbox 1504 4168 1664 4220; x_wconf 87' lang='lat' dir='ltr'><strong>etiam</strong></span> <span class='ocrx_word' id='word_1_465' title='bbox 1696 4166 1967 4235; x_wconf 85' lang='lat' dir='ltr'><strong>benignis-</strong></span> 
     </span>
    </p>
   </div>
   <div class='ocr_carea' id='block_1_60' title="bbox 440 4256 1967 4325">
    <p class='ocr_par' dir='ltr' id='par_1_60' title="bbox 440 4256 1967 4325">
     <span class='ocr_line' id='line_1_60' title="bbox 440 4256 1967 4325; baseline 0.001 -17"><span class='ocrx_word' id='word_1_466' title='bbox 440 4258 582 4319; x_wconf 87' lang='lat' dir='ltr'><strong>simi,</strong></span> <span class='ocrx_word' id='word_1_467' title='bbox 609 4273 672 4310; x_wconf 88' lang='lat' dir='ltr'><strong>ac</strong></span> <span class='ocrx_word' id='word_1_468' title='bbox 710 4258 817 4311; x_wconf 86' lang='lat' dir='ltr'><strong>Deo</strong></span> <span class='ocrx_word' id='word_1_469' title='bbox 848 4257 1045 4317; x_wconf 86' lang='lat' dir='ltr'><strong>dilecti,</strong></span> <span class='ocrx_word' id='word_1_470' title='bbox 1075 4266 1233 4325; x_wconf 87' lang='lat' dir='ltr'><strong>atque</strong></span> <span class='ocrx_word' id='word_1_471' title='bbox 1269 4256 1513 4311; x_wconf 92' lang='lat' dir='ltr'><strong>omnibus</strong></span> <span class='ocrx_word' id='word_1_472' title='bbox 1542 4257 1741 4324; x_wconf 81' lang='lat' dir='ltr'><strong>angelis</strong></span> <span class='ocrx_word' id='word_1_473' title='bbox 1766 4256 1967 4309; x_wconf 89' lang='lat' dir='ltr'><strong>sanctis</strong></span> 
     </span>
    </p>
   </div>
   <div class='ocr_carea' id='block_1_61' title="bbox 440 4344 1961 4414">
    <p class='ocr_par' dir='ltr' id='par_1_61' title="bbox 440 4344 1961 4414">
     <span class='ocr_line' id='line_1_61' title="bbox 440 4344 1961 4414; baseline 0.001 -16"><span class='ocrx_word' id='word_1_474' title='bbox 440 4346 554 4414; x_wconf 85' lang='lat' dir='ltr'><strong>ejus</strong></span> <span class='ocrx_word' id='word_1_475' title='bbox 577 4344 786 4399; x_wconf 88' lang='lat' dir='ltr'><strong>ﬁliiJob</strong></span> <span class='ocrx_word' id='word_1_476' title='bbox 819 4355 1035 4414; x_wconf 84' lang='lat' dir='ltr'><strong>propter</strong></span> <span class='ocrx_word' id='word_1_477' title='bbox 1072 4348 1433 4400; x_wconf 87' lang='lat' dir='ltr'><strong>innocentiam</strong></span> <span class='ocrx_word' id='word_1_478' title='bbox 1494 4355 1545 4398; x_wconf 92' lang='lat' dir='ltr'><strong>et</strong></span> <span class='ocrx_word' id='word_1_479' title='bbox 1598 4349 1961 4399; x_wconf 85' lang='lat' dir='ltr'><strong>sanctitatem.</strong></span> 
     </span>
    </p>
   </div>
   <div class='ocr_carea' id='block_1_62' title="bbox 2067 1916 3773 1987">
    <p class='ocr_par' dir='ltr' id='par_1_62' title="bbox 2067 1916 3773 1987">
     <span class='ocr_line' id='line_1_62' title="bbox 2067 1916 3773 1987; baseline 0.003 -15"><span class='ocrx_word' id='word_1_480' title='bbox 2067 1919 2327 1972; x_wconf 89' lang='lat' dir='ltr'><strong>malorum</strong></span> <span class='ocrx_word' id='word_1_481' title='bbox 2381 1928 2543 1987; x_wconf 84' lang='lat' dir='ltr'><strong>atque</strong></span> <span class='ocrx_word' id='word_1_482' title='bbox 2604 1916 3002 1971; x_wconf 88' lang='lat' dir='ltr'><strong>amaritudinis</strong></span> <span class='ocrx_word' id='word_1_483' title='bbox 3058 1928 3299 1983; x_wconf 68' lang='lat' dir='ltr'><strong>prmco,</strong></span> <span class='ocrx_word' id='word_1_484' title='bbox 3362 1920 3773 1982; x_wconf 62' lang='lat' dir='ltr'><strong>tribulationis</strong></span> 
     </span>
    </p>
   </div>
   <div class='ocr_carea' id='block_1_63' title="bbox 2067 2005 3763 2080">
    <p class='ocr_par' dir='ltr' id='par_1_63' title="bbox 2067 2005 3763 2080">
     <span class='ocr_line' id='line_1_63' title="bbox 2067 2005 3763 2080; baseline 0.005 -19"><span class='ocrx_word' id='word_1_485' title='bbox 2067 2017 2226 2076; x_wconf 90' lang='lat' dir='ltr'><strong>atque</strong></span> <span class='ocrx_word' id='word_1_486' title='bbox 2261 2009 2522 2078; x_wconf 72' lang='lat' dir='ltr'><strong>angustia:</strong></span> <span class='ocrx_word' id='word_1_487' title='bbox 2552 2009 2901 2076; x_wconf 71' lang='lat' dir='ltr'><strong>praedicator.</strong></span> <span class='ocrx_word' id='word_1_488' title='bbox 2935 2005 3210 2060; x_wconf 87' lang='lat' dir='ltr'><strong>Nuntius</strong></span> <span class='ocrx_word' id='word_1_489' title='bbox 3252 2008 3466 2062; x_wconf 73' lang='lat' dir='ltr'><strong>vellit</strong></span> <span class='ocrx_word' id='word_1_490' title='bbox 3518 2015 3595 2065; x_wconf 87' lang='lat' dir='ltr'><strong>ad</strong></span> <span class='ocrx_word' id='word_1_491' title='bbox 3650 2014 3763 2080; x_wconf 84' lang='lat' dir='ltr'><strong>Job,</strong></span> 
     </span>
    </p>
   </div>
   <div class='ocr_carea' id='block_1_64' title="bbox 2067 2097 3769 2166">
    <p class='ocr_par' dir='ltr' id='par_1_64' title="bbox 2067 2097 3769 2166">
     <span class='ocr_line' id='line_1_64' title="bbox 2067 2097 3769 2166; baseline 0.006 -16"><span class='ocrx_word' id='word_1_492' title='bbox 2067 2099 2157 2166; x_wconf 89' lang='lat' dir='ltr'><strong>qui</strong></span> <span class='ocrx_word' id='word_1_493' title='bbox 2199 2107 2548 2152; x_wconf 88' lang='lat' dir='ltr'><strong>conservatus</strong></span> <span class='ocrx_word' id='word_1_494' title='bbox 2593 2098 2660 2150; x_wconf 91' lang='lat' dir='ltr'><strong>ab</strong></span> <span class='ocrx_word' id='word_1_495' title='bbox 2692 2097 3026 2151; x_wconf 84' lang='lat' dir='ltr'><strong>adversario</strong></span> <span class='ocrx_word' id='word_1_496' title='bbox 3082 2097 3319 2149; x_wconf 85' lang='lat' dir='ltr'><strong>missus</strong></span> <span class='ocrx_word' id='word_1_497' title='bbox 3392 2112 3491 2153; x_wconf 86' lang='lat' dir='ltr'><strong>est</strong></span> <span class='ocrx_word' id='word_1_498' title='bbox 3543 2120 3579 2156; x_wconf 74' lang='grc' dir='ltr'><strong>ιι</strong></span> <span class='ocrx_word' id='word_1_499' title='bbox 3638 2108 3769 2161; x_wconf 81' lang='lat' dir='ltr'><strong>dia—</strong></span> 
     </span>
    </p>
   </div>
   <div class='ocr_carea' id='block_1_65' title="bbox 2065 2187 3763 2256">
    <p class='ocr_par' dir='ltr' id='par_1_65' title="bbox 2065 2187 3763 2256">
     <span class='ocr_line' id='line_1_65' title="bbox 2065 2187 3763 2256; baseline 0.006 -15"><span class='ocrx_word' id='word_1_500' title='bbox 2065 2188 2209 2241; x_wconf 91' lang='lat' dir='ltr'><strong>bolo.</strong></span> <span class='ocrx_word' id='word_1_501' title='bbox 2256 2187 2488 2241; x_wconf 87' lang='lat' dir='ltr'><strong>Nuntius</strong></span> <span class='ocrx_word' id='word_1_502' title='bbox 2541 2189 2688 2242; x_wconf 90' lang='lat' dir='ltr'><strong>venit</strong></span> <span class='ocrx_word' id='word_1_503' title='bbox 2727 2188 2797 2242; x_wconf 91' lang='lat' dir='ltr'><strong>ad</strong></span> <span class='ocrx_word' id='word_1_504' title='bbox 2853 2187 3001 2252; x_wconf 88' lang='lat' dir='ltr'><strong>Job,</strong></span> <span class='ocrx_word' id='word_1_505' title='bbox 3046 2188 3391 2256; x_wconf 84' lang='lat' dir='ltr'><strong>concisus,</strong></span> <span class='ocrx_word' id='word_1_506' title='bbox 3442 2190 3763 2256; x_wconf 86' lang='lat' dir='ltr'><strong>laceratus.</strong></span> 
     </span>
    </p>
   </div>
   <div class='ocr_carea' id='block_1_66' title="bbox 2066 2278 3763 2357">
    <p class='ocr_par' dir='ltr' id='par_1_66' title="bbox 2066 2278 3763 2357">
     <span class='ocr_line' id='line_1_66' title="bbox 2066 2278 3763 2357; baseline 0.006 -27"><span class='ocrx_word' id='word_1_507' title='bbox 2066 2278 2409 2346; x_wconf 86' lang='lat' dir='ltr'><strong>compilatus,</strong></span> <span class='ocrx_word' id='word_1_508' title='bbox 2468 2288 2749 2341; x_wconf 87' lang='lat' dir='ltr'><strong>contusus,</strong></span> <span class='ocrx_word' id='word_1_509' title='bbox 2803 2278 2970 2342; x_wconf 87' lang='lat' dir='ltr'><strong>flens,</strong></span> <span class='ocrx_word' id='word_1_510' title='bbox 3010 2278 3410 2347; x_wconf 81' lang='lat' dir='ltr'><strong>lamentans,</strong></span> <span class='ocrx_word' id='word_1_511' title='bbox 3476 2286 3763 2357; x_wconf 74' lang='lat' dir='ltr'><strong>plangens</strong></span> 
     </span>
    </p>
   </div>
   <div class='ocr_carea' id='block_1_67' title="bbox 2067 2367 3757 2437">
    <p class='ocr_par' dir='ltr' id='par_1_67' title="bbox 2067 2367 3757 2437">
     <span class='ocr_line' id='line_1_67' title="bbox 2067 2367 3757 2437; baseline 0.006 -16"><span class='ocrx_word' id='word_1_512' title='bbox 2067 2379 2120 2421; x_wconf 91' lang='lat' dir='ltr'><strong>et</strong></span> <span class='ocrx_word' id='word_1_513' title='bbox 2158 2367 2490 2433; x_wconf 82' lang='lat' dir='ltr'><strong>vociferans,</strong></span> <span class='ocrx_word' id='word_1_514' title='bbox 2542 2377 2703 2436; x_wconf 90' lang='lat' dir='ltr'><strong>atque</strong></span> <span class='ocrx_word' id='word_1_515' title='bbox 2756 2369 3022 2423; x_wconf 86' lang='lat' dir='ltr'><strong>universa</strong></span> <span class='ocrx_word' id='word_1_516' title='bbox 3086 2384 3227 2437; x_wconf 74' lang='lat' dir='ltr'><strong>quae</strong></span> <span class='ocrx_word' id='word_1_517' title='bbox 3291 2383 3447 2425; x_wconf 85' lang='lat' dir='ltr'><strong>sunt</strong></span> <span class='ocrx_word' id='word_1_518' title='bbox 3508 2379 3757 2433; x_wconf 64' lang='lat' dir='ltr'><strong>inlisera-</strong></span> 
     </span>
    </p>
   </div>
   <div class='ocr_carea' id='block_1_68' title="bbox 2067 2458 3747 2527">
    <p class='ocr_par' dir='ltr' id='par_1_68' title="bbox 2067 2458 3747 2527">
     <span class='ocr_line' id='line_1_68' title="bbox 2067 2458 3747 2527; baseline 0.006 -15"><span class='ocrx_word' id='word_1_519' title='bbox 2067 2458 2190 2512; x_wconf 90' lang='lat' dir='ltr'><strong>bilia</strong></span> <span class='ocrx_word' id='word_1_520' title='bbox 2230 2458 2375 2512; x_wconf 89' lang='lat' dir='ltr'><strong>luctu</strong></span> <span class='ocrx_word' id='word_1_521' title='bbox 2409 2458 2812 2523; x_wconf 87' lang='lat' dir='ltr'><strong>demonstrans,</strong></span> <span class='ocrx_word' id='word_1_522' title='bbox 2850 2458 2925 2511; x_wconf 90' lang='lat' dir='ltr'><strong>ita</strong></span> <span class='ocrx_word' id='word_1_523' title='bbox 2976 2473 3013 2512; x_wconf 88' lang='lat' dir='ltr'><strong>a</strong></span> <span class='ocrx_word' id='word_1_524' title='bbox 3055 2459 3317 2527; x_wconf 83' lang='lat' dir='ltr'><strong>maligno</strong></span> <span class='ocrx_word' id='word_1_525' title='bbox 3374 2463 3642 2519; x_wconf 82' lang='lat' dir='ltr'><strong>edoctus</strong></span> <span class='ocrx_word' id='word_1_526' title='bbox 3681 2481 3747 2521; x_wconf 89' lang='lat' dir='ltr'><strong>ut</strong></span> 
     </span>
    </p>
   </div>
   <div class='ocr_carea' id='block_1_69' title="bbox 2068 2548 3745 2618">
    <p class='ocr_par' dir='ltr' id='par_1_69' title="bbox 2068 2548 3745 2618">
     <span class='ocr_line' id='line_1_69' title="bbox 2068 2548 3745 2618; baseline 0.006 -17"><span class='ocrx_word' id='word_1_527' title='bbox 2068 2549 2181 2616; x_wconf 89' lang='lat' dir='ltr'><strong>ipso</strong></span> <span class='ocrx_word' id='word_1_528' title='bbox 2213 2550 2388 2617; x_wconf 91' lang='lat' dir='ltr'><strong>potius</strong></span> <span class='ocrx_word' id='word_1_529' title='bbox 2426 2549 2718 2603; x_wconf 88' lang='lat' dir='ltr'><strong>miserabili</strong></span> <span class='ocrx_word' id='word_1_530' title='bbox 2766 2564 2868 2601; x_wconf 88' lang='lat' dir='ltr'><strong>suo</strong></span> <span class='ocrx_word' id='word_1_531' title='bbox 2902 2548 3065 2604; x_wconf 91' lang='lat' dir='ltr'><strong>luctu</strong></span> <span class='ocrx_word' id='word_1_532' title='bbox 3102 2564 3171 2604; x_wconf 89' lang='lat' dir='ltr'><strong>ac</strong></span> <span class='ocrx_word' id='word_1_533' title='bbox 3215 2549 3470 2618; x_wconf 86' lang='lat' dir='ltr'><strong>planctu</strong></span> <span class='ocrx_word' id='word_1_534' title='bbox 3528 2556 3594 2608; x_wconf 90' lang='lat' dir='ltr'><strong>in</strong></span> <span class='ocrx_word' id='word_1_535' title='bbox 3650 2558 3745 2611; x_wconf 87' lang='lat' dir='ltr'><strong>Dei</strong></span> 
     </span>
    </p>
   </div>
   <div class='ocr_carea' id='block_1_70' title="bbox 2068 2638 3745 2710">
    <p class='ocr_par' dir='ltr' id='par_1_70' title="bbox 2068 2638 3745 2710">
     <span class='ocr_line' id='line_1_70' title="bbox 2068 2638 3745 2710; baseline 0.006 -18"><span class='ocrx_word' id='word_1_536' title='bbox 2068 2640 2535 2707; x_wconf 83' lang='lat' dir='ltr'><strong>reprehensionem</strong></span> <span class='ocrx_word' id='word_1_537' title='bbox 2590 2638 2725 2705; x_wconf 88' lang='lat' dir='ltr'><strong>justi</strong></span> <span class='ocrx_word' id='word_1_538' title='bbox 2789 2639 2938 2693; x_wconf 89' lang='lat' dir='ltr'><strong>illius</strong></span> <span class='ocrx_word' id='word_1_539' title='bbox 3020 2650 3278 2693; x_wconf 90' lang='lat' dir='ltr'><strong>mentem</strong></span> <span class='ocrx_word' id='word_1_540' title='bbox 3334 2647 3745 2710; x_wconf 44' lang='lat' dir='ltr'><strong>.concitarct.</strong></span> 
     </span>
    </p>
   </div>
   <div class='ocr_carea' id='block_1_71' title="bbox 2068 2727 3755 2793">
    <p class='ocr_par' dir='ltr' id='par_1_71' title="bbox 2068 2727 3755 2793">
     <span class='ocr_line' id='line_1_71' title="bbox 2068 2727 3755 2793; baseline 0.005 -11"><span class='ocrx_word' id='word_1_541' title='bbox 2068 2729 2294 2783; x_wconf 79' lang='lat' dir='ltr'><strong>Nuntius</strong></span> <span class='ocrx_word' id='word_1_542' title='bbox 2349 2731 2491 2783; x_wconf 86' lang='lat' dir='ltr'><strong>venit</strong></span> <span class='ocrx_word' id='word_1_543' title='bbox 2526 2729 2592 2782; x_wconf 88' lang='lat' dir='ltr'><strong>ad</strong></span> <span class='ocrx_word' id='word_1_544' title='bbox 2637 2727 2738 2783; x_wconf 85' lang='lat' dir='ltr'><strong>Job</strong></span> <span class='ocrx_word' id='word_1_545' title='bbox 2784 2740 2839 2782; x_wconf 86' lang='lat' dir='ltr'><strong>et</strong></span> <span class='ocrx_word' id='word_1_546' title='bbox 2892 2730 3043 2786; x_wconf 79' lang='lat' dir='ltr'><strong>dixit</strong></span> <span class='ocrx_word' id='word_1_547' title='bbox 3083 2730 3187 2793; x_wconf 90' lang='lat' dir='ltr'><strong>illi,</strong></span> <span class='ocrx_word' id='word_1_548' title='bbox 3252 2732 3616 2790; x_wconf 82' lang='lat' dir='ltr'><strong>miserabili</strong></span> <span class='ocrx_word' id='word_1_549' title='bbox 3668 2749 3755 2791; x_wconf 83' lang='lat' dir='ltr'><strong>at-</strong></span> 
     </span>
    </p>
   </div>
   <div class='ocr_carea' id='block_1_72' title="bbox 2069 2818 3755 2894">
    <p class='ocr_par' dir='ltr' id='par_1_72' title="bbox 2069 2818 3755 2894">
     <span class='ocr_line' id='line_1_72' title="bbox 2069 2818 3755 2894; baseline 0.007 -25"><span class='ocrx_word' id='word_1_550' title='bbox 2069 2834 2172 2887; x_wconf 83' lang='lat' dir='ltr'><strong>que</strong></span> <span class='ocrx_word' id='word_1_551' title='bbox 2220 2818 2545 2889; x_wconf 85' lang='lat' dir='ltr'><strong>lacrymabili</strong></span> <span class='ocrx_word' id='word_1_552' title='bbox 2597 2834 2728 2873; x_wconf 88' lang='lat' dir='ltr'><strong>voce</strong></span> <span class='ocrx_word' id='word_1_553' title='bbox 2774 2820 2917 2873; x_wconf 79' lang='lat' dir='ltr'><strong>dixit</strong></span> <span class='ocrx_word' id='word_1_554' title='bbox 2975 2821 3030 2874; x_wconf 91' lang='lat' dir='ltr'><strong>ei</strong></span> <span class='ocrx_word' id='word_1_555' title='bbox 3086 2834 3105 2873; x_wconf 87' lang='lat'><strong>:</strong></span> <span class='ocrx_word' id='word_1_556' title='bbox 3157 2821 3307 2887; x_wconf 86' lang='lat' dir='ltr'><strong>Quid</strong></span> <span class='ocrx_word' id='word_1_557' title='bbox 3366 2827 3657 2894; x_wconf 79' lang='lat' dir='ltr'><strong>cogitas,</strong></span> <span class='ocrx_word' id='word_1_558' title='bbox 3718 2844 3755 2881; x_wconf 87' lang='grc' dir='ltr'><strong>ο</strong></span> 
     </span>
    </p>
   </div>
   <div class='ocr_carea' id='block_1_73' title="bbox 2068 2908 3762 2986">
    <p class='ocr_par' dir='ltr' id='par_1_73' title="bbox 2068 2908 3762 2986">
     <span class='ocr_line' id='line_1_73' title="bbox 2068 2908 3762 2986; baseline 0.006 -23"><span class='ocrx_word' id='word_1_559' title='bbox 2068 2908 2198 2963; x_wconf 79' lang='lat' dir='ltr'><strong>Job?</strong></span> <span class='ocrx_word' id='word_1_560' title='bbox 2248 2910 2326 2962; x_wconf 83' lang='lat' dir='ltr'><strong>Ad</strong></span> <span class='ocrx_word' id='word_1_561' title='bbox 2389 2923 2623 2962; x_wconf 90' lang='lat' dir='ltr'><strong>mensam</strong></span> <span class='ocrx_word' id='word_1_562' title='bbox 2670 2911 2867 2975; x_wconf 87' lang='lat' dir='ltr'><strong>sedes,</strong></span> <span class='ocrx_word' id='word_1_563' title='bbox 2906 2919 2963 2965; x_wconf 90' lang='lat' dir='ltr'><strong>et</strong></span> <span class='ocrx_word' id='word_1_564' title='bbox 3019 2927 3088 2966; x_wconf 86' lang='lat' dir='ltr'><strong>ea</strong></span> <span class='ocrx_word' id='word_1_565' title='bbox 3148 2928 3278 2980; x_wconf 69' lang='lat' dir='ltr'><strong>qua:</strong></span> <span class='ocrx_word' id='word_1_566' title='bbox 3333 2917 3762 2986; x_wconf 77' lang='lat' dir='ltr'><strong>contigerunt</strong></span> 
     </span>
    </p>
   </div>
   <div class='ocr_carea' id='block_1_74' title="bbox 2071 2999 3762 3065">
    <p class='ocr_par' dir='ltr' id='par_1_74' title="bbox 2071 2999 3762 3065">
     <span class='ocr_line' id='line_1_74' title="bbox 2071 2999 3762 3065; baseline 0.006 -15"><span class='ocrx_word' id='word_1_567' title='bbox 2071 3000 2301 3065; x_wconf 74' lang='lat' dir='ltr'><strong>ignoras.</strong></span> <span class='ocrx_word' id='word_1_568' title='bbox 2358 2999 2568 3051; x_wconf 89' lang='lat' dir='ltr'><strong>Deliciis</strong></span> <span class='ocrx_word' id='word_1_569' title='bbox 2617 2999 2826 3062; x_wconf 88' lang='lat' dir='ltr'><strong>uteris,</strong></span> <span class='ocrx_word' id='word_1_570' title='bbox 2911 3009 2970 3053; x_wconf 89' lang='lat' dir='ltr'><strong>et</strong></span> <span class='ocrx_word' id='word_1_571' title='bbox 3030 3002 3379 3058; x_wconf 88' lang='lat' dir='ltr'><strong>accidentes</strong></span> <span class='ocrx_word' id='word_1_572' title='bbox 3457 3005 3577 3059; x_wconf 84' lang='lat' dir='ltr'><strong>tibi</strong></span> <span class='ocrx_word' id='word_1_573' title='bbox 3643 3009 3762 3060; x_wconf 82' lang='lat' dir='ltr'><strong>tui—</strong></span> 
     </span>
    </p>
   </div>
   <div class='ocr_carea' id='block_1_75' title="bbox 2069 3089 3767 3163">
    <p class='ocr_par' dir='ltr' id='par_1_75' title="bbox 2069 3089 3767 3163">
     <span class='ocr_line' id='line_1_75' title="bbox 2069 3089 3767 3163; baseline 0.005 -20"><span class='ocrx_word' id='word_1_574' title='bbox 2069 3090 2239 3143; x_wconf 88' lang='lat' dir='ltr'><strong>serias</strong></span> <span class='ocrx_word' id='word_1_575' title='bbox 2277 3090 2470 3141; x_wconf 85' lang='lat' dir='ltr'><strong>nescis.</strong></span> <span class='ocrx_word' id='word_1_576' title='bbox 2526 3089 2671 3142; x_wconf 71' lang='lat' dir='ltr'><strong>Dixit</strong></span> <span class='ocrx_word' id='word_1_577' title='bbox 2711 3089 2787 3141; x_wconf 90' lang='lat' dir='ltr'><strong>illi</strong></span> <span class='ocrx_word' id='word_1_578' title='bbox 2829 3106 2843 3142; x_wconf 90' lang='lat'><strong>:</strong></span> <span class='ocrx_word' id='word_1_579' title='bbox 2879 3089 2966 3144; x_wconf 87' lang='lat' dir='ltr'><strong>Ad</strong></span> <span class='ocrx_word' id='word_1_580' title='bbox 3022 3107 3282 3146; x_wconf 87' lang='lat' dir='ltr'><strong>mensam</strong></span> <span class='ocrx_word' id='word_1_581' title='bbox 3332 3094 3767 3163; x_wconf 85' lang='lat' dir='ltr'><strong>splendidam</strong></span> 
     </span>
    </p>
   </div>
   <div class='ocr_carea' id='block_1_76' title="bbox 2066 3177 3766 3247">
    <p class='ocr_par' dir='ltr' id='par_1_76' title="bbox 2066 3177 3766 3247">
     <span class='ocr_line' id='line_1_76' title="bbox 2066 3177 3766 3247; baseline 0.004 -13"><span class='ocrx_word' id='word_1_582' title='bbox 2066 3178 2240 3242; x_wconf 89' lang='lat' dir='ltr'><strong>sedes,</strong></span> <span class='ocrx_word' id='word_1_583' title='bbox 2260 3177 2399 3231; x_wconf 90' lang='lat' dir='ltr'><strong>Job:</strong></span> <span class='ocrx_word' id='word_1_584' title='bbox 2441 3178 2533 3231; x_wconf 86' lang='lat' dir='ltr'><strong>sed</strong></span> <span class='ocrx_word' id='word_1_585' title='bbox 2574 3179 2732 3233; x_wconf 89' lang='lat' dir='ltr'><strong>hodie</strong></span> <span class='ocrx_word' id='word_1_586' title='bbox 2780 3180 2849 3232; x_wconf 89' lang='lat' dir='ltr'><strong>ad</strong></span> <span class='ocrx_word' id='word_1_587' title='bbox 2891 3196 3184 3247; x_wconf 81' lang='lat' dir='ltr'><strong>mensam,</strong></span> <span class='ocrx_word' id='word_1_588' title='bbox 3243 3198 3383 3239; x_wconf 89' lang='lat' dir='ltr'><strong>cras</strong></span> <span class='ocrx_word' id='word_1_589' title='bbox 3460 3201 3629 3241; x_wconf 78' lang='lat' dir='ltr'><strong>vero</strong></span> <span class='ocrx_word' id='word_1_590' title='bbox 3688 3190 3766 3241; x_wconf 86' lang='lat' dir='ltr'><strong>ad</strong></span> 
     </span>
    </p>
   </div>
   <div class='ocr_carea' id='block_1_77' title="bbox 2068 3267 3771 3347">
    <p class='ocr_par' dir='ltr' id='par_1_77' title="bbox 2068 3267 3771 3347">
     <span class='ocr_line' id='line_1_77' title="bbox 2068 3267 3771 3347; baseline 0.005 -23"><span class='ocrx_word' id='word_1_591' title='bbox 2068 3269 2259 3324; x_wconf 90' lang='lat' dir='ltr'><strong>lectum</strong></span> <span class='ocrx_word' id='word_1_592' title='bbox 2281 3267 2422 3322; x_wconf 90' lang='lat' dir='ltr'><strong>foras</strong></span> <span class='ocrx_word' id='word_1_593' title='bbox 2449 3269 2856 3337; x_wconf 88' lang='lat' dir='ltr'><strong>deportatorum</strong></span> <span class='ocrx_word' id='word_1_594' title='bbox 2882 3271 3164 3337; x_wconf 89' lang='lat' dir='ltr'><strong>ﬁliorum,</strong></span> <span class='ocrx_word' id='word_1_595' title='bbox 3203 3275 3381 3330; x_wconf 90' lang='lat' dir='ltr'><strong>modo</strong></span> <span class='ocrx_word' id='word_1_596' title='bbox 3422 3276 3493 3329; x_wconf 89' lang='lat' dir='ltr'><strong>in</strong></span> <span class='ocrx_word' id='word_1_597' title='bbox 3526 3278 3771 3347; x_wconf 88' lang='lat' dir='ltr'><strong>jucun-</strong></span> 
     </span>
    </p>
   </div>
   <div class='ocr_carea' id='block_1_78' title="bbox 2068 3359 3767 3435">
    <p class='ocr_par' dir='ltr' id='par_1_78' title="bbox 2068 3359 3767 3435">
     <span class='ocr_line' id='line_1_78' title="bbox 2068 3359 3767 3435; baseline 0.005 -20"><span class='ocrx_word' id='word_1_598' title='bbox 2068 3362 2253 3423; x_wconf 86' lang='lat' dir='ltr'><strong>ditate,</strong></span> <span class='ocrx_word' id='word_1_599' title='bbox 2290 3368 2408 3427; x_wconf 89' lang='lat' dir='ltr'><strong>post</strong></span> <span class='ocrx_word' id='word_1_600' title='bbox 2429 3359 2701 3427; x_wconf 90' lang='lat' dir='ltr'><strong>paululum</strong></span> <span class='ocrx_word' id='word_1_601' title='bbox 2729 3371 2915 3414; x_wconf 86' lang='lat' dir='ltr'><strong>autem</strong></span> <span class='ocrx_word' id='word_1_602' title='bbox 2963 3363 3019 3415; x_wconf 87' lang='lat' dir='ltr'><strong>in</strong></span> <span class='ocrx_word' id='word_1_603' title='bbox 3073 3364 3293 3419; x_wconf 82' lang='lat' dir='ltr'><strong>infelici</strong></span> <span class='ocrx_word' id='word_1_604' title='bbox 3332 3379 3767 3435; x_wconf 80' lang='lat' dir='ltr'><strong>paupertate.</strong></span> 
     </span>
    </p>
   </div>
   <div class='ocr_carea' id='block_1_79' title="bbox 2067 3450 3767 3523">
    <p class='ocr_par' dir='ltr' id='par_1_79' title="bbox 2067 3450 3767 3523">
     <span class='ocr_line' id='line_1_79' title="bbox 2067 3450 3767 3523; baseline 0.006 -19"><span class='ocrx_word' id='word_1_605' title='bbox 2067 3451 2214 3518; x_wconf 85' lang='lat' dir='ltr'><strong>Quod</strong></span> <span class='ocrx_word' id='word_1_606' title='bbox 2244 3452 2285 3504; x_wconf 89' lang='lat' dir='ltr'><strong>si</strong></span> <span class='ocrx_word' id='word_1_607' title='bbox 2312 3466 2414 3504; x_wconf 91' lang='lat' dir='ltr'><strong>non</strong></span> <span class='ocrx_word' id='word_1_608' title='bbox 2443 3450 2619 3503; x_wconf 88' lang='lat' dir='ltr'><strong>credis</strong></span> <span class='ocrx_word' id='word_1_609' title='bbox 2641 3490 2656 3513; x_wconf 93' lang='lat'><strong>,</strong></span> <span class='ocrx_word' id='word_1_610' title='bbox 2686 3453 2829 3517; x_wconf 85' lang='lat' dir='ltr'><strong>quod</strong></span> <span class='ocrx_word' id='word_1_611' title='bbox 2870 3452 2917 3504; x_wconf 86' lang='lat' dir='ltr'><strong>si</strong></span> <span class='ocrx_word' id='word_1_612' title='bbox 2978 3468 3094 3509; x_wconf 86' lang='lat' dir='ltr'><strong>non</strong></span> <span class='ocrx_word' id='word_1_613' title='bbox 3163 3470 3373 3523; x_wconf 86' lang='lat' dir='ltr'><strong>speras</strong></span> <span class='ocrx_word' id='word_1_614' title='bbox 3459 3459 3557 3512; x_wconf 84' lang='lat' dir='ltr'><strong>ita</strong></span> <span class='ocrx_word' id='word_1_615' title='bbox 3625 3474 3767 3515; x_wconf 86' lang='lat' dir='ltr'><strong>esse</strong></span> 
     </span>
    </p>
   </div>
   <div class='ocr_carea' id='block_1_80' title="bbox 2067 3540 3770 3617">
    <p class='ocr_par' dir='ltr' id='par_1_80' title="bbox 2067 3540 3770 3617">
     <span class='ocr_line' id='line_1_80' title="bbox 2067 3540 3770 3617; baseline 0.006 -23"><span class='ocrx_word' id='word_1_616' title='bbox 2067 3540 2188 3595; x_wconf 90' lang='lat' dir='ltr'><strong>audi</strong></span> <span class='ocrx_word' id='word_1_617' title='bbox 2217 3540 2384 3609; x_wconf 81' lang='lat' dir='ltr'><strong>:Jnga</strong></span> <span class='ocrx_word' id='word_1_618' title='bbox 2418 3540 2567 3592; x_wconf 86' lang='lat' dir='ltr'><strong>boum</strong></span> <span class='ocrx_word' id='word_1_619' title='bbox 2604 3549 2816 3593; x_wconf 85' lang='lat' dir='ltr'><strong>tuorum</strong></span> <span class='ocrx_word' id='word_1_620' title='bbox 2847 3544 3089 3597; x_wconf 84' lang='lat' dir='ltr'><strong>arabant</strong></span> <span class='ocrx_word' id='word_1_621' title='bbox 3122 3558 3175 3599; x_wconf 88' lang='lat' dir='ltr'><strong>et</strong></span> <span class='ocrx_word' id='word_1_622' title='bbox 3212 3550 3400 3601; x_wconf 62' lang='lat' dir='ltr'><strong>asinae</strong></span> <span class='ocrx_word' id='word_1_623' title='bbox 3431 3551 3651 3617; x_wconf 73' lang='lat' dir='ltr'><strong>juxta</strong></span> <span class='ocrx_word' id='word_1_624' title='bbox 3692 3555 3770 3605; x_wconf 84' lang='lat' dir='ltr'><strong>il-</strong></span> 
     </span>
    </p>
   </div>
   <div class='ocr_carea' id='block_1_81' title="bbox 2067 3630 3763 3702">
    <p class='ocr_par' dir='ltr' id='par_1_81' title="bbox 2067 3630 3763 3702">
     <span class='ocr_line' id='line_1_81' title="bbox 2067 3630 3763 3702; baseline 0.008 -20"><span class='ocrx_word' id='word_1_625' title='bbox 2067 3630 2142 3682; x_wconf 86' lang='lat' dir='ltr'><strong>los</strong></span> <span class='ocrx_word' id='word_1_626' title='bbox 2159 3630 2452 3698; x_wconf 83' lang='lat' dir='ltr'><strong>pascebant,</strong></span> <span class='ocrx_word' id='word_1_627' title='bbox 2484 3638 2531 3681; x_wconf 88' lang='lat' dir='ltr'><strong>et</strong></span> <span class='ocrx_word' id='word_1_628' title='bbox 2562 3642 2811 3696; x_wconf 63' lang='lat' dir='ltr'><strong>venerunt</strong></span> <span class='ocrx_word' id='word_1_629' title='bbox 2841 3635 3138 3698; x_wconf 69' lang='lat' dir='ltr'><strong>prwdonec</strong></span> <span class='ocrx_word' id='word_1_630' title='bbox 3188 3646 3242 3689; x_wconf 85' lang='lat' dir='ltr'><strong>et</strong></span> <span class='ocrx_word' id='word_1_631' title='bbox 3290 3640 3593 3702; x_wconf 69' lang='lat' dir='ltr'><strong>pra&#39;dati</strong></span> <span class='ocrx_word' id='word_1_632' title='bbox 3624 3655 3763 3695; x_wconf 75' lang='lat' dir='ltr'><strong>sunt</strong></span> 
     </span>
    </p>
   </div>
   <div class='ocr_carea' id='block_1_82' title="bbox 2066 3706 3763 3795">
    <p class='ocr_par' dir='ltr' id='par_1_82' title="bbox 2066 3706 3763 3795">
     <span class='ocr_line' id='line_1_82' title="bbox 2066 3706 3763 3795; baseline 0.008 -25"><span class='ocrx_word' id='word_1_633' title='bbox 2066 3721 2179 3782; x_wconf 81' lang='lat' dir='ltr'><strong>illa,</strong></span> <span class='ocrx_word' id='word_1_634' title='bbox 2208 3730 2252 3772; x_wconf 88' lang='lat' dir='ltr'><strong>et</strong></span> <span class='ocrx_word' id='word_1_635' title='bbox 2282 3735 2464 3785; x_wconf 77' lang='lat' dir='ltr'><strong>pueros</strong></span> <span class='ocrx_word' id='word_1_636' title='bbox 2510 3720 2815 3773; x_wconf 83' lang='lat' dir='ltr'><strong>occiderunt</strong></span> <span class='ocrx_word' id='word_1_637' title='bbox 2866 3724 2921 3775; x_wconf 87' lang='lat' dir='ltr'><strong>in</strong></span> <span class='ocrx_word' id='word_1_638' title='bbox 2954 3741 3055 3777; x_wconf 83' lang='lat' dir='ltr'><strong>ore</strong></span> <span class='ocrx_word' id='word_1_639' title='bbox 3115 3728 3323 3795; x_wconf 83' lang='lat' dir='ltr'><strong>gladii,</strong></span> <span class='ocrx_word' id='word_1_640' title='bbox 3357 3740 3424 3781; x_wconf 79' lang='lat' dir='ltr'><strong>et</strong></span> <span class='ocrx_word' id='word_1_641' title='bbox 3480 3706 3763 3783; x_wconf 47' lang='lat' dir='ltr'><strong>remansi</strong></span> 
     </span>
    </p>
   </div>
   <div class='ocr_carea' id='block_1_83' title="bbox 2066 3808 3756 3891">
    <p class='ocr_par' dir='ltr' id='par_1_83' title="bbox 2066 3808 3756 3891">
     <span class='ocr_line' id='line_1_83' title="bbox 2066 3808 3756 3891; baseline 0.007 -28"><span class='ocrx_word' id='word_1_642' title='bbox 2066 3826 2155 3878; x_wconf 78' lang='lat' dir='ltr'><strong>ego</strong></span> <span class='ocrx_word' id='word_1_643' title='bbox 2185 3808 2346 3873; x_wconf 78' lang='lat' dir='ltr'><strong>solus,</strong></span> <span class='ocrx_word' id='word_1_644' title='bbox 2376 3820 2420 3861; x_wconf 91' lang='lat' dir='ltr'><strong>et</strong></span> <span class='ocrx_word' id='word_1_645' title='bbox 2450 3810 2565 3861; x_wconf 80' lang='lat' dir='ltr'><strong>veni</strong></span> <span class='ocrx_word' id='word_1_646' title='bbox 2595 3821 2648 3862; x_wconf 86' lang='lat' dir='ltr'><strong>ut</strong></span> <span class='ocrx_word' id='word_1_647' title='bbox 2699 3811 2794 3863; x_wconf 85' lang='lat' dir='ltr'><strong>tibi</strong></span> <span class='ocrx_word' id='word_1_648' title='bbox 2840 3816 3167 3870; x_wconf 84' lang='lat' dir='ltr'><strong>nuntiarem</strong></span> <span class='ocrx_word' id='word_1_649' title='bbox 3197 3818 3265 3872; x_wconf 85' lang='lat'><strong>&quot;.</strong></span> <span class='ocrx_word' id='word_1_650' title='bbox 3303 3817 3353 3873; x_wconf 86' lang='grc' dir='ltr'>Ο</span> <span class='ocrx_word' id='word_1_651' title='bbox 3403 3822 3756 3891; x_wconf 80' lang='lat' dir='ltr'><strong>multiplex</strong></span> 
     </span>
    </p>
   </div>
   <div class='ocr_carea' id='block_1_84' title="bbox 2067 3898 3757 3979">
    <p class='ocr_par' dir='ltr' id='par_1_84' title="bbox 2067 3898 3757 3979">
     <span class='ocr_line' id='line_1_84' title="bbox 2067 3898 3757 3979; baseline 0.008 -27"><span class='ocrx_word' id='word_1_652' title='bbox 2067 3908 2223 3967; x_wconf 86' lang='lat' dir='ltr'><strong>atque</strong></span> <span class='ocrx_word' id='word_1_653' title='bbox 2248 3898 2437 3951; x_wconf 90' lang='lat' dir='ltr'><strong>callida</strong></span> <span class='ocrx_word' id='word_1_654' title='bbox 2470 3899 2763 3952; x_wconf 86' lang='lat' dir='ltr'><strong>adversarii</strong></span> <span class='ocrx_word' id='word_1_655' title='bbox 2795 3904 3037 3967; x_wconf 84' lang='lat' dir='ltr'><strong>astutia,</strong></span> <span class='ocrx_word' id='word_1_656' title='bbox 3093 3917 3157 3959; x_wconf 90' lang='lat' dir='ltr'><strong>ut</strong></span> <span class='ocrx_word' id='word_1_657' title='bbox 3202 3909 3416 3962; x_wconf 87' lang='lat' dir='ltr'><strong>eadem</strong></span> <span class='ocrx_word' id='word_1_658' title='bbox 3482 3926 3636 3979; x_wconf 66' lang='lat' dir='ltr'><strong>quae</strong></span> <span class='ocrx_word' id='word_1_659' title='bbox 3665 3913 3757 3965; x_wconf 85' lang='lat' dir='ltr'><strong>in-</strong></span> 
     </span>
    </p>
   </div>
   <div class='ocr_carea' id='block_1_85' title="bbox 2066 3987 3750 4061">
    <p class='ocr_par' dir='ltr' id='par_1_85' title="bbox 2066 3987 3750 4061">
     <span class='ocr_line' id='line_1_85' title="bbox 2066 3987 3750 4061; baseline 0.012 -26"><span class='ocrx_word' id='word_1_660' title='bbox 2066 3998 2306 4055; x_wconf 79' lang='lat' dir='ltr'><strong>gesserat</strong></span> <span class='ocrx_word' id='word_1_661' title='bbox 2330 3987 2487 4051; x_wconf 87' lang='lat' dir='ltr'><strong>mala,</strong></span> <span class='ocrx_word' id='word_1_662' title='bbox 2510 3988 2579 4040; x_wconf 88' lang='lat' dir='ltr'><strong>ita</strong></span> <span class='ocrx_word' id='word_1_663' title='bbox 2612 3988 2803 4044; x_wconf 83' lang='lat' dir='ltr'><strong>callide</strong></span> <span class='ocrx_word' id='word_1_664' title='bbox 2834 4005 3167 4061; x_wconf 84' lang='lat' dir='ltr'><strong>enarraret,</strong></span> <span class='ocrx_word' id='word_1_665' title='bbox 3194 4010 3258 4052; x_wconf 88' lang='grc' dir='ltr'><strong>ιιι</strong></span> <span class='ocrx_word' id='word_1_666' title='bbox 3292 3998 3364 4052; x_wconf 86' lang='lat' dir='ltr'><strong>ad</strong></span> <span class='ocrx_word' id='word_1_667' title='bbox 3409 3999 3537 4054; x_wconf 79' lang='lat' dir='ltr'><strong>Dei</strong></span> <span class='ocrx_word' id='word_1_668' title='bbox 3584 4001 3750 4055; x_wconf 68' lang='lat' dir='ltr'><strong>blas-</strong></span> 
     </span>
    </p>
   </div>
   <div class='ocr_carea' id='block_1_86' title="bbox 2064 4074 3743 4157">
    <p class='ocr_par' dir='ltr' id='par_1_86' title="bbox 2064 4074 3743 4157">
     <span class='ocr_line' id='line_1_86' title="bbox 2064 4074 3743 4157; baseline 0.008 -29"><span class='ocrx_word' id='word_1_669' title='bbox 2064 4078 2329 4144; x_wconf 87' lang='lat' dir='ltr'><strong>phetniam</strong></span> <span class='ocrx_word' id='word_1_670' title='bbox 2357 4074 2487 4143; x_wconf 87' lang='lat' dir='ltr'><strong>justi</strong></span> <span class='ocrx_word' id='word_1_671' title='bbox 2516 4076 2654 4131; x_wconf 88' lang='lat' dir='ltr'><strong>illius</strong></span> <span class='ocrx_word' id='word_1_672' title='bbox 2677 4077 2778 4131; x_wconf 91' lang='lat' dir='ltr'><strong>viri</strong></span> <span class='ocrx_word' id='word_1_673' title='bbox 2816 4081 3073 4137; x_wconf 86' lang='lat' dir='ltr'><strong>animum</strong></span> <span class='ocrx_word' id='word_1_674' title='bbox 3108 4099 3477 4153; x_wconf 86' lang='lat' dir='ltr'><strong>provocaret</strong></span> <span class='ocrx_word' id='word_1_675' title='bbox 3507 4090 3523 4141; x_wconf 90' lang='lat'><strong>!</strong></span> <span class='ocrx_word' id='word_1_676' title='bbox 3549 4088 3743 4157; x_wconf 80' lang='lat' dir='ltr'><strong>Juga,</strong></span> 
     </span>
    </p>
   </div>
   <div class='ocr_carea' id='block_1_87' title="bbox 2068 4165 3739 4233">
    <p class='ocr_par' dir='ltr' id='par_1_87' title="bbox 2068 4165 3739 4233">
     <span class='ocr_line' id='line_1_87' title="bbox 2068 4165 3739 4233; baseline 0.008 -15"><span class='ocrx_word' id='word_1_677' title='bbox 2068 4167 2257 4233; x_wconf 91' lang='lat' dir='ltr'><strong>inquit,</strong></span> <span class='ocrx_word' id='word_1_678' title='bbox 2305 4165 2455 4219; x_wconf 80' lang='lat' dir='ltr'><strong>boum</strong></span> <span class='ocrx_word' id='word_1_679' title='bbox 2509 4175 2716 4218; x_wconf 85' lang='lat' dir='ltr'><strong>tuorum</strong></span> <span class='ocrx_word' id='word_1_680' title='bbox 2787 4171 3048 4227; x_wconf 81' lang='lat' dir='ltr'><strong>orabant.</strong></span> <span class='ocrx_word' id='word_1_681' title='bbox 3107 4175 3237 4230; x_wconf 85' lang='lat' dir='ltr'><strong>Non</strong></span> <span class='ocrx_word' id='word_1_682' title='bbox 3300 4178 3479 4230; x_wconf 84' lang='lat' dir='ltr'><strong>enim</strong></span> <span class='ocrx_word' id='word_1_683' title='bbox 3539 4180 3739 4231; x_wconf 80' lang='lat' dir='ltr'><strong>otiosa</strong></span> 
     </span>
    </p>
   </div>
   <div class='ocr_carea' id='block_1_88' title="bbox 2065 4256 3733 4324">
    <p class='ocr_par' dir='ltr' id='par_1_88' title="bbox 2065 4256 3733 4324">
     <span class='ocr_line' id='line_1_88' title="bbox 2065 4256 3733 4324; baseline 0.005 -16"><span class='ocrx_word' id='word_1_684' title='bbox 2065 4266 2218 4308; x_wconf 90' lang='lat' dir='ltr'><strong>erant</strong></span> <span class='ocrx_word' id='word_1_685' title='bbox 2249 4270 2418 4322; x_wconf 90' lang='lat' dir='ltr'><strong>neque</strong></span> <span class='ocrx_word' id='word_1_686' title='bbox 2446 4256 2651 4309; x_wconf 91' lang='lat' dir='ltr'><strong>inutilia</strong></span> <span class='ocrx_word' id='word_1_687' title='bbox 2676 4257 2922 4324; x_wconf 85' lang='lat' dir='ltr'><strong>stabant,</strong></span> <span class='ocrx_word' id='word_1_688' title='bbox 2969 4265 3075 4316; x_wconf 89' lang='lat' dir='ltr'><strong>sed</strong></span> <span class='ocrx_word' id='word_1_689' title='bbox 3112 4267 3365 4319; x_wconf 86' lang='lat' dir='ltr'><strong>arabant</strong></span> <span class='ocrx_word' id='word_1_690' title='bbox 3443 4267 3733 4319; x_wconf 88' lang='lat' dir='ltr'><strong>ultimam</strong></span> 
     </span>
    </p>
   </div>
   <div class='ocr_carea' id='block_1_89' title="bbox 2065 4345 3730 4412">
    <p class='ocr_par' dir='ltr' id='par_1_89' title="bbox 2065 4345 3730 4412">
     <span class='ocr_line' id='line_1_89' title="bbox 2065 4345 3730 4412; baseline 0 -5"><span class='ocrx_word' id='word_1_691' title='bbox 2065 4355 2538 4412; x_wconf 54' lang='lat' dir='ltr'><strong>arallll&#39;amialQUe</strong></span> <span class='ocrx_word' id='word_1_692' title='bbox 2578 4345 2928 4400; x_wconf 87' lang='lat' dir='ltr'><strong>novissimam</strong></span> <span class='ocrx_word' id='word_1_693' title='bbox 2986 4366 3336 4410; x_wconf 75' lang='lat' dir='ltr'><strong>exercentes</strong></span> <span class='ocrx_word' id='word_1_694' title='bbox 3376 4356 3730 4409; x_wconf 86' lang='lat' dir='ltr'><strong>culturam.</strong></span> 
     </span>
    </p>
   </div>
   <div class='ocr_carea' id='block_1_90' title="bbox 445 4432 3720 4514">
    <p class='ocr_par' dir='ltr' id='par_1_90' title="bbox 445 4432 3720 4514">
     <span class='ocr_line' id='line_1_90' title="bbox 445 4432 3720 4514; baseline -0.001 -26"><span class='ocrx_word' id='word_1_695' title='bbox 445 4436 517 4488; x_wconf 89' lang='lat' dir='ltr'><strong>De</strong></span> <span class='ocrx_word' id='word_1_696' title='bbox 547 4435 663 4487; x_wconf 84' lang='lat' dir='ltr'><strong>istis</strong></span> <span class='ocrx_word' id='word_1_697' title='bbox 690 4450 816 4502; x_wconf 85' lang='lat' dir='ltr'><strong>ergo</strong></span> <span class='ocrx_word' id='word_1_698' title='bbox 836 4436 960 4488; x_wconf 76' lang='lat' dir='ltr'><strong>filiis</strong></span> <span class='ocrx_word' id='word_1_699' title='bbox 987 4434 1087 4490; x_wconf 91' lang='lat' dir='ltr'><strong>Job</strong></span> <span class='ocrx_word' id='word_1_700' title='bbox 1112 4438 1240 4489; x_wconf 93' lang='lat' dir='ltr'><strong>dicit</strong></span> <span class='ocrx_word' id='word_1_701' title='bbox 1271 4437 1390 4489; x_wconf 80' lang='lat' dir='ltr'><strong>isﬁc</strong></span> <span class='ocrx_word' id='word_1_702' title='bbox 1442 4452 1454 4487; x_wconf 94' lang='lat'>:</span> <span class='ocrx_word' id='word_1_703' title='bbox 1492 4433 1556 4485; x_wconf 79' lang='lat' dir='ltr'><strong>Et</strong></span> <span class='ocrx_word' id='word_1_704' title='bbox 1618 4434 1715 4500; x_wconf 83' lang='lat' dir='ltr'><strong>ﬁlii</strong></span> <span class='ocrx_word' id='word_1_705' title='bbox 1772 4434 1870 4486; x_wconf 88' lang='lat' dir='ltr'><strong>Job</strong></span> <span class='ocrx_word' id='word_1_706' title='bbox 1917 4446 1962 4487; x_wconf 89' lang='lat' dir='ltr'><strong>et</strong></span> <span class='ocrx_word' id='word_1_707' title='bbox 1997 4459 2038 4510; x_wconf 71' lang='grc' dir='ltr'>ι)</span> <span class='ocrx_word' id='word_1_708' title='bbox 2068 4435 2200 4500; x_wconf 87' lang='lat' dir='ltr'><strong>Quid</strong></span> <span class='ocrx_word' id='word_1_709' title='bbox 2224 4435 2289 4486; x_wconf 87' lang='lat' dir='ltr'><strong>ad</strong></span> <span class='ocrx_word' id='word_1_710' title='bbox 2327 4435 2455 4492; x_wconf 69' lang='lat' dir='ltr'><strong>tunc.</strong></span> <span class='ocrx_word' id='word_1_711' title='bbox 2492 4434 2698 4501; x_wconf 89' lang='lat' dir='ltr'><strong>inquit?</strong></span> <span class='ocrx_word' id='word_1_712' title='bbox 2726 4432 2793 4485; x_wconf 82' lang='lat' dir='ltr'><strong>Et</strong></span> <span class='ocrx_word' id='word_1_713' title='bbox 2828 4452 3098 4494; x_wconf 78' lang='lat' dir='ltr'><strong>venerunt</strong></span> <span class='ocrx_word' id='word_1_714' title='bbox 3147 4449 3452 4513; x_wconf 68' lang='lat' dir='ltr'><strong>prwdoue;</strong></span> <span class='ocrx_word' id='word_1_715' title='bbox 3489 4458 3545 4499; x_wconf 75' lang='grc' dir='ltr'>ει</span> <span class='ocrx_word' id='word_1_716' title='bbox 3571 4464 3720 4514; x_wconf 51' lang='grc' dir='ltr'><strong>ρων-</strong></span> 
     </span>
    </p>
   </div>
   <div class='ocr_carea' id='block_1_91' title="bbox 442 4522 1965 4592">
    <p class='ocr_par' dir='ltr' id='par_1_91' title="bbox 442 4522 1965 4592">
     <span class='ocr_line' id='line_1_91' title="bbox 442 4522 1965 4592; baseline 0.001 -19"><span class='ocrx_word' id='word_1_717' title='bbox 442 4523 567 4592; x_wconf 75' lang='lat' dir='ltr'><strong>filia:</strong></span> <span class='ocrx_word' id='word_1_718' title='bbox 593 4525 1032 4578; x_wconf 83' lang='lat' dir='ltr'><strong>manducabantet</strong></span> <span class='ocrx_word' id='word_1_719' title='bbox 1082 4525 1317 4578; x_wconf 84' lang='lat' dir='ltr'><strong>bibebant</strong></span> <span class='ocrx_word' id='word_1_720' title='bbox 1367 4528 1421 4576; x_wconf 87' lang='lat' dir='ltr'><strong>in</strong></span> <span class='ocrx_word' id='word_1_721' title='bbox 1463 4524 1614 4575; x_wconf 87' lang='lat' dir='ltr'><strong>domo</strong></span> <span class='ocrx_word' id='word_1_722' title='bbox 1664 4522 1845 4590; x_wconf 77' lang='lat' dir='ltr'><strong>fratris</strong></span> <span class='ocrx_word' id='word_1_723' title='bbox 1886 4526 1965 4575; x_wconf 83' lang='lat' dir='ltr'><strong>sui</strong></span> 
     </span>
    </p>
   </div>
   <div class='ocr_carea' id='block_1_92' title="bbox 441 4611 1967 4682">
    <p class='ocr_par' dir='ltr' id='par_1_92' title="bbox 441 4611 1967 4682">
     <span class='ocr_line' id='line_1_92' title="bbox 441 4611 1967 4682; baseline 0.001 -18"><span class='ocrx_word' id='word_1_724' title='bbox 441 4611 679 4679; x_wconf 78' lang='lat' dir='ltr'><strong>majoris.</strong></span> <span class='ocrx_word' id='word_1_725' title='bbox 711 4611 775 4663; x_wconf 84' lang='lat' dir='ltr'><strong>Et</strong></span> <span class='ocrx_word' id='word_1_726' title='bbox 795 4613 847 4664; x_wconf 92' lang='lat' dir='ltr'><strong>in</strong></span> <span class='ocrx_word' id='word_1_727' title='bbox 889 4614 987 4666; x_wconf 92' lang='lat' dir='ltr'><strong>hoc</strong></span> <span class='ocrx_word' id='word_1_728' title='bbox 1010 4615 1150 4681; x_wconf 89' lang='lat' dir='ltr'><strong>quod</strong></span> <span class='ocrx_word' id='word_1_729' title='bbox 1185 4614 1368 4682; x_wconf 89' lang='lat' dir='ltr'><strong>majori</strong></span> <span class='ocrx_word' id='word_1_730' title='bbox 1395 4612 1652 4680; x_wconf 87' lang='lat' dir='ltr'><strong>primatus</strong></span> <span class='ocrx_word' id='word_1_731' title='bbox 1701 4612 1870 4665; x_wconf 84' lang='lat' dir='ltr'><strong>honor</strong></span> <span class='ocrx_word' id='word_1_732' title='bbox 1901 4613 1967 4665; x_wconf 85' lang='lat' dir='ltr'><strong>ab</strong></span> 
     </span>
    </p>
   </div>
   <div class='ocr_carea' id='block_1_93' title="bbox 441 4701 1963 4770">
    <p class='ocr_par' dir='ltr' id='par_1_93' title="bbox 441 4701 1963 4770">
     <span class='ocr_line' id='line_1_93' title="bbox 441 4701 1963 4770; baseline -0.001 -15"><span class='ocrx_word' id='word_1_733' title='bbox 441 4701 688 4755; x_wconf 90' lang='lat' dir='ltr'><strong>omnibus</strong></span> <span class='ocrx_word' id='word_1_734' title='bbox 710 4701 1079 4764; x_wconf 74' lang='lat' dir='ltr'><strong>exhibebatur,</strong></span> <span class='ocrx_word' id='word_1_735' title='bbox 1111 4703 1162 4755; x_wconf 93' lang='lat' dir='ltr'><strong>in</strong></span> <span class='ocrx_word' id='word_1_736' title='bbox 1199 4704 1301 4756; x_wconf 88' lang='lat' dir='ltr'><strong>hoc</strong></span> <span class='ocrx_word' id='word_1_737' title='bbox 1329 4703 1439 4770; x_wconf 86' lang='lat' dir='ltr'><strong>ipso</strong></span> <span class='ocrx_word' id='word_1_738' title='bbox 1463 4702 1619 4754; x_wconf 91' lang='lat' dir='ltr'><strong>etiam</strong></span> <span class='ocrx_word' id='word_1_739' title='bbox 1651 4701 1786 4754; x_wconf 91' lang='lat' dir='ltr'><strong>sicut</strong></span> <span class='ocrx_word' id='word_1_740' title='bbox 1823 4711 1877 4754; x_wconf 91' lang='lat' dir='ltr'><strong>et</strong></span> <span class='ocrx_word' id='word_1_741' title='bbox 1914 4704 1963 4753; x_wconf 92' lang='lat' dir='ltr'><strong>in</strong></span> 
     </span>
    </p>
   </div>
   <div class='ocr_carea' id='block_1_94' title="bbox 440 4789 1963 4860">
    <p class='ocr_par' dir='ltr' id='par_1_94' title="bbox 440 4789 1963 4860">
     <span class='ocr_line' id='line_1_94' title="bbox 440 4789 1963 4860; baseline 0 -17"><span class='ocrx_word' id='word_1_742' title='bbox 440 4790 689 4843; x_wconf 86' lang='lat' dir='ltr'><strong>omnibus</strong></span> <span class='ocrx_word' id='word_1_743' title='bbox 713 4790 853 4841; x_wconf 88' lang='lat' dir='ltr'><strong>circa</strong></span> <span class='ocrx_word' id='word_1_744' title='bbox 885 4789 975 4842; x_wconf 91' lang='lat' dir='ltr'><strong>Dei</strong></span> <span class='ocrx_word' id='word_1_745' title='bbox 1002 4792 1385 4847; x_wconf 90' lang='lat' dir='ltr'><strong>ordinationem</strong></span> <span class='ocrx_word' id='word_1_746' title='bbox 1418 4792 1690 4845; x_wconf 89' lang='lat' dir='ltr'><strong>ambulare</strong></span> <span class='ocrx_word' id='word_1_747' title='bbox 1712 4805 1963 4860; x_wconf 88' lang='lat' dir='ltr'><strong>propera-</strong></span> 
     </span>
    </p>
   </div>
   <div class='ocr_carea' id='block_1_95' title="bbox 439 4877 1965 4951">
    <p class='ocr_par' dir='ltr' id='par_1_95' title="bbox 439 4877 1965 4951">
     <span class='ocr_line' id='line_1_95' title="bbox 439 4877 1965 4951; baseline 0.002 -20"><span class='ocrx_word' id='word_1_748' title='bbox 439 4886 649 4932; x_wconf 88' lang='lat' dir='ltr'><strong>verunt.</strong></span> <span class='ocrx_word' id='word_1_749' title='bbox 677 4877 766 4930; x_wconf 91' lang='lat' dir='ltr'><strong>Dei</strong></span> <span class='ocrx_word' id='word_1_750' title='bbox 795 4878 932 4931; x_wconf 90' lang='lat' dir='ltr'><strong>enim</strong></span> <span class='ocrx_word' id='word_1_751' title='bbox 959 4880 1244 4943; x_wconf 83' lang='lat' dir='ltr'><strong>ordinatio,</strong></span> <span class='ocrx_word' id='word_1_752' title='bbox 1273 4893 1431 4951; x_wconf 87' lang='lat' dir='ltr'><strong>atque</strong></span> <span class='ocrx_word' id='word_1_753' title='bbox 1456 4882 1546 4935; x_wconf 88' lang='lat' dir='ltr'><strong>Dei</strong></span> <span class='ocrx_word' id='word_1_754' title='bbox 1594 4880 1799 4948; x_wconf 89' lang='lat' dir='ltr'><strong>jnstitia</strong></span> <span class='ocrx_word' id='word_1_755' title='bbox 1853 4880 1965 4934; x_wconf 76' lang='lat' dir='ltr'><strong>htcc</strong></span> 
     </span>
    </p>
   </div>
   <div class='ocr_carea' id='block_1_96' title="bbox 438 4965 1964 5033">
    <p class='ocr_par' dir='ltr' id='par_1_96' title="bbox 438 4965 1964 5033">
     <span class='ocr_line' id='line_1_96' title="bbox 438 4965 1964 5033; baseline 0.001 -13"><span class='ocrx_word' id='word_1_756' title='bbox 438 4976 543 5029; x_wconf 89' lang='lat' dir='ltr'><strong>est,</strong></span> <span class='ocrx_word' id='word_1_757' title='bbox 575 4975 632 5018; x_wconf 92' lang='lat' dir='ltr'><strong>ut</strong></span> <span class='ocrx_word' id='word_1_758' title='bbox 653 4965 839 5033; x_wconf 87' lang='lat' dir='ltr'><strong>majori</strong></span> <span class='ocrx_word' id='word_1_759' title='bbox 874 4969 1124 5032; x_wconf 90' lang='lat' dir='ltr'><strong>primatus</strong></span> <span class='ocrx_word' id='word_1_760' title='bbox 1149 4970 1315 5023; x_wconf 88' lang='lat' dir='ltr'><strong>honor</strong></span> <span class='ocrx_word' id='word_1_761' title='bbox 1339 4971 1406 5024; x_wconf 84' lang='lat' dir='ltr'><strong>ab</strong></span> <span class='ocrx_word' id='word_1_762' title='bbox 1443 4972 1687 5024; x_wconf 89' lang='lat' dir='ltr'><strong>omnibus</strong></span> <span class='ocrx_word' id='word_1_763' title='bbox 1715 4970 1964 5023; x_wconf 85' lang='lat' dir='ltr'><strong>exhibea-</strong></span> 
     </span>
    </p>
   </div>
   <div class='ocr_carea' id='block_1_97' title="bbox 439 5054 1961 5124">
    <p class='ocr_par' dir='ltr' id='par_1_97' title="bbox 439 5054 1961 5124">
     <span class='ocr_line' id='line_1_97' title="bbox 439 5054 1961 5124; baseline 0.003 -16"><span class='ocrx_word' id='word_1_764' title='bbox 439 5064 545 5112; x_wconf 90' lang='lat' dir='ltr'><strong>tur.</strong></span> <span class='ocrx_word' id='word_1_765' title='bbox 578 5054 964 5108; x_wconf 77' lang='lat' dir='ltr'><strong>Manducabant</strong></span> <span class='ocrx_word' id='word_1_766' title='bbox 995 5070 1119 5124; x_wconf 75' lang='lat' dir='ltr'><strong>ergo</strong></span> <span class='ocrx_word' id='word_1_767' title='bbox 1147 5069 1200 5112; x_wconf 90' lang='lat' dir='ltr'><strong>et</strong></span> <span class='ocrx_word' id='word_1_768' title='bbox 1249 5059 1499 5113; x_wconf 86' lang='lat' dir='ltr'><strong>bibebant</strong></span> <span class='ocrx_word' id='word_1_769' title='bbox 1526 5076 1627 5114; x_wconf 91' lang='lat' dir='ltr'><strong>non</strong></span> <span class='ocrx_word' id='word_1_770' title='bbox 1676 5060 1961 5119; x_wconf 82' lang='lat' dir='ltr'><strong>luxuriose,</strong></span> 
     </span>
    </p>
   </div>
   <div class='ocr_carea' id='block_1_98' title="bbox 438 5144 1964 5219">
    <p class='ocr_par' dir='ltr' id='par_1_98' title="bbox 438 5144 1964 5219">
     <span class='ocr_line' id='line_1_98' title="bbox 438 5144 1964 5219; baseline 0.002 -19"><span class='ocrx_word' id='word_1_771' title='bbox 438 5160 609 5212; x_wconf 86' lang='lat' dir='ltr'><strong>neque</strong></span> <span class='ocrx_word' id='word_1_772' title='bbox 638 5144 956 5213; x_wconf 86' lang='lat' dir='ltr'><strong>petulanter,</strong></span> <span class='ocrx_word' id='word_1_773' title='bbox 989 5160 1158 5211; x_wconf 86' lang='lat' dir='ltr'><strong>neque</strong></span> <span class='ocrx_word' id='word_1_774' title='bbox 1190 5148 1450 5217; x_wconf 84' lang='lat' dir='ltr'><strong>superflua</strong></span> <span class='ocrx_word' id='word_1_775' title='bbox 1479 5149 1768 5219; x_wconf 85' lang='lat' dir='ltr'><strong>loquentes,</strong></span> <span class='ocrx_word' id='word_1_776' title='bbox 1794 5165 1964 5217; x_wconf 88' lang='lat' dir='ltr'><strong>neque</strong></span> 
     </span>
    </p>
   </div>
   <div class='ocr_carea' id='block_1_99' title="bbox 440 5232 1964 5296">
    <p class='ocr_par' dir='ltr' id='par_1_99' title="bbox 440 5232 1964 5296">
     <span class='ocr_line' id='line_1_99' title="bbox 440 5232 1964 5296; baseline 0.001 -6"><span class='ocrx_word' id='word_1_777' title='bbox 440 5236 622 5290; x_wconf 85' lang='lat' dir='ltr'><strong>illicita</strong></span> <span class='ocrx_word' id='word_1_778' title='bbox 684 5232 999 5296; x_wconf 81' lang='lat' dir='ltr'><strong>fabulantes,</strong></span> <span class='ocrx_word' id='word_1_779' title='bbox 1040 5236 1133 5287; x_wconf 87' lang='lat' dir='ltr'><strong>sed</strong></span> <span class='ocrx_word' id='word_1_780' title='bbox 1181 5239 1570 5292; x_wconf 90' lang='lat' dir='ltr'><strong>manducabant</strong></span> <span class='ocrx_word' id='word_1_781' title='bbox 1625 5250 1675 5293; x_wconf 89' lang='lat' dir='ltr'><strong>et</strong></span> <span class='ocrx_word' id='word_1_782' title='bbox 1715 5242 1964 5295; x_wconf 91' lang='lat' dir='ltr'><strong>bibebant</strong></span> 
     </span>
    </p>
   </div>
   <div class='ocr_carea' id='block_1_100' title="bbox 438 5320 1953 5393">
    <p class='ocr_par' dir='ltr' id='par_1_100' title="bbox 438 5320 1953 5393">
     <span class='ocr_line' id='line_1_100' title="bbox 438 5320 1953 5393; baseline 0.001 -12"><span class='ocrx_word' id='word_1_783' title='bbox 438 5325 715 5381; x_wconf 79' lang='lat' dir='ltr'><strong>laudantes</strong></span> <span class='ocrx_word' id='word_1_784' title='bbox 759 5336 911 5377; x_wconf 87' lang='lat' dir='ltr'><strong>suum</strong></span> <span class='ocrx_word' id='word_1_785' title='bbox 972 5320 1312 5393; x_wconf 89' lang='lat' dir='ltr'><strong>Creatorem,</strong></span> <span class='ocrx_word' id='word_1_786' title='bbox 1363 5329 1751 5385; x_wconf 85' lang='lat' dir='ltr'><strong>benefactorem</strong></span> <span class='ocrx_word' id='word_1_787' title='bbox 1802 5346 1953 5384; x_wconf 90' lang='lat' dir='ltr'><strong>suum</strong></span> 
     </span>
    </p>
   </div>
   <div class='ocr_carea' id='block_1_101' title="bbox 437 5410 1957 5479">
    <p class='ocr_par' dir='ltr' id='par_1_101' title="bbox 437 5410 1957 5479">
     <span class='ocr_line' id='line_1_101' title="bbox 437 5410 1957 5479; baseline 0.003 -12"><span class='ocrx_word' id='word_1_788' title='bbox 437 5417 739 5476; x_wconf 87' lang='lat' dir='ltr'><strong>adorantes,</strong></span> <span class='ocrx_word' id='word_1_789' title='bbox 771 5422 932 5479; x_wconf 87' lang='lat' dir='ltr'><strong>atque</strong></span> <span class='ocrx_word' id='word_1_790' title='bbox 953 5410 1183 5468; x_wconf 88' lang='lat' dir='ltr'><strong>alentem</strong></span> <span class='ocrx_word' id='word_1_791' title='bbox 1207 5430 1262 5469; x_wconf 88' lang='lat' dir='ltr'><strong>se</strong></span> <span class='ocrx_word' id='word_1_792' title='bbox 1287 5416 1684 5473; x_wconf 80' lang='lat' dir='ltr'><strong>benedicentcs.</strong></span> <span class='ocrx_word' id='word_1_793' title='bbox 1724 5418 1811 5473; x_wconf 89' lang='lat' dir='ltr'><strong>Sic</strong></span> <span class='ocrx_word' id='word_1_794' title='bbox 1857 5420 1957 5472; x_wconf 89' lang='lat' dir='ltr'><strong>ita-</strong></span> 
     </span>
    </p>
   </div>
   <div class='ocr_carea' id='block_1_102' title="bbox 436 5503 1957 5578">
    <p class='ocr_par' dir='ltr' id='par_1_102' title="bbox 436 5503 1957 5578">
     <span class='ocr_line' id='line_1_102' title="bbox 436 5503 1957 5578; baseline 0.005 -22"><span class='ocrx_word' id='word_1_795' title='bbox 436 5519 538 5571; x_wconf 86' lang='lat' dir='ltr'><strong>que</strong></span> <span class='ocrx_word' id='word_1_796' title='bbox 561 5503 952 5557; x_wconf 87' lang='lat' dir='ltr'><strong>manducabant</strong></span> <span class='ocrx_word' id='word_1_797' title='bbox 974 5512 1029 5557; x_wconf 91' lang='lat' dir='ltr'><strong>et</strong></span> <span class='ocrx_word' id='word_1_798' title='bbox 1054 5504 1299 5558; x_wconf 71' lang='lat' dir='ltr'><strong>bibebant</strong></span> <span class='ocrx_word' id='word_1_799' title='bbox 1337 5507 1425 5560; x_wconf 92' lang='lat' dir='ltr'><strong>ﬁlii</strong></span> <span class='ocrx_word' id='word_1_800' title='bbox 1462 5505 1579 5563; x_wconf 90' lang='lat' dir='ltr'><strong>Job.</strong></span> <span class='ocrx_word' id='word_1_801' title='bbox 1612 5508 1727 5574; x_wconf 90' lang='lat' dir='ltr'><strong>Quo</strong></span> <span class='ocrx_word' id='word_1_802' title='bbox 1756 5517 1957 5578; x_wconf 84' lang='lat' dir='ltr'><strong>tempo-</strong></span> 
     </span>
    </p>
   </div>
   <div class='ocr_carea' id='block_1_103' title="bbox 440 5592 1957 5664">
    <p class='ocr_par' dir='ltr' id='par_1_103' title="bbox 440 5592 1957 5664">
     <span class='ocr_line' id='line_1_103' title="bbox 440 5592 1957 5664; baseline 0.005 -20"><span class='ocrx_word' id='word_1_803' title='bbox 440 5594 531 5647; x_wconf 87' lang='lat' dir='ltr'><strong>re?</strong></span> <span class='ocrx_word' id='word_1_804' title='bbox 561 5595 776 5648; x_wconf 89' lang='lat' dir='ltr'><strong>Certum</strong></span> <span class='ocrx_word' id='word_1_805' title='bbox 820 5602 903 5647; x_wconf 91' lang='lat' dir='ltr'><strong>est</strong></span> <span class='ocrx_word' id='word_1_806' title='bbox 928 5592 1063 5660; x_wconf 85' lang='lat' dir='ltr'><strong>quod</strong></span> <span class='ocrx_word' id='word_1_807' title='bbox 1101 5601 1336 5663; x_wconf 88' lang='lat' dir='ltr'><strong>tempore</strong></span> <span class='ocrx_word' id='word_1_808' title='bbox 1383 5599 1609 5664; x_wconf 88' lang='lat' dir='ltr'><strong>prandii.</strong></span> <span class='ocrx_word' id='word_1_809' title='bbox 1648 5597 1760 5654; x_wconf 86' lang='lat' dir='ltr'><strong>Non</strong></span> <span class='ocrx_word' id='word_1_810' title='bbox 1817 5600 1957 5653; x_wconf 91' lang='lat' dir='ltr'><strong>enim</strong></span> 
     </span>
    </p>
   </div>
   <div class='ocr_carea' id='block_1_104' title="bbox 508 5706 1710 5778">
    <p class='ocr_par' dir='ltr' id='par_1_104' title="bbox 508 5706 1710 5778">
     <span class='ocr_line' id='line_1_104' title="bbox 508 5706 1710 5778; baseline 0.01 -20"><span class='ocrx_word' id='word_1_811' title='bbox 508 5707 550 5738; x_wconf 79' lang='lat'>&quot;</span> <span class='ocrx_word' id='word_1_812' title='bbox 579 5706 742 5762; x_wconf 84' lang='lat' dir='ltr'><strong>Exod.</strong></span> <span class='ocrx_word' id='word_1_813' title='bbox 773 5722 927 5773; x_wconf 81' lang='lat' dir='ltr'><strong>xxut,</strong></span> <span class='ocrx_word' id='word_1_814' title='bbox 946 5706 995 5760; x_wconf 86' lang='lat'><strong>7.</strong></span> <span class='ocrx_word' id='word_1_815' title='bbox 1072 5708 1113 5738; x_wconf 69' lang='grc' dir='ltr'><strong>ιδ</strong></span> <span class='ocrx_word' id='word_1_816' title='bbox 1138 5708 1233 5766; x_wconf 89' lang='lat' dir='ltr'><strong>Job</strong></span> <span class='ocrx_word' id='word_1_817' title='bbox 1267 5727 1304 5778; x_wconf 87' lang='lat' dir='ltr'><strong>t,</strong></span> <span class='ocrx_word' id='word_1_818' title='bbox 1344 5713 1424 5766; x_wconf 80' lang='lat' dir='ltr'><strong>l5.</strong></span> <span class='ocrx_word' id='word_1_819' title='bbox 1517 5715 1710 5771; x_wconf 80' lang='lat' dir='ltr'><strong>&quot;ibid.</strong></span> 
     </span>
    </p>
   </div>
   <div class='ocr_carea' id='block_1_105' title="bbox 1787 5714 2103 5771">
    <p class='ocr_par' dir='ltr' id='par_1_105' title="bbox 1787 5714 2103 5771">
     <span class='ocr_line' id='line_1_105' title="bbox 1787 5714 2103 5771; baseline 0.003 -2"><span class='ocrx_word' id='word_1_820' title='bbox 1787 5716 1830 5746; x_wconf 84' lang='lat'><strong><em>&quot;</em></strong></span> <span class='ocrx_word' id='word_1_821' title='bbox 1853 5714 1981 5771; x_wconf 83' lang='lat' dir='ltr'><strong>ibid.</strong></span> <span class='ocrx_word' id='word_1_822' title='bbox 2018 5714 2103 5770; x_wconf 69' lang='grc'><strong>14.</strong></span> 
     </span>
    </p>
   </div>
   <div class='ocr_carea' id='block_1_106' title="bbox 2067 4520 3726 4601">
    <p class='ocr_par' dir='ltr' id='par_1_106' title="bbox 2067 4520 3726 4601">
     <span class='ocr_line' id='line_1_106' title="bbox 2067 4520 3726 4601; baseline 0.006 -26"><span class='ocrx_word' id='word_1_823' title='bbox 2067 4525 2175 4575; x_wconf 87' lang='lat' dir='ltr'><strong>dati</strong></span> <span class='ocrx_word' id='word_1_824' title='bbox 2206 4531 2321 4575; x_wconf 74' lang='lat' dir='ltr'><strong>sunt</strong></span> <span class='ocrx_word' id='word_1_825' title='bbox 2346 4538 2424 4575; x_wconf 80' lang='lat' dir='ltr'><strong>ea.</strong></span> <span class='ocrx_word' id='word_1_826' title='bbox 2450 4520 2568 4585; x_wconf 90' lang='lat' dir='ltr'><strong>Job,</strong></span> <span class='ocrx_word' id='word_1_827' title='bbox 2594 4523 2671 4574; x_wconf 89' lang='lat' dir='ltr'><strong>vel</strong></span> <span class='ocrx_word' id='word_1_828' title='bbox 2712 4525 2855 4579; x_wconf 91' lang='lat' dir='ltr'><strong>unde</strong></span> <span class='ocrx_word' id='word_1_829' title='bbox 2892 4529 2993 4582; x_wconf 88' lang='lat' dir='ltr'><strong>tibi</strong></span> <span class='ocrx_word' id='word_1_830' title='bbox 3027 4534 3219 4601; x_wconf 78' lang='lat' dir='ltr'><strong>vives,</strong></span> <span class='ocrx_word' id='word_1_831' title='bbox 3251 4536 3333 4591; x_wconf 84' lang='lat' dir='ltr'><strong>vel</strong></span> <span class='ocrx_word' id='word_1_832' title='bbox 3374 4537 3557 4590; x_wconf 81' lang='lat' dir='ltr'><strong>unde</strong></span> <span class='ocrx_word' id='word_1_833' title='bbox 3592 4537 3726 4589; x_wconf 86' lang='lat' dir='ltr'><strong>aliis</strong></span> 
     </span>
    </p>
   </div>
   <div class='ocr_carea' id='block_1_107' title="bbox 2064 4613 3711 4686">
    <p class='ocr_par' dir='ltr' id='par_1_107' title="bbox 2064 4613 3711 4686">
     <span class='ocr_line' id='line_1_107' title="bbox 2064 4613 3711 4686; baseline 0.009 -19"><span class='ocrx_word' id='word_1_834' title='bbox 2064 4613 2320 4667; x_wconf 86' lang='lat' dir='ltr'><strong>beneﬁcia</strong></span> <span class='ocrx_word' id='word_1_835' title='bbox 2355 4613 2668 4681; x_wconf 83' lang='lat' dir='ltr'><strong>imperties?</strong></span> <span class='ocrx_word' id='word_1_836' title='bbox 2698 4613 2859 4669; x_wconf 86' lang='lat' dir='ltr'><strong>Unde</strong></span> <span class='ocrx_word' id='word_1_837' title='bbox 2894 4620 2983 4671; x_wconf 90' lang='lat' dir='ltr'><strong>vel</strong></span> <span class='ocrx_word' id='word_1_838' title='bbox 3011 4623 3117 4677; x_wconf 90' lang='lat' dir='ltr'><strong>tibi</strong></span> <span class='ocrx_word' id='word_1_839' title='bbox 3144 4627 3352 4686; x_wconf 88' lang='lat' dir='ltr'><strong>vietus,</strong></span> <span class='ocrx_word' id='word_1_840' title='bbox 3383 4628 3485 4680; x_wconf 88' lang='lat' dir='ltr'><strong>vel</strong></span> <span class='ocrx_word' id='word_1_841' title='bbox 3540 4630 3711 4681; x_wconf 88' lang='lat' dir='ltr'><strong>mise-</strong></span> 
     </span>
    </p>
   </div>
   <div class='ocr_carea' id='block_1_108' title="bbox 2062 4702 3711 4783">
    <p class='ocr_par' dir='ltr' id='par_1_108' title="bbox 2062 4702 3711 4783">
     <span class='ocr_line' id='line_1_108' title="bbox 2062 4702 3711 4783; baseline 0.008 -25"><span class='ocrx_word' id='word_1_842' title='bbox 2062 4705 2138 4758; x_wconf 84' lang='lat' dir='ltr'><strong>ris</strong></span> <span class='ocrx_word' id='word_1_843' title='bbox 2167 4714 2343 4758; x_wconf 88' lang='lat' dir='ltr'><strong>etnon</strong></span> <span class='ocrx_word' id='word_1_844' title='bbox 2368 4702 2680 4755; x_wconf 85' lang='lat' dir='ltr'><strong>habentibus</strong></span> <span class='ocrx_word' id='word_1_845' title='bbox 2705 4704 2974 4761; x_wconf 85' lang='lat' dir='ltr'><strong>refectio?</strong></span> <span class='ocrx_word' id='word_1_846' title='bbox 3011 4710 3160 4783; x_wconf 77' lang='lat' dir='ltr'><strong>Juga</strong></span> <span class='ocrx_word' id='word_1_847' title='bbox 3220 4717 3394 4771; x_wconf 86' lang='lat' dir='ltr'><strong>boum</strong></span> <span class='ocrx_word' id='word_1_848' title='bbox 3474 4725 3711 4770; x_wconf 75' lang='lat' dir='ltr'><strong>tuorum</strong></span> 
     </span>
    </p>
   </div>
   <div class='ocr_carea' id='block_1_109' title="bbox 2062 4793 3699 4863">
    <p class='ocr_par' dir='ltr' id='par_1_109' title="bbox 2062 4793 3699 4863">
     <span class='ocr_line' id='line_1_109' title="bbox 2062 4793 3699 4863; baseline 0.009 -18"><span class='ocrx_word' id='word_1_849' title='bbox 2062 4793 2312 4857; x_wconf 88' lang='lat' dir='ltr'><strong>arabant,</strong></span> <span class='ocrx_word' id='word_1_850' title='bbox 2337 4808 2453 4861; x_wconf 57' lang='lat' dir='ltr'><strong>qua</strong></span> <span class='ocrx_word' id='word_1_851' title='bbox 2488 4808 2585 4845; x_wconf 81' lang='lat' dir='ltr'><strong>nec</strong></span> <span class='ocrx_word' id='word_1_852' title='bbox 2612 4794 2703 4845; x_wconf 89' lang='lat' dir='ltr'><strong>tibi</strong></span> <span class='ocrx_word' id='word_1_853' title='bbox 2734 4794 2903 4860; x_wconf 86' lang='lat' dir='ltr'><strong>ultra,</strong></span> <span class='ocrx_word' id='word_1_854' title='bbox 2932 4816 3039 4855; x_wconf 90' lang='lat' dir='ltr'><strong>nec</strong></span> <span class='ocrx_word' id='word_1_855' title='bbox 3081 4805 3215 4863; x_wconf 87' lang='lat' dir='ltr'><strong>aliis</strong></span> <span class='ocrx_word' id='word_1_856' title='bbox 3247 4806 3530 4861; x_wconf 83' lang='lat' dir='ltr'><strong>arabum.</strong></span> <span class='ocrx_word' id='word_1_857' title='bbox 3574 4809 3699 4861; x_wconf 82' lang='lat' dir='ltr'><strong>Asi-</strong></span> 
     </span>
    </p>
   </div>
   <div class='ocr_carea' id='block_1_110' title="bbox 2061 4881 3696 4966">
    <p class='ocr_par' dir='ltr' id='par_1_110' title="bbox 2061 4881 3696 4966">
     <span class='ocr_line' id='line_1_110' title="bbox 2061 4881 3696 4966; baseline 0.009 -32"><span class='ocrx_word' id='word_1_858' title='bbox 2061 4898 2143 4937; x_wconf 77' lang='lat' dir='ltr'><strong>na:</strong></span> <span class='ocrx_word' id='word_1_859' title='bbox 2172 4891 2272 4935; x_wconf 74' lang='lat' dir='ltr'><strong>tua:</strong></span> <span class='ocrx_word' id='word_1_860' title='bbox 2303 4881 2604 4951; x_wconf 84' lang='lat' dir='ltr'><strong>pascebant,</strong></span> <span class='ocrx_word' id='word_1_861' title='bbox 2635 4898 2754 4950; x_wconf 78' lang='lat' dir='ltr'><strong>qua:</strong></span> <span class='ocrx_word' id='word_1_862' title='bbox 2785 4885 2931 4941; x_wconf 88' lang='lat' dir='ltr'><strong>ultra</strong></span> <span class='ocrx_word' id='word_1_863' title='bbox 2962 4890 3118 4948; x_wconf 85' lang='lat' dir='ltr'><strong>fetus</strong></span> <span class='ocrx_word' id='word_1_864' title='bbox 3143 4913 3256 4952; x_wconf 92' lang='lat' dir='ltr'><strong>non</strong></span> <span class='ocrx_word' id='word_1_865' title='bbox 3287 4896 3540 4963; x_wconf 84' lang='lat' dir='ltr'><strong>facient,</strong></span> <span class='ocrx_word' id='word_1_866' title='bbox 3575 4913 3696 4966; x_wconf 78' lang='lat' dir='ltr'><strong>qua:</strong></span> 
     </span>
    </p>
   </div>
   <div class='ocr_carea' id='block_1_111' title="bbox 2061 4971 3677 5057">
    <p class='ocr_par' dir='ltr' id='par_1_111' title="bbox 2061 4971 3677 5057">
     <span class='ocr_line' id='line_1_111' title="bbox 2061 4971 3677 5057; baseline 0.009 -33"><span class='ocrx_word' id='word_1_867' title='bbox 2061 4986 2158 5025; x_wconf 90' lang='lat' dir='ltr'><strong>nec</strong></span> <span class='ocrx_word' id='word_1_868' title='bbox 2184 4972 2274 5025; x_wconf 88' lang='lat' dir='ltr'><strong>tibi</strong></span> <span class='ocrx_word' id='word_1_869' title='bbox 2314 4987 2413 5026; x_wconf 90' lang='lat' dir='ltr'><strong>nec</strong></span> <span class='ocrx_word' id='word_1_870' title='bbox 2442 4971 2559 5024; x_wconf 88' lang='lat' dir='ltr'><strong>aliis</strong></span> <span class='ocrx_word' id='word_1_871' title='bbox 2588 4974 2910 5039; x_wconf 87' lang='lat' dir='ltr'><strong>proderunt.</strong></span> <span class='ocrx_word' id='word_1_872' title='bbox 2938 4979 3157 5050; x_wconf 87' lang='lat' dir='ltr'><strong>Quare,</strong></span> <span class='ocrx_word' id='word_1_873' title='bbox 3194 4988 3377 5057; x_wconf 90' lang='lat' dir='ltr'><strong>inquit</strong></span> <span class='ocrx_word' id='word_1_874' title='bbox 3402 4985 3534 5041; x_wconf 72' lang='grc' dir='ltr'><strong>ἳοὺ</strong></span> <span class='ocrx_word' id='word_1_875' title='bbox 3558 4992 3677 5049; x_wconf 86' lang='lat' dir='ltr'><strong>hoc,</strong></span> 
     </span>
    </p>
   </div>
   <div class='ocr_carea' id='block_1_112' title="bbox 2058 5064 3675 5146">
    <p class='ocr_par' dir='ltr' id='par_1_112' title="bbox 2058 5064 3675 5146">
     <span class='ocr_line' id='line_1_112' title="bbox 2058 5064 3675 5146; baseline 0.011 -31"><span class='ocrx_word' id='word_1_876' title='bbox 2058 5064 2151 5124; x_wconf 89' lang='lat' dir='ltr'><strong>ait.</strong></span> <span class='ocrx_word' id='word_1_877' title='bbox 2182 5066 2304 5130; x_wconf 90' lang='lat' dir='ltr'><strong>quia</strong></span> <span class='ocrx_word' id='word_1_878' title='bbox 2333 5072 2586 5116; x_wconf 87' lang='lat' dir='ltr'><strong>venerunt</strong></span> <span class='ocrx_word' id='word_1_879' title='bbox 2630 5067 2921 5131; x_wconf 68' lang='lat' dir='ltr'><strong>praedones</strong></span> <span class='ocrx_word' id='word_1_880' title='bbox 2957 5084 3015 5128; x_wconf 90' lang='lat' dir='ltr'><strong>et</strong></span> <span class='ocrx_word' id='word_1_881' title='bbox 3080 5081 3317 5146; x_wconf 82' lang='lat' dir='ltr'><strong>praedati</strong></span> <span class='ocrx_word' id='word_1_882' title='bbox 3391 5089 3534 5131; x_wconf 90' lang='lat' dir='ltr'><strong>sunt</strong></span> <span class='ocrx_word' id='word_1_883' title='bbox 3595 5093 3675 5132; x_wconf 85' lang='lat' dir='ltr'><strong>ea.</strong></span> 
     </span>
    </p>
   </div>
   <div class='ocr_carea' id='block_1_113' title="bbox 2059 5152 3669 5239">
    <p class='ocr_par' dir='ltr' id='par_1_113' title="bbox 2059 5152 3669 5239">
     <span class='ocr_line' id='line_1_113' title="bbox 2059 5152 3669 5239; baseline 0.009 -35"><span class='ocrx_word' id='word_1_884' title='bbox 2059 5154 2153 5218; x_wconf 85' lang='lat' dir='ltr'><strong>Qui</strong></span> <span class='ocrx_word' id='word_1_885' title='bbox 2181 5153 2254 5205; x_wconf 87' lang='lat' dir='ltr'><strong>ait</strong></span> <span class='ocrx_word' id='word_1_886' title='bbox 2281 5169 2295 5204; x_wconf 87' lang='lat'><strong>:</strong></span> <span class='ocrx_word' id='word_1_887' title='bbox 2323 5152 2546 5205; x_wconf 85' lang='lat' dir='ltr'><strong>Tantum</strong></span> <span class='ocrx_word' id='word_1_888' title='bbox 2581 5168 2664 5207; x_wconf 88' lang='lat' dir='ltr'><strong>tne</strong></span> <span class='ocrx_word' id='word_1_889' title='bbox 2691 5164 2889 5223; x_wconf 88' lang='lat' dir='ltr'><strong>terres,</strong></span> <span class='ocrx_word' id='word_1_890' title='bbox 2910 5179 2944 5214; x_wconf 85' lang='grc' dir='ltr'>υ</span> <span class='ocrx_word' id='word_1_891' title='bbox 2982 5164 3176 5229; x_wconf 84' lang='grc' dir='ltr'>Ιιοιιιο,</span> <span class='ocrx_word' id='word_1_892' title='bbox 3207 5165 3373 5239; x_wconf 85' lang='lat' dir='ltr'><strong>quasi</strong></span> <span class='ocrx_word' id='word_1_893' title='bbox 3409 5166 3557 5234; x_wconf 75' lang='lat' dir='ltr'><strong>jugis</strong></span> <span class='ocrx_word' id='word_1_894' title='bbox 3584 5168 3669 5219; x_wconf 57' lang='lat' dir='ltr'><strong>de.</strong></span> 
     </span>
    </p>
   </div>
   <div class='ocr_carea' id='block_1_114' title="bbox 2058 5242 3683 5330">
    <p class='ocr_par' dir='ltr' id='par_1_114' title="bbox 2058 5242 3683 5330">
     <span class='ocr_line' id='line_1_114' title="bbox 2058 5242 3683 5330; baseline 0.01 -38"><span class='ocrx_word' id='word_1_895' title='bbox 2058 5242 2303 5310; x_wconf 75' lang='lat' dir='ltr'><strong>przedatis</strong></span> <span class='ocrx_word' id='word_1_896' title='bbox 2325 5243 2505 5296; x_wconf 84' lang='lat' dir='ltr'><strong>vivere</strong></span> <span class='ocrx_word' id='word_1_897' title='bbox 2543 5258 2648 5297; x_wconf 92' lang='lat' dir='ltr'><strong>non</strong></span> <span class='ocrx_word' id='word_1_898' title='bbox 2697 5250 2933 5314; x_wconf 84' lang='lat' dir='ltr'><strong>possim.</strong></span> <span class='ocrx_word' id='word_1_899' title='bbox 2987 5254 3139 5313; x_wconf 88' lang='lat' dir='ltr'><strong>Sunt</strong></span> <span class='ocrx_word' id='word_1_900' title='bbox 3196 5256 3364 5330; x_wconf 80' lang='lat' dir='ltr'><strong>pueri</strong></span> <span class='ocrx_word' id='word_1_901' title='bbox 3438 5255 3683 5319; x_wconf 75' lang='lat' dir='ltr'><strong>plurimi.</strong></span> 
     </span>
    </p>
   </div>
   <div class='ocr_carea' id='block_1_115' title="bbox 2059 5331 3681 5407">
    <p class='ocr_par' dir='ltr' id='par_1_115' title="bbox 2059 5331 3681 5407">
     <span class='ocr_line' id='line_1_115' title="bbox 2059 5331 3681 5407; baseline 0.004 -22"><span class='ocrx_word' id='word_1_902' title='bbox 2059 5331 2232 5385; x_wconf 91' lang='lat' dir='ltr'><strong>coloni</strong></span> <span class='ocrx_word' id='word_1_903' title='bbox 2261 5333 2729 5401; x_wconf 88' lang='lat' dir='ltr'><strong>abundantissimi,</strong></span> <span class='ocrx_word' id='word_1_904' title='bbox 2758 5339 2853 5407; x_wconf 90' lang='lat' dir='ltr'><strong>qui</strong></span> <span class='ocrx_word' id='word_1_905' title='bbox 2911 5348 3170 5405; x_wconf 77' lang='lat' dir='ltr'><strong>universi</strong></span> <span class='ocrx_word' id='word_1_906' title='bbox 3239 5340 3681 5407; x_wconf 71' lang='lat' dir='ltr'><strong>mercimonium</strong></span> 
     </span>
    </p>
   </div>
   <div class='ocr_carea' id='block_1_116' title="bbox 2059 5419 3699 5505">
    <p class='ocr_par' dir='ltr' id='par_1_116' title="bbox 2059 5419 3699 5505">
     <span class='ocr_line' id='line_1_116' title="bbox 2059 5419 3699 5505; baseline 0.017 -31"><span class='ocrx_word' id='word_1_907' title='bbox 2059 5419 2339 5487; x_wconf 82' lang='lat' dir='ltr'><strong>facientes,</strong></span> <span class='ocrx_word' id='word_1_908' title='bbox 2376 5432 2431 5477; x_wconf 91' lang='lat' dir='ltr'><strong>et</strong></span> <span class='ocrx_word' id='word_1_909' title='bbox 2459 5438 2542 5479; x_wconf 85' lang='lat' dir='ltr'><strong>me</strong></span> <span class='ocrx_word' id='word_1_910' title='bbox 2569 5435 2624 5479; x_wconf 89' lang='lat' dir='ltr'><strong>et</strong></span> <span class='ocrx_word' id='word_1_911' title='bbox 2644 5440 2702 5481; x_wconf 90' lang='lat' dir='ltr'><strong>se</strong></span> <span class='ocrx_word' id='word_1_912' title='bbox 2737 5444 3000 5505; x_wconf 87' lang='lat' dir='ltr'><strong>pascant,</strong></span> <span class='ocrx_word' id='word_1_913' title='bbox 3022 5451 3082 5494; x_wconf 91' lang='lat' dir='ltr'><strong>et</strong></span> <span class='ocrx_word' id='word_1_914' title='bbox 3115 5459 3208 5499; x_wconf 90' lang='lat' dir='ltr'><strong>me</strong></span> <span class='ocrx_word' id='word_1_915' title='bbox 3239 5455 3293 5501; x_wconf 91' lang='lat' dir='ltr'><strong>et</strong></span> <span class='ocrx_word' id='word_1_916' title='bbox 3328 5441 3429 5501; x_wconf 60' lang='lat' dir='ltr'><strong>se</strong></span> <span class='ocrx_word' id='word_1_917' title='bbox 3450 5428 3699 5480; x_wconf 56' lang='grc' dir='ltr'><strong>ίθὶετεωσ</strong></span> 
     </span>
    </p>
   </div>
   <div class='ocr_carea' id='block_1_117' title="bbox 2062 5510 3702 5601">
    <p class='ocr_par' dir='ltr' id='par_1_117' title="bbox 2062 5510 3702 5601">
     <span class='ocr_line' id='line_1_117' title="bbox 2062 5510 3702 5601; baseline 0.02 -38"><span class='ocrx_word' id='word_1_918' title='bbox 2062 5510 2165 5564; x_wconf 88' lang='lat' dir='ltr'><strong>Sed</strong></span> <span class='ocrx_word' id='word_1_919' title='bbox 2195 5514 2476 5580; x_wconf 86' lang='lat' dir='ltr'><strong>respondet</strong></span> <span class='ocrx_word' id='word_1_920' title='bbox 2511 5519 2731 5574; x_wconf 84' lang='lat' dir='ltr'><strong>nuntius</strong></span> <span class='ocrx_word' id='word_1_921' title='bbox 2760 5525 2854 5591; x_wconf 87' lang='lat' dir='ltr'><strong>qui</strong></span> <span class='ocrx_word' id='word_1_922' title='bbox 2888 5543 3148 5601; x_wconf 87' lang='lat' dir='ltr'><strong>venerat,</strong></span> <span class='ocrx_word' id='word_1_923' title='bbox 3181 5545 3239 5592; x_wconf 91' lang='lat' dir='ltr'><strong>et</strong></span> <span class='ocrx_word' id='word_1_924' title='bbox 3274 5513 3466 5593; x_wconf 53' lang='lat' dir='ltr'><strong>dio“</strong></span> <span class='ocrx_word' id='word_1_925' title='bbox 3496 5532 3510 5565; x_wconf 68' lang='grc'>³</span> <span class='ocrx_word' id='word_1_926' title='bbox 3544 5515 3702 5567; x_wconf 61' lang='grc' dir='ltr'><strong>¹⁸⁴³¹¹ί’</strong></span> 
     </span>
    </p>
   </div>
   <div class='ocr_carea' id='block_1_118' title="bbox 2063 5601 3721 5700">
    <p class='ocr_par' dir='ltr' id='par_1_118' title="bbox 2063 5601 3721 5700">
     <span class='ocr_line' id='line_1_118' title="bbox 2063 5601 3721 5700; baseline 0.01 -49"><span class='ocrx_word' id='word_1_927' title='bbox 2063 5609 2143 5653; x_wconf 85' lang='lat' dir='ltr'><strong>let‘</strong></span> <span class='ocrx_word' id='word_1_928' title='bbox 2172 5601 2264 5655; x_wconf 86' lang='lat' dir='ltr'><strong>tibi</strong></span> <span class='ocrx_word' id='word_1_929' title='bbox 2290 5604 2575 5669; x_wconf 79' lang='lat' dir='ltr'><strong>blandiris,</strong></span> <span class='ocrx_word' id='word_1_930' title='bbox 2610 5625 2641 5662; x_wconf 90' lang='lat'><strong>0</strong></span> <span class='ocrx_word' id='word_1_931' title='bbox 2672 5609 2799 5681; x_wconf 81' lang='lat' dir='ltr'><strong>Jul),</strong></span> <span class='ocrx_word' id='word_1_932' title='bbox 2854 5627 3035 5691; x_wconf 78' lang='lat' dir='ltr'><strong>atque</strong></span> <span class='ocrx_word' id='word_1_933' title='bbox 3076 5636 3371 5700; x_wconf 59' lang='lat' dir='ltr'><strong>supayac</strong></span> <span class='ocrx_word' id='word_1_934' title='bbox 3387 5614 3501 5667; x_wconf 67' lang='grc' dir='ltr'><strong>νει</strong></span> <span class='ocrx_word' id='word_1_935' title='bbox 3528 5618 3721 5669; x_wconf 56' lang='grc' dir='ltr'><strong>διεῖλε.</strong></span> 
     </span>
    </p>
   </div>
   <div class='ocr_carea' id='block_1_119' title="bbox 2221 5716 2655 5787">
    <p class='ocr_par' dir='ltr' id='par_1_119' title="bbox 2221 5716 2655 5787">
     <span class='ocr_line' id='line_1_119' title="bbox 2221 5716 2655 5787; baseline 0.021 -15"><span class='ocrx_word' id='word_1_936' title='bbox 2221 5716 2266 5751; x_wconf 77' lang='grc' dir='ltr'>ιτ</span> <span class='ocrx_word' id='word_1_937' title='bbox 2290 5718 2418 5775; x_wconf 85' lang='lat' dir='ltr'><strong>ibid.</strong></span> <span class='ocrx_word' id='word_1_938' title='bbox 2453 5721 2536 5787; x_wconf 81' lang='lat' dir='ltr'><strong>tt,</strong></span> <span class='ocrx_word' id='word_1_939' title='bbox 2568 5723 2655 5781; x_wconf 73' lang='grc' dir='ltr'><strong>ιδ.</strong></span> 
     </span>
    </p>
   </div>
  </div>
