3916 6456
66 416 120 470 ιει

72 455 120 470 ’”’
175 459 280 552 ε)
303 461 486 520 (30101ιί
523 485 959 546 remanserint.
989 492 1130 554 Nam

72 545 160 598 W7
222 567 314 598 AR
346 555 667 598 dem-mam:
697 585 839 598 ιη.-.
905 581 945 595 ..
972 587 986 598 .
1117 591 1130 598 -

79 622 232 756 air‘
245 686 284 712 ί
313 643 614 714 Quomodo
627 622 1028 732 occiderunt?

1335 393 1568 451 ANONY
1579 393 1718 451 MUS

1863 396 2003 454 JOB.
2042 429 2113 439 -ο
2150 393 2275 451 LIB.
2293 439 2300 443 .
2316 395 2357 451 l.
2523 396 2530 404 ’
3311 415 3420 470 422

1159 501 1217 558 bi
1245 507 1339 576 qui
1372 510 1501 580 juga
1535 515 1690 567 boum
1717 524 1769 568 et
1800 535 1845 589 Α
1874 514 2091 585 praedati
2119 520 2246 568 sunt
2278 525 2307 565 a
2340 513 2534 570 saeculo
2556 524 2608 570 et
2637 514 3010 586 depraadantur
3032 533 3198 589 usque
3227 529 3282 578 tu
3312 543 3414 582 διε·
3451 515 3456 528 ’

1209 595 1226 650 i
1253 605 1308 651 et
1341 614 1541 669 pueros
1565 604 1776 658 occide—
1875 604 2074 668 culum,
2106 603 2240 656 alios
2270 617 2366 672 per
2394 605 2642 660 adulterii
2699 607 3077 674 appetentiam,
3113 622 3168 664 ut
3215 615 3410 683 Amon,

1071 681 1130 737 ln
1175 701 1272 744 ore
1338 692 1523 760 gladii,
1581 693 1772 762 inquit,
1874 693 2007 748 alios
2028 709 2124 763 per
2148 693 2370 748 honoris
2433 695 2814 759 ambitionem,
2871 705 2927 748 ut
2973 696 3226 764 Absalou,
3277 681 3412 762 alios

111 804 184 840 Μ
255 751 674 856 {)E‘p‘eicegrunt,
703 771 826 814 non
872 768 1098 826 miserti
1125 787 1399 844 sunt,non
1425 782 1772 850 reliquerunt;
1874 797 1968 850 per
1988 783 2292 845 avaritiam.
2329 783 2618 838 utJudam.
2671 785 2806 839 Istos
2839 800 2967 855 ergo
3016 791 3234 856 praedati
3288 804 3411 847 sunt

126 875 198 924 ﬂ
244 847 460 932 omnes
495 837 913 932 imparcenter
954 865 1315 932 occiderunt,
1356 873 1450 925 sed
1500 837 1774 925 imtniseri-

1874 873 2184 940 nequissimi
2236 874 2430 929 diaboli
2459 876 2659 938 hostes,
2697 875 2826 928 alias
2853 886 3028 940 autem
3059 877 3190 932 alios
3219 881 3410 947 deprte.

155 929 388 1030 mdil-er
437 926 899 1030 interfecerunt,
951 961 1124 1022 atque
1180 958 1419 1010 omnium
1459 957 1770 1026 sanguinem
1872 926 1981 1014 dati
2014 971 2157 1027 sunt,
2185 970 2241 1014 ut
2270 961 2380 1016 Noe
2410 963 2595 1026 Cham,
2630 935 3094 1030 Abraltazlsmael,
3145 976 3204 1020 ut
3261 926 3407 1024 Isaac

171 1017 450 1115 cmdeiiter
475 1019 772 1086 fuderunt.
818 1034 961 1094 Mihi
998 1017 1126 1106 soli,
1157 1047 1349 1114 inquit,
1401 1017 1769 1115 pepercerunt,

195 1140 264 1178 me
287 1111 456 1175 solum
487 1116 862 1184 remiserunt.
894 1129 965 1184 Et
1015 1147 1139 1188 cum
1186 1135 1334 1190 solus
1377 1137 1768 1199 remansissent,

201 1214 311 1268 veni
334 1213 388 1261 ιιι
417 1208 733 1269 nuntiarem
770 1217 1090 1288 tibi..Quid,
1116 1225 1313 1293 inquit,
1380 1226 1501 1279 mihi
1535 1226 1767 1288 nuntias,

157 1371 162 1376 ,
205 1304 440 1360 obomo‘t
467 1303 588 1360 Hoc
622 1307 762 1361 mihi
790 1313 1021 1369 nuntias
1051 1316 1193 1382 quod
1243 1315 1520 1383 praedones
1550 1315 1768 1383 praedati

197 1405 345 1461 sunt,
376 1405 432 1452 et
461 1413 583 1452 cum
604 1397 840 1466 praedati
884 1400 1139 1466 fuissent,
1165 1405 1344 1472 pueris
1365 1419 1468 1458 non
1520 1419 1769 1472 peperce-

194 1499 338 1554 runt,
375 1487 544 1543 sedet
567 1489 716 1558 ipsos
750 1488 807 1543 in
849 1505 948 1544 ore
971 1490 1134 1559 gladii
1160 1493 1490 1558 occiderunt,
1520 1493 1768 1562 reliquias

185 1579 316 1632 mihi
360 1593 472 1632 non
517 1579 896 1645 dimittentes,
939 1596 1114 1650 neque
1157 1582 1345 1636 solatia
1385 1583 1764 1651 relinquentes.

181 1665 332 1733 Haec,
368 1668 572 1738 inquit,
593 1669 728 1722 mihi
757 1673 997 1736 nuntias,
1035 1672 1216 1726 nuntia
1241 1683 1289 1726 et
1313 1673 1608 1742 praedones,
1635 1689 1763 1726 nun-

175 1759 252 1812 tia
287 1767 353 1812 et
374 1758 794 1825 interfectores,
819 1771 879 1815 ut
923 1763 968 1818 si
1004 1775 1243 1831 possum,
1273 1763 1465 1832 inquit,
1503 1763 1762 1818 vindicem

1871 1050 2115 1112 Esau,ut
2147 1051 2305 1105 Israel
2354 1051 2568 1106 Simeon
2608 1052 2732 1107 Levi
2777 1062 2831 1106 et
2855 1053 3059 1119 Ruben,
3093 1066 3145 1109 ut
3201 1059 3281 1112 Eli
3330 1075 3408 1114 sa-

1870 1141 2072 1194 cerdoti
2102 1140 2272 1209 Ophni
2297 1150 2351 1194 et
2381 1141 2604 1197 Phineas
2628 1141 2764 1196 ﬁlios
2786 1143 2921 1209 ejus,
2956 1154 3015 1198 ut
3058 1145 3218 1200 David
3249 1164 3402 1218 supe-

1871 1229 1982 1283 rius
2009 1240 2333 1285 memoratos
2362 1230 2520 1295 ﬁlios,
2563 1240 2726 1300 atque
2775 1233 2896 1287 aliis
2932 1234 3066 1288 alios
3100 1237 3300 1304 primos
3343 1255 3404 1293 ac

1870 1319 2204 1375 novissimos.
2223 1320 2348 1385 Quae
2370 1321 2614 1375 universa
2629 1322 2858 1377 scientes
2883 1339 2980 1378 nos
3001 1335 3161 1394 atque
3181 1328 3394 1380 audien-

1871 1416 1948 1462 tes
1979 1397 2318 1464 intendamus
2351 1421 2509 1465 caute
2527 1412 2806 1466 animabus
2834 1415 3052 1478 nostris,
3080 1431 3144 1470 ne
3161 1418 3402 1484 praeden-

1869 1506 1955 1550 tur
1977 1512 2088 1561 nos,
2116 1509 2274 1568 atque
2304 1501 2622 1568 popttlentur
2671 1505 2945 1570 praedones
2997 1506 3282 1570 daemones,
3332 1524 3400 1564 ne

1867 1588 2072 1641 dicatur
2093 1589 2157 1642 de
2180 1587 2368 1644 nobis:
2399 1589 2656 1644 Venerunt
2681 1594 2947 1660 prwdones
2963 1603 3010 1648 et
3037 1597 3258 1664 pradati
3279 1609 3396 1653 sunt

1865 1691 1969 1739 eos,
2000 1690 2064 1729 ne
2133 1677 2512 1747 compellamur
2570 1679 2723 1734 ﬂetus
2781 1690 2941 1750 atque
3003 1683 3396 1741 lamentatiouis

1865 1765 2125 1818 canticum
2146 1776 2422 1821 cantantes
2445 1768 2622 1822 dicere
2659 1787 2672 1822 :
2697 1767 2865 1837 Super
2878 1771 3094 1838 ﬂumina
3115 1773 3396 1843 Babylonis

171 1863 267 1902 me
302 1866 321 1902 :
360 1850 506 1918 quod
541 1849 588 1904 si
628 1865 739 1905 non
790 1851 945 1906 valeo
991 1851 1267 1906 vindicare
1300 1853 1365 1907 de
1396 1842 1478 1906 his
1528 1854 1616 1920 qui
1662 1853 1762 1907 hoc
1795 1841 1834 1892 Β
1862 1853 1966 1907 illic
1993 1855 2214 1908 sedimus
2251 1866 2300 1908 et
2342 1858 2658 1924 ﬂeuimus“.
2715 1860 2794 1915 0b
2841 1876 3001 1928 quam
3050 1868 3204 1918 rem?
3232 1841 3395 1930 'Quia

167 1941 467 2008 fecerunt,
501 1955 593 1996 eos
619 1955 958 2007 enumerem,
993 1943 1101 1996 Deo
1123 1951 1300 1998 autem
1326 1943 1376 1997 id
1399 1944 1536 2011 quod
1563 1944 1759 1997 factum
1860 1945 1966 1998 illic
1999 1947 2441 2015 interrogaverunt
2476 1967 2588 2016 nos,
2617 1951 2706 2018 qui
2725 1953 2948 2019 captivos
2994 1954 3251 2007 duxerunt
3301 1973 3394 2010 nos
3425 1935 3429 1938 λ

161 2040 285 2093 est,
321 2039 388 2084 ut
413 2029 563 2096 juste
596 2032 841 2102 inquirat
871 2034 1268 2087 commendem.
1295 2033 1364 2086 At
1395 2041 1537 2095 tunc,
1568 2033 1757 2101 inquit,
1857 2034 2005 2086 verba
2037 2038 2330 2089 cantionum
2352 2040 2418 2094 “.
2480 2039 2583 2092 Sed
2624 2056 2742 2093 eum
2799 2042 2910 2095 hazc
2963 2043 3142 2113 omnia
3186 2045 3394 2100 audiret

159 2136 195 2174 o
223 2119 430 2184 homo,
464 2137 587 2175 cum
619 2131 678 2174 tu
715 2121 866 2177 solus
889 2123 1150 2187 evaseris,
1177 2123 1243 2176 ad
1285 2122 1572 2175 maximum
1627 2123 1758 2176 mihi
1856 2122 1977 2188 Job,
2006 2127 2140 2178 t-anti
2173 2128 2362 2194 peculii
2403 2129 2867 2196 depraedationem,
2921 2140 3081 2199 atque
3130 2133 3393 2187 venientis

158 2210 505 2263 incendium
540 2211 795 2277 evasisti,
823 2228 920 2280 pro
950 2221 1238 2278 augmento
1275 2211 1472 2267 doloris
1507 2212 1632 2266 mihi
1666 2211 1760 2265 ad-
1855 2222 1909 2266 et
1937 2217 2200 2269 narrantis
2225 2216 2676 2282 lamentationem,
2712 2233 2808 2274 nec
2861 2221 3146 2289 quidquam
3174 2222 3274 2276 hac
3334 2237 3391 2275 re

159 2299 404 2353 venisti.
445 2301 923 2368 Deprmdationem
959 2303 1088 2356 mihi
1121 2302 1354 2364 nuntias,
1391 2310 1444 2355 et
1487 2302 1758 2370 prmdoncs
1857 2316 1972 2370 qua:
1999 2303 2216 2356 obvenit
2243 2305 2454 2373 dignum
2485 2305 2628 2370 fecit,
2650 2307 2741 2360 sed
2768 2309 2966 2374 pariter
2984 2309 3122 2362 hunc
3151 2310 3388 2365 auditum

157 2405 273 2443 non
311 2390 608 2466 publicas.
642 2391 722 2444 De
757 2393 1007 2461 proximo
1038 2401 1184 2454 sunt,
1233 2407 1296 2444 an
1330 2392 1393 2444 de
1425 2391 1758 2459 longinquo?
1854 2394 2143 2454 sustinens,
2167 2394 2356 2447 blande
2387 2395 2658 2448 enarranti
2696 2395 2796 2448 sibi
2847 2397 3119 2464 respondit
3156 2398 3340 2452 dicens
3369 2415 3386 2454 :

158 2479 375 2533 Hostes
420 2490 556 2533 sunt
583 2479 786 2547 publici
833 2496 899 2534 an
965 2480 1114 2535 fures
1157 2481 1347 2536 occulti
1375 2481 1398 2534 ἲ
1432 2480 1532 2534 Sed
1584 2481 1628 2533 is
1665 2481 1756 2548 qui
1855 2480 1991 2546 Quid
2021 2481 2209 2550 cjulas,
2236 2497 2268 2534 o
2295 2483 2413 2534 vir?
2440 2483 2564 2550 quid
2594 2482 2933 2549 lamentaris,
2967 2502 2998 2539 ο
3027 2486 3230 2539 homo?
3301 2488 3390 2541 Di-

156 2570 375 2634 evasit,
407 2585 523 2624 non
555 2570 681 2624 ideo
719 2578 780 2623 ut
809 2571 856 2624 ei
883 2580 1195 2638 parceretur
1224 2571 1520 2632 evasit,sed
1543 2579 1756 2637 propter
1856 2570 2100 2623 vitiarum
2133 2571 2456 2638 possibilitas
2503 2573 2576 2626 ita
2635 2587 2845 2641 semper
2890 2584 2972 2627 est
3013 2575 3294 2651 vertjbilis,
3329 2583 3391 2632 ut

158 2669 537 2729 augmentum
585 2660 904 2714 tentationis
930 2659 1032 2714 Job
1071 2660 1310 2713 advenit.
1351 2658 1448 2713 Hic
1471 2675 1597 2729 ergo
1626 2660 1754 2712 nihil
1854 2658 2009 2711 hodie
2037 2661 2106 2712 sit
2133 2661 2239 2722 hic.
2283 2662 2516 2714 crastina
2564 2676 2690 2716 vero
2751 2661 2898 2714 alibi.
2957 2662 3024 2715 Et
3068 2665 3388 2733 praesertim,

159 2751 446 2804 adversus
478 2765 546 2804 ea
582 2764 708 2819 qua:
731 2749 873 2804 dicta
906 2757 1030 2803 sunt
1059 2749 1360 2815 respondit,
1391 2749 1494 2817 sed
1551 2757 1754 2802 tantum
1854 2746 2041 2815 inquit,
2073 2750 2194 2815 quia
2222 2749 2418 2802 inimici
2465 2752 2683 2818 praedati
2734 2761 2875 2816 sunt,
2921 2753 3045 2821 quia
3076 2756 3387 2812 adversarii

157 2841 465 2908 praedones
501 2839 815 2894 nominavit
856 2856 871 2892 :
933 2853 1035 2892 nos
1087 2837 1384 2905 intelligere
1441 2839 1752 2902 admonens,
1852 2838 2206 2901 abstulerunt,
2230 2839 2353 2907 quia
2403 2837 2580 2905 iniusti
2617 2840 2968 2908 diripuerunt.
3011 2844 3140 2912 Ego,
3193 2846 3385 2915 inquit,

158 2941 333 2998 atque
389 2931 561 2985 nobis
625 2929 1039 2997 intelligendum
1091 2927 1424 2996 relinquens,
1477 2944 1608 2996 quos
1670 2928 1753 3000 vel
1853 2936 1910 2978 ut
1938 2927 2180 2981 inimicos
2207 2931 2538 2997 acquirerem
2571 2944 2672 2982 non
2706 2930 2880 2998 gessi,
2931 2946 3102 2999 neque
3143 2935 3387 2989 inimicos

159 3021 359 3088 quales
387 3021 688 3090 praedones
724 3018 1094 3074 nominaverit
1128 3036 1142 3072 :
1176 3017 1296 3073 illos
1322 3018 1438 3072 sine
1464 3018 1624 3072 dubio
1663 3017 1751 3085 qui
1851 3030 1935 3069 tne
1969 3018 2145 3084 putavi
2170 3016 2385 3071 habere.
2400 3018 2470 3070 Et
2493 3018 2613 3086 quia
2646 3033 2752 3094 non
2793 3021 3031 3086 peccanti
3059 3021 3386 3075 mibiinimi-

161 3109 230 3162 de
257 3109 408 3163 cmlo
438 3120 672 3179 propter
697 3109 1033 3177 apostasiam
1063 3109 1114 3162 in
1145 3109 1376 3178 praedam
1408 3116 1752 3168 venerunt,et
1779 3163 1819 3179 Α
1849 3105 1897 3160 ci
1949 3107 2162 3172 quidem
2198 3105 2369 3160 effecti
2412 3108 2524 3160 haec
2575 3107 2908 3175 ingesserunt
2935 3145 2950 3169 .
3000 3118 3056 3160 υι
3099 3117 3152 3161 el
3192 3123 3386 3176 pueros

161 3212 229 3251 ex
270 3209 608 3254 sanctorum
645 3199 834 3253 choris
862 3206 1080 3266 propter
1107 3199 1497 3251 contumaciam
1530 3198 1746 3266 proiecti
1777 3195 1821 3224 ν
1849 3195 2177 3258 occiderent,
2206 3204 2258 3248 et
2281 3195 2542 3262 peculium
2575 3196 2897 3263 abriperent,
2925 3196 3040 3248 sine
3063 3196 3181 3250 illos
3212 3199 3393 3266 possi3

162 3297 312 3342 sunt.
341 3287 424 3341 liii
468 3288 762 3350 nimirum,
783 3288 875 3355 qui
908 3285 1007 3340 sub
1041 3285 1181 3340 ctelo
1208 3300 1420 3340 omnem
1474 3286 1750 3354 captivita-
1850 3284 1976 3337 dere
2003 3284 2114 3337 haec
2145 3299 2262 3337 cum
2288 3285 2580 3353 iniquitate,
2611 3286 2764 3340 nobis
2793 3301 2920 3350 vero
2942 3287 3087 3340 dabit
3118 3288 3254 3341 Deus
3279 3287 3382 3340 alia

167 3387 275 3431 tem
296 3378 673 3432 ostenderunt
725 3387 833 3430 tam
861 3375 1154 3430 carnalium
1213 3389 1370 3444 quam
1413 3376 1747 3441 spiritalium,
1849 3373 1963 3428 sine
2009 3383 2248 3443 peccato.
2290 3375 2394 3428 Sed
2439 3390 2558 3428 cum
2609 3375 2722 3430 haec
2769 3376 2973 3430 audiret
3029 3377 3386 3445 nequissimus

164 3467 255 3534 qui
284 3467 520 3536 praedati
554 3476 688 3520 sunt
721 3466 1006 3519 universos
1032 3465 1121 3534 qui
1163 3475 1291 3519 sunt
1337 3479 1494 3534 super
1528 3474 1746 3530 terram,
1849 3462 2086 3516 diabolus
2113 3478 2140 3516 a
2170 3465 2324 3518 beato
2344 3463 2465 3528 Job,
2495 3475 2548 3518 et
2579 3480 2671 3518 ore
2711 3466 2873 3531 dicta,
2904 3475 2958 3520 et
2997 3465 3178 3519 animo
3219 3466 3387 3520 medi-

167 3558 460 3612 manifeste
481 3567 540 3612 et
562 3557 805 3612 occulte.
835 3557 908 3608 De
958 3570 1182 3623 quorum
1234 3555 1537 3623 captivitate
1567 3555 1749 3608 dicunt
1849 3560 1976 3616 tata,
2013 3553 2328 3620 liquefactus
2357 3553 2494 3606 intra
2524 3557 2886 3623 semetipsum,
2939 3555 3266 3624 insipienter,
3301 3558 3386 3612 in-

168 3648 392 3702 sancti:
426 3647 798 3709 Benedixisti,
828 3646 1068 3709 Domine,
1095 3653 1282 3697 terram
1327 3653 1489 3708 tuam,
1517 3643 1748 3698 avertisti
1846 3643 1978 3710 quit,
2003 3641 2101 3695 feci
2131 3654 2188 3698 ut
2235 3645 2507 3714 praedones
2554 3644 2905 3708 nominarem,
2954 3645 3150 3699 abstuli
3199 3661 3229 3698 a
3256 3645 3386 3720 Deo

167 3738 530 3804 captivitatem
558 3736 738 3790 Iacob
763 3735 826 3787 ’⁸.
851 3733 919 3787 Ει
949 3733 1074 3786 alibi
1105 3749 1118 3784 :
1148 3732 1276 3787 Cum
1303 3736 1606 3787 converterit
1643 3735 1750 3791 Do-
1846 3733 1981 3787 hanc
2002 3734 2348 3802 culpam.Non
2371 3735 2511 3789 enim
2539 3736 2760 3803 imputat
2778 3735 2880 3788 Deo
2905 3733 3004 3789 Job
3021 3736 3158 3805 quod
3173 3747 3385 3806 gestum

167 3829 340 3881 minus
368 3829 743 3896 captivitatem
795 3825 956 3892 plebis
989 3839 1117 3888 cute,
1166 3823 1440 3877 exsultabit
1482 3825 1643 3879 Iacob
1699 3838 1745 3881 et
1845 3831 1947 3887 est,
1981 3826 2073 3878 sed
2109 3825 2408 3894 iniquorum
2445 3825 2678 3879 virorum
2719 3825 2984 3891 nequitiae.
3015 3827 3148 3895 Ego,
3185 3827 3380 3896 inquit,

169 3918 436 3971 twtabitur
467 3916 658 3970 Israel
688 3917 753 3968 ".
791 3915 880 3969 Isti
914 3916 1120 3969 scilicet
1149 3914 1454 3981 pnedones,
1493 3916 1581 3970 isti
1633 3933 1745 3972 me-
1845 3914 2100 3981 meipsum
2128 3914 2474 3977 circumveni,
2506 3928 2604 3983 ego
2628 3915 2756 3969 mihi
2787 3916 2886 3983 ipsi
2923 3919 3192 3970 contraria
3215 3918 3378 3986 gessi.

170 4018 475 4060 morantur.
517 4006 822 4070 Venerunt,
851 4006 1046 4074 inquit,
1079 4005 1364 4071 prwdones.
1410 4003 1558 4058 Unde
1594 4021 1749 4061 vene-
1844 4001 2043 4056 ldcirco
2071 4003 2401 4056 consideravi
2442 4003 2567 4070 quid
2612 4003 2825 4068 faciam,
2884 4014 3189 4058 convertam
3241 4018 3384 4060 nunc

171 4099 340 4151 runt?
369 4099 443 4152 Ex
466 4111 530 4151 se
568 4096 730 4165 ipsis,
771 4110 837 4146 an
893 4110 955 4147 ex
1010 4091 1298 4154 Chaldaeis,
1352 4108 1418 4146 an
1463 4094 1623 4146 etiam
1681 4109 1745 4150 ex
1843 4105 2140 4145 sermonem
2171 4093 2236 4144 ad
2263 4091 2521 4155 coelestia,
2550 4103 2854 4146 convertam
2895 4093 3004 4146 haec
3030 4093 3079 4145 in
3124 4094 3211 4146 Dei
3244 4094 3382 4147 blas-

171 4185 487 4258 Egyptiis?
517 4187 634 4242 Sed
675 4200 740 4240 ex
778 4185 937 4238 nullis
970 4185 1194 4239 istorum
1248 4193 1529 4244 venerunt,
1561 4186 1652 4240 sed
1678 4201 1745 4240 ex
1843 4181 2127 4249 phemiam.
2187 4179 2308 4234 Haec
2348 4197 2466 4235 cum
2497 4183 2850 4248 nequissimus
2877 4185 3092 4248 cogitat.
3125 4183 3381 4237 continuo

171 4279 377 4348 abyssis
405 4284 728 4338 venerunt,
764 4289 829 4328 ex
854 4275 1197 4329 interioribus
1230 4274 1555 4329 infernorum
1588 4289 1746 4330 vene-
1843 4273 2003 4324 alium
2035 4272 2275 4324 nuntium
2316 4273 2480 4325 mittit
2504 4273 2566 4324 ad
2600 4271 2698 4326 Job
2726 4290 2738 4324 :
2773 4271 2876 4336 Qui
2925 4289 3039 4323 cum
3083 4272 3378 4340 ingredere-

173 4379 324 4433 runt,
345 4372 488 4426 sicut
539 4367 711 4437 paulo
747 4374 868 4434 post
918 4365 1369 4419 demonstrabitnr
1419 4367 1470 4420 in
1518 4365 1743 4420 ﬁliorum
1841 4371 1946 4425 tur,
1975 4361 2106 4414 dixit
2130 4362 2177 4413 ei
2197 4375 2217 4414 :
2241 4359 2383 4429 Ignis
2408 4363 2588 4414 cecidit
2618 4363 2678 4414 de
2705 4361 2846 4422 caelo,
2869 4370 2915 4412 et
2937 4361 3210 4414 combussit
3240 4377 3376 4426 oves,

172 4459 576 4516 internecione.
605 4455 740 4510 inde
766 4469 892 4524 ergo
915 4464 1181 4509 venerunt
1205 4455 1292 4509 isti
1325 4457 1628 4525 prmdones,
1662 4458 1741 4510 di-
1773 4481 1818 4525 η
1842 4459 1891 4503 et
1913 4466 2095 4516 pueros
2127 4451 2404 4504 combussit
2437 4451 2703 4510 similiter,
2733 4461 2780 4503 et
2808 4453 2945 4503 evasi
2987 4467 3078 4519 ego
3117 4451 3257 4504 solus
3281 4489 3296 4516 ,
3326 4463 3375 4506 et

172 4548 326 4602 missi
355 4554 416 4606 ad
473 4547 846 4604 tentationem
897 4527 1055 4612 atque
1108 4546 1172 4598 ad
1219 4546 1582 4612 probationem
1613 4547 1740 4614 justi
1775 4527 1812 4538 ’⁷
1844 4542 1956 4594 veni
1985 4550 2038 4593 ut
2065 4540 2156 4592 tibi
2176 4541 2465 4593 nuntiarem
2489 4541 2556 4592 “.
2587 4539 2698 4593 Non
2715 4548 2817 4603 est,
2853 4539 3116 4608 inquit,ut
3146 4550 3199 4593 tu
3227 4543 3374 4595 arbi-

169 4636 336 4690 illius.
363 4640 438 4693 De
468 4637 603 4691 istis
656 4647 788 4701 ergo
845 4632 1025 4685 dicit:
1077 4630 1330 4684 Venerunt
1385 4634 1650 4697 pratdones
1692 4641 1740 4685 et

1777 3163 1821 3224 C

1846 4631 2021 4695 traris,
2046 4645 2078 4684 ο
2104 4629 2222 4695 Job,
2253 4629 2393 4697 quod
2423 4644 2488 4682 ex
2541 4630 2840 4683 hominibus
2867 4632 2973 4683 sint
3010 4631 3102 4682 tibi
3139 4630 3221 4683 hae
3243 4631 3374 4685 insi-

167 4727 380 4789 ρηειιαιὶ
403 4735 546 4781 sunt
575 4738 688 4777 eos.
735 4720 826 4774 lsti
866 4733 1097 4788 namque
1153 4720 1401 4786 suntqui
1460 4733 1488 4770 a
1544 4719 1738 4774 sarculo

167 4815 461 4882 depraedati
497 4823 637 4870 sunt
664 4809 946 4880 plurimos,
965 4817 1018 4862 et
1043 4807 1269 4878 plurima
1295 4809 1345 4861 in
1379 4809 1740 4876 captivitatem

165 4903 462 4961 duxerunt.
521 4901 625 4958 Isti
659 4895 950 4968 deprredati
983 4907 1108 4953 sunt
1159 4898 1290 4952 Cain
1348 4912 1443 4966 per
1491 4899 1744 4954 sacriﬁcii

163 4992 608 5053 aemulationem,
632 4990 874 5059 gigantes
905 5001 998 5056 per
1019 4987 1345 5056 superbiam,
1375 4986 1494 5040 illos
1533 4988 1600 5040 ad
1636 4997 1746 5041 tur-

168 5098 281 5136 rem
306 5099 402 5154 per
433 5084 543 5138 Dei
576 5079 1015 5135 contumaciam:
1066 5077 1184 5131 illos
1241 5077 1295 5129 in
1355 5075 1603 5130 Sodomis
1649 5091 1744 5144 per

165 5175 534 5243 turpitudinis
601 5169 925 5236 lasciviamf;
973 5168 1107 5221 Esau
1159 5181 1254 5236 per
1294 5165 1740 5220 insatiabilitatetn

170 5271 339 5333 atque
355 5263 721 5336 petulantiam
741 5275 756 5324 ;
780 5259 1109 5312 Pharaonem
1143 5271 1234 5325 per
1257 5255 1347 5310 Dei
1379 5263 1739 5323 contemptum

175 5367 346 5423 atque
365 5353 773 5427 pertinaciam;
797 5348 916 5404 illos
939 5349 992 5402 in
1021 5349 1234 5401 deserto
1250 5359 1344 5413 per
1365 5343 1740 5412 idololatriam,

179 5447 427 5515 aliosque
462 5446 782 5497 innumeros
821 5454 912 5507 per
927 5439 1112 5493 eadem
1149 5433 1434 5504 deprzcdati
1493 5443 1635 5495 sunt,
1686 5444 1741 5489 et

184 5535 273 5590 his
312 5535 532 5598 similia,
559 5541 722 5599 atque
757 5543 851 5597 per
874 5528 1004 5581 alias
1061 5527 1369 5579 innumeras
1404 5522 1638 5576 rationes
1681 5534 1737 5580 et

258 5695 305 5724 ³⁸
334 5691 471 5746 Psal.
501 5704 718 5754 Lxxxtv,
743 5688 798 5741 ‘2.
874 5689 914 5720 “
943 5686 1078 5741 PS‘tJ.
1110 5700 1200 5750 ιιι,
1235 5683 1283 5740 7.
1361 5682 1406 5712 ²⁹
1428 5679 1560 5735 Psal.
1592 5697 1752 5740 cxxxt

1853 5688 1895 5744 Ι.
1965 5690 2003 5720 ¹¹
2031 5690 2158 5745 ibid.
2190 5690 2240 5746 5.

1843 4719 1962 4780 diae,
1988 4729 2143 4787 atque
2161 4719 2245 4772 hic
2272 4721 2518 4772 incursus
2547 4733 2560 4770 :
2591 4734 2693 4771 non
2718 4728 2800 4773 est
2825 4734 2887 4773 ex
2919 4719 3220 4774 hominibus
3239 4759 3254 4784 ,
3281 4723 3373 4776 sed

1835 4822 1898 4862 ex
1927 4809 2053 4873 Deo,
2095 4809 2159 4861 de
2189 4807 2335 4862 ctelis
2361 4816 2460 4863 est.
2481 4807 2625 4876 ignis
2652 4809 2843 4862 cecidit
2877 4811 2941 4862 de
2965 4810 3120 4875 ccelo,
3148 4821 3199 4864 et
3225 4826 3372 4875 com-

1835 4899 2171 4953 bussitoves.
2201 4897 2338 4962 Noli,
2388 4898 2578 4965 inquit,
2635 4900 2964 4968 temetipsum
3013 4901 3290 4965 seducere,
3338 4915 3372 4954 ο

1837 4985 1957 5051 Job,
1996 4986 2100 5040 noli
2129 4986 2356 5053 teipsum
2375 4987 2782 5052 circumvenire,
2827 5003 2928 5042 non
2961 5004 3025 5043 ex
3070 4989 3372 5045 hominibus

1841 5087 1923 5130 est
1943 5076 2349 5141 circutnventio,
2375 5077 2464 5130 sed
2491 5092 2555 5130 ex
2587 5077 2693 5131 Deo
2719 5087 2802 5130 est
2827 5079 2924 5132 ista
2973 5077 3368 5134 exterminatio.

1843 5164 1955 5220 Non
1991 5179 2056 5219 ex
2089 5165 2314 5220 terrenis
2341 5166 2432 5220 tibi
2467 5176 2550 5220 est
2600 5167 2686 5220 hic
2721 5167 3000 5231 incursus,
3025 5169 3117 5222 sed
3138 5168 3202 5222 de
3221 5167 3370 5220 caelis

1840 5267 1921 5311 est
1947 5256 2037 5310 tibi
2076 5255 2176 5310 iste
2197 5257 2458 5310 interitus.
2505 5254 2653 5322 Quod
2691 5258 2736 5310 si
2778 5271 2882 5311 non
2927 5257 3136 5320 credis,
3197 5253 3317 5307 audi
3349 5266 3368 5303 :

1839 5345 1986 5414 Ignis
2009 5346 2188 5400 cecidit
2215 5347 2278 5399 de
2306 5346 2430 5399 caelo
2451 5384 2466 5409 ,
2496 5355 2546 5399 et
2591 5345 2867 5400 combussit
2900 5361 3036 5408 ores,
3084 5355 3131 5396 et
3182 5355 3367 5409 pueros

1839 5434 2095 5488 similiter.
2119 5433 2248 5489 Nam
2276 5450 2394 5489 cum
2421 5450 2548 5490 oves
2573 5435 2931 5497 combureret,
2953 5443 3233 5502 puerorum
3262 5441 3366 5486 noti

1838 5533 1921 5580 est
1955 5526 2221 5580 misertus.
2251 5523 2364 5582 Non
2388 5528 2622 5596 pepercit
2649 5524 2978 5595 pastoribus,
3013 5521 3103 5576 sed
3119 5513 3366 5570 sitltililcr

2318 5690 2361 5721 “
2392 5689 2487 5744 Job
2517 5705 2556 5754 t,
2584 5688 2667 5741 16.
