3916 6414
532 307 640 364 (9.5

1626 300 1996 358 ANONYMUS
2037 300 2099 357 IN
2135 302 2271 357 JOB.
2311 333 2379 345 —
2408 303 2536 357 LIB.
2578 305 2619 357 1.

3750 320 3828 378 ﬂl

533 424 728 480 ctdlos
744 420 1035 477 combussit
1058 430 1222 489 atque
1251 419 1503 489 perdidit,
1542 424 1637 478 sed
1668 425 1870 492 pariter
1884 436 2069 479 cuncta
2099 429 2139 484 A
2169 425 2455 491 quissimus
2513 425 2620 487 ille,
2662 425 2805 493 ignis
2859 426 2935 477 de
2990 423 3143 477 emta
3170 418 3443 478 cecidit.
3531 431 3762 497 propriam
3790 444 3827 497 ίη

529 514 747 577 delevit,
780 521 839 564 ut
872 525 965 578 per
995 511 1106 565 haec
1131 511 1311 565 omnia
1344 513 1441 565 tibi
1491 512 1865 569 detrimentum
1907 526 2068 584 atque

526 605 764 659 dolorem
792 601 1091 668 ingereret,
1124 608 1180 652 ut
1206 616 1302 668 per
1333 601 1445 654 hinc
1472 603 1717 657 universa
1755 604 1848 658 tibi
1898 606 2066 659 tribu-

526 693 776 745 lationem
809 698 967 756 atque
1000 691 1303 760 angustiam
1344 691 1602 756 adjiceret
1639 711 1651 746 :
1683 693 1828 763 Ignis
1881 696 2061 748 cecidit

523 780 587 827 de
607 773 754 836 caelo,
792 788 894 826 non
916 789 979 828 ex
1006 789 1087 839 se,
1116 789 1286 844 neque
1331 792 1360 829 a
1407 792 1485 840 se,
1511 794 1685 846 neque
1722 797 1814 850 per
1842 797 1918 845 se,
1974 783 2063 836 se]

520 863 725 916 caelesti
758 861 996 929 jussione
1037 874 1198 933 atque
1245 867 1499 922 terribilis
1534 869 1623 922 Dei
1681 873 2060 940 praeceptione:

520 950 667 1020 Ignis
694 953 874 1004 cecidit
899 957 962 1006 de
991 953 1135 1007 caelo.
1167 954 1623 1021 Quemadmodum
1654 958 1780 1012 olim
1808 959 1858 1013 in
1890 959 2061 1015 Sodo-

520 1055 658 1094 mam
692 1050 744 1094 et
767 1042 1143 1106 Gomorrham,
1176 1055 1338 1111 atque
1367 1059 1529 1112 super
1555 1059 1768 1100 omnem
1793 1049 2058 1116 regionem

517 1130 665 1185 illam
698 1132 765 1195 ⁸³,
793 1134 862 1185 ita
886 1142 940 1185 et
959 1134 1111 1201 hutnc
1141 1135 1206 1187 ab
1254 1133 1344 1188 illo
1368 1135 1457 1203 qui
1499 1142 1623 1189 tunc
1668 1137 1719 1188 in
1776 1137 2059 1192 Sodomam

516 1230 572 1274 et
593 1220 945 1275 Gomorrham
989 1222 1163 1291 ignem
1189 1223 1241 1275 in
1269 1222 1619 1291 perditionem
1644 1224 1815 1292 pluit,
1852 1225 1920 1279 ab
1962 1225 2059 1279 hoc

509 1311 908 1378 ipso,inquam,
934 1312 1094 1365 etiam
1131 1314 1267 1382 ignis
1289 1314 1482 1367 cecidit
1518 1312 1586 1368 de
1613 1315 1772 1379 coelo,
1814 1324 1868 1370 et
1908 1329 2059 1369 com-

514 1400 687 1453 bussit
710 1413 838 1452 oves
863 1410 917 1453 et
949 1415 1141 1469 pueros
1194 1410 1249 1453 et
1289 1411 1550 1469 pastores,
1598 1404 1777 1457 omnia
1827 1404 2059 1458 incendit

511 1498 672 1557 atque
703 1490 910 1556 pariter
935 1489 1147 1545 delevit.
1171 1489 1323 1544 Sicut
1352 1491 1494 1545 enim
1522 1490 1914 1548 Sodomitarum
1943 1494 2057 1548 reli-

510 1580 651 1647 quias
690 1594 794 1633 non
823 1591 1218 1645 remanserunt,
1257 1582 1330 1635 ita
1378 1591 1431 1635 et
1474 1598 1633 1645 nunc,
1699 1585 1891 1652 inquit,
1959 1585 2051 1638 tibi

511 1668 749 1737 reliquias
773 1683 875 1723 non
901 1679 1207 1737 supersunt,
1244 1680 1303 1724 ut
1327 1682 1407 1725 est
1443 1672 1607 1726 moris
1626 1711 1642 1736 ,
1672 1674 1793 1739 quia
1817 1674 2049 1742 ejusdem

2171 516 2347 583 ignem
2393 516 2653 585 gehenua:
2700 529 2802 582 per
2860 516 2995 569 hinc
3038 510 3409 568 ostenderis
3500 516 3713 577 ruinam.
3746 526 3826 586 Sed

2166 603 2341 657 adhuc
2371 602 2631 656 adversus
2669 604 2883 657 diaboli
2936 601 3309 671 superbiam
3355 610 3447 665 pa
3466 611 3591 656 Iaca
3617 609 3826 680 dicamus.

2166 692 2512 759 Superbiens,
2554 706 2587 745 ο
2645 692 2899 757 diabole,
2946 693 3102 746 dicis
3157 686 3338 759 quod
3407 685 3600 757 ignis
3643 699 3697 755 de
3728 711 3830 765 caelo

2163 781 2440 847 ceciderit,
2473 792 2526 835 et
2553 796 2684 835 oves
2707 783 3128 847 combusserit,
3165 787 3413 847 utpote
3468 790 3589 837 tua
3614 790 3834 860 voluntate

2162 882 2324 939 atque
2355 873 2689 940 operatione.
2714 875 2819 929 Dic
2842 888 3009 943 ergo,
3047 889 3084 928 ο
3124 871 3399 936 infelix,
3480 876 3553 929 si
3582 894 3832 951 superoves

2159 962 2259 1017 Job
2292 962 2514 1029 potuisti
2542 966 2607 1018 de
2637 964 2779 1019 caelo
2815 964 3008 1033 ignem
3062 963 3441 1024 adducere.
3539 979 3587 1023 et
3617 988 3699 1032 eas
3730 998 3839 1041 com-

2158 1052 2377 1106 burere.
2419 1052 2553 1107 Cum
2614 1053 2761 1107 Elias
2817 1052 2999 1108 Deum
3035 1053 3418 1114 invocaret.
3504 1070 3568 1115 et
3599 1078 3685 1132 per
3705 1075 3837 1132 since-

2160 1155 2272 1193 ram
2299 1142 2597 1195 orationem
2645 1141 2829 1209 ignem
2869 1156 3051 1211 super
3112 1141 3489 1195 holocaus
3519 1158 3622 1205 tum
3656 1160 3712 1213 de
3738 1171 3841 1223 m0

2157 1230 2471 1293 adduceret,
2503 1240 2579 1296 tu,
2610 1245 2644 1285 ο
2670 1232 2996 1285 miserrime
3051 1231 3358 1284 omnium
3416 1229 3723 1305 bonorum
3760 1257 3835 1312 ini-

2157 1320 2317 1386 mice,
2344 1321 2613 1389 quomodo
2648 1336 2756 1375 non
2792 1322 3037 1389 potuisti
3077 1334 3491 1390 compesce:
3511 1345 3586 1400 re,
3616 1341 3691 1394 vel
3720 1360 3836 1403 revo-

2155 1422 2280 1463 care
2305 1409 2452 1488 illum
2489 1409 2689 1478 ignem,
2726 1409 2818 1463 vel
2853 1409 3015 1463 illum
3048 1424 3239 1477 quem
3281 1411 3519 1472 idem
3554 1423 3685 1485 Elias
3710 1449 3834 1507 ςιιρετ

2154 1498 2289 1552 duos
2316 1499 2821 1568 quinquagenarios
2853 1499 2923 1553 de
2977 1500 3137 1553 caelo
3169 1500 3465 1557 advoca
3498 1514 3604 1570 vit?
3631 1498 3831 1584 Fuerunt

2155 1601 2388 1655 namque
2444 1588 2518 1640 illi
2571 1589 3049 1657 quinquagenarii
3120 1592 3264 1660 ejus
3342 1594 3669 1675 ministri,
3700 1628 3829 1686 alque

2155 1676 2407 1742 nequitia:
2439 1676 2555 1743 ejus
2590 1678 2791 1731 nuntii.
2832 1678 2945 1733 Sed
2990 1688 3052 1733 et
3098 1681 3235 1736 haec
3272 1683 3602 1751 universa
3626 1676 3822 1763 αἱείηξυς

510 1757 601 1810 Dei
630 1759 708 1810 ira
742 1773 903 1824 super
960 1768 1010 1813 te
1046 1757 1212 1813 eﬂ‘usa
1259 1770 1363 1824 est,
1396 1762 1548 1831 cujus
1571 1763 1753 1828 etiam,
1786 1772 1843 1817 ut
1892 1780 2051 1833 super
2084 1744 2123 1801 Β
2151 1780 2247 1835 pro
2302 1768 2676 1835 increpatione
2739 1769 2948 1824 diaboli
2980 1810 2999 1835 ,
3063 1782 3262 1841 atque
3338 1789 3445 1829 co
3468 1744 3825 1855 "de",an

509 1847 647 1912 illos,
675 1848 812 1917 ignis
842 1847 1039 1903 cecidit
1075 1850 1142 1903 de
1165 1850 1324 1904 coelo.
1352 1851 1470 1905 Non
1508 1852 1646 1921 quod
1675 1855 1739 1906 de
1768 1853 1904 1908 ccelo
1959 1870 2047 1908 ce-

504 1937 695 1990 ciderit
726 1938 837 2005 ipse
865 1938 1024 2007 ignis,
1055 1939 1223 2006 absit,
1250 1941 1343 1995 sed
1380 1946 1502 2010 quia
1545 1943 1617 1996 ita
1647 1943 1795 1995 ﬁnxit
1829 1945 2045 2012 nequis-

502 2026 690 2090 simus,
714 2035 768 2080 et
792 2028 916 2096 quia
941 2030 1111 2097 ipsum
1140 2030 1381 2084 nuntium
1414 2033 1486 2085 ita
1516 2032 1694 2086 docuit
1717 2033 1895 2087 dicere
1933 2050 2045 2087 ma-

502 2114 827 2184 lignissimus
856 2117 1193 2186 diabolus,ut
1216 2135 1334 2174 eum
1365 2130 1510 2188 putet
1537 2121 1722 2176 beatus
1742 2122 1860 2188 Job,
1892 2133 2046 2192 atque

500 2206 793 2260 arbitretur
820 2209 962 2275 quod
996 2207 1063 2260 de
1113 2209 1247 2262 coelo
1267 2225 1297 2262 a
1330 2210 1436 2265 Deo
1458 2211 1574 2265 istae
1603 2211 1838 2266 miseriae
1860 2213 1907 2266 ei
1937 2214 2046 2265 im-

498 2296 870 2363 pingerentur,
892 2306 945 2351 et
971 2308 1028 2350 ut
1061 2299 1111 2351 in
1146 2298 1534 2367 blaSphemiam
1563 2299 1654 2354 Dei
1700 2312 2041 2357 convertere-

498 2393 629 2437 tur:
663 2384 805 2453 Ignis
830 2386 1012 2438 cecidit
1031 2386 1094 2438 de
1134 2386 1259 2440 caelo
1309 2397 1356 2439 et
1402 2388 1677 2442 combussit
1734 2407 1871 2444 oves.
1928 2392 2040 2447 Non

494 2483 638 2538 sunt,
668 2473 861 2543 inquit,
905 2484 1127 2529 terrena:
1162 2478 1369 2533 insidiae
1402 2479 1504 2553 hoc
1525 2482 1664 2549 quod
1711 2480 1908 2535 factum
1936 2496 2036 2547 est,

491 2579 527 2619 ο
547 2562 667 2627 Job,
691 2565 784 2619 sed
810 2564 1043 2619 caelestis
1072 2575 1152 2620 est
1181 2566 1349 2621 furor.
1389 2567 1506 2621 Non
1529 2579 1613 2623 est
1640 2571 1887 2624 violentia
1931 2573 2040 2627 hinc

494 2652 751 2719 humana,
785 2657 878 2709 sed
902 2656 1156 2709 contritio
1184 2665 1265 2709 est
1294 2657 1493 2711 divina.
1530 2659 1586 2713 Si
1628 2661 1772 2714 enim
1813 2662 1863 2713 in
1890 2662 2040 2715 habi-

493 2743 684 2797 taculis
713 2745 813 2798 hoc
838 2746 1124 2809 evenisset,
1153 2746 1462 2801 crederetur
1492 2749 1634 2816 quod
1675 2749 1857 2805 volens
1893 2754 2035 2820 quis,

490 2832 578 2888 vel
613 2834 796 2888 nolens
828 2835 969 2888 hunc
992 2837 1327 2889 succenderit
1356 2837 1549 2904 ignem.
1576 2837 1726 2893 Nunc
1760 2854 1886 2895 vero
1916 2857 2034 2896 cum

491 2922 548 2977 in
577 2923 886 2987 solitudine,
924 2924 1119 2992 inquit,
1166 2939 1431 2991 essemus,
1464 2927 1517 2979 in
1563 2930 1777 2983 modum
1831 2933 2036 3001 sagittae

491 3011 628 3081 ignis
655 3014 720 3067 de
742 3012 879 3067 caelo
906 3027 1063 3080 super
1092 3027 1191 3066 nos
1218 3012 1418 3067 eﬂ‘usos
1447 3024 1608 3084 atque
1648 3016 1912 3084 jaculatus
1931 3031 2032 3091 est,

476 3096 549 3156 'ut
580 3118 678 3156 nec
707 3102 972 3169 fugientes
996 3099 1289 3169 eﬂ‘ugerent
1312 3142 1325 3166 ,
1368 3117 1468 3157 nec
1493 3105 1803 3162 resistentes
1850 3113 2037 3167 evade-

487 3202 627 3245 rent.
664 3191 831 3259 Ignis,
872 3190 1065 3258 inquit,
1103 3190 1287 3243 cecidit
1332 3192 1394 3244 de
1420 3192 1567 3250 calo.
1594 3194 1708 3249 Non
1771 3202 2033 3268 mentiris,

482 3279 776 3341 odiabole,
812 3281 952 3345 quod
1007 3278 1146 3347 ignis
1197 3280 1388 3333 cecidit
1443 3282 1508 3335 de
1564 3283 1722 3348 ctelo,
1776 3287 1871 3341 sed
1929 3304 2032 3344 non

485 3381 641 3434 quem
672 3366 810 3419 Deus
844 3367 1099 3429 mitteret,
1140 3369 1234 3422 sed
1268 3383 1424 3436 quem
1470 3380 1524 3424 ιιι
1582 3372 1781 3428 [insisti
1839 3377 1891 3430 in
1949 3381 2031 3433 di-

484 3468 668 3508 versas
712 3454 906 3521 ﬁguras
957 3456 1286 3510 immutando
1345 3459 1703 3529 temetipsum,
1747 3465 2032 3534 aliquando

482 3543 537 3596 in
592 3542 894 3610 praedones,
945 3543 1227 3611 aliquando
1290 3545 1340 3598 in
1379 3547 1579 3616 ignem,
1639 3553 1926 3621 aliquando
1977 3560 2027 3613 in

485 3633 583 3686 tria
610 3646 808 3687 cornua
841 3634 1078 3701 equitum
1120 3649 1133 3684 :
1166 3634 1294 3688 item
1326 3649 1453 3692 vero
1480 3639 1531 3692 in
1574 3641 1761 3698 ultimo
1818 3647 1871 3699 in
1919 3652 2029 3718 spi-

482 3722 643 3775 ritum
667 3733 897 3791 quatuor
923 3722 1145 3793 angulos
1198 3725 1390 3780 domus
1441 3737 1764 3797 tangentem.
1800 3734 1866 3788 Et
1922 3753 2024 3793 non

476 3820 562 3865 est
589 3812 780 3864 mirum
817 3812 957 3879 quod
1012 3813 1299 3881 permissus
1344 3816 1395 3869 in
1450 3827 1624 3874 tantas
1683 3822 1882 3890 liguras
1928 3831 2025 3882 im-

479 3902 770 3955 mutaveris
823 3903 1156 3971 temetipsum
1188 3943 1206 3969 ,
1265 3919 1386 3958 cum
1430 3916 1484 3961 et
1529 3924 1709 3964 coram
1767 3915 1878 3982 ipso
1925 3918 2024 3970 Do-

478 3990 623 4044 mino
677 3992 727 4043 in
776 4008 933 4046 omne
981 4007 1202 4062 regnum
1248 3996 1395 4050 orbis
1418 4003 1576 4051 terra:
1626 4001 1795 4069 ipsum
1831 4005 2022 4059 immu-

477 4083 639 4135 tando
666 4081 1111 4148 simulaveris,et
1162 4085 1263 4139 hoc
1315 4087 1366 4139 in
1413 4100 1683 4145 momento
1745 4096 2015 4162 temporis.

476 4170 576 4224 hoc
606 4180 707 4236 est,
738 4171 935 4239 subito,
967 4182 1182 4242 repente
1218 4184 1378 4243 atque
1424 4178 1684 4234 velociter
1741 4183 1879 4253 ignis
1930 4200 2018 4241 ce-

472 4259 607 4313 cidit
643 4261 706 4313 de
734 4261 887 4316 caelo.
913 4262 1024 4316 Non
1060 4265 1360 4331 mentiaris,
1389 4279 1421 4318 ο
1452 4268 1753 4325 miserrime
1779 4278 2014 4329 omnium

473 4347 734 4403 bonorum
794 4352 1008 4405 inimice
1064 4369 1078 4404 :

472 4437 753 4506 iniquitate
781 4454 1067 4496 succensus
1092 4453 1191 4497 est.
1222 4444 1320 4507 Tu,
1368 4446 1557 4514 inquit,
1589 4464 1664 4513 es,
1707 4465 1740 4504 ο
1776 4452 2003 4520 diabole,

471 4525 611 4594 ignis
644 4526 755 4594 ipse
788 4530 875 4596 qui
908 4531 970 4583 de
995 4532 1131 4586 caelo
1158 4534 1369 4599 cecidit,
1398 4537 1485 4603 qui
1524 4538 1830 4595 innumeros
1886 4543 2006 4611 igne

467 4625 808 4686 peccatorum
835 4619 1103 4676 immundo
1129 4625 1429 4680 succendis.
1460 4626 1538 4679 Tu
1561 4643 1620 4682 es
1648 4630 1760 4698 ipse
1783 4632 1940 4701 ignis.
1972 4651 2003 4688 ο

469 4706 702 4769 diabole,
721 4708 810 4775 qui
836 4710 1090 4775 gehennae
1115 4714 1220 4782 igni
1241 4715 1497 4782 plurimos
1514 4729 1816 4786 peccatores
1846 4723 2000 4790 facis,

467 4797 552 4851 cui
579 4797 716 4865 ignis
743 4808 796 4849 et
828 4803 1054 4855 tenebrae
1098 4804 1259 4873 digne
1297 4820 1636 4863 reservantur
1679 4827 1786 4880 prie
1823 4815 2000 4867 omni-

465 4886 587 4941 bus.
620 4885 698 4938 Tu
736 4900 795 4940 es
840 4889 950 4955 ipse
973 4892 1124 4959 ignis,
1152 4909 1185 4948 ο
1219 4897 1449 4971 diabole,
1482 4902 1574 4969 qui
1602 4918 1722 4957 cum
1753 4907 1818 4959 de
1845 4904 1998 4964 cailis

467 4978 860 5044 descendisses,
896 4981 945 5033 in
1000 4985 1171 5037 medio
1223 4990 1479 5043 montium
1523 4993 1795 5059 igneorum
1827 5000 1999 5069 proje-

466 5081 582 5126 ctus
614 5083 692 5134 es,
727 5070 864 5123 sicut
898 5071 1083 5125 dicunt
1104 5088 1404 5133 sanctorum
1430 5085 1663 5139 oracula.
1695 5086 1771 5141 Tu
1797 5105 1854 5145 es
1886 5091 1997 5159 ipse

463 5160 624 5231 ignis,
653 5174 811 5229 quem
854 5162 1011 5213 etiam
1035 5163 1146 5232 ipse
1174 5167 1430 5227 Dominus
1463 5174 1688 5245 fulguris
1727 5180 1834 5249 igni
1865 5196 1994 5236 con-

460 5249 724 5311 Similans,
760 5257 916 5316 atque
968 5252 1032 5303 de
1090 5254 1223 5308 coelo
1273 5260 1547 5318 cadentem
1598 5270 1987 5335 demonstrans,

448 5340 624 5394 dicit:
660 5338 780 5393 Vidi
829 5338 1078 5394 Satanam
1124 5357 1366 5416 tanquam
1420 5352 1594 5422 fulgur
1626 5357 1689 5409 de
1734 5359 1860 5411 caelo
1907 5376 1992 5413 ca-

457 5436 658 5485 dentem
676 5431 761 5484 ¹³“.
801 5430 922 5485 ΙΙπο
973 5432 1221 5490 nimirum
1254 5441 1517 5511 universa,
1546 5448 1693 5513 quia,
1735 5450 1868 5503 dixit
1894 5466 1988 5504 nc-

529 5607 572 5637 "
602 5605 734 5663 Gen.
763 5621 871 5669 arx,
906 5606 993 5661 2i.
1070 5610 1130 5640 "‘
1172 5611 1295 5669 Luc.
1328 5630 1375 5681 ι,
1402 5616 1488 5674 t8.
1563 5619 1603 5650 “
1637 5618 1788 5683 Jobt,
1828 5621 1907 5675 Π.

2149 1853 2388 1924 maligni.
2423 1856 2620 1910 Beatus
2658 1866 2843 1911 autem
2873 1856 2986 1913 Job
3034 1861 3184 1928 quid
3218 1876 3439 1931 respo
3457 1874 3638 1932 ndem
3663 1853 3817 1939 audin.

2148 1959 2291 2007 mus,
2317 1946 2588 2012 quomodo
2606 1948 3009 2002 comminuerit
3046 1951 3401 2005 secundam
3468 1959 3678 2022 furoris
3703 1972 3823 2029 imus

2145 2033 2415 2099 sagittam,
2454 2033 2726 2100 quomodo
2755 2035 3052 2090 transierit
3087 2037 3288 2107 iniqni
3334 2040 3403 2093 iu
3437 2050 3529 2103 ius
3577 2056 3812 2125 ἰηιρριυηι

2143 2128 2261 2187 post
2300 2122 2532 2188 priorem
2594 2123 2825 2176 alterum
2898 2140 2999 2194 per
3081 2128 3462 2190 tolerantia
3539 2122 3821 2218 aﬂectum,

2142 2211 2587 2276 quemadmodum
2614 2222 2669 2266 et
2695 2223 2893 2267 caetera
2944 2217 3250 2272 universa.
3282 2220 3643 2296 RcSpondir
3679 2211 3816 2293 nam;

2142 2314 2244 2366 que
2271 2299 2317 2352 ei
2344 2300 2433 2368 qui
2474 2310 2693 2355 venerat
2721 2304 2911 2358 dicens
2942 2321 2957 2357 :
2995 2305 3065 2359 Et
3095 2309 3236 2377 quis
3276 2324 3378 2364 me
3426 2322 3549 2373 erit
3574 2327 3772 2395 major,
3795 2348 3826 2383 ι)

2146 2388 2327 2451 homo,
2353 2388 2437 2443 vel
2483 2391 2607 2459 quis
2640 2406 2730 2446 me
2763 2393 3091 2462 gloriosior,
3135 2414 3173 2450 ο
3201 2400 3344 2453 vir?
3382 2405 3460 2459 Si
3503 2388 3704 2482 itaque

2143 2491 2268 2530 vere
2315 2481 2458 2547 quod
2514 2481 2652 2550 ignis
2701 2484 2935 2539 veniens
2991 2487 3065 2540 de
3117 2489 3275 2543 coelo
3327 2508 3559 2553 omnes
3613 2481 3807 2574 greges

2143 2580 2292 2620 meos
2334 2572 2731 2639 consumpserit
2770 2574 2945 2641 illico,
3006 2579 3238 2646 gratias
3284 2582 3361 2635 illi
3424 2590 3539 2655 qui
3600 2572 3807 2659 ρειτιίετ

2144 2669 2330 2709 omnes
2364 2671 2490 2711 oves
2523 2675 2672 2714 meas
2721 2664 2984 2730 protinus
3031 2668 3092 2720 in
3130 2675 3516 2739 acceptabile
3558 2686 3816 2752 suscepit

2142 2746 2536 2801 holocaustum.
2583 2748 2718 2804 Nam
2764 2768 2888 2822 quae
2940 2770 3072 2825 ego,
3141 2760 3355 2830 inquit,
3404 2781 3533 2835 per
3590 2746 3815 2843 singula

2138 2848 2372 2905 tempora
2397 2838 2681 2895 oblaturus
2709 2857 2888 2910 eram,
2928 2846 3054 2902 haec
3091 2851 3371 2909 videlicet
3401 2858 3611 2930 elegit
3644 2838 3824 2930 Deus,

2136 2935 2193 2979 ut
2219 2928 2404 2981 statim
2435 2931 2641 2997 pariter
2674 2932 2727 2985 in
2766 2949 2879 2989 uno
2915 2940 3252 3008 susciperet
3310 2928 3701 3008 holocausta
3730 2928 3829 3025 per

2137 3015 2310 3085 ignem
2344 3018 2431 3085 qui
2462 3019 2529 3072 de
2566 3020 2707 3074 cmlo
2742 3024 2947 3081 missus
2974 3039 3091 3083 est.
3127 3029 3334 3088 Omnis
3382 3052 3682 3111 namque
3730 3015 3830 3099 ac-

2136 3108 2417 3177 ceptabilis
2465 3110 2664 3181 hostia,
2725 3129 2824 3185 per
2874 3117 3072 3188 ignem
3134 3124 3233 3192 qui
3294 3108 3600 3199 desuper:
3658 3135 3839 3190 fuerit

2136 3202 2329 3265 missus
2366 3204 2662 3275 suscipitur
2720 3218 2890 3279 atque
2954 3220 3350 3275 consumitur.
3422 3224 3624 3290 Quod
3677 3232 3839 3284 enim

2134 3290 2365 3357 plurimo
2410 3303 2652 3364 tempore
2682 3311 2838 3353 cram
2886 3301 3179 3374 facturus,
3216 3310 3321 3365 hoc
3359 3314 3701 3370 nimirum
3746 3336 3836 3374 ac.-

2132 3379 2370 3435 celerans
2405 3397 2511 3438 uno
2567 3397 2810 3455 tempore
2861 3397 3119 3464 suscepit
3172 3400 3338 3455 Deus.
3393 3403 3486 3458 Et
3536 3410 3691 3474 quis
3751 3425 3841 3463 me

2133 3471 2337 3525 beatior
2385 3475 2486 3529 sub
2542 3476 2727 3531 coelo?
2768 3478 2913 3535 Ante
2967 3486 3296 3557 paululum,
3353 3471 3626 3563 inquit,
3696 3498 3840 3566 juga

2127 3559 2287 3614 boum
2322 3564 2569 3619 universa
2610 3569 2856 3635 protinus
2916 3574 3065 3629 mihi
3112 3591 3403 3640 mactata.
3461 3559 3644 3641 Item
3683 3559 3843 3643 nunc

2126 3669 2315 3725 greges
2337 3658 2516 3711 ovium
2544 3673 2733 3716 omnes
2771 3666 2986 3732 pariter
3016 3674 3313 3731 combussi
3356 3686 3437 3732 et
3475 3681 3838 3737 immolavi.

2124 3743 2191 3797 Et
2220 3745 2351 3809 hinc,
2418 3748 2615 3816 inquit,
2677 3750 2789 3806 Deo
2837 3754 3093 3825 eligente
3151 3766 3351 3820 obtuli.
3398 3768 3554 3825 Sed
3639 3775 3840 3827 adhuc

2124 3843 2413 3901 supersunt
2440 3838 2653 3904 cameli,
2696 3843 2789 3908 qui
2828 3842 2969 3899 mihi
3010 3850 3084 3902 ad
3132 3858 3650 3915 transactionem
3696 3878 3836 3932 pro-

2124 3922 2323 3989 liciant,
2355 3932 2520 3992 atque
2546 3926 2599 3979 in
2632 3928 2756 3981 vita:
2781 3940 3272 3997 sustentationem
3297 3922 3832 4005 suﬁiciant.-Sed

2119 4025 2240 4064 cum
2282 4013 2397 4068 haec
2442 4016 2706 4082 cogitaret
2733 4025 2789 4072 et
2818 4019 3168 4091 loqueretur
3217 4033 3342 4098 Job,
3392 4049 3620 4107 atque
3684 4057 3821 4093 cum

2119 4100 2371 4167 patientia
2427 4103 2792 4163 intolerabiles
2856 4111 2959 4168 has
3023 4123 3344 4178 sustineret
3428 4100 3699 4198 plagas,
3768 4141 3823 4182 et

2119 4192 2419 4246 nullatenus
2440 4198 2820 4252 succumberet
2854 4206 3099 4274 maligni
3131 4192 3628 4284 mutationibus,
3663 4221 3817 4273 alius

2118 4283 2333 4336 nuntius
2360 4285 2501 4339 venit
2532 4289 2599 4341 ad
2626 4288 2749 4357 Job,
2776 4296 2998 4351 etdixit
3031 4304 3106 4357 ad
3146 4320 3319 4361 eum:
3361 4283 3677 4363 lnaniter
3716 4313 3814 4363 tibi

1148 4370 1251 4407 non
1292 4370 1321 4406 a
1383 4355 1491 4409 Deo
1548 4359 1762 4422 missus,
1792 4364 1882 4417 sed
1926 4374 2011 4418 tua
2048 4376 2086 4427 ι)
2120 4371 2396 4437 blandiris,
2421 4389 2453 4426 ο
2478 4374 2599 4441 Job,
2632 4383 2779 4447 quod
2816 4389 3076 4446 camelos
3109 4409 3221 4462 pro
3268 4398 3412 4451 vita:
3487 4412 3808 4455 sustenta-

2115 4462 2256 4513 tione
2285 4462 2500 4528 habeas,
2529 4478 2584 4521 et
2617 4474 2759 4538 quod
2804 4475 2863 4529 in
2890 4494 3008 4546 ,spc
3050 4488 3507 4544 transactionis
3554 4494 3673 4546 tibi
3708 4509 3806 4545 su-

2113 4552 2359 4618 persint:
2392 4551 2605 4623 Equites
2638 4561 2783 4615 enim
2822 4566 3076 4632 fecerunt
3128 4595 3338 4634 cornua
3379 4583 3547 4651 tria,
3591 4596 3650 4637 el
3687 4588 3794 4639 cir-

2111 4642 2480 4698 cumdederunt
2514 4648 2761 4716 camelos,
2800 4665 2851 4707 et
2891 4664 3140 4725 prccdati
3192 4680 3319 4723 sunt
3361 4686 3479 4723 eos
3510 4642 3545 4726 ε’
3575 4685 3634 4727 et
3683 4690 3789 4725 non

2108 4730 2275 4784 solum
2300 4732 2417 4798 hoc,
2451 4738 2541 4789 sed
2579 4748 2625 4791 et
2650 4757 2844 4808 pueros
2878 4754 3213 4811 occiderunt
3257 4764 3457 4814 inore
3484 4765 3701 4835 gladii,
3732 4783 3784 4824 ει

2106 4820 2241 4871 evasi
2274 4836 2364 4889 ego
2396 4825 2560 4890 solus,
2601 4839 2646 4880 et
2675 4833 2789 4884 veni
2819 4845 2873 4887 ut
2901 4846 3223 4901 nuntiarem
3251 4851 3353 4903 tibi
3382 4852 3466 4904 “.
3484 4820 3774 4926 I’ropter-

2098 5185 2444 5278 disti,oJob,
2498 5207 2692 5263 greges
2743 5204 2937 5261 ovium
2996 5224 3223 5274 tuarum
3279 5185 3751 5278 ctutitus‘com-

2096 5275 2238 5328 busti
2272 5287 2418 5345 sunt,
2452 5294 2580 5337 ecce
2605 5294 2659 5338 et
2687 5303 2838 5348 nunc
2890 5314 3023 5368 post
3061 5308 3156 5365 ina
3189 5306 3406 5367 omnia
3450 5312 3755 5366 novissima

2096 5369 2478 5461 traiisactionis
2517 5387 2666 5443 spes,
2698 5389 2907 5445 cameli
2944 5397 3130 5457 ablati
3174 5417 3316 5461 sunt
3371 5395 3518 5448 ιῖὶιῖ-
3557 5401 3761 5458 Ῥῐὶιῖης

2098 5457 2293 5525 inquit,
2320 5462 2479 5533 plaga
2508 5482 2604 5537 pcr
2631 5478 2953 5557 prmdoncs,
2990 5502 3244 5559 secunda
3282 5496 3435 5574 Per
3467 5487 3665 5555 ignem
3691 5502 3769 5560 qui
