3916 6452
92 377 260 510 ,β
1347 405 1728 469 ANONYMUS
1764 406 1777 461 ι

1880 408 2005 464 ΙΟΒ.
2050 442 2116 450 ——
2153 408 2280 466 LIB.
2321 413 2360 466 Ι.
3335 417 3438 473 49.6

103 499 658 626 ὼβξξιίῗέιεεέιξξξ.
693 524 820 626 pou
844 521 1137 626 “quod-de
1172 527 1316 584 ctrlo
1343 531 1438 587 hic
1466 531 1783 626 iguisuccci-
1818 535 1864 590 Α
1898 534 2255 626 unusquisque
2275 510 2342 588 ad
2371 552 2584 591 uxorem
2625 535 2851 606 proximi
2909 537 2991 590 sui
3040 538 3338 594 Itiunicbant
3365 541 3431 596 ".

111 597 644 711 VllLr‘i-‘q’l‘lia
697 607 808 711 ila-
842 614 1107 711 ﬁnxerit,
1182 633 1347 692 atque
1395 626 1464 678 ita
1485 597 1511 602 _
1533 623 1793 693 malignus
1899 623 1989 676 Isti
2028 597 2169 693 crgo'
2188 625 2318 679 tales
2357 635 2478 679 sunt
2509 597 2637 694 equi
2662 627 2876 690 diaboli,
2907 625 2992 680 isti
3022 637 3146 681 sunt
3169 631 3290 698 equi
3321 647 3432 684 ma-
3461 647 3464 650 ’

263 694 416 792 iterit,
439 699 505 744 ut
537 694 725 756 Deum
755 704 924 760 circa
958 707 1066 764 Joh
1100 723 1408 781 accusaret,
1433 714 1604 792 enpr
1626 714 1789 768 Deum
1899 715 2044 782 ligni,
2067 725 2120 770 et
2155 716 2241 769 isti
2267 731 2450 770 omnes
2481 719 2569 788 qui
2597 717 2833 787 ejusdem
2866 719 3111 770 serviunt
3138 694 3429 788 iniquitati,

135 783 545 882 {mspbcmare
571 797 1206 864 compclleret.-Tertia
1232 823 1362 879 ergo
1387 824 1482 878 per
1509 789 1608 863 tria
1641 810 1793 879 equi-
1898 805 1981 858 isti
2009 821 2233 874 quormn
2272 808 2429 874 pedes
2459 783 2516 860 in
2552 783 2923 875 iniquitatibus
2963 819 3206 864 currunt.
3245 783 3434 880 Hujus;

163 891 288 964 ms“
313 884 688 952 coronarunt
728 893 996 950 camelos
1038 896 1437 954 circumdantes
1467 900 1792 954 extermina-
1897 895 2036 948 modi
2063 910 2289 966 namque
2315 912 2570 966 equorum
2602 899 2762 963 pedes
2785 895 2992 951 veloces
3015 906 3138 952 sunt
3173 898 3236 950 ad
3266 897 3433 953 edntu-

189 980 399 1046 wrunt.
435 967 636 1030 Prima
665 993 811 1051 ergo
840 999 948 1051 per
979 990 1259 1055 pactiones
1285 990 1468 1058 procul
1499 990 1663 1044 dubio
1693 1006 1788 1058 pc-

203 1075 418 1134 uestras.
453 1070 707 1124 secunda
754 1090 861 1143 per
887 1078 1074 1146 ignem
1107 1081 1337 1148 desuper
1359 1083 1782 1148 comburentem,

226 1159 359 1219 tertia
387 1173 484 1227 per
511 1161 776 1228 equitum
852 1171 964 1223 tria
1003 1187 1208 1226 cornua
1239 1173 1329 1240 qui
1359 1173 1595 1227 camelos
1639 1187 1789 1240 prae-

223 1252 313 1306 dati
346 1259 496 1304 sunt.
534 1250 739 1307 Omnia
766 1294 784 1320 ,
830 1257 1051 1326 inquit,
1097 1261 1210 1315 haec
1251 1263 1434 1330 jacens
1463 1259 1746 1314 sustinebis
1767 1297 1782 1320 ,

221 1343 568 1400 an‘lOtnuia
616 1344 740 1400 htec
793 1349 1081 1414 patienter
1133 1352 1488 1420 supportabis,
1529 1365 1562 1403 ο
1594 1347 1786 1403 homo?

216 1439 445 1499 Ctelnm,
476 1439 674 1507 inquit,
705 1450 762 1494 et
787 1449 938 1494 terra
968 1442 1248 1498 adversum
1278 1452 1328 1496 te
1360 1442 1782 1504 insurrexerunt,

213 1539 260 1580 et
293 1527 470 1581 siles?
521 1528 604 1580 Ad
654 1529 1027 1584 dimicandum
1081 1541 1269 1585 contra
1320 1542 1372 1586 te
1410 1531 1502 1586 Dei
1556 1532 1784 1600 imperio

208 1629 415 1670 armata
452 1629 603 1680 sunt,
635 1627 689 1672 et
721 1621 909 1674 taces?
936 1621 1102 1684 Alter,
1141 1622 1334 1689 inquit,
1367 1623 1576 1674 nuntius
1627 1622 1761 1675 venit

204 1711 270 1760 ad
291 1703 428 1768 Job,
465 1707 629 1771 alter,
665 1718 793 1774 post
829 1707 1085 1776 primum,
1120 1723 1340 1764 numero
1371 1725 1503 1762 vero
1537 1709 1726 1763 tertius
1760 1724 1774 1760 :

199 1799 350 1852 alter
384 1800 440 1850 in
493 1799 771 1864 nequitia,
803 1800 998 1853 tertius
1043 1815 1170 1853 vero
1208 1800 1261 1854 in
1289 1800 1656 1855 enuntiatione
1691 1800 1784 1853 mi-

195 1889 396 1944 seria.
425 1885 567 1942 Istos
605 1903 848 1957 namque
878 1889 1236 1956 nequissimos
1282 1890 1496 1946 nuntios
1539 1890 1782 1944 miseria-
1814 1864 1854 1918 Β

195 1994 337 2031 rum
366 1980 786 2033 annuntiatores
806 1991 969 2047 atque
998 1979 1256 2032 malorum
1283 1991 1636 2046 suggestores,
1669 1991 1784 2032 tan-

187 2083 378 2135 quam
411 2069 568 2121 bonre
589 2068 997 2135 prtedicationis
1026 2069 1265 2130 nuntios,
1288 2067 1534 2122 mittebat
1570 2068 1784 2135 nequis-

181 2159 406 2214 simus.
455 2158 606 2223 Quos
647 2159 818 2211 etiam
871 2158 990 2211 ideo
1043 2167 1333 2224 superesse
1383 2156 1528 2220 fecit,
1565 2169 1621 2210 ut
1669 2155 1784 2224 ejus

185 2250 418 2302 malitia
462 2249 600 2302 huic
650 2248 1000 2302 miseriarum
1043 2238 1432 2301 denuntiationi
1465 2249 1780 2302 deserviret.

185 2332 315 2388 Non
355 2334 508 2387 enim
542 2334 726 2402 angeli
761 2333 1000 2397 fuerunt,
1033 2333 1171 2388 sicut
1195 2334 1412 2400 quidam
1433 2335 1780 2402 arbitrantur,

182 2441 379 2494 neque
407 2425 701 2494 spiritales
729 2425 1026 2487 daemones,
1053 2425 1146 2479 sed
1186 2425 1431 2480 homines
1469 2425 1683 2493 quidam
1716 2441 1780 2481 ex

182 2515 424 2569 famulis
460 2513 593 2578 Job,
627 2515 938 2568 conservati
985 2515 1054 2568 ab
1091 2513 1417 2578 adversario,
1454 2523 1617 2582 atque
1659 2529 1782 2569 suc-

178 2607 350 2662 censi
383 2621 415 2658 a
459 2605 691 2660 diabolo
722 2604 789 2658 ad
822 2603 1043 2657 dicenda
1085 2603 1263 2658 omnia
1291 2617 1355 2656 ac
1394 2603 1656 2667 iacienda,
1690 2611 1785 2672 per

177 2712 314 2766 qua:
353 2705 593 2766 possent
637 2695 743 2750 Job
782 2696 1107 2750 subvertere
1143 2695 1210 2748 ad
1247 2691 1340 2750 Dei
1373 2693 1782 2763 blasphemiam.

173 2787 424 2843 Tertius
461 2801 604 2856 ergo
649 2785 742 2840 hic
787 2785 1008 2839 nuntius
1041 2783 1187 2838 venit
1230 2783 1300 2838 ad
1332 2781 1452 2845 Job,
1498 2793 1553 2838 et
1595 2784 1784 2838 tertius

174 2879 403 2933 doloris
426 2892 619 2947 prarco
642 2877 718 2930 illi
743 2877 990 2938 eﬂectus,
1007 2876 1199 2928 tertius
1217 2875 1552 2939 memoravit,
1566 2875 1746 2930 dicens
1767 2892 1779 2929 :

180 2970 420 3040 Equites
455 2971 705 3036 fecerunt
744 2969 851 3021 tria
891 2983 1114 3021 cornua.
1144 2966 1242 3031 Qui
1270 2965 1500 3034 equites,
1525 2979 1558 3018 ο
1588 2965 1784 3019 homo?

175 3057 449 3112 Mentiris
465 3059 639 3112 etiam
669 3057 796 3110 istic
817 3067 874 3110 et
919 3055 972 3108 iu
1019 3056 1227 3120 ovibus,
1257 3069 1377 3108 cum
1403 3053 1611 3108 diceres
1642 3052 1783 3124 quod

1895 985 2124 1038 dendnm
2155 987 2486 1056 sanguinem.
2515 985 2733 1055 Equites
2761 994 2884 1039 sunt
2910 987 3212 1054 nequissimi
3236 988 3432 1042 daemo-

1895 1090 1990 1129 nes
2050 1085 2210 1146 atque
2260 1077 2399 1130 aerei
2447 1076 2691 1146 spiritus.
2744 1075 2888 1130 Talis
2941 1079 3080 1137 enim
3137 1093 3304 1146 equus
3333 1079 3432 1132 fuit

1901 1166 2025 1221 olim
2066 1165 2571 1232 Nabuchodonosor,
2595 1171 2686 1223 sed
2721 1185 2822 1228 non
2847 1169 3065 1238 jugiter,
3101 1171 3192 1223 sed
3227 1179 3428 1238 septem

1893 1259 2049 1312 annis
2108 1269 2330 1325 tantum,
2361 1258 2552 1326 quibus
2586 1274 2614 1311 a
2649 1257 2990 1326 nequissimis
3042 1257 3328 1324 equitibus,
3378 1259 3428 1310 id

1891 1357 1972 1400 est
1999 1347 2348 1410 darmonihus,
2401 1348 2756 1415 imparcenter
2803 1356 2882 1406 est
2937 1347 3254 1415 exagitatus.
3287 1347 3430 1401 Talis

1891 1453 2056 1506 equus
2083 1438 2182 1491 fuit
2207 1450 2258 1492 et
2288 1438 2377 1492 ille
2409 1439 2496 1507 qui
2527 1438 2578 1492 in
2614 1437 2916 1506 Evangeliis
2946 1453 2973 1491 a
3008 1438 3212 1505 legione
3237 1438 3430 1491 simili-

1891 1538 1972 1584 ter
2005 1545 2103 1598 per
2127 1529 2335 1583 deserta
2379 1540 2434 1582 et
2460 1543 2554 1597 per
2585 1540 2792 1582 montes
2819 1529 3112 1596 urgebatur
3142 1529 3310 1584 donec
3334 1544 3428 1585 ve-

1890 1616 2042 1670 niens
2093 1615 2347 1668 Dominus
2395 1615 2510 1668 illos
2544 1617 2756 1684 quidem
2800 1615 2966 1669 malos
3003 1617 3228 1685 equites,
3267 1617 3319 1670 id
3347 1626 3431 1672 est

1890 1707 2179 1774 dmmones,
2215 1703 2482 1773 efl‘ugavit,
2530 1715 2583 1759 et
2635 1706 2779 1758 illum
2855 1708 3107 1760 miserum
3162 1707 3424 1761 liberavit.

1887 1795 2097 1864 Aliique
2133 1795 2400 1848 inmttncri
2451 1812 2477 1847 a
2532 1795 2745 1860 saeculo,
2777 1796 2865 1849 alii
2913 1807 3117 1865 aperte,
3175 1796 3262 1850 alii
3301 1812 3429 1852 vero

1883 1886 2106 1946 occulte,
2159 1885 2368 1939 diverse
2415 1901 2476 1940 ac
2529 1885 2674 1939 varie
2721 1886 3020 1941 daemonum
3072 1887 3194 1955 equi
3249 1887 3423 1942 eﬂ’ecti

1883 1987 2006 2030 sunt
2038 1994 2051 2029 :
2083 1978 2276 2044 quibus
2311 1977 2576 2031 universis
2603 1993 2724 2030 cum
2749 1987 2927 2032 essent
2971 1979 3223 2030 immundi
3263 1989 3425 2047 atque

1882 2066 2260 2130 exsecrabiles,
2287 2065 2337 2118 in
2365 2067 2518 2118 malis
2546 2067 2623 2118 usi
2653 2068 2872 2121 sunteis
2901 2067 3208 2136 nequissimi
3233 2068 3425 2121 tltemo-

1883 2166 1997 2214 nes,
2028 2150 2147 2204 aliis
2177 2166 2305 2205 sane
2335 2152 2399 2206 ad
2433 2154 2768 2208 velocitatem
2813 2154 3081 2209 homicidii
3119 2167 3174 2209 et
3202 2155 3422 2226 sangui-

1882 2241 1986 2306 nis,
2013 2242 2394 2296 devastationis
2419 2258 2630 2314 quoque
2662 2253 2823 2314 atque
2873 2246 3187 2314 nequissimi
3220 2246 3421 2310 livoris,

1881 2341 1934 2384 et
1959 2331 2192 2385 omnium
2225 2347 2344 2402 quze
2368 2333 2616 2388 voluntas
2658 2334 2850 2390 diaboli
2883 2345 3043 2405 atque
3073 2352 3206 2408 opus
3237 2338 3420 2408 exige—

1883 2421 1990 2474 bat.
2025 2423 2098 2474 De
2137 2422 2254 2476 istis
2281 2438 2408 2492 ergo
2435 2425 2706 2492 equitibus
2743 2420 2872 2479 dicit
2916 2426 3032 2480 istic
3061 2444 3075 2479 :
3105 2426 3317 2494 Equites
3351 2429 3423 2498 [ει

1881 2521 2059 2564 cerunt
2115 2513 2216 2564 tria
2269 2529 2462 2566 cornua
2487 2525 2568 2568 :et
2594 2516 3053 2572 circumdederunt
3081 2521 3324 2576 camelos.
3354 2521 3423 2576 Et

1882 2616 1981 2655 cur
2007 2601 2108 2655 tria
2134 2617 2356 2666 cornua,
2385 2612 2438 2656 et
2465 2619 2568 2657 non
2593 2607 2866 2674 quatuor?
2891 2605 2968 2662 Ob
2995 2608 3097 2663 hoc
3131 2612 3255 2680 quia
3287 2627 3424 2681 qua-

1884 2699 2004 2744 tuor
2032 2693 2332 2745 reservavit
2358 2707 2472 2761 pro
2507 2704 2739 2760 quatuor
2783 2696 2970 2750 domus
3015 2700 3223 2767 angulis
3255 2701 3319 2754 ad
3341 2701 3424 2756 in-

1883 2778 2222 2834 terliciendos
2259 2781 2376 2851 ejus
2415 2782 2567 2837 filios.
2601 2782 2677 2838 0b
2711 2784 2813 2836 hoc.
2860 2800 2986 2854 ergo
3046 2803 3149 2842 non
3192 2801 3424 2860 quatuor

1881 2869 1977 2925 sed
2007 2869 2108 2923 tria
2140 2885 2342 2925 cornua
2377 2873 2636 2935 fecerunt,
2661 2873 2763 2928 hoc
2791 2883 2866 2927 est
2904 2874 3192 2942 tinxerunt,
3245 2882 3422 2936 consi-

1882 2963 2239 3029 mulaverunt,
2277 2975 2640 3029 armaverunt,
2688 2976 2868 3036 utpote
2915 2969 3120 3036 equites
3149 2970 3300 3038 equis
3342 2985 3421 3026 se-

1881 3053 2067 3109 dentes
2094 3095 2109 3119 ,
2165 3066 2324 3124 atque
2373 3057 2679 3111 universam
2723 3067 3052 3110 armaturam
3106 3058 3366 3114 habentes
3394 3101 3410 3124 ,

175 3150 337 3217 ignis
366 3148 675 3204 cecidisset
711 3150 780 3200 de
820 3146 984 3209 caelo,
1009 3145 1253 3214 quinimo
1304 3146 1560 3198 mentitur
1591 3143 1772 3197 diabo-
1803 3172 1845 3230 ρ
1885 3143 2129 3199 timorem
2180 3146 2548 3210 ostendentes,
2576 3155 2736 3215 atque
2782 3147 3147 3200 fortitudinem
3197 3149 3421 3205 demonc

176 3236 273 3291 lus
314 3238 414 3303 qui
457 3236 515 3290 in
559 3246 616 3289 te
648 3234 917 3300 loquitur.
961 3231 1096 3296 Illic,
1132 3231 1322 3299 inquit,
1353 3245 1385 3284 ο
1434 3229 1778 3284 callidissime

173 3326 682 3393 Satana,voluisti
732 3324 902 3377 Deum
949 3324 1266 3392 depravare,
1295 3323 1449 3391 quasi
1491 3323 1669 3391 ignem
1711 3325 1776 3375 de

173 3418 336 3474 celo
369 3433 544 3488 super
579 3431 719 3469 oves
757 3415 1062 3467 mittentem
1095 3412 1223 3466 :ltic
1253 3426 1378 3466 vero
1417 3412 1496 3466 vis
1534 3413 1776 3466 homines

175 3511 454 3564 incusare
483 3506 649 3576 quasi
681 3506 972 3558 adversum
1001 3500 1099 3557 Job
1120 3501 1512 3557 insurrexerint
1549 3501 1734 3556 illicite
1762 3519 1775 3552 :

174 3612 240 3654 ut
273 3602 433 3656 circa
482 3610 800 3664 utrumque
835 3595 937 3649 Job
967 3595 1147 3648 odium
1185 3594 1508 3661 acquireret,
1540 3604 1595 3647 et
1633 3597 1776 3646 circa

175 3693 368 3747 Deum
412 3688 827 3759 blasphemiam
853 3725 869 3750 ,
899 3694 952 3739 et
997 3685 1142 3738 circa
1186 3684 1428 3740 homines
1467 3683 1682 3750 bellum,
1711 3700 1777 3737 es

173 3784 396 3848 quibus
424 3790 694 3835 neutrum
733 3777 806 3830 illi
837 3776 1062 3829 credere
1093 3773 1349 3840 acquievit
1390 3775 1778 3828 constantissi-

172 3888 312 3926 mus
347 3872 471 3928 Joh.
529 3871 649 3926 Sed
701 3869 879 3921 adhuc
934 3867 1149 3936 equites,
1190 3865 1381 3932 inquit,
1409 3865 1639 3933 fecerunt
1677 3864 1776 3918 sibi

169 3964 290 4015 tria
332 3979 568 4016 cornua.
596 3959 709 4026 Qui
732 3957 965 4024 equites,
989 3972 1022 4010 ο
1047 3957 1245 4011 homo?
1263 3955 1395 4009 Nam
1422 3954 1512 4010 illo
1537 3964 1778 4024 tempore

169 4067 290 4106 non
327 4064 492 4108 eratut
515 4051 748 4121 equites
777 4049 994 4118 plurimi
1021 4048 1160 4102 inter
1184 4048 1444 4111 homines,
1472 4047 1563 4101 sed
1591 4061 1776 4115 quam-

166 4143 418 4209 plurimi
465 4142 769 4198 hominum
804 4139 1102 4207 pedestres,
1126 4138 1382 4191 adversus
1417 4136 1642 4190 invicem
1665 4135 1778 4190 bel-

167 4232 290 4286 lum
347 4234 645 4301 gerebant.
703 4229 808 4294 Qui
856 4241 986 4295 ergo
1034 4225 1252 4280 fuerunt
1307 4225 1517 4293 equites
1544 4225 1636 4293 qui
1672 4225 1774 4278 tria

163 4338 402 4376 cornua
433 4323 545 4378 sibi
597 4320 880 4381 fecerunt,
908 4319 1010 4370 hoc
1045 4327 1148 4383 est,
1172 4316 1260 4386 qui
1294 4316 1488 4384 triplici
1531 4315 1687 4370 modo
1716 4330 1776 4370 se

163 4423 577 4475 armaverunt,
607 4409 706 4480 qui
737 4408 933 4478 triplici
963 4407 1146 4474 przelio
1178 4406 1644 4461 circumdederunt
1685 4420 1774 4460 ca-

1880 3244 2115 3289 strantes
2147 3253 2161 3289 ε
2185 3234 2398 3306 Equites
2420 3237 2649 3303 fecerunt
2673 3238 2774 3290 tria
2803 3254 3018 3290 cornua.
3039 3237 3081 3292 Ο
3099 3254 3256 3308 quam
3284 3241 3418 3295 mul-

1875 3323 2112 3393 tiplicem
2149 3325 2558 3394 inquisitionem
2597 3337 2757 3396 atque
2809 3329 3222 3398 disputationem
3259 3332 3420 3387 habet

1869 3412 1966 3472 llic
1997 3428 2174 3468 sermo
2211 3415 2223 3468 Ξ
2273 3413 2512 3469 Primum
2559 3417 2773 3483 quidem
2810 3418 2910 3472 hoc
2945 3419 3236 3490 intelligere
3264 3423 3420 3478 debet

1879 3504 2052 3560 omnis
2078 3504 2312 3572 sapiens,
2347 3506 2469 3574 quia
2493 3507 2736 3561 universa
2763 3508 2994 3575 potentia
3015 3523 3176 3578 atque
3207 3513 3418 3568 exerci—

1883 3603 1994 3657 tus,
2023 3602 2077 3648 et
2107 3607 2295 3648 omnes
2325 3595 2622 3648 daemonum
2650 3605 2875 3650 caterva:
2904 3597 3059 3651 simul
3087 3598 3193 3652 illic
3225 3613 3420 3654 conve-

1879 3695 2097 3752 nerunt,
2123 3695 2175 3740 et
2201 3689 2407 3756 pariter
2429 3703 2488 3742 se
2521 3689 2801 3742 adversum
2833 3689 3044 3744 beatum
3080 3691 3180 3746 Job
3207 3693 3257 3746 in
3285 3709 3418 3762 prae-

1876 3774 1950 3829 lio
1997 3786 2362 3842 armaverunt,
2397 3779 2707 3831 universum
2753 3778 3006 3832 mundum
3037 3779 3415 3849 despexerunt,

1877 3873 2080 3920 tantum
2115 3874 2172 3918 ut
2198 3863 2298 3918 Job
2343 3876 2676 3933 superarent.
2731 3865 2864 3920 Nam
2929 3877 3098 3921 totum
3162 3870 3417 3924 mundttm

1877 3970 2028 4010 suum
2058 3952 2459 4022 ju‘dicaverunt,
2494 3965 2549 4007 et
2589 3957 2869 4008 adversum
2900 3954 3068 4010 solum
3096 3953 3195 4010 Joh
3220 3957 3416 4012 bellum

1877 4051 2177 4110 gesserunt,
2217 4051 2399 4117 utpote
2454 4042 2577 4110 quia
2631 4058 2737 4095 non
2790 4053 2904 4096 erat
2960 4045 3149 4098 similis
3193 4046 3330 4101 alius
3364 4049 3415 4101 in

1878 4140 1989 4186 toto
2018 4130 2233 4183 mundo.
2269 4130 2395 4182 Item
2442 4130 2613 4184 adlmc
2658 4132 2755 4185 tria
2797 4147 2995 4186 cornua
3038 4131 3287 4187 fecerunt
3320 4149 3416 4201 pro

1876 4219 2063 4287 peculii
2100 4221 2530 4288 consutnptione,
2557 4231 2609 4272 et
2635 4221 2863 4274 tiliorum
2905 4223 3223 4291 perditione,
3258 4235 3416 4293 atque

1876 4310 2114 4378 corporis
2141 4309 2317 4379 plaga,
2350 4324 2601 4378 superare
2625 4324 2744 4364 eum
2781 4313 3029 4365 nitentes.
3062 4311 3184 4365 Tria
3219 4328 3414 4369 cornua

1877 4401 2138 4465 fecerunt,
2173 4402 2297 4470 quia
2351 4410 2405 4455 et
2449 4417 2572 4456 cum
2606 4415 2672 4456 eo
2729 4404 2884 4456 tertio
2924 4407 3197 4474 congressi
3260 4417 3407 4460 sunt.

160 4503 404 4556 melos?
434 4505 519 4559 llli
561 4503 798 4556 fuerunt
839 4497 1112 4565 spiritales
1143 4501 1376 4564 equites.
1409 4495 1462 4547 ld
1511 4505 1594 4550 est
1631 4495 1772 4550 aerei
1806 4483 1850 4538 Ῑ)
1879 4491 2053 4546 Semel
2075 4505 2204 4546 sane
2240 4504 2362 4543 cum
2390 4505 2550 4546 omne
2577 4491 2841 4560 peculium
2880 4503 3038 4561 atque
3074 4494 3212 4550 ﬁlios
3241 4496 3416 4550 subito

158 4593 431 4660 spiritus,
464 4593 569 4665 qui
621 4602 831 4644 terram
875 4596 1180 4656 peragrant,
1217 4589 1305 4654 qui
1357 4585 1575 4654 pelagus
1599 4596 1776 4640 trans-

152 4693 338 4742 eunt.
378 4688 460 4752 qui
490 4695 696 4738 aerem
724 4677 1028 4749 pervolant,
1080 4676 1170 4745 qui
1201 4676 1346 4730 omni
1375 4685 1531 4729 vento
1559 4685 1611 4729 et
1637 4690 1774 4743 aqua

152 4781 353 4842 atque
387 4773 662 4830 omnibus
687 4768 1022 4837 tempestivis
1060 4766 1311 4836 procellis
1351 4767 1774 4820 vehementiores

148 4870 322 4923 sunt,
365 4874 542 4934 atque
577 4859 890 4915 velociores
915 4855 970 4909 in
1000 4871 1123 4910 aera
1149 4871 1245 4910 sua
1284 4855 1585 4923 iniquitate.
1617 4854 1768 4909 Unde

143 4951 341 5002 etiam
389 4955 624 5024 equites
681 4949 843 5018 digne
883 4946 1240 5014 appellantur,
1279 4945 1370 5014 qui
1397 4959 1556 5013 super
1578 4959 1764 4999 omnes

141 5038 504 5098 luxuriosos
542 5051 718 5107 atque
762 5037 1058 5104 impudicos
1090 5037 1276 5091 sedent
1306 5048 1560 5105 tanquam
1610 5050 1771 5103 super

140 5143 385 5198 equos.
419 5141 478 5187 et
521 5130 693 5198 juxta
725 5126 1022 5195 nequitiam
1060 5140 1211 5178 suam
1236 5125 1512 5192 exagitant
1541 5123 1676 5188 illos,
1709 5135 1767 5179 et

139 5223 222 5274 ad
261 5235 409 5274 sum
429 5217 767 5288 iniquitatis
797 5228 961 5285 atque
1000 5215 1342 5285 impudicitia:
1383 5213 1764 5281 perfectionem

139 5325 392 5365 omnes
416 5312 774 5366 insectantur
797 5307 938 5369 illos,
963 5308 1028 5360 de
1056 5307 1250 5374 quibus
1281 5305 1515 5358 dicitur:
1546 5304 1766 5359 Adulter

140 5405 318 5455 sicut
388 5399 752 5454 admissarius
806 5399 898 5452 sub
948 5399 1083 5451 omni
1131 5411 1331 5450 sessore
1378 5394 1762 5448 hinnit".Et:

149 5493 389 5545 Nolite
439 5493 557 5560 ﬁeri
613 5493 751 5544 sicut
783 5505 942 5558 equus
989 5500 1036 5542 et
1071 5490 1239 5541 mulus
1269 5489 1323 5540 in
1349 5485 1534 5555 quibus
1555 5499 1652 5536 non
1689 5495 1768 5539 est

147 5583 596 5639 intellectus".
637 5581 701 5634 Et
729 5580 939 5633 adhuc:
970 5581 1104 5648 Equi
1145 5575 1446 5632 admissarii
1471 5573 1594 5639 facti
1615 5589 1764 5643 sunt,

234 5781 297 5812 ³⁸
321 5771 519 5831 Eccli.
544 5781 738 5824 χχχιιι.
769 5765 822 5817 6.
896 5761 939 5792 ’⁸
964 5760 1098 5814 Psal.
1131 5771 1272 5819 χιιι,
1303 5757 1333 5810 9

543 5861 808 5918 l’nhoc.
836 5852 925 5910 Gtt
973 5846 1169 5909 ΧΠΙ.

1436 5749 1480 5782 "
1507 5748 1698 5805 Jercm.
1734 5767 1786 5820 v,
1809 5754 1860 5808 8.

1883 4582 2261 4640 interfecerunt
2295 4598 2310 4643 ;
2344 4583 2598 4646 secundo,
2625 4583 2837 4651 quando
2869 4594 3037 4643 totum
3075 4600 3272 4654 corpus
3302 4585 3415 4656 ejus

1877 4673 2155 4742 putredine
2188 4687 2250 4726 ac
2275 4671 2547 4726 vermibus
2596 4671 2970 4740 repleverunt;
3012 4675 3193 4738 tertio,
3245 4689 3415 4744 quan-

1874 4763 1943 4816 do
1971 4777 2066 4832 per
2094 4777 2315 4816 uxorem
2340 4763 2692 4825 seduxerunt,
2717 4763 2874 4818 amici
2895 4778 3020 4818 vero
3043 4763 3410 4834 culpaverunt.

1872 4855 2061 4908 Adhuc
2090 4862 2264 4908 autem
2283 4853 2383 4906 tria
2398 4866 2594 4906 cornua
2611 4852 2875 4918 fecerunt,
2894 4864 3146 4924 tanquam
3164 4855 3263 4909 tria
3277 4870 3415 4924 prte-

1873 4946 2027 5013 cipua
2052 4957 2116 4998 ac
2138 4941 2449 5010 singularia,
2480 4943 2530 4996 id
2545 4951 2630 4997 est
2665 4957 2834 5012 spem,
2862 4943 3040 5008 (idem,
3069 4946 3411 5007 charltatem,

1872 5032 2098 5102 prtedari
2122 5046 2243 5087 eum
2267 5041 2544 5086 conantes.
2570 5030 2926 5101 Fidemquam
2956 5034 3008 5086 in
3030 5034 3119 5088 Dei
3147 5034 3410 5089 culturam

1873 5123 2078 5183 habuit.
2096 5137 2242 5190 spent
2263 5133 2476 5176 teternte
2491 5121 2820 5176 liberationis
2841 5137 2902 5175 ac
2923 5123 3161 5177 caelestis
3188 5122 3411 5190 refrige-

1875 5215 1962 5277 rii,
1989 5214 2306 5268 charltatem
2323 5214 2465 5268 circa
2482 5215 2642 5268 Deum
2659 5229 2762 5283 qua
2786 5213 3012 5266 nihilest
3040 5214 3226 5283 tnajus,
3241 5225 3409 5278 neque

1871 5313 1924 5365 in
1955 5310 2057 5362 hoc
2082 5307 2296 5372 saeculo,
2322 5322 2500 5376 neque.
2526 5309 2576 5361 in
2595 5304 2797 5358 futuro.
2832 5304 2934 5356 Pro
2963 5303 3046 5357 his
3081 5314 3208 5370 ergo
3237 5297 3400 5350 omni-

1860 5399 1974 5454 bus
2003 5397 2242 5452 fecerunt
2267 5398 2366 5450 tria
2400 5411 2603 5451 cornua
2631 5393 2944 5462 nequissimi
2967 5394 3251 5446 ttaetnones,
3289 5398 3406 5436 om-

1873 5505 1970 5544 nes
1991 5489 2194 5558 pariter
2212 5489 2492 5542 adversum
2518 5484 2618 5540 Job
2641 5484 2977 5540 dimicantes,
3007 5493 3190 5550 omnes
3217 5471 3406 5558 unani-

1877 5556 2032 5634 miter
2055 5579 2335 5634 adversum
2359 5591 2478 5631 eum
2505 5584 2731 5630 stantes.
2763 5569 2920 5624 Solus
2953 5576 3131 5620 autem
3162 5556 3404 5616 diabolus

3103 5812 3172 5874 15
