3916 6398
677 401 778 454 427

1772 386 2148 445 ANONYMUS

2286 384 2419 443 JOB.
2453 421 2519 429 -
2558 388 2684 446 LlB.
2720 391 2766 445 ι.
3680 416 3754 471 ηε

674 517 759 583 qui
799 520 878 564 est
929 510 977 561 in
1033 506 1315 574 iniquitate
1361 506 1643 568 maximus,
1678 520 1909 574 praesens
1950 505 2058 561 ,Job
2104 514 2219 558 erat
2247 506 2290 560 Α
2319 508 2408 561 sia:
2440 509 2698 561 unitatem
2729 508 3053 562 incessanter
3072 507 3336 562 dimicant.
3361 510 3453 568 Sed
3475 523 3755 585 quemadmo-

672 600 896 655 sollicite
925 598 1216 650 observans
1267 594 1451 650 infelix
1479 595 1694 664 quando
1729 596 2070 665 blasphemia
2100 612 2207 650 ser-

671 704 875 743 monem
930 700 995 738 ex
1042 683 1169 752 justi
1220 685 1360 739 illius
1418 700 1511 738 ore
1568 685 1827 753 potuisset
1879 689 2081 742 audire.
2138 686 2204 739 Et

669 787 867 844 quanto
907 774 1079 843 magis
1103 774 1453 842 torquebatur
1485 773 1586 828 Job
1635 775 1791 828 corde
1843 774 2201 831 Iamentabilia

666 866 847 918 nuntia
902 863 1125 917 subinde
1172 865 1459 927 audiendo,
1505 872 1652 917 tanto
1694 862 1811 929 plus
1857 865 2204 933 torquebatur

666 953 905 1006 diabolus
957 968 1017 1006 ea
1070 968 1188 1021 qua:
1228 953 1440 1006 volebat
1493 954 1574 1006 vel
1630 952 1982 1017 desiderabat,
2035 954 2084 1007 id
2121 962 2202 1007 est

664 1043 755 1095 Dei
786 1042 1192 1110 blasphemiam,
1230 1043 1296 1096 ab
1323 1057 1386 1095 eo
1423 1057 1521 1095 non
1568 1041 1856 1096 audiendo.
1892 1041 1995 1096 Sed
2025 1044 2200 1097 adhuc

665 1131 766 1183 tria
793 1146 989 1184 cornua
1034 1131 1277 1185 fecerunt
1326 1133 1403 1196 bi,
1439 1132 1528 1200 qui
1578 1133 1834 1185 adversus
1865 1133 1967 1185 tria
2006 1132 2197 1186 saecula

662 1223 731 1275 ab
774 1221 926 1274 initio
969 1231 1021 1273 et
1069 1237 1236 1290 usque
1278 1221 1328 1275 in
1379 1221 1536 1275 tinem
1579 1220 1773 1275 bellum
1820 1231 2117 1292 gesserunt,
2146 1232 2201 1276 et

665 1310 923 1363 adversus
952 1324 1068 1363 eum
1098 1312 1184 1378 qui
1215 1311 1281 1364 ab
1310 1312 1462 1365 initio
1494 1311 1591 1364 fuit
1628 1326 1795 1379 usque
1824 1313 1888 1364 ad
1919 1312 2195 1379 diluvium,

659 1411 715 1453 et
750 1416 778 1453 a
808 1400 1004 1453 diluvio
1050 1415 1216 1468 usque
1261 1402 1324 1455 ad
1350 1403 1644 1469 passionem
1669 1413 1721 1456 et
1753 1405 2194 1458 resurrectionem

660 1492 868 1545 Domini
905 1491 1124 1547 Christi.
1150 1502 1202 1544 et
1231 1507 1397 1559 usque
1448 1494 1497 1546 in
1553 1495 1708 1546 finem
1744 1502 1798 1546 et
1842 1495 2198 1548 resurrectio-

661 1596 779 1634 nem
807 1580 1064 1632 Omnium.
1095 1580 1157 1633 Et
1178 1580 1353 1634 adhuc
1387 1581 1483 1633 tria
1522 1596 1719 1635 cornua
1750 1580 1992 1636 fecerunt
2021 1582 2073 1636 bi
2102 1583 2191 1650 qui

657 1670 912 1722 adversus
949 1670 1046 1721 tria
1080 1668 1349 1731 dimicant,
1394 1670 1646 1725 adversus
1690 1670 1857 1741 legem
1887 1681 1939 1724 et
1974 1672 2197 1741 prophe-

659 1769 739 1812 tas
791 1769 947 1825 atque
992 1757 1276 1825 apostolos.
1310 1760 1605 1814 Adversum
1676 1759 1843 1829 legem
1904 1776 2053 1823 sane,
2097 1774 2191 1829 per

2309 597 2431 649 dum
2475 607 2602 650 tunc
2657 597 2827 649 tribus
2871 597 3120 650 cornibus
3161 599 3398 655 adversus
3439 601 3525 657 Job
3559 621 3756 675 congres.

2310 701 2421 751 sus,
2455 702 2572 740 cum
2602 685 2920 739 confusione
2949 694 3027 738 est
3053 697 3341 755 superatus,
3368 692 3486 744 nihil
3525 699 3758 761 pravalens

2307 774 2564 831 adversus
2602 772 2704 827 Job
2731 790 2743 824 :
2767 772 2844 827 sic
2893 785 2945 825 et
2980 789 3119 826 nune
3159 774 3333 828 multis
3374 780 3529 833 modis
3560 785 3759 841 adversus

2306 862 2596 916 Ecclesiani
2650 877 2972 931 congressus
3003 872 3103 926 est,
3130 872 3183 916 et
3210 878 3299 931 per
3328 865 3605 924 innumeras
3635 874 3759 929 bare-

2303 966 2390 1005 ses
2441 953 2698 1006 adversus
2742 967 2860 1005 eam
2908 952 3188 1017 dimicans,
3248 966 3508 1009 revocatur
3546 961 3760 1029 confusus,

2305 1044 2437 1096 nihil
2463 1043 2757 1110 przevalens
2773 1042 3247 1095 verecredentibns
3280 1043 3553 1100 animabus.
3577 1048 3759 1105 Firmum

2302 1131 2443 1183 enim
2477 1131 2875 1183 firmamentum
2919 1130 3008 1182 Dei
3064 1130 3257 1182 stabit:
3284 1129 3344 1182 Et
3367 1142 3514 1198 porta:
3538 1135 3761 1201 inferorum

2302 1236 2405 1272 non
2439 1218 2789 1287 praevalebunt
2822 1219 3066 1272 adversus
3101 1234 3211 1270 eam
3228 1219 3291 1281 ’⁸,
3320 1219 3447 1272 sicut
3481 1222 3593 1274 dicit
3624 1222 3758 1277 Domi-

2300 1324 2420 1372 nus,
2467 1320 2649 1376 portas
2707 1308 2903 1362 inferni
2971 1312 3331 1372 memorando,
3383 1311 3598 1365 diversas
3635 1323 3762 1367 sectas

2298 1407 2456 1466 atque
2481 1400 2717 1453 haereses
2744 1399 3060 1462 infidelium,
3080 1414 3196 1467 quae
3226 1415 3385 1468 usque
3406 1401 3466 1454 ad
3488 1410 3641 1469 portas
3668 1404 3762 1457 infe-

2300 1504 2478 1542 rerum
2518 1489 2793 1542 deducunt
2820 1504 3007 1544 omnes
3027 1489 3117 1558 qui
3140 1504 3231 1544 eos
3256 1502 3531 1544 sectantur.
3560 1493 3665 1547 Post
3678 1510 3764 1562 qua:

2296 1578 2566 1643 universa,
2618 1578 2794 1631 adhuc
2844 1594 3009 1631 unum
3061 1579 3414 1633 advertamus.
3455 1580 3569 1632 Tria
3610 1596 3760 1634 cornua

2296 1666 2421 1720 fecit
2461 1666 2705 1721 diabolus
2760 1667 2814 1721 in
2857 1676 3043 1736 typum
3087 1677 3245 1736 atque
3294 1670 3503 1734 tiguram
3547 1670 3761 1738 trionyma:

2295 1755 2439 1809 illius
2470 1766 2647 1822 sectae,
2674 1758 2947 1825 triumque
2977 1759 3194 1811 deorum
3220 1758 3450 1822 Interesis,
3477 1774 3581 1827 qua:
3606 1760 3762 1812 univer-

654 1847 913 1901 idolorum
969 1848 1339 1915 iniquitatem,
1411 1851 1665 1904 adversus
1734 1849 2029 1919 prophetas
2095 1863 2190 1918 per
2219 1849 2261 1902 B
2290 1861 2403 1900 sum
2437 1847 2621 1901 orbem
2662 1856 2819 1901 terra:
2850 1850 2903 1900 in
2944 1849 3158 1900 modum
3216 1849 3537 1901 tenebrarum
3576 1850 3760 1918 replevit,

654 1937 1143 2006 pseudoprOphetas
1176 1956 1189 1991 :
1222 1939 1345 1993 item
1390 1949 1444 1994 et
1473 1940 1728 1993 adversus
1774 1938 2044 2008 apostolos
2092 1954 2187 2007 per

650 2028 809 2083 falsos
846 2029 1132 2097 apostolos.
1178 2030 1300 2083 Post
1331 2046 1447 2099 quae
1478 2030 1719 2085 universa
1744 2073 1759 2097 ,
1793 2046 1825 2085 o
1855 2033 2033 2097 amici,
2066 2034 2188 2087 ulti-

648 2134 788 2171 mam
815 2120 992 2172 audite
1024 2121 1456 2188 disputationem.
1491 2122 1789 2175 Adversum
1821 2122 1923 2176 Job
1953 2123 2102 2188 olim,
2129 2135 2182 2178 et

648 2208 906 2263 adversus
956 2225 1138 2267 omnes
1198 2210 1587 2280 subsequenter
1632 2213 1802 2266 tribus
1829 2214 2080 2268 cornibus
2107 2215 2183 2270 di-

648 2299 887 2363 micavit,
928 2301 1095 2353 tribus
1142 2300 1397 2354 cornibus
1451 2316 1771 2370 congressus
1826 2312 1928 2368 est,
1986 2304 2178 2373 triplici

644 2388 801 2440 modo
855 2389 1099 2451 tentavit,
1141 2387 1290 2455 juxta
1350 2392 1525 2443 omnia
1579 2407 1695 2459 qua:
1747 2403 1957 2446 ostensa
2015 2402 2175 2462 atque

643 2485 934 2529 memorata
997 2486 1138 2531 sunt.
1208 2475 1359 2532 Nunc
1417 2493 1543 2532 vero
1603 2482 1905 2535 novissimis
1966 2492 2173 2553 tempo-

642 2564 810 2631 ribus,
880 2575 1039 2636 atque
1085 2567 1135 2621 in
1178 2568 1362 2622 ultimo
1413 2569 1626 2634 sacculo,
1683 2587 1786 2625 non
1838 2573 1889 2627 in
1932 2574 2014 2628 his
2049 2574 2178 2629 solis

644 2655 812 2709 tribus
842 2655 1089 2710 cornibus
1116 2656 1357 2720 dimicat,
1390 2658 1581 2726 triplici
1619 2662 1774 2714 modo
1813 2663 2172 2731 congreditur,

642 2749 736 2801 sed
764 2745 907 2800 mille
935 2749 1127 2810 modis,
1154 2764 1217 2802 ae
1241 2749 1598 2818 multipliciter
1626 2752 1862 2819 dimicat,
1886 2753 2172 2823 congredi-

640 2850 727 2891 tur
754 2848 806 2891 et
837 2847 1025 2904 tentat,
1078 2837 1381 2903 insidiatur,
1429 2841 1635 2893 seducit
1690 2852 1845 2909 atque
1892 2843 2170 2908 subvertit,

636 2944 733 2994 per
754 2928 1147 2981 multitudinem
1180 2928 1461 2990 haeresum,
1488 2943 1580 2997 per
1607 2930 1912 2984 innumeros
1936 2946 2167 2995 errores,

633 3032 729 3086 per
765 3018 1095 3070 abundantes
1127 3017 1450 3080 seductores,
1488 3034 1582 3087 per
1617 3020 2048 3086 pscudocbristos
2105 3036 2169 3075 ac

632 3105 1102 3172 pseudodoctores,
1154 3105 1348 3171 quibus
1390 3106 1474 3158 hic
1528 3108 1752 3160 mundus
1795 3107 2022 3174 repletus
2062 3119 2163 3169 est,

2286 1950 2403 2002 qua:
2426 1933 2637 1988 Patrem
2662 1945 2717 1989 et
2750 1935 2946 1989 Filium
2971 1946 3026 1988 et
3056 1934 3307 2004 Spiritum
3338 1947 3559 1989 sanctum
3584 1938 3763 2005 aliquan-

2284 2025 2352 2078 do
2384 2036 2636 2094 tanquam
2687 2034 2797 2079 tres
2849 2025 2997 2091 colit,
3031 2040 3406 2093 nonnunquam
3436 2042 3581 2080 unum
3609 2027 3761 2087 adorat,

2282 2117 2727 2183 quemadmodum
2754 2116 3066 2171 Grazcorum
3087 2115 3266 2184 lingua
3295 2127 3617 2181 memoratur,
3640 2118 3763 2170 triada

2284 2205 2361 2259 vel
2404 2206 2711 2260 bomnsion.
2754 2206 2918 2260 Istam
2956 2220 3084 2275 ergo
3118 2202 3397 2259 Tiinitatis
3424 2206 3764 2260 sectamethm-

2285 2297 2441 2349 resim
2479 2305 2640 2364 atque
2683 2296 3065 2351 infidelitatem
3093 2293 3207 2362 jam
3252 2295 3377 2349 olim
3411 2296 3474 2349 de
3499 2296 3635 2363 longe
3663 2296 3766 2348 desi-

2280 2401 2452 2455 gnans
2486 2387 2903 2441 versutissimus
2936 2388 3025 2441 iH‘e
3049 2384 3297 2443 diabolus
3325 2387 3422 2440 tria
3455 2401 3635 2440 cornua
3660 2385 3765 2438 misit

2279 2478 2341 2529 ad
2370 2477 2469 2531 Job
2518 2478 2965 2545 deprmdandum.
2999 2477 3092 2534 Sic
3124 2495 3351 2549 namque
3373 2479 3524 2532 etiam
3553 2492 3669 2531 nunc
3688 2490 3767 2529 me-

2279 2578 2482 2620 morata
2530 2569 2797 2639 trionyma
2852 2571 3103 2635 haeresis,
3140 2572 3434 2639 prmsertim
3460 2569 3689 2639 praedatur
3710 2576 3765 2618 at-

2276 2672 2379 2724 que
2411 2664 2680 2726 expugnat
2710 2659 3042 2715 Ecclesiam.
3080 2659 3190 2715 Sed
3228 2676 3348 2714 cum
3381 2661 3574 2714 videret
3605 2658 3766 2726 nequis-

2275 2747 2440 2800 simus
2487 2746 2731 2801 diabolus
2770 2751 2921 2817 quod
2977 2749 3114 2809 nihil
3162 2749 3474 2818 profecisset
3515 2762 3599 2817 per
3632 2745 3765 2799 nuntia

2272 2852 2389 2902 quae
2421 2838 2602 2905 gessit,
2641 2838 2842 2906 adjecit
2873 2841 2977 2894 hoc
3010 2842 3153 2910 quod
3182 2849 3298 2895 erat
3325 2840 3617 2899 maximum,
3645 2846 3765 2903 atque

2271 2926 2565 2978 mirabilem
2598 2925 2665 2996 [Γ.
2707 2929 3107 3001 miserabilem]
3144 2930 3373 2984 filiorum
3403 2927 3767 2982 internecionem.

2271 3015 2548 3083 Sagittavit
2566 3018 2732 3084 prima
2751 3022 2980 3090 sagitta,
2997 3031 3054 3076 et
3072 3036 3178 3075 non
3198 3018 3691 3087 vulneravitjustum.
3704 3013 3769 3067 Sa-

2270 3106 2480 3167 gittavit
2504 3111 2734 3161 secunda
2754 3111 3248 3178 periculosiore,et
3271 3126 3375 3165 non
3396 3111 3520 3165 laesit
3542 3111 3587 3163 in
3602 3109 3770 3161 veritate

632 3208 768 3260 quos
804 3193 1165 3259 nequissimus
1192 3194 1492 3257 seminavit,
1519 3209 1653 3262 quos
1680 3196 2047 3250 atrocissimus
2075 3196 2163 3252 ille
2194 3168 2234 3224 Ο
2272 3194 2572 3253 fundatum.
2616 3198 2912 3266 Sagittavit
2942 3210 2998 3254 et
3039 3201 3200 3255 tertia
3232 3216 3325 3270 per
3368 3201 3467 3254 tria
3497 3212 3683 3261 cornua,
3707 3193 3771 3247 sed

632 3280 899 3345 produxit,
929 3293 1061 3345 quos
1097 3280 1515 3347 malignissimus
1554 3281 1699 3344 fecit,
1735 3282 1921 3338 florem
1962 3294 2016 3336 et
2049 3284 2162 3338 fru-

630 3378 771 3423 ctum
798 3368 849 3418 in
882 3366 1191 3419 infidelitate
1219 3378 1377 3434 atque
1405 3382 1590 3423 errore
1621 3371 1810 3423 afferre
1836 3372 2161 3441 coegit,qui-

630 3456 726 3509 bus
760 3457 867 3519 hic,
908 3467 964 3507 ut
996 3456 1246 3521 diximus,
1282 3460 1506 3510 mundus
1536 3460 1762 3526 repletus
1796 3470 1894 3525 est,
1935 3462 2024 3528 qui
2065 3479 2159 3518 ve-

627 3557 825 3598 nerunt
872 3556 924 3598 et
981 3547 1206 3600 veniunt
1269 3549 1319 3600 in
1371 3548 1532 3600 verbo
1591 3550 1820 3614 Domini,
1855 3551 1907 3603 in
1958 3553 2155 3607 vestitu

624 3632 825 3692 ovium,
854 3631 1176 3686 intrinsecus
1200 3646 1374 3687 autem
1402 3645 1525 3687 sunt
1557 3635 1661 3704 lupi
1696 3652 1931 3705 rapaces,
1964 3655 2155 3696 nomen

624 3721 1049 3775 Christianorum
1088 3723 1367 3790 habentes,
1396 3737 1556 3795 atque
1587 3728 1819 3796 speciem
1841 3730 2078 3798 pietatis,
2105 3744 2157 3787 et

622 3808 894 3862 erroribus
920 3820 973 3863 et
996 3811 1353 3879 impietatibus
1367 3823 1523 3883 atque
1549 3816 1944 3873 seductionibus
1970 3821 2153 3875 referti

623 3908 767 3951 sunt.
803 3897 890 3953 Isti
923 3910 1043 3953 sunt
1070 3916 1205 3955 vera:
1251 3901 1425 3969 janua:
1459 3908 1661 3971 mortis,
1705 3918 1757 3960 et
1788 3908 1886 3962 viae
1934 3911 2149 3966 inferni.

618 3984 709 4041 Isti
747 3999 868 4042 sunt
899 3990 987 4057 qui
1020 4006 1048 4043 a
1074 3993 1296 4045 veritate
1336 3994 1592 4061 plurimos
1630 4001 2064 4066 praevaricantur,
2097 4014 2151 4058 et

617 4096 646 4129 a
677 4078 778 4131 fide
808 4081 1111 4135 innumeros
1144 4082 1396 4137 aberrare
1428 4084 1649 4139 faciunt.
1695 4085 1784 4141 Isti
1833 4099 1957 4143 sunt
1987 4092 2150 4145 mini-

618 4170 715 4220 stri
748 4168 959 4238 maligni
986 4170 1198 4235 diaboli,
1238 4182 1396 4241 atque
1438 4176 1607 4228 nuntii
1636 4178 1857 4232 veritate
1879 4192 2147 4238 carentes.

614 4256 703 4309 l'sti
734 4268 857 4310 sunt
888 4261 1013 4313 caeci
1038 4261 1198 4314 duces
1224 4278 1506 4317 caecorum.
1543 4262 1630 4317 Isti
1668 4277 1793 4319 sunt
1823 4268 1989 4324 nubes
2029 4272 2146 4325 sine

599 4359 773 4410 _aqua,
808 4346 995 4400 nebula
1048 4362 1077 4400 a
1123 4359 1434 4417 tempestate
1470 4352 1671 4417 fugata,
1721 4354 1918 4421 quibus
1950 4358 2142 4428 caligo,

610 4432 695 4484 γει
735 4431 922 4485 nebula
976 4435 1284 4491 interiorum
1340 4439 1674 4492 tenebrarum
1710 4442 1864 4511 digne
1903 4458 2145 4501 servatur

609 4529 767 4587 atque
792 4524 1109 4577 custoditur.
1142 4527 1273 4581 Istos
1315 4542 1441 4596 ergo
1473 4527 1760 4597 fugiamus,
1791 4546 1823 4585 o
1853 4532 1976 4599 viri,
2009 4534 2139 4589 istos

609 4612 712 4663 late
759 4612 1066 4678 devitemus,
1100 4632 1131 4668 ο
1180 4619 1355 4673 amici.
1391 4618 1528 4674 Istos
1569 4622 1695 4675 odio
1741 4621 2056 4691 habeamus,
2082 4636 2137 4680 et

606 4700 970 4754 infidelitatem
1024 4713 1184 4772 atque
1227 4723 1467 4763 errorem
1519 4711 1608 4778 qui
1667 4712 1718 4764 in
1752 4713 1829 4767 eis
1860 4724 1962 4779 est,
1991 4716 2137 4770 velut

600 4790 872 4841 ﬂammam
935 4791 1068 4860 ignis
1119 4794 1472 4863 declinemus,
1520 4813 1617 4867 pro
1664 4815 1726 4854 eo
1778 4817 1843 4855 ne
1875 4817 1994 4856 cum
2030 4804 2134 4860 illis

598 4877 830 4930 flammae
859 4877 1276 4950 inexstinguibili
1316 4888 1365 4941 in
1399 4888 1482 4942 die
1516 4888 1710 4944 furoris
1735 4901 1895 4959 atque
1922 4896 2133 4947 revela-

601 4965 760 5018 tionis
806 4965 936 5033 justi
983 4967 1166 5035 judicii
1201 4973 1292 5028 Dei
1346 4977 1733 5045 maneipemur.
1766 4978 1893 5035 Haec
1929 4982 2132 5037 scilicet

594 5056 844 5108 universa
877 5059 1305 5128 memoravimus,
1341 5064 1463 5133 quia
1493 5066 1596 5119 tria
1632 5081 1832 5122 cornua
1871 5070 1937 5123 ad
1974 5071 2131 5124 dimi-

593 5144 822 5199 candum
846 5152 1005 5215 atque
1035 5155 1479 5219 congrediendum
1503 5157 1757 5214 adversus
1778 5159 1877 5215 Job
1912 5161 2128 5230 nequis-

592 5236 710 5291 simi
740 5236 1005 5291 dzemones
1046 5237 1306 5300 fecerunt.
1342 5248 1421 5303 Ad
1472 5247 1835 5304 dimicandum
1865 5265 1991 5305 vero
2032 5253 2126 5306 ad-

590 5341 780 5381 versus
806 5325 1007 5381 Ecclesi
1047 5344 1097 5382 m
1128 5346 1230 5388 non
1278 5339 1376 5393 tria
1412 5346 1616 5411 tantum
1666 5355 1887 5409 cornua,
1912 5343 2004 5396 sed
2043 5343 2123 5397 in-

589 5431 804 5470 numera
844 5426 1023 5486 .atque
1068 5421 1456 5489 in:estimabilia
1514 5446 1699 5487 omnes
1769 5443 1926 5488 secta:
1963 5442 2120 5502 atque

585 5509 810 5562 Ιιωηεθε
828 5505 1029 5567 “dum
1068 5528 1162 5582 Per
1186 5536 1315 5594 quas
1345 5525 1628 5585 universas
1657 5523 1912 5579 adversus
1934 5520 2120 5579 Eccle-

578 5690 579 5699 ‘
656 5682 700 5714 ’⁸
725 5683 1034 5761 Maltinxw,
1068 5696 1151 5755 18,

2269 3282 2381 3335 haec
2407 3283 2651 3338 inefIicax
2683 3289 2900 3341 exstitit
2921 3304 3021 3358 per
3046 3291 3411 3345 tolerantiam.
3441 3289 3538 3343 Ista
3560 3303 3664 3357 ergo
3684 3297 3768 3338 cum

2264 3373 2362 3428 Joh
2393 3384 2688 3429 retrorsum
2721 3394 2832 3433 non
2870 3391 3173 3448 averteret,
3220 3381 3417 3447 Unam,
3448 3381 3624 3450 inquit,
3649 3375 3773 3430 habeo

2264 3465 2433 3518 adhuc
2462 3468 2845 3535 novissimum,
2885 3488 2950 3527 ae
2990 3474 3381 3527 terribiliorem
3414 3472 3630 3526 ultimam
3658 3476 3772 3532 atque

2265 3554 2770 3624 lamentabiliorem,
2828 3563 2883 3617 id
2912 3573 3001 3617 est
3045 3564 3285 3618 filiorum
3328 3562 3708 3617 internecionem
3730 3568 3771 3607 ac

2261 3645 2634 3714 perditionem,
2669 3658 2927 3707 natorum
2957 3655 3291 3723 supplicium
3338 3664 3497 3722 atque
3525 3648 3765 3705 comminu-

2264 3733 2478 3787 tionem.
2545 3734 2803 3802 Sustulit,
2868 3742 3070 3811 inquit,
3136 3752 3303 3811 atque
3358 3741 3599 3797 sustittuit
3641 3735 3770 3807 priora

2259 3837 2378 3876 cum
2414 3825 2479 3877 de
2518 3825 2643 3880 filiis
2672 3842 2731 3882 se
2787 3831 3207 3899 consolaretur,
3241 3833 3335 3887 sed
3382 3823 3532 3886 istam
3566 3842 3655 3881 non
3685 3838 3773 3888 sup-

2258 3916 2489 3983 portabit
2530 3932 2702 3986 neque
2745 3923 3069 3977 sustinebit.
3124 3924 3242 3980 Hoc
3284 3938 3415 3995 ergo
3463 3922 3657 3984 faciam.
3698 3927 3774 3969 "0“

2256 4004 2427 4056 sinam
2455 4019 2574 4058 eum
2612 4006 2915 4076 respirare,
2947 4027 3056 4066 non
3091 4016 3410 4083 permittam
3444 4008 3677 4080 resipisci,
3702 4017 3773 4057 tto"

2254 4093 2556 4159 permittam
2603 4096 2903 4163 consolari,
2935 4102 3035 4155 sed
3082 4104 3480 4173 subsequenter
3507 4112 3649 4170 atque
3682 4094 3773 4148 sub-

2254 4181 2376 4235 inde
2418 4181 2858 4242 Iainentabilibus
2906 4205 3036 4243 eum
3086 4194 3301 4248 nuntiis
3347 4193 3655 4262 inquietabo.
3686 4182 3776 4237 11:06

2251 4285 2371 4325 cum
2405 4280 2598 4325 tractat
2640 4276 3048 4344 nequissimus,
3085 4293 3256 4351 atque
3298 4283 3441 4353 apud
3488 4277 3773 4345 semetipsum

2250 4361 2510 4429 loquitur,
2561 4362 2850 4418 confestim
2898 4358 2991 4422 ea!
3024 4368 3376 4439 adimplevit.
3433 4371 3610 4426 Merito
3647 4365 3778 4419 adhuc

2250 4450 2518 4504 anteriore
2550 4449 2805 4517 loquente
2838 4455 2989 4511 alius
3022 4462 3259 4515 nuntius
3290 4462 3442 4515 venit
3476 4460 3537 4514 ad
3572 4450 3774 4512 .lob.N0n

2244 4541 2523 4610 quieverat
2565 4542 2712 4609 prior
2755 4548 3047 4603 narrando
3090 4552 3261 4617 mala,
3297 4565 3355 4607 et
3382 4550 3654 4620 incipiebat
3676 4543 3780 4597 alter

2244 4644 2463 4683 narrare
2511 4630 2764 4697 pessima.
2800 4633 2926 4691 Non
2961 4643 3305 4696 occurrebat
3350 4643 3507 4696 beato
3549 4638 3637 4694 Iob
3668 4635 3777 4701 ἱιιὲθ·

2243 4720 2467 4774 miseere
2510 4734 2605 4789 pro
2660 4722 2952 4788 prioribus
3000 4730 3318 4797 doloribus,
3356 4740 3571 4800 propter
3610 4725 3720 4780 alias
3742 4727 3779 4771 et

2241 4809 2425 4862 varias
2448 4808 2724 4877 angustias
2757 4824 2886 4879 quae
2911 4820 3395 4885 superveniebant
3420 4819 3513 4873 illi.
3538 4817 3587 4870 In
3612 4810 3776 4866 modum

2237 4908 2415 4951 autem
2462 4898 2867 4954 vehementium
2958 4921 3242 4975 aquarum
3306 4908 3541 4964 diversis
3597 4897 3780 4958 tniscriis

2227 4985 2356 5053 justi
2388 4986 2527 5039 illius
2558 4987 2795 5041 animam
2834 4990 3124 5049 inundare
3158 4998 3532 5066 nequissimus
3563 5000 3775 5064 properi“

2232 5075 2343 5129 bat.
2385 5073 2533 5127 Alter
2578 5088 2707 5142 ergo
2746 5080 2985 5135 nuntius
3028 5085 3191 5138 venit
3237 5086 3308 5140 ad
3362 5084 3489 5149 Job,
3526 5082 3648 5136 alter
3694 5080 3781 5144 p05i

2233 5166 2580 5230 anteriorem,
2605 5175 2832 5233 quartus
2868 5184 3011 5226 vero
3048 5189 3316 5233 numero.
3362 5176 3514 5229 Alter
3545 5185 3660 5227 vero
3686 5178 3780 5219 nun-

2233 5253 2337 5308 tins
2366 5254 2511 5309 venit
2553 5254 2619 5307 ad
2652 5252 2774 5320 Job,
2814 5269 3053 5328 propter
3108 5267 3439 5322 nuntiorum
3484 5280 3544 5320 ac
3582 5260 3778 5318 dolorum

2228 5352 2393 5411 atque
2444 5342 2705 5397 malorum
2754 5345 3183 5408 diversitatem.
3236 5357 3395 5411 Alter
3435 5355 3649 5410 nuntius
3672 5342 3777 5398 venit

2229 5434 2294 5487 ad
2321 5432 2444 5499 Job,
2475 5442 2529 5488 et
2554 5432 2685 5488 dicit
2712 5435 2760 5488 ei
2786 5453 2799 5487 :
2824 5435 2979 5494 Ecce
3008 5453 3286 5513 quartus,
3317 5448 3519 5519 inquit,
3550 5436 3776 5516 praestoler

2228 5522 2344 5588 tibi,
2378 5536 2409 5578 ο
2435 5520 2559 5590 Job,
2587 5522 2841 5579 dolorum
2891 5531 3139 5590 nuntius
3175 5544 3349 5607 atque
3396 5537 3647 5595 malorum
3675 5539 3775 5600 pr?
