3916 6468
83 493 123 541 μ
182 422 275 485 ‘39
1361 453 1734 512 ANONYMUS
1768 451 1836 510 IN
1871 453 2008 514 tos.
2047 486 2118 497 —
2153 447 2287 507 us.
2328 444 2369 504 ι.
3325 464 3428 520 ιω

150 559 262 648 Α,
282 552 462 648 etnon
502 549 849 648 succumbis,
872 564 1065 624 neque
1086 560 1322 628 deﬁcis
1341 574 1365 627 τ
1385 573 1488 628 se.)
1510 574 1634 630 licet
1652 576 1797 643 prio.
1821 582 1870 637 Α
1897 575 2135 643 profecto
2164 569 2437 626 aestimans
2463 572 2604 640 quod
2637 574 2856 630 mortuis
2881 576 3004 630 ﬁliis
3039 576 3157 633 ﬁliae
3179 593 3430 648 superes-

102 652 211 741 γέ
238 636 460 741 Ιηιῖηοη
506 639 899 741 succubueris,
938 652 1316 741 .novissimis
1346 673 1522 718 tamen
1546 680 1795 719 succum-
1896 673 2016 717 sent
2046 664 2097 717 ei
2125 661 2192 716 ad
2216 659 2653 724 consolationem.
2686 663 3057 719 consolaretur
3082 680 3161 720 se.
3194 636 3276 723 0b
3306 669 3429 734 hoc,

112 730 270 826 ςνβδ
299 723 651 826 θί.1)³νθὶ)ίξ
681 732 1197 826 Αξιιιιιιθᾘύεῐίεἰθε,
1267 764 1390 803 cum
1450 751 1796 805 novissimum
1896 751 2089 819 inquit,
2130 750 2311 804 omnia
2358 723 2647 805 denomino
2692 762 2853 821 atque
2905 752 3114 819 intimo,
3157 764 3215 810 ut
3257 723 3432 824 potius

128 814 337 909 ;‘qu_e
380 814 817 909 lamentabilem
860 824 1110 885 ﬁliorum
1158 842 1413 893 nuntium
1461 843 1646 897 audire
1690 858 1796 897 non
1889 814 2020 905 justi
2056 814 2199 893 illius
2237 848 2469 893 mentem
2504 814 2836 906 perturbem,
2882 854 2985 907 quo
3027 814 3186 894 facile
3225 814 3290 895 ad
3336 842 3433 899 Dei

146 905 511 993 έοεῐὶηυεῐῖε
539 923 555 960 2
597 907 764 976 Filii,
789 914 991 984 inquit,
1023 924 1109 975 tui
1142 936 1195 979 et
1223 929 1356 995 filia:
1378 941 1479 985 tute
1500 949 1616 984 cum
1649 948 1798 986 man-
1894 927 2279 996 blasphemiam
2302 905 2581 997 provocem
2612 905 2934 997 patientem:
2968 929 3429 996 Manducantibus,

164 1009 434 1091 durarent
485 1008 535 1091 et
588 1000 829 1059 biberent
868 1008 924 1060 in
981 1010 1144 1068 domo
1194 1018 1376 1083 fratris
1429 1022 1510 1072 sui
1560 1021 1796 1089 majoris,
1896 1020 2091 1087 inquit,
2119 1036 2180 1073 ac
2202 1020 2485 1072 bibentibus
2516 1019 2811 1074 meridiano
2835 1028 3095 1088 tempore,
3125 1021 3256 1075 bora
3280 1036 3432 1091 pram

93 616 125 653 (ν

188 1090 365 1161 ηιὺίιο
395 1090 540 1143 venit
584 1094 823 1160 spiritus
858 1098 922 1151 ab
959 1116 1159 1166 eremo,
1186 1117 1234 1158 et
1260 1109 1419 1176 tetigit
1443 1118 1670 1177 quatuor
1704 1126 1800 1162 an-

210 1184 350 1263 gulos
400 1182 595 1238 domas
647 1186 830 1254 illius,
879 1200 925 1242 et
984 1195 1175 1248 cecidit
1203 1213 1361 1264 super
1387 1199 1529 1265 ﬁlios
1582 1209 1719 1266 tuos,
1748 1208 1797 1252 et

223 1276 404 1332 mortui
438 1277 653 1329 sunt”.
697 1276 845 1346 Hoc,
894 1280 1098 1351 inquit,
1132 1296 1216 1338 est
1260 1288 1610 1341 novissimum
1643 1297 1696 1341 et
1720 1287 1799 1341 la-

240 1367 516 1422 mentabile
574 1378 752 1438 atque
816 1372 1077 1427 miserum
1132 1377 1398 1439 nuntium,
1449 1377 1589 1442 quod
1636 1377 1798 1430 etiam

237 1458 603 1527 ignorantibus
665 1458 909 1514 ﬁliorum
971 1463 1358 1529 dilectionem,
1421 1480 1656 1520 amorem
1719 1466 1802 1520 vel

235 1549 503 1609 allectum,
561 1553 960 1619 compatiendo
1013 1563 1232 1608 revocat
1296 1556 1527 1608 animum
1587 1566 1802 1624 propter

232 1647 341 1689 tztm
367 1639 736 1693 miserabilem
764 1655 1011 1695 causam.
1040 1642 1160 1696 Filii
1187 1643 1284 1706 tui,
1315 1643 1503 1707 inquit,
1535 1659 1668 1712 ques
1707 1660 1802 1698 nu-

230 1726 399 1792 tristi,
470 1742 606 1794 quos
671 1729 944 1791 educasti,
996 1745 1131 1798 quos
1181 1734 1248 1784 ad
1291 1733 1650 1785 maturitatem
1680 1748 1797 1787 cum

225 1817 416 1871 labore
460 1817 809 1885 perduxisti;
859 1819 948 1872 lilii
987 1821 1063 1873 tui
1096 1835 1229 1890 quos
1274 1821 1521 1889 pietatem
1549 1820 1798 1883 docuisti,

1897 1109 1990 1171 dii,
2016 1109 2183 1162 subito
2224 1110 2437 1176 spiritus
2479 1109 2608 1162 venit
2664 1108 2728 1162 ab
2757 1124 2924 1162 eremo
2958 1110 3024 1162 ³¹.
3058 1109 3181 1164 Htec
3204 1111 3435 1165 scientes

1898 1196 2069 1250 sancti
2124 1206 2281 1264 atque
2329 1196 2516 1250 horum
2573 1210 2856 1261 memores,
2914 1198 3053 1265 quod
3106 1198 3219 1267 ipso
3276 1201 3437 1254 meri-

1898 1287 2057 1341 diano
2101 1296 2356 1353 tempore,
2390 1286 2522 1339 bora
2569 1287 2797 1354 prandii,
2840 1287 2991 1341 ruina
3025 1290 3273 1357 occupati
3312 1300 3433 1344 sunt

1900 1375 1991 1428 lilii
2026 1375 2126 1429 Job
2156 1384 2317 1444 atque
2356 1375 2572 1437 mortui,
2601 1383 2893 1431 oraverunt
2920 1376 2985 1429 ad
3020 1377 3185 1430 Deum
3217 1392 3437 1433 conser-

1897 1465 2009 1517 vari
2040 1465 2228 1519 sicuta
2262 1464 2472 1531 negotio
2507 1465 2557 1517 in
2590 1466 2825 1518 tenebris
2853 1464 3177 1529 ambulante,
3216 1467 3288 1519 ita
3321 1478 3377 1521 et
3402 1482 3435 1519 a

1901 1555 2049 1610 ruina
2079 1564 2132 1608 et
2168 1570 2197 1608 a
2227 1554 2487 1608 daemonio
2520 1555 2835 1610 meridiano.
2873 1554 3018 1609 Sicut
3060 1556 3203 1611 enim
3247 1557 3301 1611 in
3336 1571 3434 1611 no:-

1902 1644 2005 1697 ctis
2029 1645 2279 1707 tenebris,
2309 1645 2387 1698 sic
2419 1644 2664 1698 similiter
2700 1645 2751 1698 in
2788 1646 2962 1699 medio
3002 1646 3220 1700 meridie
3260 1647 3440 1715 plures

1898 1735 2191 1787 daemonum
2219 1733 2536 1787 tentationes
2558 1748 2616 1788 se
2648 1734 3018 1789 demonstrant
3042 1751 3201 1804 quam
3233 1739 3438 1791 castoris

1901 1820 2246 1889 temporibus.
2297 1819 2408 1874 Hoc
2453 1820 2701 1873 nimirum
2731 1820 2926 1875 claruit
2960 1823 3012 1876 in
3045 1822 3166 1876 ﬁliis
3192 1822 3312 1888 Job,
3345 1826 3437 1893 qui

226 1926 376 1979 quos
410 1910 500 1964 Dei
547 1913 773 1964 cultura
820 1912 1079 1976 imbuisti,
1112 1928 1248 1979 quos
1281 1922 1335 1966 ut
1363 1912 1587 1966 invicem
1629 1927 1686 1966 se
1717 1913 1798 1966 di-
1831 1908 1872 1962 B
1903 1925 2004 1964 non
2027 1911 2133 1963 alio
2160 1920 2415 1977 tempore,
2441 1910 2532 1963 sed
2558 1911 2729 1965 medio
2756 1912 3021 1967 interfecti
3047 1915 3438 1971 sunt‘meridie.

221 2000 470 2069 ligerent
501 2001 879 2065 introduxisti,
908 2015 1043 2068 quos
1087 2002 1137 2054 in
1174 2002 1317 2053 omni
1351 2000 1557 2068 justitia
1595 2001 1688 2055 tibi
1721 2002 1797 2056 si-

216 2090 394 2143 miles
444 2090 759 2153 reddidisti;
808 2089 899 2141 ﬁlii
951 2089 1022 2141 tui
1062 2104 1285 2157 quorum
1335 2090 1468 2143 ﬁlios
1503 2089 1685 2144 videre
1712 2106 1802 2145 cu-

214 2181 406 2248 pisti,
464 2194 704 2248 quorum
774 2181 1141 2249 posteritatem
1190 2189 1500 2248 exspectare
1554 2181 1739 2246 orasti,
1772 2196 1801 2234 a

212 2272 431 2337 quibus
467 2272 521 2325 in
548 2279 780 2326 senecta
817 2271 1157 2337 requiescere
1187 2278 1238 2323 te
1263 2271 1485 2338 sperasti
1512 2289 1528 2335 ;
1558 2272 1645 2325 isti
1674 2285 1804 2340 ergo

212 2361 331 2414 filii
382 2361 485 2423 tui,
516 2370 572 2414 et
613 2375 723 2413 non
776 2360 949 2413 solum
1004 2357 1117 2423 ﬁlii,
1156 2359 1248 2412 sed
1289 2369 1366 2412 .et
1409 2358 1563 2421 ﬁlim,
1621 2366 1799 2425 castae,

212 2452 468 2511 mundae,
499 2449 877 2504 immaculata:
929 2459 1090 2516 atque
1136 2448 1568 2514 incoinquinataz,
1593 2463 1727 2516 quas
1752 2449 1803 2501 in

214 2549 481 2608 tempore
534 2539 859 2607 nuptiarum
895 2536 1141 2606 gloriosis
1161 2536 1372 2589 coronis
1401 2549 1659 2590 coronare
1680 2551 1798 2605 spe-

208 2630 429 2692 rabas;
485 2629 579 2683 isti
630 2642 765 2698 ergo
806 2627 964 2681 simul
997 2627 1049 2679 in
1088 2640 1250 2678 unum
1279 2626 1601 2678 unanimiter
1642 2635 1800 2694 atque

209 2720 610 2785 concorditer,
662 2727 836 2780 caste,
863 2718 1114 2784 benigne,
1162 2715 1359 2770 munde
1403 2716 1527 2767 dum
1584 2715 1805 2768 mandu-

205 2819 363 2865 cant
406 2819 465 2865 et
513 2810 740 2871 bibunt,
778 2823 885 2861 non
936 2815 1215 2875 vagantes,
1252 2818 1429 2873 neque
1472 2805 1800 2868 oberrantes,

207 2916 408 2969 neque
438 2909 569 2968 post
618 2895 1015 2965 impudicitiam
1055 2902 1357 2959 currentes,
1398 2908 1571 2962 neque
1603 2893 1668 2946 ad
1703 2893 1804 2946 illi-

209 2991 337 3043 cita
398 2986 785 3050 intendentes,
836 2998 1010 3051 neque
1054 2982 1319 3051 superﬂua
1367 2980 1663 3049 loquentes,
1711 2978 1805 3033 sed

208 3094 355 3133 cum
392 3078 706 3148 gratiarum
761 3074 979 3128 actione
1030 3072 1436 3133 manducantes,
1488 3081 1651 3138 atque
1684 3083 1805 3122 cum

208 3168 621 3224 benedictione
683 3166 962 3227 bibentes,
991 3172 1044 3216 et
1090 3161 1219 3214 illud
1249 3161 1391 3230 quod
1439 3168 1559 3228 post
1612 3160 1711 3212 hoc
1739 3158 1807 3212 ab

209 3258 493 3329 Apostolo
534 3257 746 3311 dictum
797 3266 884 3308 est
927 3226 1280 3320 adimplentes
1308 3266 1321 3300 :
1349 3226 1468 3305 Sive
1493 3251 1617 3303 dum
1648 3266 1798 3303 man~
1830 3226 1871 3287 (ἶ

207 3346 461 3406 ducaris,
529 3343 640 3395 sive
691 3341 820 3392 dum
881 3339 1090 3401 bibitis,
1132 3338 1233 3390 sive
1291 3338 1414 3389 dum
1477 3336 1622 3388 aliud
1677 3336 1801 3405 quid

207 3433 409 3502 agitis,
467 3432 656 3485 omnia
713 3430 769 3481 in
809 3428 1034 3496 gloriam
1082 3426 1173 3479 Dei
1225 3427 1378 3494 facile
1397 3426 1477 3491 ³⁰;
1514 3426 1590 3479 sic
1624 3425 1804 3493 itaque

208 3522 705 3575 tuandncantibus
723 3533 788 3571 ac
811 3518 1117 3571 bibentibus
1142 3516 1261 3569 liliis
1294 3530 1357 3569 ac
1391 3514 1597 3568 ﬁliabus
1630 3515 1800 3570 tuis...

207 3612 396 3677 Bene,
442 3611 655 3679 inquit,
690 3623 823 3662 ecce
866 3607 1147 3661 ostendisti
1190 3606 1328 3673 quod
1362 3604 1802 3658 manducaverint

202 3714 278 3756 et
313 3703 583 3766 biberint,
626 3698 857 3753 ostende
892 3706 946 3750 et
997 3697 1098 3749 boc
1129 3694 1266 3762 quod
1306 3694 1504 3747 factum
1549 3704 1634 3747 est
1675 3694 1799 3747 dum

206 3793 570 3845 manducent
604 3798 666 3842 et
702 3788 913 3840 bibunt.
949 3783 1136 3850 Majus,
1175 3784 1363 3849 inquit,
1410 3792 1493 3837 est
1539 3798 1696 3852 quam
1744 3792 1804 3838 ut

201 3884 444 3938 edicere
502 3880 751 3944 valeam,
789 3875 1081 3930 terribilius
1123 3882 1204 3928 est
1248 3888 1407 3940 quam
1459 3884 1517 3928 ut
1560 3874 1802 3943 proferre

202 3979 479 4031 audeam.
520 3975 639 4029 Sed
675 3973 922 4033 interim,
956 3970 1048 4034 ait,
1087 3969 1208 4036 quia
1244 3983 1348 4021 non
1384 3976 1466 4022 est
1496 3967 1798 4030 tacendum,

203 4066 427 4131 dicam,
466 4063 781 4134 proferam.
836 4059 1026 4114 Subito
1070 4059 1292 4127 spiritus
1335 4058 1481 4112 venit
1523 4057 1591 4110 ab
1623 4071 1802 4110 eremo

202 4157 298 4210 ita
335 4157 520 4219 fortis,
562 4156 640 4209 ita
680 4153 952 4221 cupiosus,
985 4151 1054 4202 ita
1093 4151 1405 4212 vehemens,
1444 4149 1517 4201 ita
1548 4148 1802 4202 terribilis

197 4256 385 4315 atque
425 4241 917 4313 insupportabilis,
959 4249 1017 4292 ut
1055 4246 1290 4308 tangeret
1323 4248 1552 4305 quatuor
1579 4237 1801 4307 angulos

199 4336 443 4399 domus,
468 4343 532 4388 et
565 4332 806 4387 illideret
836 4343 953 4383 eam
998 4341 1157 4395 super
1189 4327 1326 4380 ﬁlios
1354 4336 1492 4389 tuos,
1522 4334 1577 4380 et
1604 4325 1797 4379 mortui

199 4436 373 4482 sunt.
402 4424 609 4494 Cujus,
641 4420 837 4489 inquit,
867 4419 968 4471 fuit
990 4418 1101 4470 haec
1125 4416 1349 4470 domus?
1381 4415 1585 4470 Fratris
1613 4428 1796 4468 eorum

200 4515 473 4582 majoris.
514 4513 639 4568 Non
676 4511 915 4571 fuerunt,
956 4509 1145 4576 inquit,
1180 4507 1233 4560 in
1275 4515 1458 4560 extera
1492 4507 1668 4571 domo,
1705 4521 1798 4559 ne-

197 4620 337 4673 que
363 4608 419 4660 in
452 4605 663 4665 aliena,
697 4600 793 4654 sed
835 4600 888 4651 in
922 4598 1134 4665 propria
1165 4597 1313 4649 fuere
1346 4595 1525 4655 domo,
1562 4596 1612 4647 in
1642 4595 1798 4647 domo

201 4697 329 4748 lilii
353 4697 457 4761 tui,
485 4692 686 4748 fratris
712 4690 797 4744 sui
830 4686 1068 4753 majoris.
1097 4686 1142 4740 Ο
1183 4684 1508 4753 nequissime
1541 4686 1797 4737 adversa-

202 4787 335 4845 rie,
384 4800 420 4839 o
461 4779 831 4838 callidissime
867 4775 1118 4829 diabole!
1155 4776 1263 4829 Cur
1310 4788 1415 4827 non
1462 4772 1640 4825 dixisti
1674 4773 1801 4825 sima-

200 4876 469 4943 pliciter,
506 4885 558 4926 et
618 4868 819 4922 mortui
849 4876 994 4929 sunt,
1040 4866 1131 4919 sed
1172 4874 1229 4918 et
1264 4872 1453 4916 cuncta
1492 4875 1798 4924 enumeres,

200 4970 414 5020 omnia
480 4961 837 5020 denominas,
890 4965 943 5010 et
992 4955 1147 5018 ﬁlios,
1188 4963 1243 5006 et
1293 4952 1448 5015 ﬁlias,
1506 4959 1560 5002 et
1598 4951 1798 5013 cibum,

194 5065 275 5109 et
322 5064 535 5121 potum,
582 5059 641 5104 et
689 5050 927 5108 domum,
981 5055 1034 5098 et
1073 5045 1311 5103 fratrem,
1357 5048 1408 5091 et
1437 5038 1604 5103 ﬁlium
1657 5049 1801 5092 tuum

193 5144 540 5213 majorem?
580 5141 638 5193 In
698 5140 858 5191 domo
904 5136 1146 5203 inquiens
1196 5130 1377 5184 fratris
1423 5128 1522 5190 sui,
1577 5127 1668 5181 ﬁlii
1728 5130 1801 5181 tui

213 5236 491 5300 majoris.
563 5231 649 5286 Ob
710 5229 834 5289 hoc,
888 5225 1080 5292 inquit,
1124 5223 1232 5274 haec
1272 5220 1444 5271 omnia
1505 5218 1801 5272 denumero

186 5334 393 5389 atque
428 5320 755 5378 denomino,
782 5329 887 5383 quo
926 5311 1092 5391 magis
1122 5316 1344 5360 atteram
1375 5315 1529 5372 atque
1557 5304 1797 5374 aﬂligam

182 5413 470 5466 animam
530 5410 656 5477 ejus
690 5425 703 5458 :
753 5414 912 5469 atque
954 5400 1024 5451 ob
1066 5398 1167 5449 hoc
1208 5395 1316 5446 hanc
1367 5393 1535 5445 omnia
1576 5394 1799 5461 loquor,

178 5517 334 5572 quo
380 5502 573 5570 magis
625 5494 986 5549 comminuam
1037 5500 1132 5536 cor
1160 5484 1289 5548 ejus,
1325 5482 1402 5534 cui
1443 5482 1549 5534 bam
1582 5483 1795 5537 refero.

173 5571 255 5646 si
297 5593 485 5653 εοιυε,
533 5584 736 5652 inquit,
787 5578 918 5630 ﬁlios
960 5573 1330 5631 nominassem,
1376 5581 1424 5623 et
1460 5571 1591 5624 ﬁlias
1650 5587 1795 5636 tton,

266 5765 332 5797 se
363 5765 479 5821 1ιοι,
512 5778 556 5823 ι⁹
599 5754 686 5817 18,
737 5750 817 5802 l9.
888 5747 928 5777 ”
966 5744 1134 5797 ICor.
1166 5757 1216 5803 Σ,
1245 5741 1318 5792 51.
1394 5742 1430 5774 ⁸³
1461 5744 1551 5800 Job
1584 5762 1629 5810 Ι,
1671 5746 1881 5813 18,19.

1829 4553 1876 4614 D

1901 2000 2101 2062 Subito,
2129 2000 2319 2067 inquit,
2344 2000 2558 2063 spiritus
2589 2001 2719 2053 venit
2744 2001 2807 2053 ab
2827 2017 3016 2065 eremo,
3042 2012 3087 2054 et
3113 2003 3277 2070 tetigit
3304 2020 3439 2072 qua-

1902 2097 2022 2141 tuor
2059 2090 2281 2158 angulos
2335 2089 2539 2142 domus.
2593 2088 2636 2144 Ο
2682 2089 3062 2159 malignissime
3110 2092 3435 2158 adversarie,

1903 2179 2026 2233 item
2052 2179 2159 2232 Deo
2186 2178 2453 2247 applicare
2476 2180 2645 2248 cupis,
2679 2180 2804 2233 item
2823 2178 3129 2234 Creatorem
3149 2182 3441 2250 depravare

1902 2270 2116 2337 quaeris,
2151 2269 2349 2323 idcirco
2370 2269 2638 2337 spiritum,
2669 2272 2766 2323 hoc
2787 2280 2866 2324 est
2900 2280 3135 2337 ventum,
3170 2272 3237 2325 ab
3258 2287 3444 2327 eremo

1904 2359 2084 2414 venire
2122 2358 2277 2413 dicis.
2309 2358 2440 2412 Nam
2475 2360 2597 2426 quia
2628 2358 2768 2412 Deus
2793 2368 2874 2412 est
2907 2360 2998 2427 qui
3040 2360 3286 2427 producit
3308 2377 3440 2416 ven-

1905 2456 1985 2501 tos
2004 2449 2069 2499 de
2089 2447 2354 2501 thesauris
2371 2448 2501 2512 suis,
2535 2448 2725 2501 merito
2755 2458 2965 2500 ventum
2990 2449 3057 2501 ab
3079 2463 3257 2503 eremo
3284 2450 3439 2518 quasi

1904 2551 1932 2588 a
1965 2535 2073 2590 Deo
2099 2540 2317 2590 missum
2343 2536 2523 2590 venire
2550 2536 2683 2589 dicis
2716 2554 2731 2589 :
2772 2546 2828 2589 ut
2855 2549 2909 2591 et
2944 2538 3042 2592 hoc
3066 2539 3210 2607 quod
3241 2539 3439 2594 factum

1904 2636 1988 2679 est
2014 2624 2120 2679 Deo
2142 2625 2451 2693 imputetur,
2477 2639 2583 2678 non
2612 2626 2664 2678 in
2697 2624 2857 2690 bono,
2890 2627 2981 2681 sed
3009 2627 3060 2679 in
3088 2629 3247 2693 malo,
3278 2639 3438 2697 atque

1906 2714 2136 2767 audienti
2166 2714 2218 2765 in
2250 2714 2580 2767 scandalum.
2615 2712 2745 2767 Nam
2770 2715 2910 2768 sicut
2931 2729 3089 2783 super
3111 2732 3238 2770 oves
3265 2718 3440 2786 ignem

1904 2800 1970 2855 de
2007 2800 2144 2854 ctelo
2180 2802 2376 2854 cadere
2405 2803 2557 2864 dixit,
2603 2800 2677 2855 ita
2725 2810 2779 2857 et
2808 2818 2953 2857 nunc»
2976 2804 3244 2871 spiritum,
3277 2806 3328 2861 id
3358 2816 3444 2865 est

1903 2898 2141 2952 ventum,
2180 2889 2245 2943 ab
2275 2902 2454 2943 eremo
2492 2890 2698 2944 venisse
2738 2891 2915 2945 dicit:
2961 2901 3016 2945 ut
3064 2902 3287 2961 utraque
3329 2894 3441 2951 Deo

1903 2978 2196 3047 applicaret
2225 2992 2321 3046 pro
2356 2978 2700 3046 blasphemia:
2732 2981 3128 3049 provocatione,
3161 2992 3322 3051 atque
3353 3000 3441 3039 re-

1905 3071 2275 3139 prebensionis
2312 3071 2633 3124 occasione:
2663 3071 3066 3139 Subita,inquit,
3103 3073 3319 3140 spiritus
3358 3091 3441 3129 ve-

1907 3158 1983 3209 nit
2011 3158 2073 3209 ab
2112 3173 2299 3210 eremo.
2331 3157 2644 3226 Derepente,
2679 3160 2968 3227 insperate,
3000 3159 3146 3215 illico
3182 3178 3303 3215 cum
3335 3170 3441 3217 lm-

1908 3255 2049 3316 petu,
2087 3248 2324 3315 spiritus,
2354 3257 2559 3313 ventus,
2598 3257 2900 3317 tempestas,
2940 3250 3171 3318 procella
3205 3252 3346 3306 venit
3373 3254 3441 3309 ab

1907 3352 2104 3391 eremo.
2133 3338 2198 3391 Et
2223 3338 2350 3406 quid
2375 3337 2529 3391 fecit?
2563 3337 2768 3408 Tetigit,
2797 3340 2985 3407 inquit,
3012 3351 3241 3410 quatuor
3270 3361 3439 3413 angu-

1907 3429 1982 3480 los
2008 3428 2209 3492 domus,
2233 3438 2280 3479 et
2303 3429 2484 3480 cecidit
2506 3444 2659 3495 super
2683 3429 2820 3497 filios
2843 3440 2980 3495 tuos,
3010 3441 3057 3484 et
3079 3433 3270 3485 mortui
3288 3447 3439 3493 sunt.

1907 3519 2034 3586 Quis
2050 3535 2195 3588 ergo,
2222 3520 2315 3583 ait,
2340 3529 2422 3573 est
2453 3519 2638 3573 mortis
2664 3534 2846 3574 eorum
2875 3535 3017 3585 reus,
3040 3538 3071 3575 ο
3094 3521 3233 3577 Job?
3254 3523 3442 3578 Nonne

1906 3611 1992 3678 qui
2025 3618 2238 3663 ventum
2267 3608 2512 3676 produxit
2541 3618 2703 3678 atque
2727 3609 2980 3663 adduxit?
3004 3608 3153 3665 Sicut
3179 3620 3233 3665 et
3263 3611 3439 3665 ovium

1907 3707 2115 3753 tuarum
2151 3698 2536 3753 combustionis
2578 3700 2699 3767 quis
2745 3708 2932 3753 auctor
2972 3709 3074 3764 est,
3122 3700 3221 3754 nisi
3262 3716 3309 3753 IS
3347 3702 3438 3769 qui

1907 3788 2079 3856 ignem
2112 3787 2177 3841 de
2202 3788 2341 3841 caalo
2364 3788 2545 3842 misit?
2574 3788 2678 3843 Sed
2701 3790 2842 3854 audi,
2872 3790 3065 3859 inquit,
3094 3805 3127 3844 ο
3153 3790 3275 3844 Job.
3306 3790 3438 3845 Cum

1905 3876 2215 3931 substantiae
2230 3877 2612 3930 abundantiam
2628 3879 2850 3946 perdere
2866 3879 3250 3946 contempsisti,
3270 3880 3442 3932 omni-

1905 3968 2003 4021 bus
2022 3966 2361 4020 facultatibus
2389 3967 2484 4021 tibi
2501 3966 2691 4022 ablatis
2707 3968 3005 4023 sustinuisti
3030 3969 3287 4023 :ﬁliorum
3312 3985 3441 4025 vero

1904 4057 2249 4127 perditionem
2263 4057 2523 4125 quomodo
2536 4057 2851 4112 sustinebis?
2866 4066 3106 4111 natorum
3122 4067 3440 4115 tormentum

1903 4149 2165 4217 quomodo
2209 4147 2501 4216 bajulabis?
2544 4146 2747 4213 Subito,
2789 4148 2981 4215 inquit,
3020 4150 3151 4201 venit
3180 4150 3243 4202 ab
3268 4166 3440 4203 eremo

1902 4237 2134 4304 spiritus,
2157 4246 2202 4289 et
2219 4238 2379 4306 tetigit
2403 4247 2626 4306 quatuor
2643 4237 2858 4306 angulos
2879 4238 3082 4303 domus,
3097 4246 3144 4291 et
3161 4239 3341 4292 cecidit
3357 4256 3442 4292 su-

1901 4341 1992 4393 per
2005 4325 2140 4392 fitios
2161 4334 2295 4388 tuos,
2313 4324 2563 4376 etmortui
2580 4334 2719 4376 sunt.
2738 4322 2839 4377 Per
2856 4325 2954 4377 hoc
2977 4326 3115 4392 quod
3148 4325 3274 4379 dicit
3301 4326 3442 4392 ﬁlios

1903 4426 2041 4478 tuos,
2059 4412 2295 4467 stimulat
2314 4428 2526 4467 sensum
2550 4414 2680 4479 ejus,
2713 4410 2983 4468 doloribus
3008 4412 3174 4468 afﬁcit
3205 4417 3436 4469 animam

1903 4503 2036 4570 ejus,
2050 4503 2321 4571 liquefacit
2335 4501 2624 4571 praecordia
2637 4502 2772 4571 ejus,
2789 4513 3039 4570 provocat
3056 4511 3284 4557 mentem
3301 4505 3438 4572 ejus,

1902 4608 2007 4662 quo
2033 4595 2201 4663 magis
2230 4603 2347 4660 post
2378 4592 2513 4645 ﬁlios
2544 4592 2842 4659 liquescens
2865 4594 3303 4647 succenderetur.
3329 4593 3435 4647 Sed

1903 4692 2098 4752 quanto
2129 4684 2245 4752 plus
2279 4682 2633 4751 nequissimus
2676 4684 2995 4737 tentationes
3035 4683 3136 4738 Job
3189 4685 3438 4753 multipli-

1904 4775 2078 4835 cabat,
2109 4782 2251 4826 tanto
2278 4772 2501 4838 amplius
2524 4786 2774 4825 coronam
2809 4772 2985 4840 gloria:
3011 4775 3149 4841 apud
3175 4786 3431 4828 aeternum

1904 4856 2141 4915 iudicem
2165 4860 2211 4914 ei
2238 4860 2625 4926 augmentabat.
2655 4858 2908 4926 Quienim
2937 4862 3231 4930 simplicem
3267 4874 3442 4916 trans-

1903 4953 2023 5007 ierit
2072 4951 2415 5003 tentationem
2434 4950 2516 5002 vel
2540 4950 2929 5015 probationem,
2944 4951 3236 5019 simplicem
3257 4950 3437 5018 procul

1903 5040 2061 5094 dubio
2076 5039 2301 5106 accipiet
2320 5039 2638 5092 mercedem.
2652 5039 2750 5104 Qui
2772 5049 2948 5091 autem
2970 5037 3129 5089 fuerit
3146 5035 3440 5102 multiplici-

1904 5138 1985 5181 ter
2008 5129 2285 5195 probatus,
2307 5124 2580 5193 multiplici
2603 5125 2771 5192 gloria
2792 5125 2911 5178 sine
2929 5123 3092 5177 dubio
3119 5136 3146 5172 a
3165 5120 3309 5187 justo
3338 5118 3441 5170 Deo

1904 5215 2259 5279 comitabitur,
2274 5216 2713 5283 Quemadmodum
2738 5216 2932 5269 beatus
2955 5211 3076 5273 Job,
3090 5210 3180 5275 qui
3197 5204 3444 5257 omnibus

1904 5306 2092 5359 diaboli
2112 5305 2531 5375 malignitatibus
2546 5314 2702 5374 atque
2716 5303 2976 5359 versutiis
2998 5295 3238 5366 superior
3262 5299 3349 5341 est
3370 5283 3450 5339 ef-

1906 5396 2150 5460 fectus,et
2161 5398 2402 5451 omnibus
2412 5404 2497 5450 ten
2507 5395 2788 5451 tationibus
2803 5394 2931 5462 ejus
2947 5388 3134 5442 fortior
3146 5376 3460 5469 comprimi"

1908 5496 1988 5540 tus
2010 5487 2278 5555 respondit
2298 5488 2366 5551 ei,
2390 5487 2593 5541 dicens:
2617 5484 2755 5539 Dicis
2777 5480 2935 5551 quod
2954 5481 3022 5529 ab
3040 5478 3219 5526 eremo
3238 5471 3469 5555 veniens

1903 5541 2139 5643 spiritus,
2169 5577 2269 5632 ltoc
2291 5586 2373 5633 est
2397 5586 2606 5643 ventus,
2628 5585 2681 5631 et
2712 5581 2958 5639 tangens
2990 5563 3217 5631 quatuor
3240 5541 3481 5607 angulos.
