3916 6420
299 452 387 505 651

299 571 482 621 domus
518 554 701 623 dejecit
737 564 874 611 eam,
916 556 971 600 et
1011 543 1150 598 filios
1182 554 1327 596 meos
1372 537 1644 591 interfecit
1675 549 1692 587 :
1737 531 1831 585 sed
1861 532 1903 585 Α

303 650 557 711 tuentiris,
611 642 796 710 inquit,
842 652 874 691 ο
905 634 1135 694 diabolo.
1178 640 1234 684 et
1280 644 1365 683 me
1411 642 1514 681 non
1558 624 1826 679 irridebis.

300 738 554 797 Mentiris,
583 749 615 785 0
644 728 1043 795 malignissima,
1077 731 1130 776 et
1159 736 1245 775 me
1282 734 1387 773 non
1421 714 1827 771 circnmvenies.

298 832 574 896 Nunquam
604 819 908 876 enirn-venti
931 835 958 870 a
984 816 1094 868 Deo
1124 812 1336 867 excitati
1366 817 1594 877 quatuor
1640 813 1828 859 contra

300 920 521 974 invicem
550 914 830 975 flaverant,
855 921 1026 976 neque
1050 904 1201 966 ilaut,
1225 901 1315 954 sed
1335 914 1469 952 unus
1493 908 1545 951 et
1562 912 1717 959 unus,
1744 903 1835 947 aut

297 1009 399 1062 iste
422 1017 511 1059 aut
528 1005 632 1058 ille.
674 1002 950 1068 Nunquam
972 997 1111 1051 enim
1138 993 1370 1046 auditum
1392 999 1471 1043 est
1492 988 1629 1054 quod
1648 985 1832 1038 ﬂantes

299 1096 440 1150 venti
486 1094 673 1145 domos
722 1105 749 1141 a
803 1084 1164 1140 funda-mentis
1208 1080 1605 1137 subverterunt,
1648 1081 1702 1125 et
1747 1085 1838 1124 eas

299 1186 531 1240 maxime
566 1196 682 1247 quae
718 1192 874 1245 super
920 1174 1068 1228 arida
1116 1179 1238 1225 sunt
1282 1167 1530 1229 fundatae,
1573 1165 1637 1216 ad
1671 1163 1839 1215 instar

302 1276 516 1330 navium
546 1285 664 1339 quae
694 1269 745 1321 in
783 1266 965 1337 pelago
995 1262 1242 1322 natitant,
1274 1256 1592 1327 generaliter
1612 1252 1834 1307 subver-

300 1366 463 1419 tendo
512 1363 896 1414 demerserunt.
950 1353 1071 1407 Haec
1125 1363 1393 1416 nunquam
1442 1348 1839 1413 provenerunt,

302 1467 477 1521 neque
509 1447 846 1517 provenient,
877 1460 905 1497 a
932 1452 1212 1497 ventorum
1243 1437 1427 1491 ﬂabris
1461 1434 1542 1488 vel
1569 1429 1836 1501 procellis.

305 1544 445 1604 Noli,
470 1540 661 1607 inquit,
689 1534 993 1590 insimulare
1023 1530 1296 1586 mendacio
1326 1528 1513 1589 Deum,
1545 1540 1577 1578 ο
1605 1521 1831 1585 diabole,

305 1634 411 1686 tuis
441 1628 750 1691 sceleribus,
776 1624 879 1677 noli
914 1623 1204 1690 depravare
1250 1616 1559 1671 Creatorem
1588 1615 1691 1667 tuis
1720 1627 1844 1681 per-

308 1724 436 1776 ditis
465 1699 851 1786 iniquitatibus.
888 1713 962 1765 Ex
993 1722 1043 1765 te
1065 1711 1204 1763 enim
1249 1717 1373 1762 sunt
1413 1707 1526 1760 haec
1555 1714 1608 1757 et
1635 1718 1738 1756 non
1775 1716 1841 1754 ex

310 1813 456 1865 Deo:
489 1825 552 1862 ex
594 1816 681 1859 tua
710 1804 1004 1870 iniquitate,
1036 1811 1090 1853 et
1119 1814 1220 1852 non
1247 1811 1309 1851 ex
1342 1794 1614 1849 Creatoris
1642 1793 1847 1844 immis-

321 1904 490 1956 sione.
540 1899 747 1957 Subito,
778 1894 970 1962 inquit,
1014 1892 1224 1959 spiritus
1254 1888 1389 1942 venit
1430 1887 1494 1938 ab
1535 1898 1722 1937 eremo.
1769 1881 1844 1935 De

313 2004 367 2046 te
397 1993 508 2060 ipso
538 1989 652 2042 haec
695 1984 949 2053 loqueris,
979 1981 1164 2035 infelix
1206 1977 1436 2032 diabolo.
1481 1975 1558 2028 Tu
1600 1972 1851 2027 videlicet

313 2099 372 2137 es
397 2082 615 2151 spiritus
658 2079 724 2130 ab
767 2088 946 2127 eremo
983 2072 1224 2132 veniens,
1272 2078 1327 2120 tu
1372 2073 1599 2135 quatuor
1628 2062 1849 2132 angulos

313 2176 501 2227 domus
542 2167 785 2237 tetigisti,
827 2174 981 2232 atque
1025 2161 1251 2214 filiorqu
1297 2156 1715 2210 internecionem
1770 2152 1848 2205 fe-

316 2263 457 2316 cisti.
492 2260 572 2314 Tu
608 2273 673 2311 es
711 2256 797 2325 qui
835 2252 1117 2321 aliquando
1153 2251 1205 2302 in
1251 2250 1432 2302 hostes
1467 2247 1764 2314 praedantes
1806 2254 1855 2298 te

319 2348 727 2420 transfigurasti,
761 2339 1044 2411 aliquando
1079 2342 1130 2392 in
1175 2339 1350 2406 ignem
1388 2337 1452 2389 de
1500 2332 1635 2388 coelo
1665 2335 1857 2387 caden-

318 2452 461 2503 tem;
494 2449 874 2502 nonnunquam
905 2442 1080 2484 autem
1123 2432 1175 2482 in
1218 2430 1316 2481 tria
1359 2441 1557 2481 cornua
1595 2425 1855 2493 equitum,

317 2534 455 2587 sicut
495 2541 548 2584 et
570 2543 707 2582 nunc
741 2527 792 2578 io
838 2522 1123 2594 procellam
1169 2520 1311 2573 venti
1358 2525 1588 2586 quatuor
1634 2512 1859 2581 angulos

319 2624 505 2675 domus
538 2628 861 2687 tangentem,
899 2624 952 2666 et
981 2614 1147 2680 ipsam
1177 2609 1391 2662 domum
1432 2622 1458 2658 a
1503 2603 1860 2658 fundamentis

320 2712 728 2771 subvertentem,
761 2718 919 2774 atque
966 2717 1057 2757 eos
1104 2698 1191 2766 qui
1227 2697 1545 2749 intrinsecus
1596 2703 1752 2748 erant
1789 2694 1864 2745 in-

320 2800 694 2855 terficienlem.
763 2796 908 2855 Tuae,
965 2791 1156 2859 inquit,
1194 2786 1486 2855 iniquitatis
1527 2783 1863 2853 operationes

321 2901 444 2946 sunt
483 2891 595 2944 haec
637 2887 835 2949 omnia,
860 2898 894 2938 o
941 2879 1266 2949 nequissime
1308 2875 1533 2929 diabole.
1572 2872 1699 2926 Nam
1728 2871 1865 2925 Deus

324 2992 545 3036 mortem
615 2994 715 3032 non
779 2975 924 3037 fecit,
982 2985 1154 3039 neque
1198 2968 1408 3021 letatur
1460 2966 1514 3017 in
1572 2962 1867 3032 perditione

322 3074 582 3133 vivorum,
633 3068 725 3122 sed
787 3076 874 3118 tua
927 3063 1119 3116 invidia
1178 3070 1336 3127 atque
1394 3056 1509 3109 zelo
1575 3067 1749 3106 mors
1786 3051 1867 3103 in-

1394 413 1759 475 ANONYMUS
1797 407 1861 464 lN
1896 406 2034 463 ⁴1013.
2073 437 2139 446 -—
2174 405 2303 460 LIB.
2344 402 2393 458 l.

3600 392 3707 454 433

1931 528 2058 583 Tale
2090 529 2363 580 desertum
2400 522 2581 574 factus
2620 525 2714 572 est
2763 514 2862 568 ille
2910 506 3133 565 inlelix
3206 497 3333 553 ,ιιι
3364 504 3503 569 das,
3558 526 3707 580 post-

1928 634 2087 688 quam
2122 616 2361 685 Spiritus
2394 618 2622 665 sanctus
2650 602 3146 660 familiaritatem
3192 598 3473 688 διξῃυθ
3511 601 3713 662 illumi-

1930 709 2197 762 nationetn
2225 721 2255 756 ιι
2278 718 2337 758 se
2361 700 2597 769 expulit,
2619 705 2678 750 et
2700 702 3050 748 sanctorum
3080 680 3365 751 angel
3385 702 3557 746 orum
3589 710 3716 751 con-

1928 799 2256 868 iunctionem
2306 803 2472 859 atque
2504 785 2915 843 habitationem
2963 794 2996 830 a
3037 790 3111 829 se
3172 784 3333 823 an.
3364 776 3527 843 ovit,
3576 784 3720 844 sic.“

1932 858 2063 941 dicit
2086 900 2102 938 :
2120 885 2189 937 Et
2205 893 2314 949 post
2330 858 2439 934 haec
2461 876 2694 931 introivit
2717 876 2773 925 in
2787 887 2916 924 eum
2934 867 3253 922 Satanas
3280 858 3361 889 ⁸
3380 865 3428 920 '.
3452 866 3623 929 Tales
3638 892 3725 930 so.

1935 978 2181 1032 litudines
2208 974 2426 1026 fuerunt
2451 969 2579 1019 olim
2602 979 2802 1018 omnes
2859 958 3153 1028 pseudop
3166 955 3543 1018 ropheta:
3564 976 3728 1038 atque

1939 1068 2056 1121 falsi
2084 1066 2412 1126 sacerdotes,
2447 1061 2522 1113 illi
2552 1060 2619 1112 ad
2654 1071 2797 1126 quos
2832 1051 2981 1103 dicit
3006 1046 3424 1100 nitebar-tis
3453 1059 3724 1123 propheta

1938 1170 2062 1213 ante
2088 1158 2274 1212 Achab
2320 1170 2498 1222 rrgent
2533 1152 2698 1206 Israel
2738 1166 2753 1202 :
2800 1144 2971 1198 Dedit
3018 1136 3294 1192 Domin
3346 1156 3444 1194 ars
3482 1150 3736 1215 spiritum

1937 1253 2233 1306 mendacem
2274 1249 2330 1300 in
2380 1260 2469 1297 ore
2502 1243 2740 1295 omnium
2777 1236 3247 1304 prophetarum
3382 1239 3617 1294 tuorum
3669 1246 3735 1304 ss.

1939 1341 2091 1408 Quod
2145 1353 2265 1393 cum
2300 1335 2537 1389 audisset
2573 1332 2838 1399 princeps
2906 1324 3222 1391 ipsorum
3386 1332 3747 1406 pseudopm

1936 1433 2218 1502 phetarum
2284 1424 2581 1481 Sedechias
2639 1419 2789 1473 filius
2855 1416 3249 1502 Chanaan).
3414 1430 3750 1491 percutiens

1943 1499 2216 1574 hlichteam
2248 1517 2303 1569 in
2338 1513 2614 1567 maxillam
2649 1509 2797 1563 dixit
2830 1524 2848 1560 :
2897 1504 3056 1570 Quis
3087 1499 3489 1569 Spiritus
3534 1516 3757 1585 Ποπιίή

1944 1609 2176 1663 discessit
2197 1623 2231 1659 a
2251 1621 2353 1670 me,
2370 1613 2426 1656 ut
2449 1603 2757 1670 loqueretur
2781 1599 2842 1649 in
2874 1606 2929 1649 te
2953 1593 3010 1625 “
3027 1593 3055 1646 ?
3088 1592 3247 1644 Per
3279 1605 3508 1675 (“ne
3529 1617 3763 1680 “idem

1946 1710 2028 1754 ter
2053 1696 2311 1759 ostendit,
2338 1694 2465 1763 quia
2510 1689 2770 1746 discessit
2809 1688 2887 1741 ab
2930 1699 3006 1740 eo
3056 1680 3475 1765 Spir-i‘“,5
3514 1708 3743 1774 Domini

1948 1738 2017 1754 ,ω
2054 1738 2311 1759 w.-......,
2340 1738 2465 1763 ,νη
2513 1738 2769 1746 --η---η
2813 1738 2879 1741 η
2942 1738 2959 1740 _
3111 1738 3134 1753 ι
3328 1738 3436 1758 ‘u

1944 1801 1999 1844 et
2028 1788 2289 1844 habitavit
2324 1788 2376 1839 in
2417 1798 2483 1838 eo
2530 1782 2760 1850 spiritus
2796 1776 3059 1841 diaboli,
3114 1738 3475 1865 enm“:

1953 1818 1999 1844 Cl
2030 1818 2289 1844 nituntur"
2325 1818 2376 1839 Ill
2418 1818 2483 1838 cu
2531 1818 2760 1850 uyuuua
2797 1818 3059 1841 υπηινη,
3120 1818 3266 1841 ..-ν
3286 1818 3469 1865 “te

1953 1880 2214 1950 aSpiritu
2273 1884 2479 1930 sancto.
2518 1872 2671 1963 Talia
2723 1870 2965 1923 deserta
3020 1864 3199 1919 facti
3278 1876 3499 1963 ΜΠ.

2230 1818 2289 1841 ⁷¹¹
2325 1818 2376 1839 ¹¹¹
2418 1818 2483 1838 συ
2531 1818 2556 1836 υ
2600 1818 2760 1835 unum
2797 1818 3059 1841 υ....,ν..,
3120 1818 3210 1828 ____
3252 1818 3266 1823 ν

2273 1884 2479 1930 sancto.
2518 1818 2671 1926 Talia
2723 1870 2965 1923 deserta
3020 1818 3244 1919 factil
3278 1818 3776 1963 ξιξῐισξῗξίἒο

1953 1912 1981 1935 i‘l
2013 1912 2124 1950 UPII
2141 1912 2214 1932 Ιῑυ
2273 1912 2479 1930 ῠαηνινο
2528 1912 2671 1926 LIIII“
2724 1912 2887 1923 υννν-
2907 1912 2965 1922 ν...
3020 1912 3197 1919 -νννν

1950 1972 2038 2039 qui
2071 1968 2295 2022 Domino
2324 1982 2429 2019 non
2462 1962 2849 2021 crediderunt,
2893 1971 3105 2026 neque
3171 1912 3767 2042 suis."

1951 2014 2038 2039 Ὶω
2072 2014 2290 2022 ’ν’-ω--
2324 2014 2429 2019 “"-
2470 2014 2510 2017 ᾖ
2722 2062 2732 2072 _
2834 2014 2846 2021 ⁷
2996 2014 3013 2026 ³
3285 2014 3587 2055 Ὅΐφθνθ
3612 2019 3749 2051 eli/11

1950 2068 2251 2122 voluerunt.
2282 2064 2583 2133 Propterea
2622 2062 2761 2115 dtxrt
2804 2061 2882 2111 ad
2920 2071 3035 2111 eos
3088 2052 3501 2118 Dant/nas;
3539 2077 3702 2122 ένίιτ

1952 2160 2269 2227 relinquetur
2335 2156 2476 2209 vobis
2532 2154 2724 2205 domus
2792 2159 2984 2203 vestra
3042 2147 3290 2198 deserta
3355 2148 3447 2200 ⁸³.
3518 2148 3698 2204 Talia

1954 2251 2158 2304 scilicet
2191 2248 2400 2300 deserta
2438 2243 2583 2298 facta
2628 2252 2760 2296 sunt
2808 2241 2995 2294 etiam
3039 2251 3205 2291 nime
3248 2252 3513 2294 omnes
3555 2243 3699 2296 inti-

1956 2340 2150 2393 delium
2180 2345 2342 2391 sectae
2371 2343 2533 2401 atque
2562 2333 2839 2393 haereses,
2873 2344 3016 2398 qua:
3051 2326 3377 2381 desolatae
3416 2329 3578 2384 ﬁdei
3612 2347 3717 2385 ve.

1957 2432 2118 2484 ritate
2151 2441 2309 2497 atque
2356 2426 2502 2479 omni
2544 2425 2774 2493 pietate,
2816 2420 2877 2472 in
2916 2417 3160 2487 quibus
3195 2416 3549 2473 habitans
3580 2422 3721 2473 dia-

1952 2520 2109 2574 holus
2152 2515 2525 2571 multitudines
2566 2509 2976 2566 scandalorum
3048 2507 3383 2573 tanquam
3466 2510 3736 2562 χίππίδια

1960 2612 2012 2664 in
2035 2610 2112 2663 eis
2132 2607 2262 2662 oriri
2294 2605 2441 2659 fecit.
2460 2603 2595 2657 Post
2623 2614 2747 2670 quae
2774 2601 3077 2653 universa
3116 2598 3332 2653 adhuc
3365 2601 3445 2655 in
3495 2603 3736 2657 ultimo

1964 2700 2085 2753 talia
2114 2699 2324 2753 deserta
2354 2704 2479 2749 sunt
2505 2709 2697 2749 omnes
2720 2693 3108 2761 pertinaces,
3141 2705 3396 2746 omnes
3428 2696 3759 2750 crudeles

1963 2793 2050 2860 qui
2086 2805 2188 2844 non
2236 2796 2398 2858 agunt
2426 2784 2841 2856 paenitentiam,
2878 2782 2982 2850 qui
3029 2782 3484 2835 contristent
3531 2784 3758 2851 Spiri-

1966 2892 2075 2935 tum
2128 2889 2393 2947 sanctum,
2443 2877 2497 2931 in
2543 2889 2652 2946 quo
2684 2872 2909 2942 pridem
2963 2872 3203 2940 signati
3241 2883 3447 2925 sunt
3509 2874 3600 2927 in
3672 2876 3781 2929 die

1965 2970 2375 3039 redemptionis,
2411 2965 2502 3034 qui
2547 2964 2895 3019 contristant
2937 2973 3204 3015 sanctos
3248 2963 3616 3031 angelos,
3661 2966 3778 3034 qui

1968 3062 2197 3129 gaudent
2240 3069 2401 3124 super
2434 3069 2550 3117 eos,
2593 3052 2685 3120 qui
2739 3064 2844 3120 pro
2880 3052 3173 3118 peccatis
3233 3053 3798 3118 paenitentiam

324 3166 505 3218 troivit
547 3164 597 3215 iu
643 3159 915 3213 mundum.
959 3153 1109 3206 Sicut
1143 3151 1283 3203 enim
1319 3148 1370 3200 in
1406 3156 1571 3199 totum
1614 3141 1864 3195 mundum
1894 3158 1938 3216 ρ
1969 3157 2149 3218 agunt.
2186 3147 2387 3203 Omnes
2422 3158 2551 3212 ergo
2582 3141 2672 3196 is“
2720 3140 2970 3195 desolata
3010 3150 3167 3193 sum
3210 3144 3359 3209 qui
3428 3159 3587 3198 non
3650 3158 3802 3213 Ρω-

326 3256 474 3307 mors
507 3250 750 3304 introivit
790 3261 887 3315 per
920 3256 1065 3297 tuum
1111 3240 1306 3303 zelum,
1338 3238 1408 3288 ita
1445 3245 1498 3288 et
1528 3246 1668 3285 nunc
1704 3244 1864 3297 super

320 3347 465 3398 'tilios
496 3341 589 3396 Job
621 3353 713 3407 per
741 3348 886 3390 tuum
922 3333 1093 3389 zelum
1126 3340 1181 3383 et
1224 3328 1476 3381 invidiam
1509 3322 1741 3393 perditio
1776 3322 1869 3375 ad-

327 3433 495 3494 venit,
538 3440 698 3496 atque
734 3426 1006 3487 interitus,
1049 3437 1082 3476 o
1124 3420 1447 3489 nequissime
1492 3413 1722 3470 diabole.
1762 3413 1871 3467 Hoc

329 3538 506 3578 autem
555 3533 609 3573 tu
638 3523 751 3589 ipse
795 3518 859 3571 de
907 3517 1188 3582 temetipso
1239 3511 1634 3571 demonstrans,
1681 3505 1811 3559 dicis
1853 3521 1867 3556 :

333 3616 516 3671 Subito
541 3612 755 3680 spiritus
784 3608 917 3662 venit
946 3607 1008 3657 ab
1043 3620 1233 3657 eremo.
1271 3602 1459 3656 Subito
1490 3599 1629 3653 enim
1662 3594 1872 3650 occulte

331 3716 491 3776 atque
519 3701 765 3758 clanculo
783 3701 1091 3753 innumeros
1118 3693 1401 3758 subvertis,
1431 3692 1740 3744 innumeros
1767 3686 1869 3737 cir-

333 3794 627 3855 cumvenis,
673 3801 728 3845 et
771 3800 873 3844 tuae
917 3783 1377 3842 eoudemnationis
1417 3780 1661 3836 hzeredes
1714 3776 1866 3841 facis,

334 3901 469 3956 quos
496 3884 592 3938 arvi
623 3893 819 3937 aeterna
846 3877 1124 3933 conversio
1164 3873 1339 3929 subito
1379 3867 1747 3940 apprehendit,
1784 3875 1873 3917 ut-

336 3985 457 4043 pote
480 3989 506 4025 a
547 3980 600 4027 te
628 3973 677 4025 in
712 3970 864 4022 malis
893 3968 1157 4021 seductos.
1191 3962 1271 4018 0b
1294 3964 1395 4017 hoc
1427 3975 1554 4028 ergo
1580 3957 1756 4012 subito
1784 3970 1872 4009 ve-

338 4070 416 4123 nit
447 4066 678 4135 spiritus.
720 4060 798 4121 Tu
838 4064 951 4130 ipse
982 4075 1040 4114 es
1078 4059 1217 4112 aeris
1267 4061 1577 4125 penetrator
1607 4046 1871 4109 diabolus,

337 4172 626 4226 aereusque
645 4156 861 4224 spiritus
883 4153 950 4205 ab
974 4160 1190 4204 eremo:
1215 4145 1436 4214 spiritus
1467 4156 1593 4193 vero
1618 4148 1873 4206 tanquam

340 4255 392 4305 in
423 4264 658 4305 eremum
694 4261 754 4299 ac
778 4242 1139 4301 solitudinem,
1182 4235 1267 4289 ubi
1300 4247 1471 4302 neque
1497 4227 1758 4290 hominis,
1787 4240 1877 4280 ne-

340 4353 444 4409 que
469 4336 828 4406 'quadrupedis
858 4330 1136 4400 vestigium
1160 4325 1388 4380 traditur
1414 4318 1680 4390 proiectus
1713 4325 1873 4384 atque

340 4408 610 4500 expulsus.
634 4429 736 4481 Aut
765 4426 935 4479 adlmc
962 4418 1183 4476 venitab
1202 4428 1403 4476 eremo,
1429 4419 1608 4478 utpote
1633 4408 1873 4462 omnium

342 4521 637 4573 divinorum
667 4530 869 4576 exsors,
890 4523 942 4566 et
969 4512 1035 4565 ab
1065 4508 1315 4566 omnibus
1335 4502 1632 4559 desolatus.
1650 4500 1757 4552 Aut
1781 4500 1872 4552 ad-

342 4609 447 4663 huc
470 4608 536 4660 ab
572 4619 751 4659 eremo
781 4603 945 4665 venit,
976 4609 1157 4668 utpote
1189 4612 1290 4649 non
1321 4592 1490 4647 solum
1527 4592 1579 4643 in
1605 4588 1877 4656 corrupti-

341 4699 537 4755 bilibus
574 4706 731 4762 atque
760 4692 1063 4746 inanimatis
1096 4686 1469 4742 solitudinibus
1509 4687 1877 4749 sequestratus

343 4807 406 4846 ac
441 4788 742 4847 destitutus,
778 4783 867 4837 sed
895 4782 1133 4850 quiuimo
1162 4778 1329 4845 magis
1358 4776 1410 4828 in
1440 4770 1687 4827 humanis
1718 4779 1877 4837 atque

345 4877 593 4933 animatis
617 4872 1007 4933 solitudinibus,
1039 4883 1155 4938 qua:
1176 4876 1299 4920 sunt
1328 4864 1519 4917 animae
1551 4860 1744 4929 impim,
1769 4873 1880 4914 sce-

347 4971 550 5028 leratas,
579 4971 839 5022 errantes,
868 4959 1126 5022 infideles,
1160 4971 1277 5025 qua;
1302 4965 1424 5008 sunt
1461 4951 1707 5007 desolata
1735 4947 1875 5003 omni

347 5054 651 5114 sanctitate,
702 5064 817 5118 quae
869 5063 971 5102 non
1018 5047 1325 5101 habitantur
1385 5057 1558 5112 neque
1615 5056 1646 5094 a
1700 5046 1881 5094 sancto

349 5146 548 5216 Spiritu
571 5137 868 5200 Paracleto,
907 5152 1077 5206 neque
1109 5152 1137 5187 a
1172 5134 1371 5189 sanctis
1395 5132 1598 5204 angelis
1624 5129 1717 5183 Dei
1750 5145 1763 5181 :
1800 5135 1881 5179 ut-

348 5248 470 5305 pote
502 5235 557 5288 in
594 5228 889 5298 huiusmodi
930 5225 1159 5283 desertis
1203 5223 1475 5287 habitans,
1505 5236 1533 5275 a
1578 5221 1785 5275 deserto
1814 5223 1885 5269 te-

349 5330 521 5395 ipsum
551 5320 734 5375 venire
767 5318 918 5375 dicis.
954 5315 1085 5374 Tale
1115 5315 1381 5369 desertum
1412 5312 1584 5365 factus
1611 5317 1691 5363 est
1723 5308 1884 5361 etiam

349 5420 437 5473 ille
472 5428 626 5487 quem
668 5411 843 5480 scopis
888 5409 1201 5470 mundatum
1247 5413 1405 5472 atque
1447 5411 1689 5457 ornatum
1742 5412 1868 5464 repe

350 5511 493 5563 riens
530 5501 883 5575 nequissimus
917 5516 1079 5580 atque
1121 5494 1424 5553 immundus
1474 5492 1709 5559 spiritus,
1759 5488 1890 5542 alios

352 5607 550 5665 scptcm
600 5593 881 5661 nequiores
928 5620 988 5665 se
1038 5599 1324 5654 assumens
1377 5580 1639 5636 habitavit
1698 5579 1752 5631 in
1803 5591 1886 5631 eo.

1969 3240 2263 3293 nituerunt.
2297 3234 2517 3287 Habitat
2555 3246 2691 3285 vero
2725 3232 2782 3285 in
2816 3231 2969 3295 illis,
3010 3241 3238 3298 utp0te
3296 3235 3387 3286 in
3438 3234 3813 3299 desertis,

1968 3327 2235 3395 malignus
2262 3322 2619 3378 adversarius
2647 3320 2741 3388 qui
2792 3329 2958 3373 tenet
2997 3334 3115 3373 cor
3144 3334 3469 3385 eortina,
3544 3335 3635 3378 ut
3688 3339 3818 3378 nec

1969 3417 2034 3469 ad
2077 3413 2444 3482 ptenitentiam
2495 3408 2897 3470 confiteantur,
2953 3423 3164 3477 neque
3214 3410 3561 3477 jejunia
3606 3427 3823 3468 exer-

1970 3513 2148 3561 ceant.
2209 3516 2387 3570 neque
2446 3500 2831 3568 eleemosyuas
2886 3497 3153 3552 faciant.
3194 3497 3408 3555 Istis
3484 3516 3829 3570 namque

1970 3604 2187 3665 peccata
2222 3592 2588 3646 dominantur.
2619 3591 2714 3645 isti
2754 3604 2897 3652 ergo
2928 3605 3151 3644 omnes
3186 3606 3394 3644 cum
3461 3605 3660 3651 sunt
3710 3594 3831 3648 do-

1972 3686 2123 3740 solati
2149 3685 2431 3737 sanctitate
2452 3693 2504 3735 et
2530 3683 2634 3735 tizle
2663 3690 2837 3749 atque
2865 3682 2972 3735 Dei
3005 3682 3293 3746 timore,
3351 3686 3833 3741 ἀεεοιεηιωτ

1972 3778 2036 3829 de
2066 3789 2230 3843 regno
2262 3773 2374 3836 Dei,
2402 3782 2462 3827 et
2493 3773 2870 3842 projiciuntur
2899 3774 2975 3825 de
3014 3774 3251 3829 choris
3309 3790 3835 3845 sanctorum,

1972 3864 2208 3935 atquein
2243 3863 2492 3917 tenebras
2531 3863 2843 3917 exteriores
2888 3864 3207 3931 pelientur
3259 3880 3358 3922 et
3420 3870 3512 3924 in
3568 3873 3825 3941 ignem

1966 3952 2479 4023 inexstingnibilem,
2511 3953 2603 4021 qui
2635 3963 2999 4021 praeparatus
3030 3963 3130 4008 est
3173 3958 3542 4015 diabolo
3576 3973 3663 4017 et
3700 3978 3840 4017 an.-

1976 4047 2108 4118 gens
2138 4045 2271 4111 ejus.
2311 4041 2438 4094 Haec
2478 4042 2665 4109 itaque
2707 4052 2876 4096 natat
2906 4045 3243 4109 universa,
3310 4054 3523 4119 quia
3587 4055 3774 4109 dicit
3811 4072 3830 4108 :

1976 4136 2159 4190 Subito
2188 4132 2401 4198 spiritus
2428 4132 2564 4183 venit
2605 4133 2669 4183 ab
2701 4147 2912 4196 eremo,
2945 4142 2998 4186 et
3024 4136 3246 4204 tetigit
3285 4154 3664 4207 quan,"
3707 4160 3839 4197 ⁸η,

1976 4226 2124 4296 gulos
2159 4226 2362 4276 domus.
2395 4221 2451 4274 In
2485 4221 2644 4273 tertia
2702 4221 2869 4290 plaga
2906 4225 3018 4277 tria
3061 4239 3365 4283 cornua
3431 4233 3633 4290 fecit
3670 4237 3826 4289 dia-

1977 4314 2151 4377 bolus,
2180 4312 2231 4364 in
2261 4319 2451 4378 quarta
2480 4323 2612 4361 vero
2639 4308 2803 4377 plaga
2840 4321 3103 4379 qua-tuor
3143 4321 3514 4385 angulos

2285 4319 2451 4378 luarta
2480 4323 2612 4361 vero
2639 4308 2803 4377 plaga
2840 4321 3103 4379 qua-tuor
3143 4321 3514 4385 angulos
3562 4327 3831 4378 donius

1981 4405 2173 4473 tetigit,
2202 4413 2256 4455 et
2289 4399 2481 4454 cecidit
2514 4399 2734 4453 domus.
2767 4399 2839 4453 Et
2872 4402 3018 4470 quid
3068 4404 3121 4457 si
3176 4422 3226 4459 ιι
3241 4382 3451 4467 siuna
3530 4382 3815 4487 tetigis—

1983 4501 2064 4547 set
2108 4489 2379 4559 angulum,
2424 4487 2620 4541 cadere
2666 4502 2779 4543 non
2840 4494 3189 4560 potuisset?
3273 4500 3503 4574 Ergo
3570 4509 3633 4561 si
3692 4523 3815 4577 per

1984 4596 2147 4634 unum
2181 4578 2427 4646 angulum
2462 4585 2676 4643 poterat
2711 4578 2952 4646 cadere,
2988 4596 3095 4635 cur
3131 4599 3425 4647 Ollllles
3486 4607 3800 4665 quam“

1986 4671 2204 4740 angulos
2259 4665 2476 4735 tetigit?
2535 4666 2696 4720 Audi.
2756 4667 3029 4733 Quatuor
3085 4680 3468 4746 angulos,
3564 4686 3635 4740 id
3695 4696 3797 4740 εει

1985 4771 2211 4860 quatuor
2228 4767 2434 4860 partes,
2476 4757 2680 4857 tetigit,
2716 4761 2790 4811 ob
2820 4760 2962 4827 hoc,
2998 4772 3064 4815 ut
3099 4774 3554 4830 ostenderes
3596 4776 3779 4832 fem-

1986 4856 2198 4910 citatem
2241 4860 2294 4903 et
2352 4849 2644 4911 insaniam,
2696 4857 2755 4901 et
2818 4849 3428 4921 intemperantia.“
3501 4880 3777 4935 (μοηυθ

1978 4953 2151 5011 atque
2179 4939 2574 5004 crudelitatem,
2624 4941 3097 4996 cruentationem
3142 4955 3382 5017 atque
3450 4958 3757 5011 animum

1988 5049 2138 5090 suum
2176 5029 2577 5085 homicidalem.
2609 5026 2747 5081 Nam
2782 5045 2997 5086 omnes
3034 5036 3460 5104 neQuissimi
3502 5050 3757 5105 daemo-

1990 5139 2083 5179 nes
2115 5131 2173 5175 ut
2215 5119 2443 5174 relaxati
2478 5126 2624 5183 sunt,
2660 5126 2717 5171 et
2748 5133 2887 5172 mox
2926 5134 2994 5176 ut
3049 5126 3595 5194 penitissime,"
3638 5156 3743 5196 ac,

1991 5217 2268 5282 ceperunt,
2304 5208 2564 5264 continuo
2600 5222 2797 5263 omnes
2853 5215 3237 5279 generaliter
3285 5222 3390 5277 ab
3429 5233 3739 5286 omnibus

1982 5302 2225 5373 partibus
2255 5315 2420 5370 super
2453 5302 2676 5357 domum
2707 5298 2890 5367 ipsam
2922 5302 3264 5362 irruerent
3299 5310 3723 5386 festinantes.

1985 5403 2142 5461 atque
2190 5389 2481 5447 adversum
2539 5391 2769 5449 invicem
2825 5393 3176 5462 rapientes,
3258 5402 3437 5463 quis
3502 5412 3743 5473 “tum;

1986 5484 2120 5538 hanc
2163 5480 2511 5549 iniquitatem
2567 5480 2868 5550 acciperet,
2913 5484 3064 5553 quis
3121 5477 3425 5562 priuatas
3480 5492 3605 5549 hoc
3646 5497 3744 5549 ho-

1988 5571 2263 5629 micidium
2314 5586 2676 5650 perpetraret.
2738 5570 2824 5627 0b
2878 5572 2997 5631 hoc
3048 5580 3261 5660 ergo
3319 5582 3453 5634 ver
3510 5594 3758 5644 quatuor

416 5767 619 5823 "Joan.
646 5785 757 5843 xm,
785 5778 870 5847 27.
946 5797 988 5834 η
1016 5781 1091 5852 m
1143 5772 1277 5834 Reg.
1308 5776 1434 5825 χιιι,
1462 5760 1551 5812 9.5.
1628 5756 1671 5788 "°
1712 5756 1837 5810 ibid.
1863 5755 1957 5811 24.

1079 5781 1091 5840 ι
1143 5772 1277 5834 Reg.
1308 5776 1434 5825 χιιι,
1462 5760 1551 5812 9.5.
1628 5756 1671 5788 "°
1712 5756 1837 5810 ibid.
1863 5755 1957 5811 Ἡ.
2032 5756 2077 5789 ³⁸
2102 5751 2297 5807 Matth.
2332 5772 2501 5831 χχιιι,
2535 5759 2625 5818 '53.

2394 6387 2505 6394 Χ
