3916 6456
157 484 312 548 ῶδὸ

1332 473 1730 534 ᾹΝΟΝῚΜΠΞ
1764 474 1832 530 ιΝ
1863 473 2000 528 JOB.
2042 499 2108 510 -——
2150 463 2278 521 LIB.
2320 465 2358 520 i.

3321 476 3423 532 434

197 619 381 677 τιατ-τες
433 574 720 677 ῑτηξετίξῗξξ-
735 560 1488 677 ἾΞἻῪΣἮ-Αίδεπιοηθς,
1545 608 1794 664 tauquam
1821 599 1870 656 Α
1896 595 2110 648 tritione
2143 589 2372 644 ﬁliorum
2393 588 2494 645 Job
2535 589 2768 644 animum
2797 587 3204 655 committueret,
3237 594 3327 646 sed
3353 597 3423 647 ob

431 688 488 740 σε
531 655 742 762 ἱπιειῐάῑξξε
759 664 1227 762 Ρὲξῗιξὶρέιιξθξ,
1281 655 1588 753 ingentem
1626 655 1793 739 u-nus-

221 746 437 853 ﬁgit-5W
461 771 627 828 °°"""
652 746 756 853 sibi.
782 751 1052 853 ﬁt???“
1095 746 1412 853 ὐῗδίῖτθηῖο
1445 775 1492 827 si
1532 773 1678 841 prior
1705 772 1795 826 illo

408 850 696 936 praecederet
738 835 804 889 ad
850 835 980 936 eiii!
1029 843 1465 916 Perditiottem.
1513 835 1578 916 ﬁt
1621 861 1794 917 adhuc

231 977 341 1031 ρει·
373 933 570 1027 quatuor
602 941 794 1031 nam}.
839 933 977 1031 quia
1017 944 1363 1002 metuet-unt
1415 952 1682 1012 infelices.
1729 965 1794 1006 ne

238 1023 587 1111 inriti—aliquis
623 1044 684 1086 εἰ
732 1023 835 1077 hac
876 1026 1046 1080 “lina
1085 1035 1370 1092 evades-et
1408 1052 1604 1109 praeter
1649 1041 1793 1094 illum

240 1151 402 1190 unum
429 1143 573 1202 quem
599 1123 772 1193 sponte
803 1117 1140 1186 nequissimi
1170 1139 1584 1193 reservassent,
1611 1130 1699 1196 qui
1741 1139 1801 1184 es

244 1227 469 1294 ipsorum
499 1208 744 1287 iniquitati
779 1205 1118 1274 deserviret,
1167 1223 1226 1268 et.
1262 1216 1370 1273 Job
1406 1221 1548 1289 ipsos
1587 1219 1798 1274 dolores

244 1319 529 1366 enarraret.
561 1304 660 1361 Sed
691 1307 745 1356 et
770 1297 958 1354 adhuc
986 1317 1089 1370 per
1117 1319 1365 1373 quatuor
1391 1321 1570 1379 partes
1609 1324 1795 1364 occur-

246 1407 444 1462 rentes,
475 1405 690 1466 quatuor
714 1388 942 1456 angulos
973 1395 1306 1463 tetigerunt,
1333 1399 1404 1453 ob
1435 1400 1534 1453 hoc
1557 1407 1618 1452 ut
1642 1411 1818 1470 suam;

247 1485 696 1542 inconsonantiam
735 1489 898 1546 atque
939 1484 1211 1540 adversus
1249 1487 1479 1540 invicem
1508 1486 1798 1541 contrarie-

247 1586 410 1630 tatem
434 1575 786 1630 ostenderent.
811 1569 948 1624 Nam
976 1574 1046 1627 ad
1077 1574 1390 1645 iniquitatis
1409 1575 1795 1644 perfectionem

243 1678 431 1719 omnes
455 1665 552 1718 sibi
583 1660 926 1726 concordant,
970 1678 1097 1718 cum
1131 1665 1363 1720 invicem
1393 1665 1492 1718 sibi
1527 1664 1797 1719 discordes

245 1757 352 1809 sint
377 1770 566 1808 omnes
605 1763 762 1823 atque
791 1756 1075 1809 contrarii.
1129 1757 1198 1809 Et
1235 1757 1440 1819 cecidit,
1471 1754 1660 1822 inquit,
1702 1755 1797 1806 do-

243 1862 362 1899 mus
388 1862 542 1914 super
569 1847 710 1914 ﬁlios
745 1856 884 1908 tuos,
919 1857 966 1898 et
989 1849 1186 1900 mortui
1204 1855 1346 1900 sunt.
1375 1845 1580 1901 Cecidit
1609 1845 1797 1898 domus

1894 687 1995 738 hoc
2015 682 2144 751 quia
2175 679 2443 748 prioribus
2469 679 2637 748 plagis
2657 693 2783 746 ,non
2810 676 3111 745 succubuit,
3142 690 3420 746 propterea

1891 773 2050 827 etiam
2067 771 2207 826 .istic
2230 784 2440 825 omnem
2468 770 2804 838 iniquitatem
2828 782 2977 822 suam
3009 766 3416 831 detnonsuavit.

1891 873 1947 916 et
1975 875 2073 930 pro
2103 860 2264 928 priori
2306 860 2611 923 tolerantia,
2653 860 2706 912 in
2745 859 2976 911 ﬁliorum
3009 857 3423 912 contminutione

1893 951 1948 1004 in
1990 965 2056 1004 eo
2085 949 2396 1014 vindicavit,
2428 960 2484 1003 et
2518 950 2833 1002 comminuit
2878 947 3112 1001 membra
3151 957 3205 1002 et
3232 962 3424 1004 carnes

1891 1049 1945 1094 et
1968 1054 2111 1100 ossa,
2157 1052 2222 1092 ac
2252 1053 2373 1091 cum
2408 1037 2668 1106 lapidibus
2703 1049 2757 1088 et
2797 1034 3011 1105 pulvere
3044 1035 3210 1103 ipsius
3254 1037 3418 1090 ruina:

1892 1127 2246 1190 commiscuit,
2291 1137 2348 1180 ut
2398 1143 2506 1181 non
2547 1143 2818 1196 separare,
2867 1142 2962 1182 nec
3005 1124 3272 1194 colligere,
3324 1141 3424 1180 nec

1892 1218 2116 1286 sepelire
2157 1227 2340 1282 posset
2381 1232 2494 1283 eos,
2529 1233 2559 1270 a
2607 1218 2798 1286 quibus
2837 1216 3048 1286 sepeliri
3079 1217 3330 1286 Sperabat
3361 1229 3425 1270 ac

1893 1311 2126 1365 volebat.
2160 1309 2283 1365 Haec
2304 1323 2532 1378 namque
2561 1310 2704 1363 venit
2725 1307 3081 1363 nuntiarelob
3103 1307 3422 1362 novissimus

1896 1401 2200 1468 nequissimi
2244 1400 2535 1455 adversarii
2573 1400 2808 1453 nuntius.
2848 1398 2971 1458 llaec
3006 1398 3150 1451 venit
3177 1397 3420 1450 nuntiare

1895 1504 2011 1556 quas
2032 1505 2174 1544 ttttttc
2198 1489 2496 1544 eruditorum
2528 1490 2799 1543 continent
2832 1497 3081 1550 mentem,
3108 1487 3422 1540 contristant

1896 1578 2205 1644 prmeordia,
2263 1576 2608 1644 liquefaciunt
2653 1575 2905 1628 animam.
2957 1575 3104 1628 Beati
3156 1588 3280 1628 vero
3325 1573 3424 1628 Job

1896 1681 2046 1722 mens
2071 1666 2305 1734 perstitit
2342 1666 2582 1729 immota,
2627 1664 2803 1717 anima
2844 1664 2896 1716 in
2926 1663 3218 1732 gratiarum
3253 1662 3422 1717 actio-

1895 1757 2174 1812 nibusuon
2215 1765 2298 1809 est
2329 1763 2692 1810 consternata.
2733 1755 2862 1821 Quis
2894 1754 3163 1807 hominum
3208 1765 3348 1818 nunc
3377 1751 3422 1806 si

1897 1861 2058 1900 unum
2089 1846 2275 1914 perdat
2306 1845 2493 1908 ﬁlium,
2539 1846 2743 1900 habens
2761 1844 2915 1908 alios,
2941 1844 3097 1912 hujus
3142 1842 3300 1895 unius
3329 1841 3424 1894 tli-

245 1934 771 2004 apprehendentibus
803 1936 1160 2001 damonibus,
1194 1936 1667 1999 commoventibus,
1711 1935 1796 1986 in-
1829 1920 1870 1974 Β
1900 1937 2244 2002 remptionem
2263 1950 2325 1990 ac
2347 1945 2570 1989 mortem
2620 1949 2776 2001 supra
2817 1933 3030 1988 modum
3079 1946 3182 1984 non
3227 1932 3422 2000 lugeat,

245 2023 619 2086 frementibus,
643 2038 671 2076 a
701 2023 1066 2078 fundamentis
1099 2022 1554 2078 subvertentibus.
1589 2021 1794 2075 Cecidit

237 2113 451 2166 domus.
482 2111 592 2166 Nec
613 2112 910 2180 quidquam
930 2126 1202 2180 magnum.
1235 2109 1365 2163 Nam
1391 2110 1436 2165 si
1466 2109 1611 2187 solus
1641 2109 1798 2163 Samo

233 2217 332 2256 sun
364 2211 484 2270 post
521 2203 640 2255 hac
669 2203 949 2256 innumera
996 2199 1380 2268 allophylorunt
1414 2199 1576 2252 millia
1599 2198 1660 2252 in
1694 2215 1798 2252 una

233 2292 395 2345 domo
439 2291 628 2346 subito
665 2291 882 2358 deiecit,
909 2291 1036 2356 quid
1083 2290 1276 2344 mirum
1316 2288 1362 2343 si
1398 2288 1658 2341 innumeri
1689 2287 1796 2341 dte-

235 2395 422 2434 mones
457 2395 626 2432 uuam
667 2380 890 2432 domum
925 2394 1018 2446 per
1047 2387 1284 2446 quatuor
1324 2376 1548 2444 angulos
1599 2389 1790 2443 appre-

231 2467 533 2522 hendentes
564 2466 990 2522 subverterunt?
1019 2464 1238 2523 Cecidit,
1271 2463 1462 2531 inquit,
1493 2465 1673 2516 donius
1702 2478 1796 2514 su-

229 2575 323 2627 per
348 2559 494 2627 ﬁlios
528 2569 673 2620 tuos,
707 2566 758 2611 et
786 2558 984 2609 mortui
1020 2565 1164 2610 sunt.
1197 2554 1241 2608 0
1265 2569 1426 2623 quam
1453 2569 1640 2623 magna
1666 2554 1795 2608 ﬁdes

232 2659 339 2711 tua,
369 2648 534 2701 beate
558 2647 694 2701 Job!
721 2645 772 2701 0
796 2663 956 2716 quam
986 2645 1246 2698 mirabilis
1275 2653 1359 2698 est
1389 2643 1646 2712 sapientia
1683 2654 1792 2702 tua,

227 2753 354 2792 vere
384 2740 478 2795 Dei
516 2741 712 2792 servet
743 2737 863 2791 Non
917 2748 968 2791 te
1017 2736 1306 2804 exagitavit
1353 2735 1554 2803 primus
1582 2733 1792 2798 ﬂuctus,

228 2843 402 2896 neque
437 2829 661 2898 impulit
703 2829 996 2882 secundum
1044 2825 1363 2894 periculum,
1397 2840 1500 2878 non
1530 2834 1582 2878 te
1611 2825 1794 2878 vulne-

229 2918 366 2971 ravit
402 2919 571 2972 tertia
615 2919 839 2986 sagitta,
875 2931 979 2970 non
1014 2927 1065 2970 te
1092 2916 1364 2982 superavit
1396 2926 1584 2984 quarta
1618 2925 1794 2970 tenta-

229 3009 302 3062 tio
331 3023 515 3076 neque
559 3007 870 3072 sttbversio,
904 3021 1026 3074 qum
1059 3005 1211 3074 quasi
1242 3004 1518 3072 incipiens,
1560 3005 1789 3073 perfecta

1894 2023 2054 2076 etiam
2091 2037 2209 2075 cum
2254 2023 2718 2076 lamentationibus
2745 2035 2808 2078 ac
2849 2020 3119 2074 clamore?
3147 2018 3424 2088 Magnani-

1895 2127 2012 2166 mus
2057 2127 2182 2166 vero
2217 2111 2307 2165 ille
2343 2109 2446 2165 Job
2487 2125 2608 2164 cum
2645 2111 2832 2165 decem
2885 2111 3104 2165 haberet
3153 2108 3426 2176 religiosos

1895 2201 2111 2264 liberes,
2154 2209 2208 2256 et
2249 2201 2378 2256 istos
2420 2215 2608 2254 omnes
2657 2200 2814 2254 simul
2864 2199 3106 2268 protinus
3149 2198 3424 2268 perderet,

1893 2307 1997 2346 non
2043 2290 2198 2354 luxit,
2243 2304 2346 2343 non
2385 2300 2469 2345 est
2513 2291 2882 2353 contristatus,
2925 2287 3019 2342 sed
3061 2287 3259 2354 gratias
3319 2286 3424 2356 egit

1893 2381 2036 2434 danti
2066 2389 2122 2434 et
2158 2381 2350 2434 iterum
2383 2378 2648 2435 anfereuti
2683 2380 2789 2434 Deo
2821 2399 2835 2434 :
2863 2389 2918 2436 et
2961 2378 3103 2448 quod
3129 2387 3212 2432 est
3250 2377 3422 2431 maxi-

1893 2486 2057 2534 mum,
2093 2484 2196 2524 non
2229 2485 2350 2524 cum
2392 2469 2650 2525 dedecore
2691 2481 2742 2526 et
2793 2469 3080 2526 miserabili
3123 2477 3269 2524 motu
3299 2468 3424 2538 ip'sis

1895 2560 2033 2614 natis
2059 2560 2410 2615 morientibus
2445 2571 2605 2629 atque
2636 2561 2686 2614 in
2711 2561 2876 2629 ipsius
2907 2561 3096 2615 domus
3124 2561 3272 2614 ruina
3299 2574 3424 2614 con-

1895 2649 2054 2712 tritis,
2096 2665 2322 2716 quorum
2367 2650 2610 2704 ciborum
2654 2661 2942 2719 apparatus
2979 2664 3102 2703 cum
3145 2650 3424 2704 comeden-

1892 2739 2020 2791 tium
2045 2737 2296 2792 carnibus
2319 2747 2402 2792 est
2420 2737 2750 2800 commistus,
2773 2747 2827 2792 et
2846 2736 2900 2794 hi
2929 2737 3020 2804 qui
3052 2737 3424 2790 ministrabant

1893 2829 2252 2896 unusquisque
2281 2829 2369 2882 ubi
2397 2829 2780 2897 apprehensus,
2806 2829 2913 2881 illic
2936 2838 3021 2883 est
3049 2829 3423 2886 comminutus.

1891 2926 1946 2972 et
1994 2928 2150 2986 potus
2195 2918 2608 2974 ministrantium
2655 2932 2776 2971 cum
2819 2917 3079 2983 sanguine
3117 2917 3423 2985 pr0pinatus

1891 3016 1974 3060 est
2000 3006 2328 3062 commistus.
2361 3005 2485 3060 Erat
2503 3005 2635 3059 visio
2656 3004 3030 3070 lamentabilis,
3056 3014 3215 3072 atque
3264 3018 3421 3071 aspe-

226 3109 307 3152 est
330 3101 383 3151 in
420 3109 592 3150 terra.
623 3095 844 3161 Mortui,
891 3095 1085 3164 inquit,
1115 3103 1235 3147 sunt
1264 3093 1354 3146 filii
1386 3094 1480 3157 tui,
1505 3104 1558 3146 et
1587 3093 1801 3148 utinam.
1889 3106 2008 3150 ctus
2041 3095 2356 3150 miserabilis
2388 3096 2488 3150 hoc
2512 3096 2650 3164 quod
2670 3104 2880 3164 gestum
2909 3102 3012 3158 est,
3035 3095 3139 3148 itno
3161 3108 3258 3148 nec
3287 3091 3424 3147 visio

223 3188 370 3253 juxta
403 3187 654 3240 omnium
700 3198 1046 3239 communem
1087 3194 1330 3238 mortem.
1371 3182 1442 3236 At
1481 3197 1620 3236 nune
1663 3197 1790 3240 vero
1815 3220 1860 3280 ς
1897 3199 1991 3238 nec
2017 3196 2282 3254 aspectus.
2312 3185 2426 3240 Non
2455 3188 2594 3240 enim
2624 3196 2741 3240 erat
2770 3186 2908 3254 quod
2933 3185 3222 3248 videretur,
3251 3197 3424 3252 neque

228 3293 328 3329 non
360 3277 456 3338 ita;
492 3276 592 3330 sed
626 3277 846 3338 cecidit,
872 3273 1068 3340 inquit,
1093 3274 1278 3327 domus
1307 3288 1467 3342 super
1491 3273 1624 3326 ﬁlios
1650 3283 1789 3335 tuos,
1825 3273 1860 3280 '
1893 3276 2034 3341 quod
2076 3285 2412 3344 separaretur
2452 3276 2516 3330 de
2552 3290 2734 3329 eorum
2775 3275 2864 3343 qui
2891 3275 3085 3328 mortui
3127 3281 3253 3328 sunt
3275 3289 3421 3328 com-

225 3379 277 3420 et
306 3368 384 3420 sic
409 3376 548 3420 sunt
580 3365 810 3420 mortui.
846 3364 1094 3431 Suspira,
1129 3361 1316 3428 inquit,
1343 3378 1377 3416 o
1413 3363 1594 3426 homo,
1630 3371 1684 3415 et
1714 3360 1791 3413 la—
1891 3365 2110 3420 minutis
2130 3365 2462 3431 corporibus.
2488 3363 2620 3417 Nam
2645 3373 2790 3418 tanto
2819 3363 2997 3418 furore
3022 3363 3332 3418 comminuit
3357 3379 3421 3418 ea

226 3469 428 3525 crytna,
457 3454 642 3520 oJob,
668 3455 880 3506 tametsi
913 3469 1042 3516 non,
1066 3453 1255 3522 inquit,
1276 3451 1345 3508 oh
1374 3451 1472 3504 hoc
1496 3450 1635 3519 quod
1659 3449 1794 3503 tales
1894 3454 2267 3522 nequissimus,
2302 3465 2360 3508 ut
2405 3469 2501 3508 nec
2538 3454 2603 3508 de
2645 3454 2900 3515 vultibus,
2944 3468 3042 3507 nec
3081 3455 3145 3508 de
3184 3453 3423 3520 personis

228 3545 529 3610 perdideris
581 3544 746 3606 ﬁlios,
797 3542 988 3595 saltem
1029 3541 1111 3593 vel
1156 3542 1276 3608 quia
1325 3549 1430 3592 tam
1465 3538 1790 3594 lamentabili

229 3643 396 3686 morte
437 3633 649 3686 mortui
701 3641 848 3693 sunt,
900 3629 981 3683 vel
1022 3632 1142 3698 quia
1194 3631 1264 3682 ita
1310 3629 1687 3684 miserabiliter
1729 3630 1798 3681 de

233 3723 336 3774 vita
361 3723 646 3775 exierunt.
685 3719 817 3784 Quis
842 3733 909 3772 ex
943 3719 1246 3773 videntibus
1275 3736 1378 3773 non
1409 3729 1623 3790 stupeat
1651 3719 1750 3774 Job
1769 3719 1794 3770 ?

238 3810 363 3878 Quis
399 3828 466 3864 ex
517 3799 876 3862 audientibus
910 3822 1014 3861 non
1048 3808 1307 3874 turbetur,
1336 3824 1370 3862 ο
1401 3810 1516 3862 vir?
1555 3810 1632 3862 Tu
1665 3823 1792 3862 vero

227 3901 490 3967 lapidibus
538 3901 736 3954 durior
764 3910 818 3952 et
840 3899 986 3952 saxis
1028 3898 1228 3950 ﬁrmior
1267 3897 1534 3952 exstitisti.
1566 3897 1684 3952 Filii
1713 3899 1788 3952 tul

230 3995 414 4045 mortui
449 4000 615 4054 sunt,
646 3999 702 4043 et
726 3988 854 4055 quid
888 3997 1166 4054 exspectas
1203 3997 1257 4038 ut
1285 4002 1389 4039 non
1416 3986 1635 4056 lugeas?
1659 3988 1788 4042 Cum

221 4081 493 4150 lapidibus
546 4078 870 4135 comminuti
922 4086 1065 4141 sunt,
1110 4091 1231 4130 cum
1285 4076 1498 4145 pulvere
1525 4078 1789 4132 commisti

209 4185 353 4229 sunt.
425 4172 652 4227 Cantas
729 4181 914 4222 eorum
968 4180 1092 4220 cum
1154 4166 1410 4234 sanguine
1455 4173 1510 4220 et
1562 4167 1788 4231 ossibus,

196 4273 329 4316 cum
367 4263 516 4330 ipsis
559 4259 732 4312 etiam
752 4255 1048 4310 visceribus
1093 4255 1434 4309 comminuta)
1479 4263 1626 4318 sunt,
1677 4255 1792 4306 fra-

193 4355 349 4404 trum
426 4364 559 4404 cum
615 4345 917 4406 sororibus,
969 4352 1019 4397 et
1065 4357 1306 4396 sororum
1355 4357 1476 4396 cum
1526 4345 1792 4410 germanis

185 4442 464 4494 omnium
519 4432 883 4492 comminatio
933 4429 1090 4485 simul
1139 4444 1259 4484 cum
1298 4429 1428 4499 ipsis
1478 4429 1792 4499 antepositis

1894 3543 2108 3610 agnosci
2137 3544 2344 3612 possint
2366 3557 2610 3612 corpora,
2642 3557 2760 3611 qua
2787 3558 2908 3598 cum
2938 3553 3075 3597 terra
3101 3553 3262 3610 atque
3292 3541 3421 3610 lapi-

1891 3632 2047 3688 dibus
2068 3642 2220 3688 erant
2249 3633 2527 3688 commista
2553 3642 2712 3700 atque
2741 3643 3008 3688 concreta.
3053 3633 3205 3700 Quod
3246 3644 3422 3689 trans-

1889 3724 2069 3775 cendit
2091 3738 2249 3778 omne
2272 3725 2500 3786 dictum,
2545 3734 2702 3792 atque
2740 3739 2953 3780 omnem
2977 3726 3331 3780 narrationem
3368 3725 3422 3779 itt

1893 3813 2076 3866 dolore
2125 3823 2281 3881 atque
2330 3814 2570 3868 miseria.
2623 3814 2775 3880 Quod
2820 3829 2960 3868 nunc
3005 3829 3103 3870 nos
3145 3815 3424 3870 audientes

1893 3904 2292 3971 expavescimus
2344 3919 2406 3957 ac
2436 3913 2718 3959 terremur.
2765 3903 2965 3959 Beatus
3001 3919 3128 3958 vero
3158 3904 3281 3968 Job,
3321 3919 3422 3958 nec

1891 3993 1956 4045 ah
1983 3993 2166 4044 auditu
2198 3993 2411 4048 territus
2435 4003 2540 4058 est,
2568 4009 2664 4048 nec
2687 3995 2755 4049 ab
2783 3996 2894 4062 ipsa
2924 3994 3236 4062 probatione
3257 4009 3421 4059 expa-

1892 4079 1986 4140 vit,
2030 4080 2120 4132 sed
2159 4079 2210 4131 in
2267 4079 2513 4134 omnibus
2563 4079 2882 4132 inclinabilis
2928 4089 3089 4145 atque
3137 4076 3420 4132 immobilis

1893 4166 2208 4233 permansit,
2254 4165 2411 4220 factis
2457 4164 2640 4233 procul
2677 4165 2836 4218 dubio
2881 4163 3166 4216 ostendens
3216 4161 3416 4224 omnia,

1890 4268 2006 4320 quae
2049 4255 2184 4307 Deus
2225 4253 2426 4320 pridem
2471 4253 2536 4306 de
2571 4266 2637 4304 eo
2682 4251 2943 4304 veraciter
2973 4249 3184 4303 dixerat
3220 4248 3414 4302 verbis.

1891 4342 2014 4397 Haec
2037 4342 2258 4398 audiens
2291 4339 2411 4406 Job,
2443 4339 2485 4395 0
2510 4354 2698 4404 magne
2729 4339 2886 4393 homo
2916 4337 3008 4391 Dei
3033 4335 3258 4404 Moyses,
3290 4337 3416 4406 quid

1891 4433 2160 4503 loqueris?
2209 4433 2334 4502 quid
2379 4430 2607 4488 scribis?
2643 4430 2766 4496 quid
2831 4428 3004 4482 dicis?
3050 4427 3128 4481 Tu
3175 4426 3314 4479 enim
3357 4441 3418 4480 es

185 4529 347 4586 ciliis
379 4526 687 4584 commista
731 4532 834 4588 est,
873 4521 1106 4575 omnium
1141 4521 1480 4575 nihilominus
1523 4521 1782 4574 viscerum
1817 4519 1866 4577 ι)
1890 4525 1980 4594 qui
2014 4527 2128 4578 hac
2168 4523 2448 4591 scripsisti.
2492 4520 2600 4574 Cur
2627 4533 2753 4587 ergo
2793 4518 2929 4572 dicis
2961 4535 2975 4570 :
3016 4518 3249 4571 Audiens
3293 4515 3414 4583 Job,

184 4619 372 4676 cilius
446 4631 581 4672 cum
638 4615 754 4682 ipso
820 4613 938 4664 vino
1001 4609 1140 4679 quod
1199 4610 1250 4662 in
1301 4609 1544 4663 manibus
1591 4609 1790 4662 habent

190 4711 551 4765 wmmistus
575 4714 682 4758 est.
726 4701 988 4755 lmmenso
1028 4713 1253 4768 namque
1288 4698 1467 4753 furore
1510 4713 1636 4754 usus
1670 4713 1789 4751 ver-

195 4813 375 4856 sutus
448 4795 736 4853 diabolus,
801 4800 854 4845 et
909 4793 1038 4842 iram
1085 4799 1139 4844 et
1201 4788 1408 4858 plenam
1471 4789 1787 4857 indignatio—

210 4905 346 4944 nem
383 4891 805 4944 demonstrans,
834 4897 930 4934 nec
967 4881 1249 4948 quidquam
1273 4876 1487 4944 reliquit
1513 4878 1653 4945 quod
1685 4892 1788 4932 non

229 4975 640 5036 comminuerit,
678 4985 848 5039 neque
865 4970 1147 5029 calvarias,
1182 4979 1354 5034 neque
1372 4965 1594 5025 viscera,
1617 4981 1788 5032 neque

233 5067 588 5128 ventriculos,
609 5075 786 5130 neque
812 5061 1045 5121 brachia,
1064 5071 1238 5125 neque
1253 5069 1456 5118 manus,
1486 5068 1658 5123 neque
1696 5071 1788 5124 pe.

235 5156 350 5218 des,
378 5166 562 5224 neque
582 5150 753 5204 ullum
771 5148 1086 5208 membrum,
1112 5158 1286 5212 neque
1304 5143 1530 5210 aliquam
1553 5144 1788 5210 corporis

235 5256 578 5313 compagem.
610 5237 675 5292 Et
701 5252 806 5290 non
831 5235 1000 5288 solum
1029 5235 1161 5295 hare,
1190 5232 1280 5285 sed
1306 5240 1359 5284 et
1393 5231 1534 5295 ipsos
1560 5230 1786 5299 lapides,

233 5341 292 5384 et
325 5332 463 5401 ligna
497 5327 676 5384 nimio
703 5337 993 5378 succensus
1019 5322 1197 5372 furore
1225 5327 1410 5371 cuncta
1444 5320 1787 5384 comminuit,

235 5431 422 5474 cuncta
483 5414 865 5477 commullivit,
917 5419 1108 5464 cuncta
1163 5407 1518 5469 commiscuit,
1582 5419 1780 5462 cuncta

236 5510 434 5562 incerta
471 5516 644 5572 atque
674 5501 956 5555 indiscreta
989 5495 1235 5550 reddidit.
1278 5493 1404 5546 Nam
1433 5495 1784 5552 fundamenta

235 5599 424 5649 donius
448 5595 630 5664 ipsius
669 5603 880 5644 sursum
907 5599 1064 5652 supra
1093 5593 1288 5637 tectum
1310 5585 1586 5647 excitavit,
1617 5596 1783 5656 atque

235 5688 483 5752 superius
508 5691 708 5738 tectum
741 5682 794 5733 in
819 5675 1086 5745 profundo
1128 5670 1447 5727 fundamenti
1486 5676 1774 5731 demersit.

238 5773 350 5830 Non
375 5777 528 5831 enim
555 5771 623 5826 ob
650 5773 748 5825 hoc
773 5765 942 5822 solum
969 5763 1084 5817 itch
1114 5759 1238 5815 fecit
1261 5776 1360 5827 quo
1382 5765 1548 5830 magis
1573 5767 1785 5823 incerte

1889 4613 2040 4682 quasi
2073 4612 2267 4680 allquid
2307 4611 2422 4664 leve
2442 4609 2523 4664 vel
2555 4609 2839 4673 modicum,
2869 4617 2924 4662 et
2964 4621 3061 4662 cur
3087 4621 3189 4660 non
3213 4605 3410 4666 dixisti,

1892 4704 2004 4755 haec
2049 4707 2302 4766 expertus
2342 4697 2476 4761 Job,
2523 4697 2635 4750 haec
2685 4710 2907 4763 passus,
2956 4694 3068 4747 haec
3109 4689 3415 4746 sustinens?

1891 4785 2019 4839 Nam
2042 4785 2279 4851 probatio
2296 4793 2348 4836 et
2369 4784 2547 4851 passio
2571 4792 2730 4852 atque
2751 4783 3027 4836 tolerantia
3055 4781 3273 4837 fuerunt
3298 4780 3412 4832 haec

1890 4887 2008 4940 quae
2038 4871 2174 4924 facta
2197 4879 2343 4933 sunt,
2376 4879 2430 4924 et
2461 4885 2564 4925 non
2586 4871 2746 4938 verba
2769 4883 2941 4937 neque
2965 4867 3153 4922 fabulm
3181 4866 3414 4920 auditus.

1893 4960 2195 5026 Propterea,
2224 4958 2412 5026 inquit,
2445 4972 2549 5012 non
2579 4959 2688 5010 dixi
2715 4957 3106 5025 probationem,
3135 4954 3228 5007 sed
3261 4953 3414 5007 audi-

1891 5057 2020 5113 tum,
2049 5049 2169 5116 quia
2193 5061 2294 5100 non
2322 5057 2568 5115 tanquam
2595 5047 2959 5112 probationem
2987 5044 3272 5098 aestimavit
3295 5041 3412 5102 Job,

1889 5139 1980 5192 sed
2036 5149 2280 5206 tanquam
2337 5147 2698 5192 transeuntem
2747 5137 3008 5198 auditum,
3059 5145 3113 5186 et
3170 5143 3414 5199 tanquam

1890 5231 2095 5285 fabulas
2130 5239 2523 5299 percurrentes.
2558 5229 2810 5285 Probatio
2833 5242 2960 5279 vero
2987 5224 3087 5276 fuit
3119 5234 3276 5287 atque
3299 5234 3418 5286 pas-

1889 5320 2010 5376 sio:
2042 5320 2135 5376 sed
2166 5320 2286 5374 dum
2307 5335 2426 5375 cum
2467 5321 2748 5376 tolerantia
2771 5327 2970 5370 etcum
3003 5311 3292 5380 gratiarum
3327 5319 3420 5355 ac-

1892 5407 2120 5464 tionibus
2155 5409 2266 5464 haec
2290 5410 2579 5466 sustineret
2615 5405 2734 5469 Job,
2773 5412 3028 5468 tanquam
3064 5394 3273 5446 auditus
3301 5402 3424 5453 pcr-

1892 5498 2116 5553 transiit.
2147 5496 2226 5552 οι)
2264 5499 2365 5555 hoc
2392 5515 2519 5570 ergo
2559 5497 2686 5551 dicit
2733 5496 2849 5548 haec
2892 5485 3116 5542 audiens
3156 5476 3281 5534 Joh,
3307 5483 3431 5525 tan-

1889 5603 2048 5658 quam
2098 5589 2455 5659 vehementia,
2508 5599 2757 5655 tanquam
2807 5570 3094 5659 terribilia.
3155 5573 3450 5659 ῆιυροξξω-

1892 5645 2217 5731 conferentia
2271 5645 2455 5752 atque,
2481 5681 2536 5738 in
2597 5645 2850 5745 pavorem
2918 5649 3254 5752 défilffe'[‘_i_“_f

1893 5770 2106 5827 audiens
2159 5733 2654 5839 qum§1},},'pt~tir
2705 5772 2815 5816 non
2871 5742 3098 5806 audivit.
3134 5749 3252 5798 quae
3314 5733 3462 5785 altus-
