3916 6480
1391 476 1764 534 ANONYMUS
1799 476 1828 530 ll

1930 477 2037 536 OB.
2075 509 2143 522 -—
2175 475 2304 534 LIB.
2339 474 2385 533 Ι.
3370 480 3473 539 ιδε

145 546 1098 682 Ᾰίᾲίιξῖἓίξκιὲξιβὼθυιῖ
1135 608 1244 648 non
1289 597 1576 651 tondebant
1603 611 1836 662 comam,
1868 600 1910 654 Δ
1937 611 1996 652 se
2037 607 2162 651 ante
2193 595 2356 682 Deum
2413 589 2720 682 humiliatus,
2783 589 3164 682 [nequissimum
3203 591 3470 651 diabolum

432 659 660 752 ξ’λυιεξιῐι⁸
693 660 881 723 luctu
946 651 1257 738 confestim
1317 686 1626 749 tondebant,
1676 687 1746 740 ita
1772 651 1828 740 et

1937 698 2102 752 usque
2149 683 2215 735 ad
2270 680 2470 735 inferos
2510 651 2723 744 dejecit.
2774 651 2912 743 Quid
2966 677 3209 743 dicimus,
3250 695 3283 734 ο
3332 685 3471 737 viri?

126 732 274 855 “3:1;
297 732 534 855 Δὶίξδξὶιε
561 744 690 855 δεδι)
729 763 1015 855 totondit
1047 786 1265 828 comam
1291 776 1479 842 capitis
1501 732 1626 840 sui:
1647 785 1704 829 ut
1733 776 1828 831 hu-
1936 732 2178 840 Nuiiquid
2227 784 2292 824 ex
2347 769 2454 824 alio
2492 783 2717 840 corpore
2759 776 2970 821 creatus
3021 775 3100 820 est
3131 766 3262 822 Job?
3283 769 3466 827 Absit:

141 839 392 938 ;&‘,fel
414 846 518 938 Sc:
570 848 643 938 tit
689 846 1070 924 subiiceret,
1104 873 1162 917 ut
1191 839 1458 918 miseriam
1504 839 1828 920 ostenderet.
1936 861 2047 918 Non
2069 839 2210 916 enim
2233 877 2352 916 cum
2384 839 2728 929 personarum
2763 859 3078 927 acceptione
3104 861 3468 931 crcavitlDeus

76 535 124 586 lli

89 657 144 706 (illi

173 927 313 1032 ξξοό
340 933 438 1032 ﬁ“
481 927 674 1032 “uisis
724 941 822 995 rei
879 944 1210 1007 indicium?
1256 954 1354 1008 hoc
1383 954 1522 1021 quod
1569 955 1618 1007 in
1646 955 1832 1009 subseo

193 1017 478 1115 ξξεούὶδιη
545 1023 782 1084 meum!
841 1048 942 1092 est
987 1055 1006 1094 :
1055 1043 1288 1110 Aspersit
1338 1017 1564 1112 namque
1639 1053 1829 1096 terram

227 1129 355 1196 δινεῖ
376 1121 542 1180 “PN
575 1130 755 1170 81mm
786 1123 870 1176 “.
911 1124 1036 1182 Nisi
1072 1132 1213 1185 enim
1253 1131 1401 1185 valde
1427 1131 1729 1185 humiliaret
1750 1147 1830 1196 se,

239 1231 339 1268 non
359 1205 546 1275 utique
593 1222 776 1278 caput
809 1228 985 1271 suum
1021 1228 1161 1274 terra
1192 1230 1496 1290 aspergeret
1532 1238 1546 1273 :
1579 1222 1827 1287 Asperu'l,

246 1305 472 1372 inquam,
508 1309 721 1354 terram
755 1320 933 1372 super
964 1320 1122 1377 caput
1156 1327 1325 1363 suum.
1375 1309 1525 1364 Unde
1552 1311 1688 1364 hanc
1711 1311 1828 1378 opi-

244 1392 458 1444 nionem
487 1392 811 1458 sumpsisti,
837 1409 874 1447 o
906 1397 1064 1449 beate
1086 1395 1219 1452 Job!
1259 1407 1314 1451 ut
1341 1407 1535 1450 terram
1563 1397 1718 1466 capiti
1743 1409 1828 1452 tuo

243 1482 596 1550 aspergeres'?
624 1482 674 1534 A
705 1483 940 1549 tritavo,
976 1487 1168 1554 inquit,
1197 1487 1410 1556 generis
1434 1487 1536 1542 mei
1563 1487 1828 1540 Abraham

232 1576 450 1628 dicente
481 1592 498 1626 :
541 1573 665 1643 Ego
697 1591 823 1628 sum
857 1586 1004 1630 terra
1029 1587 1078 1629 et
1119 1577 1248 1630 cinia
1273 1576 1338 1641 “,
1369 1586 1424 1630 et
1455 1592 1485 1629 a
1529 1576 1829 1645 patriarcha

231 1663 404 1716 totius
429 1663 662 1731 generis
691 1663 926 1717 immani
964 1665 1155 1729 Adam,
1190 1667 1255 1718 ad
1287 1681 1446 1733 quem
1473 1667 1674 1719 dictum
1711 1676 1826 1719 est:

230 1752 406 1806 Terra
443 1769 530 1817 es,
590 1763 643 1805 et
685 1754 746 1804 in
784 1763 982 1806 terram
1019 1755 1114 1806 ibi:
1138 1753 1204 1808 ³⁸.
1269 1753 1391 1809 llaec
1425 1755 1602 1821 itaque
1630 1754 1696 1807 ab
1728 1754 1829 1807 illis

217 1843 468 1896 audiens
505 1853 690 1908 atque
720 1856 938 1897 memor
969 1844 1196 1912 aspersit
1255 1853 1451 1897 terram
1502 1843 1660 1912 capiti
1695 1857 1824 1898 suo.

1934 954 2067 1008 alios
2097 953 2251 1016 tales,
2282 953 2490 1021 aliquos
2516 950 2860 1005 nihilominus
2897 951 3026 1004 tales
3045 990 3062 1014 ,
3112 953 3203 1004 sed
3230 952 3364 1005 idem
3390 963 3473 1006 est

1933 1044 2167 1097 omnium
2205 1042 2404 1111 plasma
2455 1043 2521 1096 de
2581 1043 2706 1096 limo
2758 1054 2932 1107 terrae,
2985 1042 3076 1095 sed
3131 1041 3350 1110 :equalis
3391 1048 3484 1114 est~

1933 1131 2165 1184 omnium
2195 1131 2372 1183 anima
2400 1146 2464 1184 ex
2493 1131 2584 1207 pei
2621 1131 2946 1198 operatione.
2968 1129 3070 1182 Sed
3107 1131 3228 1197 quia
3259 1144 3361 1182 non
3389 1136 3472 1180 est

1933 1221 2168 1273 omnium
2201 1221 2388 1274 similis
2420 1220 2684 1282 voluntas,
2715 1234 2885 1288 neque
2922 1223 3115 1287 pietas,
3156 1233 3325 1286 neque
3351 1217 3468 1271 reli-

1934 1309 2170 1380 giosilas,
2204 1325 2375 1378 neque
2393 1311 2541 1373 lldes,
2563 1325 2736 1378 neque
2765 1310 3092 1378 propositum
3117 1309 3258 1363 circa
3283 1308 3466 1384 Deum,

1936 1416 2106 1470 neque
2153 1416 2274 1469 spes
2329 1402 2448 1455 vita:
2486 1410 2721 1464 aeternae,
2769 1415 2941 1468 neque
2993 1401 3150 1452 timor
3193 1400 3468 1469 gehennae,

1935 1502 2106 1556 neque
2145 1488 2438 1541 inferorum
2470 1488 2783 1556 supplicium
2833 1489 2883 1540 in
2927 1488 3164 1541 tenebris
3188 1487 3471 1541 exteriori-

1935 1574 2050 1639 bus,
2078 1576 2273 1631 idcirco
2305 1593 2406 1631 non
2437 1592 2622 1631 omnes
2657 1577 2901 1630 homines
2929 1577 3064 1628 idem
3103 1577 3470 1630 demonstrant

1934 1665 2284 1732 propositum,
2333 1679 2505 1735 neque
2531 1665 2769 1719 eamdem
2812 1665 3171 1726 tolerantiam,
3213 1680 3316 1718 non
3345 1664 3469 1732 quia

1934 1771 2038 1809 non
2072 1765 2314 1823 possunt,
2363 1756 2454 1809 sed
2493 1757 2620 1825 quia
2656 1757 2863 1810 nolunt.
2908 1756 3191 1824 Propterea
3223 1757 3377 1825 digne
3408 1772 3470 1810 ac

1926 1842 2072 1909 juste
2097 1844 2466 1914 magnificatur
2497 1846 2682 1900 beatus
2707 1845 2978 1914 Job,_quia
3008 1847 3187 1900 volens
3218 1847 3472 1900 sustinuit

216 1932 366 1986 Non
405 1934 598 2002 itaque
632 1948 762 1986 sum
796 1942 1056 2002 tanquam
1097 1931 1338 1986 diabolus
1365 1933 1454 2000 qui
1487 1933 1550 1986 de
1576 1932 1711 1986 celo
1747 1947 1835 1985 ce—
1864 1932 1905 1986 Β
1935 1935 2045 1988 haec
2077 1935 2253 1987 omnia
2283 1950 2403 1988 cum
2458 1938 2746 2002 gratiarum
2792 1936 3108 1988 actionibus.
3173 1935 3301 1987 Nam
3351 1947 3469 2004 post

209 2022 400 2088 cidit,
446 2024 549 2076 sed
589 2038 716 2076 sum
751 2032 1007 2092 tanquam
1055 2037 1191 2076 uitus
1217 2037 1289 2076 ex
1338 2022 1640 2076 hominibus
1681 2031 1830 2076 ortus

207 2113 297 2166 de
327 2123 510 2174 terra,
538 2113 782 2180 ideoque
807 2123 1008 2167 terram
1027 2127 1250 2182 aspergo
1271 2127 1432 2180 super
1453 2122 1610 2180 caput
1631 2127 1829 2166 meum.

203 2199 354 2257 Non
382 2217 511 2257 sum
552 2203 710 2256 sicut
735 2202 983 2256 diabolus
1020 2217 1085 2257 ex
1124 2201 1520 2270 incorruptione
1545 2201 1831 2271 projectus,

202 2294 329 2348 sed
378 2307 511 2347 sum
578 2304 849 2361 tanquam
908 2308 1044 2346 unus
1096 2294 1520 2360 corruptibilium
1581 2293 1648 2347 de
1706 2293 1832 2346 limo

205 2384 580 2452 plasmatus.
655 2383 852 2437 Merito
921 2393 1122 2436 terram
1189 2397 1407 2452 aspergo
1463 2399 1620 2450 super
1675 2391 1830 2449 caput

203 2488 436 2537 meum,
464 2483 537 2526 ut
579 2475 824 2536 noverit,
861 2473 1055 2540 inquit,
1086 2473 1329 2526 diabolus
1358 2474 1715 2540 nequissimus
1740 2477 1831 2526 ad-

204 2578 420 2618 versus
453 2579 644 2632 quem
685 2564 873 2625 habet,
908 2566 1032 2631 quia
1059 2565 1316 2618 adversus
1347 2573 1616 2618 terrenum
1647 2565 1836 2626 habet,

204 2656 506 2710 adversus
565 2654 1016 2723 corruptibilem,
1072 2655 1329 2709 adversus
1376 2654 1675 2717 mortalem,
1734 2657 1832 2708 ad-

203 2761 422 2800 versus
452 2747 770 2800 hominem
797 2745 862 2798 de
900 2744 1028 2798 limo
1065 2755 1222 2798 terra:
1258 2743 1596 2812 plasmatum.
1627 2743 1704 2802 Ob
1732 2744 1832 2799 hoc

201 2831 478 2900 aspergit
527 2841 692 2885 terra
719 2839 882 2892 caput
915 2845 1093 2894 suum,
1127 2840 1185 2883 ut
1231 2830 1463 2884 instruat
1514 2845 1698 2885 omnes
1725 2840 1833 2884 ter-

203 2936 412 2986 renos,
471 2921 885 2990 corruptibiles
946 2930 1110 2990 atque
1156 2920 1446 2986 mortales,
1495 2922 1621 2990 quia
1669 2922 1829 2976 etiam

206 3012 331 3080 ipsi
367 3021 626 3080 possunt
675 3010 929 3065 similiter
955 3020 1103 3065 stare
1133 3010 1390 3065 adversus
1421 3011 1834 3080 nequissimum.

205 3098 504 3166 Possunt,
580 3103 836 3169 inquam,
889 3100 1137 3155 similiter
1187 3099 1412 3154 suﬂerre
1459 3115 1525 3154 ac
1577 3116 1831 3170 superare

207 3207 423 3247 omnes
459 3195 826 3246 tentationes
854 3189 1075 3256 diaboli,
1106 3191 1150 3244 si
1178 3191 1342 3244 Deum
1364 3189 1647 3245 dilexerint
1670 3201 1832 3260 atque

208 3285 545 3339 metuerint
605 3300 621 3334 :
677 3283 825 3336 sicut
871 3281 1205 3335 admirabilis
1237 3279 1337 3336 Job
1379 3281 1632 3336 sustinuit
1665 3291 1827 3350 atque

208 3374 474 3441 portavit
536 3387 661 3426 non
698 3371 969 3424 modicum
1008 3369 1228 3441 aliquid,
1275 3370 1370 3426 sed
1413 3385 1634 3440 magnos
1663 3382 1714 3425 et
1755 3372 1829 3425 in-

208 3473 422 3533 gentes
476 3473 670 3530 atque
713 3460 985 3515 terribiles
1039 3461 1258 3514 dolores,
1289 3474 1354 3513 ac
1396 3468 1680 3524 tormenta,
1709 3476 1828 3530 qua;

210 3554 372 3609 alius
420 3554 531 3607 illo
581 3565 690 3606 nec
734 3551 908 3620 prior,
969 3564 1068 3604 nec
1131 3552 1400 3619 posterior
1445 3553 1701 3608 sustinuit
1735 3569 1748 3604 :
1777 3561 1830 3606 et

210 3646 376 3712 quod
429 3653 537 3698 est
582 3641 866 3710 superius,
929 3655 1035 3693 non
1087 3641 1287 3694 habens
1347 3641 1572 3693 formam
1625 3658 1690 3695 ex
1725 3642 1829 3696 alio

213 3737 432 3803 priore,
467 3749 594 3788 nec
626 3731 946 3800 exemplum
975 3730 1236 3798 recipiens
1275 3730 1340 3784 ab
1385 3730 1486 3784 alio
1537 3732 1825 3786 anteriore.

211 3823 367 3877 Cum
396 3838 586 3878 unum
621 3836 693 3874 ex
748 3819 998 3889 plurimis
1042 3817 1248 3870 videtur
1286 3815 1454 3870 Jacob
1493 3818 1655 3870 lilium
1710 3833 1831 3887 per-

210 3915 458 3979 didisse,
493 3929 530 3967 a
566 3909 792 3965 cameris
817 3909 1066 3962 omnibus
1105 3906 1367 3960 consolari
1400 3921 1503 3961 non
1528 3907 1718 3975 potuit,
1735 3908 1827 3962 sed

212 4005 375 4060 dixit
406 4025 420 4058 :
464 4004 586 4058 Ibo
619 4009 742 4070 post
773 3998 941 4066 ﬁlium
973 4011 1146 4050 meum
1179 3993 1356 4065 lugens
1386 3996 1441 4049 in
1473 3996 1732 4064 infernum
1761 3996 1826 4050 ⁸⁵.

212 4095 646 4166 Magnanimos
665 4100 848 4144 autem
881 4087 982 4144 Job
1007 4094 1130 4156 post
1161 4086 1352 4154 peculii
1376 4087 1750 4156 perditionem,
1777 4097 1830 4142 et

213 4199 361 4258 post
385 4187 662 4242 omnium
711 4182 974 4234 bonorum
1011 4177 1388 4246 direptionem,
1419 4178 1656 4232 omnium
1696 4178 1830 4230 ﬁli...

214 4293 359 4331 rum
396 4271 796 4330 miserabilem
837 4269 1114 4322 interitum
1163 4271 1362 4337 pariter
1387 4265 1544 4322 simul
1580 4281 1699 4320 cum
1736 4281 1830 4319 au-

211 4363 406 4418 disset
433 4378 559 4416 non
593 4357 914 4426 suspiravit,
943 4370 1046 4408 non
1085 4356 1363 4423 ingemuit,
1398 4370 1501 4410 non
1543 4355 1830 4424 reprehen-

209 4453 341 4516 dit,
376 4466 490 4505 non
523 4447 845 4510 maledixit,
875 4459 983 4498 non
1006 4443 1422 4514 blasphemavit,
1445 4457 1550 4497 non
1574 4441 1828 4512 culpavit,

1932 2021 2045 2076 hch
2090 2024 2337 2076 universa
2369 2038 2486 2090 quac
2514 2025 2763 2092 superius
2802 2036 3090 2076 memorata
3138 2033 3258 2075 sunt
3311 2033 3468 2090 atque

1928 2119 2165 2174 ostensa,
2206 2111 2340 2164 dixit
2386 2127 2400 2162 :
2437 2108 2504 2166 Et
2553 2113 2825 2177 prostravit
2855 2127 2909 2164 se
2939 2111 2992 2162 in
3032 2121 3188 2176 terra,
3223 2121 3268 2162 et
3302 2110 3468 2162 oravit

1929 2200 1998 2252 ad
2050 2199 2328 2253 Dominum
2355 2201 2418 2254 “.
2470 2200 2704 2254 Primum
2739 2203 2994 2264 surrexit,
3049 2211 3097 2254 et
3157 2203 3224 2252 ita
3255 2202 3464 2254 demum

1929 2306 1987 2346 se
2015 2290 2323 2360 prostravit.
2352 2290 2598 2344 Surrexit
2630 2293 2695 2343 ad
2721 2292 2980 2359 prmlium,
3003 2292 3290 2358 prostravit
3322 2295 3380 2345 se
3401 2293 3468 2344 ad

1927 2394 2158 2450 precem.
2192 2379 2438 2432 Surrexit
2461 2381 2526 2432 ad
2553 2381 2826 2444 virtutem,
2851 2381 3139 2449 prostravit
3163 2395 3221 2434 se
3246 2381 3310 2433 ad
3341 2396 3469 2434 ora-

1932 2469 2420 2526 tionem..Surrexit
2442 2470 2507 2520 ad
2534 2469 2771 2524 victoria:
2794 2470 3199 2539 perfectionem,
3234 2481 3467 2538 prostra-

1927 2558 2005 2610 vit
2033 2573 2089 2612 se
2115 2559 2180 2611 ad
2213 2574 2424 2613 corona:
2451 2560 2838 2628 acceptionem.
2882 2557 3014 2612 Nam
3067 2571 3118 2614 et
3146 2569 3268 2613 ante
3301 2561 3470 2628 impe-

1929 2655 2136 2702 ratores
2173 2649 2261 2716 qui
2308 2649 2538 2703 victores
2577 2651 2918 2712 exstiterunt,
2975 2664 3082 2702 non
3117 2658 3342 2714 stantes,
3375 2650 3469 2704 sed

1929 2737 2173 2792 deorsum
2199 2741 2483 2794 adorantes
2510 2754 2766 2794 coronam
2805 2741 3093 2808 accipiunt.
3123 2739 3214 2794 Sic
3242 2755 3470 2809 namque

1929 2835 1984 2880 et
2025 2827 2212 2880 beatus
2240 2825 2341 2882 Job
2389 2828 2442 2881 in
2486 2830 2654 2897 prima
2683 2829 2968 2881 tentatione
2993 2843 3152 2897 quam
3183 2842 3279 2896 per
3308 2843 3468 2896 pecu-

1927 2915 2055 2969 lium
2086 2925 2246 2988 atque
2282 2916 2421 2970 ﬁlios
2449 2919 2718 2972 sustinens
2747 2917 3022 2971 victoriam
3052 2919 3115 2972 de
3157 2919 3467 2972 adversario

1927 3007 2225 3076 acquisivit,
2275 3007 2342 3060 ad
2369 3007 2663 3061 orationem
2692 3022 2750 3060 se
2782 3010 3093 3076 prostravit,
3122 3016 3180 3061 ut
3206 3008 3468 3078 perfectas

1930 3096 2224 3152 tolerantiae
2274 3112 2386 3151 sua:
2436 3112 2466 3150 a
2518 3097 2624 3151 Deo
2654 3098 2919 3164 acciperet
2949 3111 3191 3152 coronas.
3255 3093 3335 3150 Ob
3365 3097 3468 3151 hoc

1928 3202 2055 3257 ergo
2096 3189 2382 3256 prostravit
2429 3202 2486 3242 se
2529 3195 2583 3240 et
2631 3187 2804 3247 oravit
2853 3187 2916 3239 ad
2961 3186 3262 3240 Dominum.
3296 3187 3465 3252 Quem

1929 3292 2047 3331 cum
2083 3286 2407 3347 prostratum
2439 3277 2644 3332 videret
2675 3277 2936 3341 diabolus,
2974 3279 3188 3349 gavisus
3215 3287 3298 3332 est
3317 3277 3468 3330 valde

1929 3367 2112 3422 infelix
2143 3385 2158 3420 :
2190 3383 2311 3422 cum
2339 3378 2515 3422 autem
2546 3369 2855 3422 adorantem
2907 3377 3067 3438 atque
3103 3376 3342 3422 orantem
3375 3383 3468 3420 au-

1930 3458 2400 3526 disset,obstupuit
2439 3467 2602 3527 atque
2625 3459 2839 3527 expavit
2867 3475 2881 3511 :
2914 3456 3236 3521 Prouratus,
3273 3459 3464 3527 inquit,

1925 3549 2087 3603 oravit
2112 3550 2180 3602 ad
2216 3548 2510 3603 Dominum.
2527 3548 2627 3604 Job
2647 3559 2943 3619 prostratus
2967 3548 3158 3616 dcjecit
3177 3549 3466 3612 diabolum,

1929 3640 2090 3694 altmu
2128 3641 2450 3704 humiliavit,
2479 3641 2767 3698 exaltatum
2820 3640 3198 3710 supplantavit,
3231 3627 3481 3694 conludit'

1929 3729 2148 3794 fortem,
2181 3729 2501 3784 deformavit
2533 3731 2751 3786 elatum.
2791 3729 2963 3799 Super
2999 3731 3110 3784 haec
3141 3738 3319 3783 autem
3351 3714 3481 3782 om-'

1928 3820 2036 3884 nia,
2067 3822 2204 3888 quod
2237 3823 2486 3876 omnibus
2537 3822 2706 3888 majus
2745 3833 2904 3892 atque
2927 3820 3171 3888 superius
3208 3828 3312 3884 est,
3345 3834 3465 3872 cum

1927 3924 2021 3963 sua
2054 3910 2413 3978 prostratione
2435 3908 2536 3964 Job
2573 3909 2838 3963 diabolum
2873 3909 3085 3978 dejccit,
3109 3919 3191 3991 et‘
3207 3923 3302 3962 sua
3332 3909 3481 3990 tole-.

1929 3998 2102 4050 rantia
2151 3998 2532 4066 nequissimum
2573 4008 2810 4067 superat,
2845 3999 3067 4052 formam
3099 3998 3330 4052 ostendit
3351 3996 3470 4064 ejus

1927 4085 2016 4154 qui
2047 4085 2110 4138 de
2131 4085 2268 4139 celo
2294 4086 2438 4139 venit
2467 4102 2480 4136 :
2512 4085 2601 4154 qui
2638 4095 2695 4138 ut
2738 4101 2957 4154 granum
2987 4086 3148 4138 tritici
3187 4085 3240 4138 in
3266 4094 3462 4139 terram

1927 4173 2120 4228 cadens
2150 4173 2411 4229 diabolttm
2440 4175 2651 4244 deiecit,
2681 4185 2734 4229 et
2765 4176 2950 4229 fortem
2980 4175 3237 4244 alligavit,
3259 4184 3312 4228 et
3341 4189 3466 4230 vasa

1927 4263 2042 4331 ejus
2074 4263 2308 4333 diripuit,
2349 4272 2404 4317 et
2449 4263 2617 4332 spolia
2669 4265 2868 4329 divisit,
2924 4273 2975 4318 et
3019 4266 3277 4333 captivam
3317 4265 3470 4320 duxit

1927 4352 2314 4420 captivitatem,
2358 4363 2413 4407 et
2456 4355 2701 4423 passione
2751 4363 2909 4422 atque
2954 4355 3346 4408 resurrectione
3373 4370 3468 4411 sua

1930 4443 2182 4496 mundum
2239 4446 2484 4513 redemit,
2517 4456 2677 4511 atque
2701 4446 2949 4499 saeculum
2981 4443 3225 4499 salvavit.
3270 4444 3467 4500 Horum

212 4559 354 4600 non
398 4544 554 4601 dixit
592 4554 661 4593 ea
721 4551 840 4606 qua:
879 4534 1106 4589 dicenda
1160 4534 1296 4588 ratio
1339 4533 1676 4601 exposcebat,
1709 4547 1827 4602 quae
1859 4565 1902 4618 Β
1931 4547 2157 4602 namque
2192 4535 2425 4588 omnium
2461 4536 2684 4590 formam
2739 4546 2900 4603 atque
2949 4535 3250 4603 exemplum
3289 4547 3469 4590 osten-

211 4652 390 4692 nunc
417 4634 628 4690 illicite
659 4630 850 4684 dicunt
877 4625 1115 4696 plurimi.
1165 4623 1272 4678 Cur
1291 4623 1485 4678 dedisti
1515 4623 1708 4691 primo,
1737 4633 1830 4676 aut

211 4743 345 4782 cur
391 4721 688 4780 abstulisti
731 4717 931 4772 modo?
980 4715 1090 4770 Cur
1146 4713 1422 4769 oblectasti
1477 4713 1670 4782 primo,
1718 4713 1831 4768 sive

214 4816 490 4887 peculio,
528 4812 654 4867 sive
704 4805 872 4863 (iliis?
902 4804 985 4858 vel
1015 4818 1111 4859 cur
1136 4804 1354 4874 privasti
1383 4817 1521 4856 nunc
1553 4801 1634 4856 his
1659 4803 1832 4856 omni-

217 4912 354 4962 bus
383 4899 654 4975 pariter!
703 4896 898 4952 Melius
933 4903 1054 4950 erat
1102 4904 1160 4948 ut
1194 4893 1411 4948 omnino
1437 4907 1544 4947 non
1567 4891 1828 4957 dedisses,

214 5012 420 5067 quam
481 5000 550 5046 ut
603 4989 747 5043 dans
790 4998 1004 5038 rursum
1053 4983 1315 5037 auferres.
1369 4979 1562 5035 Utilius
1607 4991 1723 5034 erat
1773 4991 1831 5034 ut

212 5083 479 5137 omnino
531 5091 651 5132 non
690 5071 1026 5134 ostenderes,
1081 5085 1238 5139 quam
1273 5077 1331 5123 ut
1378 5067 1608 5123 ostensis
1659 5069 1830 5124 denuo

215 5171 544 5226 multares.
595 5164 709 5219 Sed
779 5159 917 5214 nihil
964 5160 1148 5212 horum
1191 5158 1342 5224 dixit,
1401 5170 1575 5225 neque
1614 5158 1830 5213 omnino

211 5260 520 5329 cogitavit
570 5251 966 5310 sanctissimus
1017 5259 1174 5319 atque
1221 5247 1684 5303 constantissimus
1744 5249 1832 5304 ille

209 5351 374 5414 Job,
400 5365 516 5404 non
543 5354 768 5400 tantum
796 5349 860 5392 ut
901 5348 1124 5393 mentem
1150 5339 1510 5407 refrigeraret,
1542 5337 1644 5391 nisi
1696 5350 1819 5393 tan-

216 5453 366 5494 tum
401 5447 460 5491 ut
489 5435 626 5505 quia
662 5433 870 5498 ingens
901 5428 1044 5482 dolor
1067 5437 1180 5482 erat
1211 5430 1308 5482 hoc
1329 5429 1469 5497 quod
1494 5426 1691 5481 factum
1719 5440 1825 5493 est,

211 5543 371 5598 qua
400 5523 638 5598 pertulit
667 5517 1010 5572 ostenderet.
1045 5517 1228 5572 Vestes
1245 5515 1526 5578 conscidit,
1553 5528 1714 5584 caput
1740 5529 1824 5576 to-

208 5619 437 5687 tondit,
472 5625 700 5671 terram
741 5606 914 5675 capiti
945 5622 1043 5662 suo.
1059 5611 1289 5677 aspersit.
1308 5608 1408 5663 Per
1429 5621 1544 5676 quae
1571 5609 1822 5668 universa

310 5804 356 5832 “
379 5803 482 5862 Job
534 5813 590 5863 ι,
621 5793 732 5846 20.

821 5788 874 5822 “
904 5787 1026 5845 Gen.
1061 5792 1306 5862 "111,27.
1379 5791 1571 5852 “Gen.
1606 5811 1698 5865 In,
1732 5800 1818 5857 19.
1895 5805 1940 5840 υ
1967 5800 2098 5860 ch.
2131 5818 2333 5874 xxxvu,
2361 5801 2450 5859 3.5.

1932 4622 2086 4688 deus,
2122 4633 2242 4692 post
2273 4626 2462 4678 borum
2495 4625 2727 4678 omnium
2768 4625 3184 4679 lamentabilium
3239 4626 3470 4680 toleran-

1935 4714 2060 4767 tiam
2116 4724 2416 4784 prostratus
2469 4717 2522 4769 in
2565 4725 2702 4768 terra
2743 4717 2916 4769 oravit
2973 4717 3039 4769 ad
3086 4717 3387 4782 Dominum,
3413 4727 3508 4772 ut»

1929 4805 2215 4874 prostratio
2245 4804 2362 4874 ejus
2387 4805 2540 4858 ruina
2573 4803 2871 4860 ediceretur
2900 4807 3112 4863 diabolo
3159 4818 3319 4878 atque
3345 4810 3472 4863 sub-

1932 4895 2132 4948 versori
2166 4894 2420 4966 maligno,
2453 4905 2508 4949 et
2542 4895 2761 4964 figuram
2799 4911 2892 4965 per
2927 4899 3038 4952 haec
3085 4898 3138 4951 in
3167 4914 3224 4953 se
3260 4907 3470 4969 gereret

1933 4986 2194 5054 passionis
2236 5001 2300 5040 ac
2333 4987 2740 5041 resurrectionis
2771 4987 2999 5043 Domini.
3036 4987 3362 5054 Prostratus,
3395 4989 3466 5042 in-

1931 5075 2069 5143 quit,
2092 5075 2260 5128 oravit
2298 5077 2364 5129 ad
2392 5077 2671 5130 Dominum
2709 5093 2772 5131 ex
2809 5087 2913 5130 tota
2948 5080 3148 5139 anima,
3179 5089 3232 5133 et
3259 5094 3324 5132 ex
3364 5087 3468 5131 tota

1931 5177 2126 5227 mente.
2155 5175 2208 5219 et
2237 5181 2304 5221 ex
2331 5167 2508 5222 cordis
2560 5162 2936 5234 profunditate.
2981 5171 3163 5223 Oravit
3191 5169 3256 5221 ad
3287 5168 3468 5221 Domi-

1933 5271 2078 5308 num.
2107 5255 2240 5322 Quid
2282 5259 2490 5312 oravit?
2515 5258 2896 5324 Tolerantiam,
2930 5259 3312 5318 sulferentiam,
3342 5271 3468 5307 con-

1932 5346 2358 5401 summationem.
2387 5350 2570 5404 Oravit
2607 5351 2672 5402 ad
2703 5351 3004 5415 Dominum,
3056 5359 3242 5402 sensus
3292 5333 3478 5394 illiba-'

1937 5437 2152 5499 tionem,
2175 5439 2366 5494 mentis
2399 5440 2780 5510 integritatem,
2808 5442 2996 5494 animae
3027 5437 3328 5492 sanitatem.
3357 5427 3472 5482 Hoc

1935 5542 2063 5597 ergo
2095 5531 2266 5585 oravit
2289 5532 2352 5586 ad
2379 5531 2678 5596 Dominum,
2712 5541 2990 5594 utsauam,
3022 5525 3206 5594 inquil.
3229 5520 3466 5570 animam

1938 5634 2108 5675 meam
2136 5631 2292 5692 atque
2318 5623 2573 5679 illibatum
2600 5635 2693 5678 cor
2721 5631 2892 5675 meum
2923 5615 3184 5673 custodiat
3211 5605 3472 5660 Dominus

2551 5799 2591 5832 “
2613 5798 2713 5854 τοι]
2738 5814 2774 5862 1,
2802 5794 2899 5848 20..
