3916 6460
486 463 589 520 459

1581 451 1954 508 ANORYMUS
1992 449 2057 506 lN
2093 449 2229 506 JOB.
2265 483 2333 492 ——
2367 451 2489 507 LIB.
2526 452 2568 506 l.

3574 442 3656 498 MO

486 588 540 631 et
579 589 668 629 rex
711 569 966 633 omnium,
999 575 1052 620 et
1083 579 1350 634 nunquam
1390 567 1515 621 mihi
1549 568 1851 636 praevalebit
1882 565 2031 623 mali-
2061 573 2104 630 Α
2133 569 2395 634 labantur,
2449 579 2506 623 ut
2538 567 2865 623 videbantur
2917 567 3194 635 lugentes
3232 566 3380 628 atque
3411 555 3564 610 maesti
3599 558 3659 610 sl-

485 677 638 731 gnus,
665 669 716 713 et
752 671 1019 724 nunquam
1059 671 1144 710 me
1175 655 1451 725 superabit
1497 659 1720 713 callidus
1757 659 2023 714 inimicus.

485 751 790 818 Quanquam
842 755 1044 800 atterat
1096 763 1308 810 carnes,
1367 762 1665 817 quanquam
1701 749 2028 804 comminuat

482 855 618 901 ossa,
652 853 957 906 quanquam
1001 847 1281 892 consumat
1331 851 1542 900 nervos,
1586 839 1629 893 si
1683 841 1895 904 animm,
1944 840 2026 893 in-

481 931 613 999 quit,
665 945 794 983 mea:
848 943 1038 983 sensus
1076 929 1315 984 illibatus
1352 945 1380 983 a
1421 939 1475 984 et
1507 933 1856 997 custodiatur,
1895 948 2028 987 nun-

479 1035 635 1089 quam
670 1034 698 1071 a
738 1029 788 1072 te
817 1019 1064 1083 seducar,
1099 1020 1317 1074 Domine
1360 1021 1499 1074 Deus
1551 1037 1720 1086 meus,
1759 1037 2025 1092 nunquam

477 1103 762 1164 abstrahar
797 1124 825 1162 a
853 1109 1118 1163 cbaritate
1161 1117 1273 1173 tua,
1308 1125 1402 1163 rex
1451 1125 1619 1165 meus.
1667 1112 1869 1166 ldcirco
1911 1127 2030 1167 ora-

477 1199 676 1253 tionem
707 1198 821 1266 ejus
860 1198 1154 1253 exaudiens
1199 1198 1358 1262 Deus,
1409 1209 1569 1268 atque
1599 1201 2026 1269 deprecationem

479 1287 622 1342 illius
655 1288 950 1355 suscipiens
969 1286 1145 1354 justus
1168 1286 1355 1355 judex,
1407 1298 1527 1357 post
1564 1289 1677 1342 haec
1708 1289 1917 1344 locutus
1949 1302 2028 1346 est

477 1379 544 1433 ad
571 1378 862 1441 diabolum,
891 1378 1102 1432 dicens:
1133 1376 1264 1434 Ecce
1295 1379 1492 1431 tradidi
1513 1377 1606 1432 tibi
1632 1380 1801 1443 illum,
1827 1391 2026 1436 tantum

476 1471 702 1523 animum
737 1468 847 1536 ejus
886 1484 948 1521 ne
975 1468 1196 1536 tetigeris
1222 1468 1288 1519 ⁸⁷.
1347 1467 1436 1523 Sic
1481 1469 1658 1539 itaque
1709 1481 2027 1540 prostratus,

475 1559 650 1612 oravit
687 1559 752 1611 ad
799 1558 985 1612 Deum.
1028 1557 1166 1612 Vere
1215 1568 1546 1627 prostratus,
1602 1560 1701 1614 hoc
1752 1569 1833 1613 est
1878 1561 2027 1615 valde

477 1662 645 1717 usque
670 1649 734 1701 ad
766 1657 959 1701 terram
1010 1647 1346 1710 humiliatus,
1379 1649 1567 1702 merito
1593 1659 1791 1704 vestem
1820 1647 2027 1704 consci-

477 1738 573 1802 dit,
610 1753 814 1792 comam
861 1738 1054 1805 capitis
1101 1739 1359 1803 totondit,
1395 1747 1590 1793 terram
1625 1741 1782 1809 capiti
1816 1754 1911 1796 suo
1936 1755 2024 1795 as-

474 1827 660 1896 persit.
688 1824 816 1880 Post
841 1842 955 1881 nzec
985 1828 1231 1882 universa
1260 1836 1560 1896 prostratus
1622 1830 1791 1883 oravit
1821 1831 1887 1885 ad
1923 1829 2026 1884 Do-

475 1915 700 1972 minum.
738 1916 846 1981 Sic,
881 1917 1074 1987 inquit,
1109 1932 1203 1972 rex
1235 1917 1425 1972 Ninive
1456 1929 1573 1988 post
1617 1919 1717 1973 hoc
1758 1920 1812 1972 in
1842 1921 2022 1974 cinere

473 2015 528 2060 et
559 2007 737 2062 cilicio
766 2009 976 2074 sedens,
1003 2019 1056 2063 et
1083 2009 1520 2064 cumhumilitate
1558 2024 1736 2074 orans,
1774 2020 1894 2080 post
1930 2009 2023 2063 tri-

474 2095 635 2149 duum
677 2098 1040 2151 imminentem
1069 2097 1424 2152 calamitatem
1456 2097 1658 2168 effugit.
1697 2100 1808 2163 Sic,
1829 2102 2019 2169 inquit,

473 2193 527 2240 et
562 2183 735 2240 Josias
785 2185 1127 2256 Jerosolyma:
1165 2201 1260 2240 rex
1288 2196 1465 2242 vestes
1500 2203 1624 2243 suas
1676 2191 2022 2244 conscindens

473 2288 582 2342 pra:
608 2275 797 2329 timore
827 2276 1261 2331 comminationis
1302 2277 1415 2338 Dei,
1465 2279 1688 2334 famulos
1722 2295 1844 2336 suos
1870 2281 2023 2334 vesti-

472 2367 572 2420 bus
605 2367 913 2430 conscissis,
953 2375 1008 2420 et
1053 2375 1192 2420 terra
1226 2377 1387 2437 atque
1417 2369 1597 2423 cinere
1620 2372 1851 2439 aspersis
1878 2371 2023 2426 misit

473 2456 539 2508 ad
569 2457 956 2526 deprecandam
1001 2466 1160 2526 atque
1192 2459 1516 2512 exorandam
1565 2459 1753 2513 faciem
1788 2458 2020 2515 Domini.

473 2545 563 2601 Sic
594 2546 752 2600 etiam
783 2547 986 2614 primus
1014 2547 1094 2600 his
1125 2546 1372 2601 omnibus
1413 2547 1743 2602 admirabilis
1765 2547 1864 2605 Job
1896 2565 2022 2605 con-

472 2635 632 2690 scidit
657 2637 971 2690 vestimenta
1000 2652 1116 2700 sua,
1136 2648 1188 2691 et
1213 2653 1417 2692 comam
1447 2638 1631 2707 capitis
1655 2639 1734 2692 sui
1772 2641 2018 2704 totondit,

471 2734 524 2781 et
559 2734 753 2782 terram
783 2728 944 2796 capiti
994 2741 1091 2780 suo
1131 2729 1376 2795 aspersit,
1405 2737 1459 2780 et
1510 2728 1582 2782 ita
1617 2737 1919 2798 prostratus
1955 2733 2020 2784 ad

473 2817 749 2874 Dominum
774 2817 963 2871 oravit.
996 2817 1304 2872 Prostratus
1350 2827 1431 2873 est
1464 2817 1530 2875 ad
1561 2821 1878 2886 orationem,
1926 2821 2022 2876 sed

471 2923 574 2960 non
613 2907 806 2962 cecidit
843 2916 1094 2976 tanquam
1127 2908 1468 2963 adversarius
1517 2909 1570 2962 in
1605 2912 2019 2965 contumaciam.

470 2995 774 3053 Prostratus
811 2997 892 3053 est
931 2999 996 3052 ad
1025 3012 1262 3068 precem,
1313 3000 1452 3053 sicut
1476 2999 1746 3054 Abraham
1768 3016 1887 3054 cum
1924 3015 2020 3071 pro

468 3086 605 3146 Loth
635 3099 882 3144 orasset:
913 3091 1004 3144 sed
1041 3105 1142 3144 non
1173 3090 1366 3144 cecidit
1389 3091 1438 3143 in
1467 3091 1864 3156 contumeliam,
1883 3092 2019 3146 sicut

471 3179 712 3233 diabolus
750 3179 839 3247 qui
871 3179 936 3233 de
959 3179 1096 3234 ctelo
1126 3180 1396 3249 projectus
1423 3189 1504 3234 est
1550 3188 1767 3248 pr0pter
1801 3191 2013 3250 aposta-
2043 3193 2086 3251 ο

469 3266 626 3324 siam.
688 3267 794 3322 S‘ed
843 3268 1066 3321 forsitan
1120 3268 1247 3322 dicit
1289 3269 1525 3336 aliquis:
1565 3279 1620 3323 et
1677 3285 1774 3322 cur
1804 3272 2018 3326 omnino

470 3356 700 3409 totondit
742 3369 946 3408 comam
979 3356 1170 3423 capitis
1213 3357 1313 3420 sui,
1341 3357 1422 3410 vel
1453 3358 1520 3412 ob
1553 3373 1711 3425 quam
1742 3373 1852 3413 rem
1888 3374 2017 3413 con-

468 3445 625 3499 scidit
647 3445 966 3498 vestimenta
996 3459 1114 3509 sua,
1148 3447 1230 3498 vel
1263 3445 1331 3500 ob
1361 3461 1519 3515 quam
1549 3462 1760 3501 causam
1794 3453 2020 3518 aSpersit

468 3534 631 3602 capiti
681 3547 777 3587 suo
804 3533 1043 3588 terram?
1089 3535 1286 3588 Audite
1329 3551 1342 3586 :
1378 3537 1549 3600 primo
1576 3537 1786 3604 quidem
1813 3553 1908 3608 pro
1935 3539 2018 3594 his

468 3621 718 3676 omnibus
743 3625 859 3691 quze
885 3623 1250 3677 demonstrata
1298 3632 1450 3690 sunt;
1507 3625 1632 3678 item
1673 3639 1801 3680 sane
1845 3627 2017 3684 adhuc

467 3710 785 3764 vestimenta
844 3726 938 3765 sua
975 3712 1238 3766 conscidit
1289 3713 1356 3766 ob
1388 3714 1510 3778 hoc,
1549 3715 1669 3783 quia
1705 3731 1770 3770 ex
1796 3715 1878 3773 bis
1900 3733 2018 3787 quae

472 3797 681 3853 diabolo
728 3801 848 3854 data
897 3811 1040 3866 sunt,
1099 3804 1237 3871 apud
1285 3817 1341 3856 se
1385 3804 1516 3858 nihil
1555 3805 1785 3860 residere
1829 3808 2014 3864 voluit.

467 3887 687 3944 Comam
715 3905 839 3945 vero
868 3893 1060 3960 capitis
1104 3895 1185 3946 sui
1240 3895 1467 3949 totondit
1508 3897 1576 3948 ob
1616 3898 1736 3962 hoc,
1767 3899 1890 3968 quia
1922 3901 2016 3955 de-

467 3978 639 4048 posita
669 3981 971 4035 divitiarum
1005 3983 1356 4050 abundantia,
1414 3987 1575 4041 etiam
1611 4003 1777 4042 coma:
1828 3990 2017 4044 nimie-

467 4077 626 4123 tatem
666 4071 953 4140 deponeret
989 4090 1004 4126 :
1046 4083 1101 4126 et
1160 4074 1470 4130 adversario
1529 4079 1853 4144 ostenderet,
1889 4081 2014 4150 quia

465 4159 602 4214 sicut
625 4175 815 4229 passus
842 4173 924 4216 est
956 4164 1079 4232 quia
1110 4179 1320 4220 comam
1359 4166 1602 4230 totondit,
1633 4169 1703 4222 ita
1734 4184 1854 4224 cum
1883 4169 2018 4225 mul-

469 4251 746 4304 titudinem
773 4251 1033 4308 bonorum
1057 4253 1346 4323 deponeret
1371 4266 1531 4326 atque
1562 4259 1851 4324 amitteret,
1883 4261 2014 4318 nihil

466 4354 524 4394 se
551 4353 762 4408 passum
793 4340 956 4396 fuisse
975 4344 1330 4400 aestimasset:
1358 4345 1527 4411 aufer,
1553 4346 1815 4416 inquiens,
1837 4351 2012 4404 omnia

467 4427 751 4497 superﬂua,
779 4431 908 4485 nihil
940 4433 1066 4486 mihi
1095 4435 1326 4502 supersit
1366 4451 1431 4488 ex
1465 4434 1554 4490 his
1601 4451 1720 4504 qua:
1759 4437 1852 4491 tibi
1889 4437 2010 4492 data

467 4529 610 4575 sunt.
641 4508 861 4573 Terram
893 4537 1020 4576 vero
1049 4524 1119 4577 ob
1151 4526 1251 4579 hoc
1298 4526 1529 4595 aspersit
1565 4525 1725 4596 capiti
1783 4541 1900 4595 suo,
1952 4539 2007 4582 ut
2043 4505 2085 4559 θ

465 4627 532 4666 ex
580 4623 731 4680 parte
767 4615 1071 4670 ostenderet
1125 4617 1354 4672 filiorum
1411 4615 1666 4673 dolorem.
1717 4617 1828 4673 Nisi
1862 4619 2003 4674 enim

467 4695 566 4752 hoc
595 4697 833 4761 fecisset,
854 4700 1084 4756 alienum
1114 4703 1265 4758 illum
1307 4721 1334 4758 a
1369 4715 1555 4761 natura
1585 4705 1815 4760 humana
1847 4707 2009 4762 fuisse

465 4788 791 4844 diceremus.
845 4789 967 4845 llaec
995 4793 1239 4850 videlicet
1271 4796 1512 4851 universa
1553 4797 1737 4866 gessit,
1792 4807 2010 4866 propter

467 4877 761 4932 naturalem
798 4878 1056 4936 dolorem.
1086 4882 1296 4938 Gratias
1332 4899 1458 4940 vero
1492 4886 1599 4954 egit
1639 4896 1853 4955 propter
1879 4903 2008 4942 con-

468 4969 721 5022 stantiam
777 4978 830 5022 et
875 4970 1064 5024 anima:
1103 4973 1399 5037 veritatem,
1454 4983 1614 5044 atque
1663 4975 1808 5030 illam
1847 4991 2006 5046 quam

469 5059 614 5112 circa
635 5058 802 5113 Deum
833 5059 1020 5114 habuit
1051 5061 1435 5118 sinceritatem.
1466 5065 1592 5120 Post
1620 5081 1736 5136 qua:
1764 5067 2009 5121 universa

465 5150 599 5202 dixit
628 5149 696 5202 ad
733 5166 819 5203 eos
844 5149 909 5202 ⁵⁸.
934 5150 1008 5202 Ad
1033 5153 1206 5220 quos?
1229 5156 1307 5207 Ad
1339 5155 1682 5211 advenientes
1710 5157 2007 5212 daemonum

470 5240 706 5294 nuntios.
743 5238 876 5292 Nam
918 5239 1046 5293 mihi
1101 5252 1330 5309 quatuor
1369 5245 1815 5313 praestolabantur
1841 5249 1912 5314 ei,
1957 5257 2010 5302 et

465 5340 696 5398 quatuor
713 5330 1045 5383 miseriarum
1065 5332 1465 5398 pratdicationes
1487 5337 1537 5391 ei
1564 5336 1860 5402 afferentes,
1878 5353 2006 5408 qua-

468 5429 588 5476 tuor
615 5419 1046 5474 lamcntabilibus
1075 5422 1282 5492 sagittis
1305 5440 1426 5478 eum
1451 5429 1784 5495 sagittantes.
1819 5428 2008 5483 Novis-

469 5511 600 5566 sima
633 5511 1024 5566 lameutabilior
1055 5512 1150 5566 luit
1184 5521 1344 5584 atque
1375 5517 1567 5574 anima:
1598 5520 1846 5590 contigua
1878 5518 2010 5572 tilio-

470 5613 584 5654 rum
623 5601 866 5670 perditio.
908 5603 986 5657 Ad
1038 5603 1166 5660 istos
1214 5620 1340 5674 ergo
1377 5618 1607 5678 quatuor
1642 5613 1730 5679 qui
1775 5619 1998 5679 praesto-

533 5769 574 5803 δ’
604 5770 700 5828 Job
730 5789 788 5842 ιι,
827 5775 878 5830 6.
956 5776 1284 5847 “tribuat.
1353 5781 1394 5814 ιε
1429 5781 1553 5838 ibid.
1631 5781 1979 5845 '°lTitn.v1,
2013 5783 2062 5839 7.

2127 660 2413 714 mulatione
2458 657 2593 712 dixit
2625 677 2639 712 :
2666 657 2810 724 Quid
2873 649 3265 725 exspectatis,
3312 664 3344 701 ο
3385 646 3512 700 viri?
3552 647 3660 712 Quid

2126 749 2423 810 sustinetis,
2457 747 2798 801 ohomines?
2858 745 3140 805 Hoccine,
3189 752 3245 794 ut
3295 739 3484 805 lugeam
3511 737 3662 792 vobis-

2125 837 2290 892 cum?
2320 836 2573 901 ﬂoccine,
2610 844 2670 889 ut
2705 835 2996 890 vobiscum
3039 829 3350 887 lamenter?
3381 828 3484 882 Non
3521 827 3667 897 lugeo,

2127 925 2317 994 inquit,
2346 927 2421 981 rei
2473 923 2758 978 familiaris
2799 925 3186 993 direptionem
3215 938 3231 975 :
3263 918 3446 973 ablata:
3473 930 3670 986 namque

2127 1023 2252 1070 sunt
2297 1014 2427 1069 mihi
2463 1029 2580 1069 cum
2615 1013 2832 1082 peculio
2879 1012 3107 1082 pariter
3140 1011 3303 1066 etiam
3349 1007 3584 1063 molestia
3609 1017 3675 1060 at-

2127 1120 2230 1174 que
2263 1120 2424 1159 curae.
2467 1105 2581 1160 Non
2619 1105 2893 1158 lamentor
2919 1102 3174 1156 filiorum
3207 1100 3500 1164 decessum,
3531 1108 3675 1152 trans-

2129 1195 2225 1249 ivit
2252 1197 2392 1250 enim
2425 1190 2492 1249 ab
2523 1195 2695 1249 oculis
2729 1194 2871 1248 meis
2915 1194 3157 1247 tristitia
3189 1200 3244 1244 et
3270 1189 3438 1246 dolor.
3470 1189 3521 1244 Si
3562 1192 3678 1245 enim

2127 1285 2327 1353 pariter
2371 1301 2577 1339 mecum
2616 1285 2938 1339 adviverent
2987 1297 3169 1351 super
3209 1291 3431 1342 terram,
3467 1295 3576 1335 cum
3603 1281 3678 1334 do-

2127 1377 2239 1430 lore
2277 1390 2425 1430 eram
2451 1376 2797 1444 cogitaturus
2837 1375 3037 1443 quales
3083 1373 3341 1434 fuissent,
3386 1372 3560 1441 quales
3585 1387 3685 1441 pro.

2126 1466 2396 1530 fecissent,
2435 1467 2646 1535 qualem
2683 1468 2845 1522 finem
2873 1474 3320 1535 exspectassent.
3347 1463 3421 1517 De
3451 1464 3557 1518 istls
3579 1480 3682 1534 ergo

2125 1565 2345 1610 securus
2371 1555 2593 1610 eflectus
2625 1570 2732 1611 non
2765 1555 3068 1617 lamentor,
3098 1569 3209 1607 non
3243 1551 3437 1622 plango
3463 1554 3589 1622 quod
3609 1569 3686 1607 vos

2126 1647 2342 1713 cupitis,
2395 1663 2498 1702 non
2558 1646 2906 1715 reprehendo
2959 1646 3118 1714 quod
3171 1659 3269 1698 vos
3308 1644 3562 1712 quaeritis,
3598 1659 3682 1696 non

2126 1735 2439 1803 blaspheme
2461 1737 2601 1806 quod
2631 1751 2727 1791 vos
2761 1737 2947 1790 vultis.
2980 1735 3108 1791 Non
3160 1735 3384 1799 ridebit,
3425 1735 3603 1804 inquit,
3636 1735 3686 1788 de

2127 1837 2212 1878 me
2245 1823 2514 1887 diabolus,
2547 1839 2650 1878 non
2687 1824 2951 1894 gaudebit
2986 1835 3051 1878 ut
3096 1832 3292 1892 sperat
3319 1837 3478 1891 super
3501 1837 3579 1876 me
3608 1825 3689 1876 ini-

2125 1914 2316 1980 micus,
2345 1930 2451 1968 non
2475 1916 2713 1970 inveniet
2734 1918 2879 1984 apud
2909 1930 3000 1970 me
3040 1916 3098 1971 id
3149 1916 3296 1986 quod
3327 1924 3593 1986 exspectat
3617 1931 3689 1971 ne-

2121 2002 2410 2071 quissimus
2437 2021 2450 2057 :
2483 2003 2674 2058 Nudus
2693 2005 2837 2059 ἐξεἱυί
2865 2006 2932 2059 de
2969 2015 3133 2058 utero
3160 2005 3351 2060 matris
3377 2021 3522 2070 mere,
3551 2010 3691 2059 nudus

2121 2095 2204 2146 ibo
2224 2093 2314 2146 sub
2355 2101 2548 2148 terram
2567 2094 2632 2148 δ’.
2669 2095 2817 2148 Nihil
2866 2095 3040 2150 habui
3091 2113 3228 2151 cum
3279 2099 3560 2162 venissem,
3583 2097 3688 2151 nihil

2121 2181 2335 2252 requiro
2363 2199 2484 2236 cum
2519 2185 2652 2238 iero.
2679 2181 2825 2238 Nihil
2858 2187 3021 2241 attuli
3068 2196 3267 2249 natus,
3313 2187 3446 2240 nihil
3476 2187 3591 2241 hinc
3617 2202 3692 2239 au-

2119 2269 2288 2326 feram
2324 2273 2602 2328 sublatus:
2629 2273 2824 2329 Nudus
2864 2277 3008 2330 exivi
3055 2276 3131 2330 de
3168 2287 3321 2330 utero
3363 2279 3541 2331 matris
3569 2293 3690 2340 mea,

2120 2379 2224 2419 non
2252 2365 2513 2434 peculium
2570 2380 2668 2420 nec
2709 2367 2848 2422 filios
2899 2369 3151 2432 habens,
3185 2384 3365 2436 neque
3410 2370 3597 2423 divitiis
3619 2371 3684 2422 vel

2120 2452 2568 2521 possibilitatibus
2595 2454 2837 2522 indutus,
2887 2457 3074 2509 nudus
3134 2468 3192 2510 et
3236 2457 3326 2510 ibo
3376 2458 3469 2510 sub
3509 2468 3686 2511 terram.

2119 2541 2270 2608 Quod
2298 2542 2439 2597 enim
2467 2543 2669 2607 pariter
2697 2559 2823 2598 cum
2875 2559 3125 2613 corpore
3188 2546 3428 2615 positum
3467 2547 3612 2602 fuerit
3647 2549 3688 2599 in

2122 2643 2285 2698 terra,
2331 2649 2451 2689 cum
2511 2636 2697 2688 eodem
2767 2651 3005 2701 corpore
3062 2646 3248 2694 terra:
3288 2637 3510 2695 edicitur
3555 2653 3687 2711 terra.

2119 2719 2310 2777 Merito
2350 2724 2523 2778 nudus
2556 2724 2645 2778 ibo
2677 2725 2778 2779 sub
2807 2738 3045 2780 terram.
3105 2727 3310 2785 Nudus
3362 2731 3470 2796 ibo,
3529 2733 3688 2798 nudus,

2121 2814 2312 2883 inquit,
2346 2817 2574 2885 peculio,
2609 2818 2703 2872 sed
2736 2825 2790 2872 et
2837 2830 3073 2886 peccato
3104 2839 3122 2878 :
3153 2829 3342 2879 nudus
3377 2827 3588 2892 divitiis,
3614 2827 3690 2882 sed

2117 2915 2171 2961 et
2191 2907 2552 2976 impietatibus
2581 2925 2594 2960 :
2625 2910 2802 2964 nudus
2832 2912 3192 2980 substantia,
3222 2920 3320 2971 sed
3359 2928 3413 2973 et
3439 2919 3686 2989 iniustitia.

2120 2997 2272 3051 Sicut
2315 2997 2455 3052 enim
2500 3000 2565 3053 de
2595 2999 2915 3057 carnalibus
2947 3005 3432 3071 possibilitatibus
3466 3011 3692 3066 universis

2118 3090 2289 3142 nudus
2337 3087 2559 3144 effectus
2601 3105 2744 3157 sum,
2775 3091 2872 3158 ita,
2906 3093 3123 3165 inquit,
3184 3111 3241 3152 et
3275 3101 3346 3154 ab
3389 3103 3618 3156 omnibus
3640 3103 3693 3155 il-

2119 3178 2278 3234 licitis
2331 3180 2504 3234 nudus
2574 3182 2664 3236 ibo
2720 3185 2824 3237 sub
2877 3195 3123 3241 terram.
3208 3189 3328 3246 Non
3385 3193 3693 3257 comitantur,

2116 3269 2310 3337 inquit,
2337 3285 2566 3336 mecum,
2590 3288 2768 3342 neque
2799 3275 3164 3345 malignitas,
3205 3299 3390 3353 neque
3431 3287 3693 3346 iracundia,

2120 3372 2294 3425 neque
2326 3360 2601 3428 superbia,
2637 3377 2815 3433 neque
2850 3366 3098 3435 invidia,
3139 3387 3328 3442 neque
3361 3375 3525 3441 zelus,
3553 3390 3696 3444 neque

2117 3447 2405 3516 cupiditas,
2439 3465 2612 3519 neque
2659 3455 2973 3512 alienarum
3027 3476 3234 3517 rerum
3272 3469 3591 3536 appetentia,
3621 3483 3697 3520 nc-

2117 3551 2221 3605 que
2253 3540 2594 3608 contumelia,
2635 3559 2814 3614 neque
2853 3547 3177 3617 calumnia,
3223 3571 3402 3624 neque
3451 3557 3697 3618 violentia,

2117 3639 2287 3695 neque
2316 3627 2668 3698 impudicitia,
2714 3651 2896 3706 neque
2925 3639 3200 3711 lascivia,
3237 3662 3423 3717 neque
3465 3649 3620 3703 ullum
3648 3664 3698 3703 ex

2116 3717 2201 3772 his
2231 3733 2348 3787 qua:
2370 3718 2479 3774 Deo
2511 3727 2786 3780 contraria
2814 3739 2970 3785 sunt.
3028 3731 3166 3790 lstis
3203 3753 3452 3809 namque
3480 3740 3701 3794 omnibus

2117 3808 2288 3862 nudus
2315 3809 2401 3863 ibo
2440 3812 2551 3901 subi
2583 3820 2808 3872 terram.
2868 3819 2994 3875 Non
3031 3825 3195 3879 enim
3233 3808 3514 3887 sumitalis
3545 3832 3703 3901 quales

2116 3897 2190 3952 illi
2213 3899 2278 3953 de
2297 3899 2497 3995 quibus
2524 3889 2722 3960 dicitur
2756 3923 2772 3960 :
2804 3907 2950 3974 Quia
2976 3930 3088 3968 non
3117 3919 3434 3978 habuerunt
3466 3889 3704 3995 tegumen-

2115 3991 2243 4052 tum,
2292 3989 2498 4056 inferno
2551 3997 2720 4049 vestiti
2784 4009 2927 4056 sunt.
2985 4001 3219 4082 Nudus,
3271 3989 3535 4083 inquam,
3579 4015 3710 4069 malis

2113 4079 2364 4134 omnibus
2408 4081 2497 4137 i-bo
2533 4085 2633 4139 sub
2660 4093 2889 4154 terram,
2953 4079 3145 4153 nudus
3176 4079 3375 4169 malis,
3422 4079 3574 4160 bonis
3601 4121 3710 4159 vero

2113 4169 2358 4224 omnibus
2399 4171 2636 4236 indutus,
2679 4177 2894 4246 justitia
2933 4187 3210 4255 vestitus,
3276 4198 3580 4252 sanctitate
3623 4198 3713 4256 cir-

2113 4261 2412 4328 cumdatus,
2446 4262 2708 4320 cbaritate
2746 4283 3008 4340 ornatus,
3045 4280 3451 4342 misericordia
3492 4305 3553 4344 ac
3579 4288 3712 4344 bonis

2113 4350 2368 4449 operibus
2381 4363 2694 4449 coronatus.
2723 4357 2875 4416 Beati
2904 4374 3062 4432 sunt,
3081 4380 3140 4423 et
3167 4373 3332 4430 beati
3360 4390 3552 4444 erunt,
3575 4380 3716 4449 oglo-

2115 4437 2257 4492 riose
2288 4438 2424 4494 Job!
2457 4451 2646 4499 omnes
2669 4447 2756 4515 qui
2803 4458 2857 4504 te
2883 4451 3096 4512 imitati
3133 4459 3380 4531 fuerint,
3419 4437 3713 4537 omnequui
3807 4447 3810 4450 i

2113 4536 2232 4596 post
2266 4533 2316 4583 te
2338 4533 2610 4598 potuerint
2633 4551 2754 4590 cum
2783 4540 2985 4599 liducla
3011 4550 3245 4613 dicere:
3269 4558 3479 4615 Nudus
3507 4561 3636 4617 exiri
3652 4533 3715 4614 ide

2113 4627 2257 4672 utero
2280 4620 2460 4673 matris
2489 4639 2641 4689 mew,
2669 4630 2840 4685 nudus
2868 4643 2917 4686 et
2948 4635 3038 4690 ibo
3070 4640 3130 4695 in
3165 4656 3383 4702 terram
3406 4665 3424 4702 :
3443 4653 3536 4720 qui
3565 4652 3710 4704 etiam

2113 4723 2231 4762 cum
2254 4710 2507 4778 Apostolo
2538 4716 2720 4776 dicere
2753 4727 3027 4784 veraciter
3051 4747 3329 4800 possunt:
3366 4710 3528 4796 Niliil
3556 4741 3710 4798 intuli-

2113 4815 2227 4852 mus
2243 4801 2294 4852 in
2318 4802 2458 4901 Imm:
2471 4811 2756 4882 mundum,
2771 4823 3133 4876 verumtamen
3150 4841 3254 4880 nec
3268 4833 3498 4898 auferre
3525 4834 3708 4901 aliquid

2113 4905 2382 4990 possumus
2412 4893 2483 4948 ⁸⁰ο
2517 4897 2617 4958 Va:
2649 4919 2828 4964 autem
2855 4909 2964 4966 illis
2996 4915 3088 4982 qui
3120 4919 3254 4970 nudi
3293 4893 3523 4990 quidem
3560 4893 3706 4977 vene-

2115 4987 2260 5082 l'lml.
2292 4981 2609 5082 illllultleris
2662 5014 2841 5060 autem
2877 4981 3160 5070 iniustitiis
3212 4981 3394 5078 atq-ue
3426 5013 3704 5082 impietati-

2112 5065 2234 5172 bus,
2259 5076 2601 5146 crudelitate
2635 5112 2849 5172 quoque
2887 5065 3052 5168 atque
3094 5065 3436 5158 inﬁdelitate
3466 5065 3698 5165 oherati,

2113 5167 2274 5260 διᾳυο
2312 5167 2671 5260 ιη’ωετιὶνειιί
2721 5167 2869 5250 ibunt
2900 5167 3204 5246 initerram.
3252 5185 3580 5258 Huiusmodi
3617 5209 3698 5244 ve-

2112 5259 2342 5306 stientur
2367 5259 2715 5343 calamitate
2739 5301 2894 5363 atque
2924 5280 3157 5340 miseria,
3185 5276 3242 5329 in
3277 5280 3374 5334 die
3401 5283 3534 5348 justi
3560 5293 3699 5350 alti"c

2113 5355 2401 5460 personam
2442 5372 2571 5424 non
2636 5355 3147 5460 accipi—emisiudicii
3175 5365 3301 5425 Dei.
3333 5370 3530 5428 Nudus
3578 5373 3692 5428 exivi

2110 5431 2173 5539 di
2205 5443 2356 5539 “.6”
2384 5459 2614 5524 matris
2649 5431 2803 5539 mea:
2833 5431 3040 5539 sicutcet
3081 5471 3260 5518 omnes
3296 5461 3568 5530 homines,
3600 5464 3692 5518 sic-

2315 5543 2525 5637 Outnis
2575 5525 2925 5637 cargrgig‘“
2965 5572 3017 5620 ei
3066 5563 3243 5611 omnes
3286 5556 3679 5623 corruptibiles,

2123 5615 2126 5620 _
2588 5613 2750 5644 “nu,
2786 5613 2925 5637 θωυ-
2969 5613 3016 5620 ν
3457 5613 3472 5623 ·
3669 5613 3677 5615 “

2113 5613 2287 5670 "udus
2336 5634 2391 5680 ⁸⁸
2431 5632 2534 5698 δὺο
2596 5659 2666 5720 in
2695 5679 2906 5733 terram.
2948 5659 3058 5722 Hoc
3083 5649 3243 5718 ipsum
3269 5652 3503 5711 “am‘lue
3530 5653 3689 5712 δίεφθ’
