3916 6456
114 466 254 566 λρὶ
486 581 497 592 ,
562 575 632 592 η.

127 595 301 686 εφειιιι
331 581 525 686 citing.
549 577 669 684 illi.”
710 577 892 643 idem
923 607 1042 655 es!
1073 604 1356 668 introitus
1383 612 1631 668 omnibus
1654 652 1670 678 ,
1725 622 1775 666 et
1806 615 1849 670 Α

147 671 328 766 bitus
349 671 689 775 similius”
732 685 886 746 τοι.
962 691 1117 753 sive
1168 701 1418 768 latnulus,
1453 705 1564 758 sive
1590 671 1738 758 dives
1761 743 1778 770 ,

165 787 285 850 sine
303 779 505 838 egentis.
529 777 969 861 Slie_ma%_t\us.
1005 786 1147 844 sive
1182 794 1406 861 pusillus
1435 834 1449 858 ,
1480 794 1596 849 sive
1627 794 1779 859 liber,

185 879 296 936 ,με
313 874 511 925 servus,
559 857 728 911 nudus
779 859 910 920 ibit
964 872 1036 929 in
1081 857 1317 946 terram,
1351 895 1447 938 nec
1495 857 1782 952 quidquam

207 959 329 1019 valet
352 953 554 1010 auferre
580 965 784 1006 secum.
814 953 984 1017 Nam
1022 979 1088 1023 et
1117 973 1224 1026 hoc
1269 975 1439 1042 ipsum
1470 975 1610 1041 quod
1655 988 1781 1028 cum

215 1064 412 1124 corpore
436 1045 678 1110 mlum".
708 1060 818 1101 non
856 1055 1110 1116 auferet
1146 1079 1352 1118 secum.
1380 1063 1490 1117 Non
1503 1073 1676 1117 autem
1707 1078 1786 1119 sed

215 1161 332 1203 cum
355 1141 476 1198 illud
506 1136 675 1201 tollet.
723 1138 858 1208 quia
897 1159 1027 1202 non
1075 1155 1270 1218 sentit,
1298 1155 1421 1222 quia
1455 1167 1556 1207 non
1587 1153 1786 1206 intelli-

213 1235 452 1308 git,quia
481 1241 619 1286 terra
653 1229 913 1298 efﬁcitur,
963 1241 1104 1308 quia
1151 1243 1203 1295 in
1253 1242 1650 1297 resurrectione
1680 1257 1783 1296 non

210 1328 459 1399 corporis
481 1325 770 1395 sepultura,
793 1329 896 1381 sed
925 1331 1135 1387 anitnte
1165 1332 1296 1386 lides
1325 1341 1379 1386 et
1411 1334 1598 1401 pietas,
1628 1333 1786 1386 mise-

211 1420 452 1474 ricordia
510 1431 718 1486 quoque
770 1425 825 1471 et
881 1419 1182 1476 sinceritas
1230 1423 1540 1490 requiritur.
1597 1421 1785 1475 Nudus

207 1511 349 1563 exivi
379 1513 444 1563 de
470 1519 614 1562 utero
644 1508 831 1563 matris
869 1527 1026 1572 mete,
1069 1513 1240 1564 nudus
1270 1520 1317 1564 et
1347 1514 1429 1564 ibo
1452 1513 1544 1564 sub
1576 1522 1784 1564 terram.

204 1601 509 1669 Tanquam
567 1603 610 1655 si
671 1600 877 1655 diceret
908 1616 924 1655 :
963 1603 1007 1655 Ο
1038 1602 1138 1656 viri
1167 1603 1462 1670 prudentiae
1493 1613 1652 1669 atque
1703 1617 1789 1655 sav

205 1690 467 1758 pientiae,
494 1691 639 1758 quod
669 1700 752 1743 est
787 1691 1025 1744 mortale
1073 1691 1175 1743 hoc
1227 1690 1616 1752 indumentum,
1671 1705 1788 1758 qua:

203 1787 297 1831 est
356 1778 478 1831 haec
530 1791 866 1847 supervacua
907 1778 1104 1847 gloria,
1159 1791 1278 1846 quze
1307 1787 1434 1830 sunt
1463 1787 1684 1832 terrente
1711 1779 1790 1831 hae

206 1875 389 1934 atque
415 1866 603 1919 infidae
623 1865 845 1928 divitiae,
872 1881 993 1933 qua
1013 1876 1138 1918 sunt
1160 1865 1316 1918 hodie
1335 1873 1386 1919 et
1415 1865 1649 1919 crastina
1684 1881 1784 1918 non

208 1965 378 2020 sunt,
410 1970 529 2023 qua:
574 1956 739 2009 hodie
769 1955 1001 2009 irrident
1031 1956 1189 2008 istum
1220 1995 1235 2019 ,
1291 1954 1524 2008 crastina
1551 1968 1677 2008 vero
1703 1954 1786 2007 die
1819 1927 1858 1979 Β

208 2054 366 2100 eunt
397 2045 465 2098 ad
501 2045 712 2098 alium?
742 2041 946 2099 Fumus
969 2051 1052 2097 est
1076 2043 1346 2106 deﬁciens,
1381 2042 1477 2097 llos
1505 2052 1586 2096 est
1616 2052 1787 2097 trans-

205 2137 382 2198 iens,
429 2137 595 2191 herba
619 2145 706 2190 est
727 2145 1022 2190 aresceus:
1058 2142 1112 2187 et
1134 2133 1225 2201 qui
1259 2133 1456 2187 habent
1503 2134 1638 2196 illas,
1669 2143 1788 2186 tau-

204 2239 387 2294 quam
421 2240 530 2278 non
561 2225 830 2288 habeant,
859 2224 984 2291 quia
1008 2222 1206 2275 diutius
1226 2237 1327 2275 non
1352 2223 1546 2276 habent
1577 2240 1592 2276 :
1623 2233 1678 2276 et
1697 2224 1786 2290 qui

208 2331 331 2369 non
369 2316 579 2369 habent
621 2315 768 2376 illas,
820 2324 1077 2382 tanquam
1133 2313 1260 2367 nihil
1310 2312 1607 2373 amiserint,
1665 2314 1785 2380 quia

210 2417 331 2456 non
359 2413 754 2472 permanenter
778 2401 1178 2470 relinquuntur.
1200 2398 1389 2454 Nudus
1408 2403 1540 2454 exivi
1563 2403 1625 2454 de
1646 2413 1790 2455 utero

211 2495 412 2546 matris
443 2509 604 2555 metu,
638 2507 838 2560 corpus
869 2492 1071 2544 habens
1102 2500 1304 2545 tantum
1335 2503 1496 2559 atque
1534 2493 1786 2556 animum,

215 2584 400 2636 nudus
419 2593 467 2636 et
495 2582 587 2635 ibo
613 2584 712 2635 sub
741 2593 963 2636 terram.
996 2584 1147 2637 Sicut
1170 2584 1308 2646 veni,
1328 2584 1398 2635 ita
1423 2592 1477 2635 et
1503 2582 1610 2646 ibo,
1641 2581 1714 2634 ita
1737 2591 1792 2635 et

217 2681 384 2737 exeo,
426 2673 612 2727 aliena
644 2683 840 2726 cuncta
896 2673 1222 2741 relinquens,
1255 2688 1374 2725 cum
1403 2685 1626 2738 corpore
1676 2671 1791 2725 solo

218 2764 334 2830 ibo,
367 2771 538 2830 atque
568 2765 755 2817 anima
795 2763 1059 2817 transibo.
1085 2763 1213 2828 Qua:
1245 2764 1445 2832 accepi,
1472 2763 1664 2830 inquit,
1699 2762 1793 2815 ha-

220 2848 350 2912 beo,
383 2864 512 2916 qua:
556 2849 715 2902 attuli
733 2865 862 2926 .non
903 2851 1077 2903 amisi.
1112 2850 1385 2918 Superllua
1432 2851 1607 2903 omnia
1637 2851 1790 2904 dere-

223 2938 481 3006 linquens
517 2939 697 2992 nudus
725 2937 810 2991 ibo
840 2938 983 2994 illuc.
1031 2939 1175 3004 Illuc,
1207 2939 1401 3007 inquit,
1455 2953 1561 3006 quo
1618 2939 1742 2992 illuc
1769 2939 1793 2992 ‘.’

223 3028 469 3082 Primum
498 3031 722 3098 quidem
749 3030 877 3082 llluc
912 3029 998 3082 ibo
1043 3045 1149 3098 quo
1198 3044 1380 3083 omnes
1426 3029 1630 3098 priores
1679 3030 1780 3082 mei

226 3119 433 3188 ierunt,
463 3137 581 3190 quo
611 3135 803 3175 omnes
825 3121 1083 3186 sbinitio,
1113 3121 1233 3175 illnc
1259 3122 1310 3174 in
1339 3130 1536 3176 terram
1568 3129 1791 3177 matrem

224 3211 498 3280 omnium,
543 3210 598 3263 in
646 3219 850 3264 terram
891 3209 1126 3261 omnium
1177 3209 1410 3264 domum.
1444 3209 1607 3262 Terra
1640 3223 1791 3260 nani-

224 3315 330 3368 que
360 3310 448 3354 est
485 3301 686 3353 domus
710 3298 954 3352 omnium
983 3296 1312 3350 mortalium.
1364 3295 1496 3348 lllnc
1531 3309 1638 3363 quo
1667 3296 1798 3349 abiit

226 3390 315 3443 ille
344 3390 414 3442 ad
445 3403 617 3457 quem
675 3389 881 3441 dictum
927 3395 1045 3439 est:
1082 3384 1243 3438 Terra
1298 3403 1372 3449 es,
1425 3395 1474 3438 et
1526 3388 1581 3438 in
1611 3395 1801 3439 terram

227 3482 333 3534 ibis
363 3482 438 3534 ⁸¹.
478 3480 600 3540 Illo,
635 3479 834 3546 inquit,
865 3477 954 3529 ibo
986 3478 1156 3528 nudus
1203 3476 1342 3528 sicut
1375 3484 1428 3530 et
1453 3477 1624 3530 nudus
1656 3477 1797 3530 veni.

227 3571 336 3624 Aut
369 3570 558 3623 adhuc
591 3570 707 3634 illo,
742 3568 916 3634 inquit
949 3607 964 3630 ,
1011 3567 1098 3619 ibo
1145 3565 1230 3618 ttbi
1283 3573 1408 3620 sunt
1456 3565 1799 3619 tabernacula

225 3657 532 3723 iustorum,
561 3657 659 3711 ubi
707 3667 832 3710 sunt
859 3665 1170 3708 sanctorum
1202 3653 1402 3721 gloriae,
1438 3655 1525 3707 ubi
1563 3665 1642 3708 est
1672 3655 1802 3708 lide-

231 3749 364 3804 lium
415 3750 671 3817 requies,
713 3745 803 3798 ubi
861 3754 946 3798 est
981 3743 1188 3812 piorum
1219 3741 1534 3807 consolatio,
1578 3745 1662 3796 ubi
1721 3753 1803 3797 est

230 3839 686 3893 misericordium
727 3833 1039 3894 baereditas,
1075 3831 1161 3884 ubi
1208 3840 1286 3885 est
1344 3833 1800 3888 immaculatorum

229 3927 548 3989 beatitudo,
585 3927 674 3979 tibi
711 3934 798 3978 est
839 3922 1112 3975 veracium
1168 3921 1348 3974 laetitia
1405 3932 1458 3975 et
1493 3922 1797 3976 exsultatio.

278 4017 364 4072 lue
386 4019 504 4079 ibo,
541 4017 638 4069 ubi
668 4023 752 4066 est
787 4013 872 4064 lux
903 4021 957 4066 et
984 4012 1113 4072 vita,
1138 4010 1226 4063 ubi
1252 4021 1334 4064 est
1354 4011 1520 4079 gloria
1542 4017 1598 4064 'et
1613 4011 1804 4078 jucun-

228 4107 398 4173 ditas,
427 4107 527 4161 ubi
566 4115 653 4158 est
689 4103 872 4157 laetitia
896 4110 952 4154 et
976 4100 1287 4163 exsultatio,
1319 4099 1400 4152 vel
1434 4102 1572 4155 unde
1601 4102 1804 4172 aufugit

227 4196 414 4262 dolor,
452 4195 685 4250 tristitia
720 4203 776 4247 et
801 4192 1052 4260 gemitus,
1082 4190 1169 4242 ubi
1192 4189 1576 4244 oblivisccntur
1598 4193 1805 4260 priores

225 4288 634 4344 tribulationes
661 4285 746 4337 ha
774 4297 894 4350 qua:
920 4291 1046 4333 sunt
1077 4282 1128 4334 in
1151 4296 1375 4348 corpore
1398 4297 1558 4351 super
1584 4293 1801 4338 terram.

230 4375 379 4433 Illuc
407 4380 525 4442 ibo,
571 4376 665 4428 tibi
704 4383 786 4427 est
822 4372 1222 4427 tribulationum
1272 4375 1550 4444 depositio,
1587 4374 1676 4428 ubi
1723 4385 1806 4429 est

218 4471 622 4527 remuneratio
655 4467 924 4528 laborum,
953 4466 1038 4519 ubi
1080 4464 1312 4518 Abrabm
1339 4467 1504 4529 sinus,
1551 4466 1636 4520 ubi
1660 4465 1806 4520 Isaac

1827 3255 1870 3314 C

1343 485 1716 548 ANONYMUS
1748 483 1814 544 IN
1845 485 1982 544 103.
2018 513 2085 525 ——
2122 476 2252 537 LIB.
2290 475 2328 532 ῐ.

3331 485 3438 544 ιιι

1878 617 1930 661 ⁸¹
1968 605 2190 660 θθνηίπο
2217 595 2417 667 imm"?
2475 585 2554 640 ﬂ“
2583 591 2790 658 ῖσειια
2809 606 2898 659 est.
2925 601 2994 654 sit
3015 614 3196 654 nonten
3218 597 3426 656 Domini

1880 696 2228 752 benedictum.
2261 677 2674 744 anenlabiles
2697 729 2712 754 ,
2775 690 2967 758 inguit,
3003 691 3068 742 ad
3119 702 3203 742 me
3233 689 3426 744 misisti

1882 789 2120 847 nuntios,
2147 797 2180 836 ο
2210 775 2448 839 diabole,
2483 777 2541 825 et
2571 778 2764 832 noxios
2789 790 2949 846 atque
2976 776 3424 832 immisericordcs

1881 886 1984 930 tum
2012 872 2270 941 nequitia:
2306 870 2665 938 legatos,.per
2693 883 2825 937 quos
2856 883 2941 920 me
2986 865 3290 920 crudelibus
3319 876 3422 920 tute

1882 963 2175 1034 iniquitatis
2202 958 2463 1030 sagittasti
2483 958 2714 1026 sagittis,
2735 972 2866 1026 quas
2881 971 2997 1026 ego,
3027 956 3218 1023 inquit,
3236 970 3422 1008 omnes

1883 1053 2176 1108 identidem
2213 1053 2265 1106 in
2301 1061 2351 1105 te
2383 1059 2714 1111 convertam,
2749 1048 3046 1101 crudeliora
3069 1046 3303 1100 elﬁciens
3327 1045 3418 1096 tibi

1882 1144 2140 1212 in‘spiritu
2169 1143 2411 1196 vulnera.
2431 1140 2706 1201 Dominus,
2731 1140 2967 1206 inquam,
2983 1139 3146 1204 dedit,
3167 1137 3422 1190 Dominus

1883 1235 2113 1297 abstulit,
2142 1235 2273 1286 sicut
2308 1232 2528 1284 Domino
2578 1230 2774 1290 placuit
2821 1230 2894 1280 ita
2930 1228 3126 1295 factum
3177 1235 3273 1280 est.
3307 1225 3420 1280 Hoc

1885 1325 1984 1378 luit
2019 1323 2235 1378 diabolo
2264 1321 2473 1384 vulnus,
2505 1321 2606 1373 hoc
2637 1319 2734 1372 fuit
2773 1318 2980 1372 diabolo
3007 1316 3220 1370 afﬂictio
3241 1325 3296 1370 et
3323 1317 3419 1369 dm

1884 1416 1984 1478 lor,
2019 1411 2288 1466 tribulatio
2323 1424 2534 1476 quoque
2576 1420 2733 1476 atque
2791 1409 3031 1475 angustia
3071 1425 3084 1460 :
3143 1407 3262 1474 quia
3295 1419 3421 1459 cum

1885 1510 2033 1570 putat
2079 1508 2132 1553 et
2155 1499 2267 1552 vult
2297 1498 2678 1565 blasphemiam
2712 1496 2895 1550 audire
2925 1513 2950 1547 a
2983 1494 3105 1558 Job,
3147 1508 3200 1548 et
3233 1509 3416 1562 repre-

1887 1589 2192 1644 hensionem
2209 1603 2271 1642 ac
2287 1586 2625 1640 maledictum.
2651 1585 2702 1638 itt
2731 1585 2914 1645 Deum,
2934 1582 3319 1637 confessionem
3340 1590 3422 1634 st-

1885 1695 1987 1748 que
2015 1679 2305 1748 gratiarum
2337 1677 2596 1729 actionem
2621 1675 2842 1728 audivit.
2878 1675 2988 1727 Hoc
3011 1673 3209 1726 factum
3235 1681 3316 1726 est.
3345 1671 3421 1726 illi

1887 1772 2024 1841 ignis
2053 1773 2333 1835 devorans,
2370 1773 2468 1824 hoc
2492 1769 2688 1823 factum
2721 1777 2803 1821 est
2829 1767 2904 1820 illi
2953 1765 3252 1819 incendium
3292 1777 3421 1832 per-

1888 1861 2204 1927 urens,qttia
2226 1859 2325 1912 hoc
2347 1857 2545 1912 audivit
2563 1858 2702 1925 quod
2726 1870 2829 1909 non
2855 1853 3106 1924 sperabat
3129 1871 3143 1907 :
3172 1853 3424 1906 Dominus

1891 1948 2052 2008 dedit.
2085 1958 2131 2002 et
2170 1947 2416 2001 Dominus
2441 1947 2676 2008 abstulit,
2698 1947 2827 1998 sicut
2858 1943 3082 1997 Domino
3125 1943 3318 2010 placuit
3341 1943 3424 1994 ita

1890 2036 2082 2105 factum
2115 2046 2213 2099 est,
2237 2036 2304 2088 sit
2335 2051 2517 2088 nomen
2543 2035 2749 2088 Domini
2772 2033 3090 2086 benedictum
3117 2033 3175 2085 in
3205 2030 3419 2085 secula.

1891 2125 2005 2180 Non
2045 2127 2185 2180 enim
2222 2137 2426 2182 tantum
2461 2128 2748 2195 tetigerunt
2779 2126 2873 2181 lob
2908 2125 3276 2180 lamentabiles
3309 2124 3426 2176 istm

1891 2219 2088 2273 diaboli
2121 2221 2346 2288 sagitta},
2369 2229 2622 2288 quantum
2651 2220 3065 2274 vulneraverunt
3093 2231 3216 2272 eum
3248 2215 3424 2269 since-

1901 2325 1975 2364 rte
2001 2311 2115 2378 ejus
2146 2314 2437 2381 gratiarum
2461 2313 2714 2367 actiones.
2747 2312 3003 2366 Dominus
3033 2311 3198 2370 dedit,
3240 2318 3286 2362 et
3321 2307 3428 2361 Do-

1893 2401 2062 2453 minus
2099 2401 2330 2454 abstulit.
2359 2401 2584 2466 Quando
2614 2401 2802 2462 voluit.
2831 2401 3023 2469 inquit,
3055 2399 3199 2452 dedit
3238 2407 3296 2452 ut
3321 2398 3423 2453 bo-

1898 2499 2089 2553 nus,et
2109 2493 2319 2557 quando
2336 2492 2499 2546 voluit
2534 2493 2843 2557 identidem,
2869 2503 2927 2546 ut
2959 2493 3159 2545 habens
3189 2495 3426 2556 potesta—

1897 2587 2000 2632 tem
2027 2580 2262 2632 abstulit.
2298 2581 2548 2635 Dominus
2576 2583 2733 2646 dedit,
2787 2591 2834 2635 et
2885 2581 3135 2635 Dominus
3188 2579 3425 2633 abstulit.

1899 2668 2072 2731 Dedit,
2097 2669 2285 2736 inquit,
2313 2679 2371 2722 ut
2399 2671 2693 2724 innotescat
2721 2686 2878 2738 quam
2909 2671 3075 2724 fidelis
3103 2669 3201 2723 sim
3228 2709 3242 2730 ,
3267 2683 3426 2736 quam

1896 2760 1979 2828 pie
2013 2761 2349 2826 dispensem,
2399 2775 2558 2827 quam
2611 2761 3028 2815 misericorditer
3089 2763 3426 2817 distribttam.

1895 2849 2123 2902 Abstulit
2144 2859 2343 2909 autem,
2372 2858 2429 2902 ιιι
2455 2860 2711 2920 appareat.
2735 2852 2996 2918 quomodo
3026 2854 3227 2920 gratias
3250 2867 3425 2922 agam,

1898 2936 2161 3003 quomodo
2189 2938 2463 3000 conﬁtear,
2521 2938 2788 3004 quomodo
2839 2939 3074 2998 adorem.
3115 2939 3234 3006 plus
3286 2953 3428 2994 nunc

1900 3026 2055 3080 rebus
2083 3026 2326 3088 sublatis,
2351 3039 2510 3093 quam
2547 3027 2750 3095 pridem
2787 3028 2943 3081 datis.
2978 3027 3232 3081 Dominus
3259 3028 3424 3090 dedit,

1900 3127 1946 3173 et
1969 3117 2222 3172 Dominus
2241 3116 2474 3171 abstulit.
2492 3116 2642 3170 Dedit
2665 3133 2756 3171 sua
2779 3121 3032 3172 etiterum
3057 3119 3273 3172 abstulit
3296 3133 3389 3172 sua
3411 3135 3428 3172 :

1899 3224 2016 3281 ego,
2045 3208 2235 3277 inquit,
2273 3207 2404 3260 nihil
2444 3207 2623 3270 amisi,
2659 3208 2860 3260 nullum
2896 3223 3085 3276 passus
3107 3223 3222 3261 sum
3259 3209 3430 3262 detria

1903 3310 2158 3354 mentum.
2203 3297 2390 3352 Merito
2440 3307 2718 3364 postquam
2747 3311 2873 3350 usus
2906 3311 3022 3349 sum
3059 3296 3285 3363 reddidi,
3321 3313 3432 3349 mu-

1899 3390 2065 3443 tuanti
2107 3387 2234 3442 mihi
2263 3402 2323 3441 ea
2351 3389 2550 3455 gratias
2584 3400 2766 3455 agens.
2799 3385 3050 3438 Dominus
3075 3386 3232 3450 dedit,
3255 3395 3304 3438 et
3335 3384 3438 3438 Do-

1897 3480 2064 3532 minus
2087 3477 2316 3540 abstulit,
2345 3477 2475 3530 sicut
2507 3475 2723 3528 Domino
2747 3475 2943 3543 placuit
2972 3475 3049 3527 ita
3087 3474 3292 3534 factum
3321 3481 3434 3536 est;

1897 3569 1961 3619 sit
1991 3581 2170 3618 nomen
2201 3565 2408 3617 Domini
2442 3561 2788 3618 benedictum.
2818 3562 2955 3628 Quid
3001 3562 3154 3625 dicis,
3195 3577 3228 3615 ο
3283 3563 3438 3614 beato

1899 3657 2033 3711 Job?
2061 3657 2314 3711 Dominus
2340 3669 2464 3710 vere
2509 3654 2673 3716 dedit,
2722 3655 2817 3708 sed
2872 3667 2976 3706 non
3011 3652 3265 3706 Dominus
3309 3665 3439 3705 vere
3502 3666 3517 3701 .’

1899 3747 2134 3811 abstulit,
2170 3743 2260 3800 sed
2292 3746 2506 3800 abstulit
2534 3746 2772 3800 omnium
2803 3745 3052 3798 inimicus
3079 3753 3133 3796 et
3161 3743 3435 3812 nequissi-

1900 3851 2017 3890 mus
2045 3835 2384 3889 advcrssrius
2434 3846 2592 3902 atque
2640 3834 2850 3887 invidus
2879 3833 3143 3886 diabolus.
3181 3834 3438 3887 Dominus

1901 3925 2064 3988 dedit,
2096 3926 2188 3976 sed
2227 3923 2561 3976 adversarius
2583 3923 2824 3975 abstulit.
2856 3922 3114 3976 Dominus
3163 3923 3329 3985 dedit,
3383 3931 3437 3978 et

1901 4016 2146 4070 inimicus
2167 4015 2348 4082 refuga
2377 4012 2621 4065 abstulit.
2649 4012 2816 4066 Porro
2840 4013 2882 4066 si
2925 4011 3171 4065 diabolus
3194 4012 3431 4075 abstulit,

1901 4105 2162 4172 quomodo
2200 4103 2331 4156 dicit
2356 4103 2456 4158 Job
2481 4102 2619 4170 quod
2660 4103 2913 4156 Dominus
2941 4102 3258 4155 abstulerit?
3287 4103 3439 4170 Igno-

1904 4207 2028 4247 rans
2060 4201 2219 4260 atque
2249 4207 2345 4259 per
2367 4192 2718 4258 suspicionem
2743 4190 2894 4244 dicit.
2928 4190 3154 4242 Putabat
3181 4189 3323 4241 enim
3357 4195 3437 4240 at-

1904 4298 2007 4351 que
2035 4282 2400 4335 arbitrabatur
2416 4282 2554 4348 quod
2578 4281 2829 4334 Dominus
2849 4280 3148 4343 abstulerit,
3171 4292 3222 4333 et
3237 4281 3439 4333 nescie-

1902 4376 1994 4428 bat
2023 4371 2160 4440 quod
2183 4373 2424 4426 diabolus
2457 4371 2692 4432 abstulit,
2735 4371 3060 4426 concedente
3099 4371 3322 4425 Domino
3354 4381 3436 4424 at-

1903 4479 2007 4531 que
2041 4462 2402 4530 permittente.
2451 4461 2585 4528 Ergo
2619 4461 2753 4514 dicit
2788 4458 2924 4514 Job:
2982 4461 3231 4513 Dominus
3256 4461 3394 4513 dedit
3421 4502 3436 4522 ,

211 4563 574 4632 Proprietas,
639 4557 730 4609 ubi
783 4555 949 4608 Israel
1011 4554 1312 4617 familiaris,
1351 4554 1442 4608 ubi
1498 4564 1802 4608 sanctorum
1838 4565 1878 4618 ι)
1910 4554 2155 4606 Dominus
2187 4552 2590 4615 abstulit;sicut
2617 4551 2840 4604 Domino
2874 4551 3069 4620 placuit
3123 4552 3196 4603 ita
3243 4551 3438 4618 factum

209 4654 458 4715 animae,
502 4649 595 4701 ubi
629 4645 948 4713 angelorum
995 4645 1166 4707 chori,
1203 4645 1306 4712 ubi
1365 4644 1800 4712 archangelorum

209 4749 428 4799 Voces.
465 4738 559 4792 ubi
594 4735 837 4803 Spiritus
862 4733 1031 4785 sancti
1057 4733 1370 4787 illuminatio
1395 4771 1410 4794 ,
1462 4733 1550 4786 ubi
1599 4733 1798 4787 Christi

211 4840 502 4898 mgnum,
570 4825 662 4878 ubi
694 4822 885 4877 aeterni
925 4821 1015 4874 Dei
1081 4821 1256 4875 Patris
1286 4823 1481 4876 inlecta
1519 4821 1684 4888 gloria
1723 4831 1804 4875 at-

214 4927 348 4982 Que
371 4917 572 4969 beatus
608 4919 959 4978 conspectus.
990 4905 1138 4974 Illuc,
1169 4909 1363 4977 inquit,
1397 4907 1504 4968 ibo,
1538 4906 1660 4959 illuc
1681 4921 1802 4973 pcr-

218 5008 483 5069 veniam,
543 5015 656 5055 non
697 4995 1118 5066 reprehendens,
1151 5010 1252 5048 non
1315 4993 1670 5059 ntalcdicens,
1699 5007 1804 5047 non

223 5091 666 5162 blasphemans,
702 5104 811 5141 non
845 5086 1158 5148 criminans,
1196 5085 1287 5138 sed
1333 5083 1536 5154 gratias
1563 5096 1726 5145 agens
1756 5093 1809 5137 et

222 5189 539 5245 conﬁtens,
573 5192 747 5249 atque
780 5193 903 5230 cum
931 5178 1218 5243 gratiarum
1247 5176 1546 5229 actionibus
1586 5174 1804 5228 dicens:

225 5267 507 5327 Dominus
538 5272 713 5329 dedit,
750 5265 1007 5317 Dominus
1031 5265 1261 5330 abstulit,
1292 5266 1421 5317 sicut
1452 5262 1669 5314 Domino
1696 5262 1810 5330 plu-

225 5367 373 5426 cuit,
402 5367 486 5416 ita
531 5364 750 5428 factum
800 5366 876 5406 est
903 5355 972 5407 ⁸³.
1003 5354 1111 5409 Non
1142 5370 1234 5408 ero
1255 5393 1272 5416 ,
1320 5353 1522 5421 inquit,
1551 5352 1808 5418 ingratus,

211 5464 345 5512 non
369 5474 463 5512 ero
487 5448 927 5516 inlidlgraphtts,
951 5447 1084 5501 sicut
1110 5457 1184 5511 tu,
1211 5445 1524 5508 adversarie;
1559 5458 1662 5497 non
1688 5447 1812 5500 red-

199 5535 355 5601 dam
387 5545 603 5600 malum
637 5552 745 5606 pro
781 5535 948 5598 bono,
979 5536 1112 5589 sicut
1138 5535 1424 5598 tu,-inl’elix
1450 5533 1684 5599 diabole;
1713 5536 1812 5590 sed

185 5632 524 5695 C‘leiteor,
553 5629 693 5696 quia
718 5623 981 5677 Dominus
1003 5624 1160 5690 dedit,
1183 5625 1429 5681 Dominus
1455 5623 1685 5692 abstulit,
1701 5627 1808 5682 sic-

291 5817 334 5847 ιι
369 5811 519 5865 Gen.
559 5815 652 5864 ttt,
697 5796 795 5852 19.
879 5795 1044 5851 "Job
1076 5797 1220 5862 1.21.

1907 4653 2002 4696 est.
2037 4643 2158 4696 llmc
2193 4656 2418 4711 namque
2445 4641 2540 4695 fuit
2577 4641 2664 4695 illa
2695 4655 2820 4694 vere
2848 4655 3040 4710 magna
3070 4639 3170 4695 Job
3191 4649 3442 4695 censtan-

1909 4735 2000 4796 tia,
2032 4735 2169 4800 quod
2205 4733 2449 4787 nesciens
2476 4733 2601 4801 quia
2641 4734 2881 4787 diabolus
2909 4733 3168 4795 abstulit,
3221 4731 3442 4800 putabat

1908 4824 2046 4892 quod
2079 4823 2331 4876 Dominus
2363 4824 2662 4886 abstulerit,
2718 4833 2771 4878 et
2815 4825 2914 4878 hoc
2943 4834 3159 4892 putans,
3218 4821 3442 4875 Domino

1909 4914 2058 4982 quasi
2092 4911 2350 4965 auferenti
2373 4912 2574 4979 gratias
2603 4913 2733 4982 agit.
2763 4913 3034 4974 Dominus,
3061 4911 3254 4978 inquit,
3279 4909 3438 4971 dedit,

1911 5013 1956 5054 et
1984 5002 2231 5055 Dominus
2263 5001 2497 5064 abstulit,
2527 5003 2658 5054 sicut
2690 5001 2912 5056 Domino
2937 5000 3132 5069 placuit
3154 5001 3225 5050 ita
3250 4999 3441 5062 factum

1908 5101 2026 5155 est;
2076 5092 2140 5144 sit
2194 5107 2375 5144 nomen
2426 5091 2630 5144 Domini
2683 5093 3006 5146 benedictum
3041 5089 3094 5140 in
3138 5087 3353 5140 stt-culo.
3387 5082 3444 5136 Si

1907 5183 2047 5235 enim
2075 5183 2266 5237 scisset
2301 5181 2400 5236 Job
2417 5183 2555 5251 quod
2583 5184 2863 5238 adversum
2899 5178 3166 5234 diabolum
3195 5174 3444 5231 habebat,

1910 5283 1964 5326 et
1983 5272 2107 5340 quia
2139 5273 2376 5328 diabolus
2406 5287 2527 5328 cum
2568 5275 2660 5327 illo
2691 5276 2796 5329 hoc
2849 5273 3055 5326 bellum
3095 5267 3348 5322 faciebat,
3399 5267 3474 5309 οι·

1915 5364 2046 5432 quia
2079 5365 2341 5434 malignus
2367 5365 2613 5419 inimicus
2647 5381 2756 5420 rem
2814 5362 3130 5416 familiarem
3164 5362 3224 5406 et
3249 5352 3385 5403 ﬁlios
3406 5350 3457 5400 ei

1910 5449 2220 5516 abstulerat.
2257 5452 2495 5521 Profecto
2518 5456 2739 5508 omnino
2770 5451 2839 5505 ad
2877 5447 3096 5502 nihilum
3147 5439 3466 5521 ipsaS_len‘

1910 5541 2136 5595 taliones
2161 5518 2466 5608 deduceret,
2505 5556 2558 5598 et
2585 5544 2637 5597 in
2692 5538 3029 5598 det‘isiouem
3055 5528 3208 5581 illum
3239 5518 3472 5580 habens.

1910 5631 2470 5690 evidenter~~adversus
2517 5634 2793 5689 inimicum
2851 5620 3120 5680 resisteret
3179 5613 3242 5659 et
3288 5613 3487 5670 aperte
