3916 6414
519 410 621 464 845

1608 395 1984 456 ANONYMUS
2021 399 2088 455 IN
2126 401 2264 458 JOB.
2305 435 2369 444 —
2398 388 2520 455 LIB.
2558 399 2598 455 l.

3626 380 3714 435 ιιι

516 528 767 582 adversus
790 528 1027 589 apertum
1062 519 1270 573 hostem
1297 526 1484 573 staret.
1522 516 1677 573 Nunc
1700 534 1828 574 vero
1859 520 2041 575 inimi-
2072 530 2118 586 Α
2145 523 2282 591 quod
2317 524 2425 577 vult
2455 519 2875 582 Dominusnrita
2905 526 3023 581 est,
3064 515 3170 569 lux
3219 517 3323 573 est.
3366 502 3569 572 requies
3596 508 3669 553 es‘
3693 538 3708 560 ν

515 629 610 668 cus
642 610 849 678 quidem
884 608 986 662 hoc
1031 608 1226 662 celavit
1257 607 1517 673 diabolus,
1562 624 1684 663 cum
1716 610 1846 664 istos
1877 612 1925 663 ei
1963 612 2038 663 in-

514 704 676 757 ferret
700 700 950 753 labores:
999 697 1449 752 clementissimus
1493 707 1670 752 autem
1706 699 1959 754 Dominus
1994 699 2044 753 in

511 790 810 857 suspicione
836 797 951 840 erat
984 795 1038 840 et
1095 786 1440 840 incusabatur
1478 787 1561 840 his
1593 787 1863 843 omnibus.
1913 787 2041 839 Nam

509 891 627 959 cum
663 876 859 929 diceret
887 874 1163 929 diabolus:
1193 874 1336 943 Ignis
1364 875 1545 928 cecidit
1562 876 1625 929 de
1648 876 1794 940 caelo,
1815 877 2045 940 et,Sub-

506 966 577 1017 ito
611 964 828 1031 spiritus
869 964 1002 1016 venit
1035 965 1097 1016 ab
1137 980 1326 1029 eremo,
1388 965 1552 1018 Deum
1607 965 1885 1019 incusabat
1926 968 2041 1023 istis

501 1053 794 1108 doloribus.
854 1052 1116 1119 Similiter
1139 1070 1259 1109 cum
1287 1055 1524 1109 audisset
1555 1054 1677 1120 Job,
1709 1057 1851 1125 quod
1906 1057 2043 1127 ignis

502 1144 694 1199 cecidit
719 1145 784 1197 de
820 1145 956 1199 caelo
987 1154 1042 1198 et
1074 1146 1369 1200 combussit
1396 1162 1545 1211 oves,
1584 1154 1638 1201 et
1664 1149 1789 1217 quia
1818 1150 2041 1218 spiritus

500 1233 646 1286 venit
675 1235 740 1288 ab
765 1248 946 1288 eremo
989 1242 1043 1288 et
1084 1235 1234 1288 ruina
1280 1237 1476 1290 occidit
1524 1238 1639 1306 ejus
1688 1239 1865 1304 ﬁlios,
1915 1241 2039 1309 quid

501 1320 644 1374 aliud
676 1322 933 1389 suspicari
964 1330 1174 1391 poterat
1200 1324 1297 1378 nisi
1328 1326 1467 1392 quod
1497 1326 1633 1379 Deus
1665 1326 1738 1379 illi
1776 1328 1921 1395 ipsos
1948 1330 2040 1384 do-

499 1406 643 1462 lores
668 1409 880 1463 coalitus
931 1410 1280 1466 immisisset?
1310 1412 1390 1467 Ob
1422 1414 1522 1468 hoc
1568 1432 1696 1485 ergo
1744 1421 2036 1484 praesertim

497 1499 871 1568 magniﬁcatur
892 1500 1012 1564 Job,
1039 1504 1160 1571 quia
1193 1520 1311 1558 cum
1346 1506 1486 1561 Deus
1513 1508 1814 1575 suspicatur
1843 1510 1895 1562 in
1925 1511 2037 1564 istis

501 1587 671 1655 plagis
690 1602 752 1641 ac
780 1589 1075 1656 doloribus,
1103 1595 1335 1661 suscepit
1384 1612 1502 1649 cum
1532 1600 1837 1651 constantia
1874 1610 2035 1669 atque

501 1678 796 1746 gratiarum
841 1680 1177 1736 actionibus:
1218 1692 1269 1736 et
1316 1699 1417 1737 non
1450 1685 1603 1748 dixit,
1635 1686 1765 1754 quid
1818 1690 2033 1754 peccavi

496 1767 637 1820 circa
671 1776 721 1820 te
749 1777 803 1820 ut
831 1768 953 1821 talia
985 1772 1161 1838 patiar
1186 1787 1247 1825 ex
1282 1774 1373 1827 te?
1410 1774 1512 1828 Sed
1540 1791 1657 1830 cum
1715 1779 1782 1832 ab
1817 1778 2034 1832 inimico

2146 624 2339 666 interna
2383 610 2651 665 beatitudo
2689 618 2796 673 est,
2854 610 2971 662 vita
3028 606 3193 659 enim
3222 602 3278 655 in
3312 597 3573 653 uoluntate
3616 592 3712 660 ejus

2149 712 2250 767 est,
2300 712 2349 755 et
2398 703 2479 754 ira
2547 702 2601 752 in
2649 699 3030 767 indignatione
3090 694 3212 758 eius
3262 689 3331 739 ⁵³.
3379 682 3713 750 Quodcunque

2143 807 2267 862 ergo
2292 792 2488 860 placuit
2541 789 2793 853 Domino,
2821 787 2944 840 sive
2975 794 3313 853 percutere,
3359 775 3471 829 sive
3491 771 3716 871 umltare,

2142 883 2253 937 sive
2279 883 2471 946 ditare,
2498 880 2607 935 sive
2625 892 2931 947 pauperem
2958 876 3184 933 facere,
3215 870 3335 922 sive
3356 877 3597 963 arguere,
3620 876 3718 914 save

2142 970 2431 1038 corripere,
2463 967 2640 1022 omnia
2668 965 2957 1019 beatitudo
2987 969 3081 1015 est
3108 950 3553 1023 incorruptibilis
3577 958 3724 1050 atque

2142 1060 2464 1113 indesinens.
2501 1057 2720 1119 Beatus,
2750 1055 2953 1123 inquit,
2989 1054 3159 1104 homo
3193 1063 3352 1118 quem
3389 1056 3444 1096 tu
3463 1043 3719 1104 erudieris,

2140 1148 2359 1201 Domine
2379 1149 2445 1197 ⁸⁸.
2480 1146 2623 1201 Sicut
2653 1145 2883 1199 Domino
2908 1142 3150 1210 placuit,
3180 1141 3259 1192 ita
3294 1137 3495 1205 factum
3523 1142 3631 1195 est;
3669 1133 3723 1183 sit

2141 1254 2325 1292 nomen
2357 1236 2567 1290 Domini
2620 1235 2956 1289 benedictum
3011 1232 3075 1283 in
3108 1227 3343 1283 swcula.
3400 1224 3491 1277 Sic
3531 1229 3723 1289 oportet

2138 1344 2326 1382 omnes
2354 1328 2690 1382 Christianos
2711 1366 2727 1392 ,
2779 1334 2949 1393 atque
2983 1335 3191 1375 omnes
3233 1316 3529 1371 credentes
3558 1311 3723 1365 dicere

2137 1427 2191 1471 et
2224 1419 2400 1472 facere
2426 1427 2479 1471 et
2511 1417 2753 1486 cogitare
2786 1415 2841 1467 in
2885 1412 3160 1466 omnibus
3199 1423 3328 1477 quae
3359 1420 3458 1459 eos
3512 1403 3727 1456 circum-

2136 1509 2401 1571 dederint,
2436 1516 2598 1577 atque
2625 1506 2706 1560 eis
2728 1503 3117 1565 occurrerint,
3158 1501 3284 1554 sive
3320 1494 3587 1567 pecunias
3618 1508 3729 1562 per-

2136 1597 2284 1660 dant,
2306 1598 2420 1650 sive
2447 1596 2538 1648 ﬁlii
2560 1595 2905 1655 auferantur,
2934 1592 3060 1646 sive
3086 1597 3411 1659 paupertas
3446 1585 3729 1645 incumbat,

2134 1690 2247 1743 sive
2277 1688 2561 1743 inﬁrmitas
2592 1686 2944 1739 immittatur.
2993 1683 3211 1738 Dicant
3270 1682 3327 1733 in
3362 1679 3450 1732 his
3496 1676 3729 1731 omnibus

2134 1793 2255 1832 cum
2282 1777 2597 1832 sinceritate
2628 1792 2642 1827 :
2677 1772 2832 1827 Sicut
2884 1772 3130 1825 Domino
3163 1769 3406 1837 placuit,
3442 1767 3518 1819 ita
3548 1765 3725 1835 factum

494 1867 861 1925 percuteretur
885 1870 1045 1931 atque
1074 1864 1351 1920 doloribus
1383 1867 1717 1936 afﬁceretur,
1747 1869 2028 1924 Dominum
2063 1869 2104 1921 Β
2134 1876 2249 1930 est;
2294 1867 2360 1918 sit
2394 1882 2581 1919 nomen
2632 1865 2849 1919 Domini
2873 1862 3228 1916 benedictum
3281 1860 3340 1911 in
3377 1857 3600 1910 saecula.
3637 1855 3728 1909 No-

492 1953 547 2004 in
585 1952 699 2005 istis
731 1953 1006 2008 doloribus
1067 1957 1459 2022 suspicabatur,
1507 1966 1561 2010 et
1606 1960 1810 2026 gratias
1838 1961 2030 2028 agebat

491 2040 810 2108 percutienti
860 2057 919 2096 se
977 2053 1139 2111 atque
1166 2044 1438 2099 doloribus
1488 2045 1760 2112 aﬁicienti,
1795 2048 2024 2104 dicens:

489 2125 744 2181 Dominus
767 2129 927 2191 dedit,
957 2139 1006 2182 et
1057 2131 1313 2185 Dominus
1362 2134 1597 2200 abstulit,
1622 2137 1754 2187 sicut
1806 2136 2026 2190 Domino

488 2216 682 2279 placuit
712 2219 783 2270 ita
805 2222 1002 2286 factum
1022 2231 1097 2273 est
1122 2237 1141 2284 ;
1169 2223 1239 2274 sit
1264 2239 1447 2276 nomen
1476 2223 1683 2278 Domini
1710 2226 2027 2280 benedictum

488 2306 543 2357 in
568 2308 783 2360 swcula.
827 2308 949 2361 llaec
980 2310 1158 2377 itaque
1205 2312 1474 2379 universa,
1506 2323 1664 2382 atque
1692 2316 1927 2382 pluriora
1959 2318 2026 2369 ad

487 2396 855 2462 praestolantes
889 2398 987 2452 sibi
1016 2400 1325 2468 nequissimi
1360 2404 1575 2456 nuntios
1608 2403 1796 2457 beatus
1824 2404 1923 2459 Job
1949 2405 2027 2459 lo-

485 2494 640 2540 cutus
665 2497 767 2549 est,
790 2496 841 2540 et
873 2502 964 2556 per
1008 2489 1126 2543 illos
1178 2490 1245 2544 ad
1298 2490 1470 2559 ipsum
1500 2492 1768 2547 diabolum
1799 2496 1890 2562 qui
1933 2510 2025 2550 eos

486 2575 1053 2644 miserat,quistabant
1085 2587 1207 2633 ante
1234 2595 1352 2633 eum
1381 2582 1580 2647 tristes,
1615 2597 1678 2636 ac
1717 2582 1902 2638 ﬁentes
1927 2586 2027 2641 sic-

486 2674 543 2716 ut
566 2664 849 2729 tinxerant,
893 2680 1211 2736 omnemque
1253 2669 1522 2724 miseriam
1570 2675 1913 2729 ostendentes
1962 2692 2024 2730 ac

482 2753 876 2821 depromentes,
911 2765 967 2809 ut
989 2756 1142 2811 facile
1169 2759 1379 2813 beatum
1404 2758 1507 2814 Job
1541 2762 1606 2814 ad
1638 2762 2019 2831 blasphemiam

480 2854 853 2909 provocarent.
885 2847 962 2901 Ad
1013 2862 1148 2916 quos
1188 2850 1417 2918 plurima
1450 2861 1503 2906 et
1548 2852 1651 2907 alia
1681 2853 1891 2909 locutus
1922 2854 2021 2911 Job

478 2933 617 2986 dixit
644 2952 658 2987 :
692 2935 799 2989 Cur
840 2937 1019 2991 tristes
1055 2939 1202 3015 estis,
1236 2955 1268 2994 ο
1290 2942 1571 2997 homines?
1601 2943 1679 2999 Ob
1707 2961 1866 3014 quam
1890 2962 2017 3001 catt-

477 3037 593 3075 sam
628 3024 858 3091 ejulatis,
882 3042 914 3081 o
952 3029 1094 3081 viri?
1120 3029 1195 3083 Ne
1238 3030 1374 3085 forte
1403 3034 1507 3088 hoc
1553 3050 1647 3089 vos
1685 3038 1972 3091 contristat
2002 3078 2017 3104 ,

477 3113 602 3180 quia
637 3130 733 3182 ego
766 3116 872 3170 Deo
895 3118 1097 3185 gratias
1127 3132 1247 3186 ago.
1280 3118 1358 3172 Ne
1382 3120 1521 3175 forte
1544 3121 1642 3175 hoc
1667 3123 1818 3176 vobis
1848 3125 2015 3178 mole-

2133 1970 2251 2009 men
2284 1955 2518 2021 Domini,
2543 1956 2739 2023 inquit,
2794 1962 3026 2021 propter
3059 1951 3226 2020 quod
3258 1951 3452 2003 Omnia
3508 1949 3729 2002 sustineo

2130 2060 2289 2116 atque
2317 2048 2536 2113 suﬁ‘ero,
2570 2058 2797 2117 propter
2828 2048 2977 2114 quod
3007 2044 3292 2099 omnibus
3322 2058 3453 2112 qua:
3488 2041 3615 2094 mihi
3645 2041 3729 2095 ob-

2127 2145 2386 2191 venerunt
2408 2139 2658 2207 superior
2695 2136 2927 2191 exsisto.
2959 2134 3046 2188 Sit
3099 2149 3313 2188 nomen
3341 2133 3561 2186 Domini
3594 2133 3728 2184 benc-

2127 2228 2321 2278 dictum
2353 2228 2409 2278 in
2433 2226 2648 2280 saecula.
2681 2226 2890 2280 Nomen
2918 2226 3182 2291 Domini,
3232 2226 3386 2294 quod
3423 2224 3727 2279 mirabiliter

2126 2316 2289 2371 ccelos
2304 2317 2565 2380 extendit,
2591 2318 2736 2385 quod
2763 2328 2971 2370 terram
3004 2317 3266 2371 ﬁrmiter
3294 2317 3575 2380 fundavit,
3600 2318 3727 2384 quod

2126 2410 2346 2477 abyssos
2374 2407 2688 2461 terribiliter
2728 2406 2991 2474 signavit.
3032 2404 3122 2459 Sit
3189 2423 3392 2460 nomen
3425 2407 3723 2461 Dominibe-

2126 2498 2381 2550 nedictum
2408 2499 2462 2549 in
2490 2497 2686 2549 saecula
2714 2513 2733 2550 :
2767 2499 2914 2565 quod
2945 2511 3077 2549 cum
3115 2496 3409 2551 vidissent
3448 2498 3631 2552 leones
3671 2500 3719 2551 iit

2126 2586 2363 2651 Daniele,
2388 2587 2441 2639 in
2471 2602 2637 2653 agnos
2669 2588 2941 2640 immutati
2973 2597 3110 2642 sunt
3141 2606 3159 2641 :
3191 2590 3348 2657 quod
3373 2604 3500 2643 cum
3529 2588 3724 2642 flamma

2122 2677 2261 2746 ignis
2286 2677 2594 2744 agnovisset
2625 2676 2677 2727 in
2705 2676 2913 2729 Anania
2947 2688 3006 2729 et
3030 2679 3257 2731 Azaria
3293 2690 3347 2732 et
3387 2678 3623 2743 Misaele,
3648 2682 3717 2734 fo-

2123 2782 2211 2821 ras
2237 2782 2267 2820 a
2295 2767 2514 2819 fornace
2543 2765 2702 2836 fugit,
2737 2776 2903 2834 atque
2953 2782 3056 2821 eos
3086 2770 3195 2836 qui
3232 2781 3399 2823 extra
3454 2771 3715 2825 fornacem

2120 2867 2275 2911 erant
2304 2855 2619 2920 combussit,
2648 2865 2833 2923 utpote
2861 2871 2971 2910 non
3005 2860 3300 2915 habentes
3329 2862 3386 2916 in
3414 2878 3474 2917 se
3493 2874 3715 2918 sanctum

2121 2962 2311 3001 nomen
2335 2948 2575 3011 Domini;
2602 2946 2709 2999 illis
2735 2954 2918 3000 autem
2938 2950 3037 3017 qui
3066 2950 3225 3004 intra
3256 2952 3550 3007 fornacem
3582 2966 3719 3008 erant

2118 3052 2221 3090 non
2256 3035 2733 3105 appropinquavit,
2779 3037 2910 3104 quia
2951 3040 3224 3095 terribile
3258 3057 3473 3097 nomen
3519 3044 3714 3099 Domini

2119 3126 2170 3178 in
2195 3125 2298 3180 illis
2321 3128 2614 3195 conspexit.
2642 3126 2752 3181 Hoc
2784 3129 2955 3181 etiam
2979 3138 3039 3183 et
3064 3140 3238 3185 cetus
3269 3148 3406 3187 cuin
3435 3137 3638 3190 videret
3656 3138 3707 3189 in.

476 3215 616 3259 stum
647 3216 747 3271 est,
772 3211 911 3277 quod
937 3224 1034 3276 ego
1061 3211 1207 3264 danti
1236 3227 1296 3265 ea
1318 3206 1705 3269 confessionem
1732 3218 1818 3283 do,
1842 3229 1898 3273 et
1922 3234 2019 3273 au-
2043 3198 2086 3257 (ἶ
2117 3213 2272 3280 Jona,
2295 3217 2567 3285 obstupuit
2598 3229 2760 3284 atque
2803 3218 3042 3273 illaesum
3105 3235 3249 3276 eum
3290 3240 3464 3293 quem
3495 3230 3560 3283 de
3606 3232 3718 3282 navi

474 3296 667 3350 ferenti
699 3312 762 3351 ea
782 3298 1171 3353 invocationem
1199 3302 1407 3355 emitto.
1438 3303 1551 3357 Non
1576 3321 1659 3359 me
1686 3309 1845 3362 homo
1874 3309 2016 3362 mul-

477 3386 628 3451 tavit,
694 3387 786 3439 sed
838 3387 979 3440 Deus
1008 3390 1073 3442 de
1110 3391 1263 3444 caelis
1294 3394 1382 3460 qui
1429 3396 1557 3448 mihi
1606 3396 1753 3457 dedit
1779 3397 2014 3463 diversa,

475 3473 716 3540 abstulit,
750 3477 890 3529 sicut
940 3486 992 3530 el
1038 3493 1131 3533 vos
1190 3480 1384 3548 dicitis,
1415 3486 1557 3553 quod
1593 3486 1727 3555 ignis
1773 3488 1839 3542 de
1877 3490 2012 3544 caelo

472 3562 749 3618 ceciderit.
784 3565 839 3617 Si
863 3582 992 3634 ergo
1020 3583 1121 3621 non
1148 3569 1308 3625 homo
1336 3574 1464 3627 mihi
1490 3576 1738 3629 damnum
1768 3577 2011 3646 ingessit,

473 3650 567 3702 sed
594 3651 732 3704 Deus
755 3655 972 3719 quando
1000 3657 1169 3712 voluit
1217 3660 1381 3727 dedit,
1409 3673 1464 3717 et
1510 3665 1632 3719 item
1672 3668 1887 3734 quando
1927 3685 2014 3723 vo-

472 3740 573 3792 luit
604 3741 842 3807 abstulit,
875 3747 1071 3812 gratias
1092 3750 1140 3803 ei
1178 3752 1267 3819 qui
1294 3754 1457 3817 dedit,
1493 3764 1546 3808 et
1589 3756 1790 3825 gratias
1818 3759 2009 3813 identi-

470 3830 591 3883 dem
611 3832 661 3883 ei
683 3835 773 3900 qui
804 3836 1040 3890 abstulit.
1077 3838 1182 3893 Sua
1215 3842 1379 3906 dedit,
1410 3854 1463 3897 et
1495 3845 1622 3898 item
1652 3861 1746 3899 sua
1770 3848 2009 3913 abstulit,

469 3934 525 3977 et
547 3939 665 3995 ego,
705 3928 801 3993 ait,
830 3929 960 3981 nihil
986 3931 1163 3985 amisi.
1186 3933 1315 3986 Nam
1343 3950 1409 3988 ex
1437 3945 1592 3990 utero
1621 3946 1860 3994 materno
1913 3958 2011 3994 nu-

467 4012 567 4067 dus
601 4015 837 4081 veniens,
871 4017 1001 4071 nihil
1037 4020 1215 4073 habui.
1276 4021 1375 4087 Qui
1431 4024 1614 4078 habuit
1666 4027 1809 4081 dedit
1855 4030 2008 4096 tnihi,

470 4104 727 4155 mutnavit
761 4107 927 4159 utenti
966 4108 1115 4173 mihi,
1150 4111 1366 4164 abstulit
1397 4127 1515 4180 qua:
1564 4128 1657 4167 sua
1687 4126 1845 4183 sunt;
1878 4120 2009 4174 nihil

466 4194 693 4258 perdidi,
717 4197 808 4248 sed
836 4199 1035 4265 gratias
1055 4215 1155 4269 ago
1182 4204 1461 4264 mutuanti,
1489 4218 1616 4258 usus
1648 4206 1729 4259 his
1747 4222 1864 4275 quae
1887 4211 2007 4263 data

467 4295 590 4337 sunt
618 4286 773 4347 mihi,
795 4297 848 4341 et
879 4290 1134 4344 cenﬁteor
1165 4292 1429 4361 largitori,
1467 4295 1649 4349 dicens
1680 4313 1694 4348 :
1750 4297 2005 4355 Dominus

463 4374 627 4437 dedit,
657 4386 703 4427 et
737 4376 982 4432 Dominus
1004 4382 1402 4446 abstulit;sicut
1432 4384 1655 4440 Domino
1687 4388 1902 4454 placuit,
1930 4393 2003 4444 ita

463 4458 659 4526 factum
689 4472 780 4514 est.
815 4462 1025 4520 Placuit
1055 4480 1206 4524 antea
1235 4482 1293 4524 ut
1330 4474 1506 4536 daret,
1545 4474 1746 4541 placuit
1778 4493 1919 4530 nunc
1946 4492 2002 4532 ut

463 4564 650 4603 rursus
676 4551 927 4607 auferret.
964 4556 1109 4611 Sicut
1165 4561 1384 4615 Domino
1424 4565 1640 4630 placuit,
1672 4568 1745 4618 ita
1797 4567 1991 4632 factum

459 4646 558 4691 est.
605 4638 774 4693 Omne
826 4647 963 4711 quod
1000 4646 1106 4701 Deo
1162 4651 1420 4719 placuerit
1450 4656 1647 4709 bonum
1701 4665 1803 4720 est,
1835 4673 1998 4712 omne

459 4730 602 4796 quod
632 4730 854 4785 Domino
904 4735 1162 4802 placuerit
1208 4742 1410 4809 justum
1441 4754 1541 4799 est.
1594 4746 1797 4801 Placuit
1830 4748 1905 4802 illi
1939 4759 1995 4803 ut

459 4818 633 4882 daret,
668 4818 803 4873 bene
824 4822 1040 4887 placuit.
1071 4826 1276 4882 Placuit
1304 4831 1376 4884 illi
1424 4833 1705 4889 identidem
1738 4846 1793 4889 ut
1814 4837 1995 4893 aufer-

458 4916 559 4970 ret,
580 4906 724 4974 jusle
752 4908 966 4976 placuit.
1000 4912 1402 4975 SicutDomino
1441 4922 1654 4989 placuit,
1692 4926 1767 4978 ita
1794 4927 1994 4994 factum

455 5008 552 5052 est.
578 4998 819 5062 Quandiu
848 5000 922 5053 illi
957 5004 1149 5069 placuit
1183 5008 1461 5066 habuimus
1483 5053 1499 5079 ,
1550 5018 1762 5083 quando
1798 5020 1995 5086 placuit

454 5087 503 5141 ei
536 5105 640 5142 non
670 5090 946 5144 habemus.
975 5091 1118 5147 Sicut
1153 5095 1371 5152 Domino
1423 5103 1640 5168 placuit,
1682 5107 1754 5159 ita
1796 5107 1992 5175 factum

451 5189 546 5235 est.
582 5180 808 5247 Quando
860 5182 1178 5249 habuimus,
1212 5203 1315 5241 non
1367 5203 1647 5260 propterea
1679 5207 1864 5251 nostra
1896 5199 1993 5250 ha-

454 5270 684 5335 buimus,
714 5272 806 5327 sed
841 5272 1047 5326 Domini
1079 5295 1091 5328 :
1119 5284 1315 5330 etcum
1356 5283 1702 5348 perderemus
1758 5288 1935 5340 omnia
1967 5327 1984 5353 ,

454 5374 557 5412 non
592 5364 804 5429 propria
833 5361 1180 5431 perdidimus,
1213 5368 1304 5421 sed
1325 5369 1540 5424 abstulit
1568 5388 1682 5440 qua:
1707 5390 1799 5429 sua
1832 5386 1988 5430 erant

455 5448 725 5514 Dominus,
761 5450 907 5505 Sicut
932 5451 1149 5508 Domino
1175 5455 1397 5523 placuit,
1422 5460 1495 5513 ita
1527 5462 1722 5529 factum
1747 5475 1843 5527 est,
1876 5466 1985 5520 sic-

460 5544 517 5590 ut
550 5540 802 5599 Dominus
864 5544 1052 5610 voluit,
1098 5546 1238 5602 sicut
1301 5551 1520 5607 Domino
1554 5554 1770 5622 placuit.
1816 5555 1987 5610 Omne

527 5714 572 5747 ¹³
612 5716 747 5773 Psal.
782 5739 925 5789 xxix,
955 5722 1005 5779 6.
1076 5725 1121 5758 ⁵⁸
1163 5725 1297 5783 Psal.
1340 5746 1486 5798 xcttt,
1518 5731 1599 5787 12.
1675 5731 1721 5765 ⁵⁸
1746 5733 1863 5789 Act.
1896 5748 1963 5791 tv.
1995 5737 2076 5790 12.

2117 3317 2421 3376 susceperat
2455 3308 2705 3373 reddidit,
2733 3309 3141 3365 intaminatum
3182 3317 3418 3371 remisit
3462 3334 3618 3387 quem
3648 3323 3716 3373 vi-

2116 3412 2239 3451 vum
2271 3398 2524 3465 suscepit.
2559 3397 2694 3461 Hoc,
2727 3399 2979 3467 inquam,
3029 3418 3253 3459 nomen
3294 3406 3521 3463 Domini
3569 3412 3716 3465 bene

2118 3488 2316 3541 dictum
2342 3487 2395 3541 in
2424 3487 2641 3540 saecula.
2676 3485 2792 3543 Hoc
2815 3505 3021 3546 nomen
3056 3497 3220 3560 quod
3274 3502 3445 3568 pauci
3475 3517 3541 3555 ex
3590 3504 3718 3571 prio-

2115 3578 2258 3631 ribus
2280 3586 2638 3646 agnoverunt,
2669 3582 3016 3646 posteriores
3050 3600 3197 3640 vero
3230 3604 3439 3647 omnes
3490 3609 3721 3663 suscepe-

2113 3677 2253 3720 runt.
2284 3666 2393 3721 Hoc
2426 3684 2617 3722 nomen
2651 3672 2717 3724 de
2752 3686 2860 3739 quo
2889 3673 3096 3729 dicunt
3133 3684 3335 3735 sancti
3386 3700 3454 3737 ex
3505 3702 3717 3754 persona

2111 3757 2202 3811 Dei
2230 3775 2244 3811 :
2270 3755 2432 3812 Vobis
2453 3760 2543 3827 qui
2576 3761 2780 3815 timetis
2809 3778 3017 3818 nomen
3051 3783 3254 3823 meum
3313 3778 3722 3845 cognominant.

2113 3856 2197 3900 tur
2218 3861 2412 3901 novum
2443 3864 2635 3903 nomen
2665 3854 2811 3920 quod
2868 3853 3261 3915 benedicetur
3292 3879 3471 3934 super
3509 3878 3717 3923 terram.

2108 3935 2174 3989 Et
2200 3937 2409 3991 adhuc:
2444 3936 2566 3992 Non
2586 3951 2661 3994 est
2690 3959 2878 3997 nomen
2913 3946 3075 4000 aliud
3105 3954 3211 4006 sub
3241 3959 3383 4009 coelo
3431 3960 3620 4014 datum
3638 3963 3723 4014 Ito-

2107 4026 2325 4081 minibus
2353 4029 2409 4082 in
2433 4045 2536 4098 quo
2563 4041 2797 4098 oporteat
2825 4051 2922 4089 nos
2952 4040 3139 4095 salvos
3166 4046 3305 4111 ﬁeri
3336 4049 3417 4103 ³⁸.
3466 4051 3601 4117 Hoc,
3656 4054 3722 4106 in-

2106 4129 2293 4198 quam,
2317 4133 2509 4173 nomen
2536 4119 2751 4175 Domini
2804 4127 2881 4179 sit
2930 4128 3312 4191 benedictum
3373 4141 3437 4195 in
3488 4144 3720 4199 saecula:

2106 4208 2251 4273 quod
2276 4209 2412 4260 iram
2446 4211 2666 4277 avertit,
2692 4216 2837 4281 quod
2863 4220 3240 4281 maledictum
3298 4234 3542 4290 abstulit
3568 4247 3722 4305 atque

2106 4299 2333 4361 remisit,
2374 4300 2511 4365 quod
2534 4302 2807 4358 daemones
2833 4313 3061 4367 terruit.
3096 4316 3221 4373 lloc
3270 4338 3485 4379 nomen
3520 4299 3718 4382 Dom-itii

2105 4386 2175 4440 sit
2198 4388 2534 4442 benedictum
2569 4391 2620 4443 in
2646 4395 2863 4449 saecula.
2896 4399 2984 4453 Sit
3017 4404 3397 4467 benedictum
3438 4419 3493 4470 in
3521 4420 3718 4487 angelis

2105 4484 2159 4529 et
2191 4478 2242 4530 in
2274 4477 2607 4545 hominibus,
2635 4483 2686 4535 in
2719 4485 3043 4546 caelestibus
3076 4497 3433 4569 virtutibus,
3462 4508 3516 4560 in
3563 4477 3717 4578 spiri-

2105 4568 2242 4620 tibus
2273 4569 2505 4634 atquein
2540 4575 2792 4629 omnibus
2817 4576 3101 4644 justorum
3132 4568 3479 4662 animabus,
3506 4600 3560 4651 in
3584 4568 3712 4667 gen-

2097 4657 2235 4710 tibus
2257 4667 2309 4711 et
2342 4659 2393 4711 in
2417 4664 2675 4720 omnibus
2704 4668 2946 4723 ﬁdelium
3001 4657 3614 4750 congregationibus.-
3632 4693 3709 4745 Sit

2100 4764 2280 4801 nomen
2303 4749 2513 4805 Domini
2542 4756 2891 4816 benedictum.
2937 4749 3262 4839 Quousque,
3331 4792 3436 4833 aut
3470 4784 3705 4849 quandiu

2096 4839 2167 4892 sit
2198 4840 2581 4902 benedictum?
2619 4851 2686 4909 In
2723 4856 2939 4921 sa’cula,
2976 4859 3172 4930 inquit,
3217 4865 3275 4918 in
3339 4839 3512 4924 linem
3560 4888 3693 4941 pra:-

2099 4931 2264 4983 sentis
2287 4941 2357 5034 ei
2375 4932 2427 4987 in
2464 4937 2635 5000 initio
2673 4950 2866 5006 inﬁniti
2890 4950 3036 5007 illius
3070 4956 3282 5010 saeculi.
3324 4960 3439 5027 sn,
3481 4931 3695 5034 inquit,

2098 5022 2539 5119 .nomen-‘Domini
2574 5039 2922 5103 benedictum
2954 5047 3007 5099 in
3054 5046 3350 5104 animabus
3392 5064 3693 5119 castorum,

2096 5112 2150 5161 in
2189 5112 2442 5209 cordibus
2475 5124 2814 5207 piorum,'m
2840 5138 3103 5196 mentibus
3150 5135 3588 5209 religiosorum,
3640 5146 3688 5199 in

2096 5199 2316 5306 ecclesia
2350 5220 2724 5306 sanctorum,
2754 5238 2809 5294 in
2831 5230 3233 5306 congregatione
3268 5233 3697 5287 verissimorum

2091 5287 2187 5388 Dei
2214 5290 2587 5373 famulorum,
2630 5287 2724 5388 su,
2752 5287 3171 5392 nomenthimini
3202 5318 3558 5377 benedictum
3584 5339 3677 5379 non

2090 5393 2145 5504 ιιι
2172 5389 2421 5504 timppre
2463 5389 2956 5504 (ιίηιρηεοςιῖίιυθ
3007 5421 3215 5476 statuto,
3240 5412 3337 5465 sed
3385 5414 3441 5467 in
3475 5418 3679 5470 saecula.

2089 5467 2146 5523 In
2172 5482 2393 5554 sarcula,
2436 5490 2652 5573 inqu“
2693 5467 3167 5599 ζνζξῖρι-εεειὶιί
3193 5502 3388 5557 saeculo
3425 5522 3589 5571 usque
3626 5509 3672 5560 in

2094 5559 2251 5599 ﬁnnn‘
2302 5571 2421 5599 οι...-
2460 5584 2474 5597 -
2664 5561 2685 5590 ³
3166 5598 3169 5599 ⁷
3221 5590 3243 5599 ⁸
3288 5588 3299 5599 ³
3608 5598 3611 5599 ⁷

2094 5559 2196 5617 ﬁne
2333 5571 2345 5582 -
2460 5584 2474 5597 .
2528 5559 2685 5590 ""9
2716 5559 2832 5588 aut:
2859 5559 2909 5587 ιιι
2931 5559 3172 5610 γιον-νων.
3288 5588 3299 5600 .
3472 5559 3483 5561 ἡ
3509 5559 3521 5571 ,
3573 5559 3668 5610 ,

2201 5580 2276 5634 ω’
2302 5584 2425 5634 Sive
2460 5601 2526 5648 ιη
2577 5602 2794 5683 ίυιιιτο
2835 5616 3023 5686 sautio
3049 5604 3135 5663 illo
3164 5590 3368 5653 illiillth
3419 5605 3576 5664 atque
3605 5613 3681 5651 ιιι-
