3916 6466
1384 488 1750 548 ANONYMUS
1783 491 1851 546 1N
1886 491 2022 549 JOB.
2060 521 2126 531 —
2156 490 2282 546 LIB.
2322 489 2361 544 1.
3351 495 3454 551 416

56 438 268 643 /
1384 488 1750 548 ANONYMUS
1783 491 1851 546 1N
1886 491 2022 549 JOB.
2060 521 2126 531 —
2156 490 2282 546 LIB.
2322 489 2361 544 1.
3351 495 3454 551 416

137 581 442 684 /ﬂclenti.
487 595 594 654 Sit
641 620 886 671 nam".
919 617 1158 677 υοπιεηε
1184 626 1503 680 δεηεαεεωηι
1533 629 1587 680 δη
1607 629 1819 684 πενία.
1852 619 1890 670 Α
1923 609 2009 676 qui
2037 608 2089 662 in
2121 608 2317 661 mundo
2337 617 2463 662 sunt
2493 616 2762 672 statuens,
2794 606 2960 661 dicit:
2992 605 3058 661 In
3086 609 3318 664 omnibus
3340 628 3458 677 qua:

74 687 190 796 lg
213 687 548 796 (Ἣξῗῗξῖο,
583 693 833 769 inquit,
873 711 954 764 ad
987 721 1212 783 tempus
1263 715 1386 783 ιἠῑιν
1418 717 1498 770 [ex
1532 731 1698 785 usque
1758 718 1822 770 ad
1921 698 1968 750 ei
1995 697 2293 750 acciderunt
2321 697 2452 750 nihil
2483 697 2713 764 peccavit
2761 695 2884 749 Job.
2921 695 3242 750 Acciderunt
3297 713 3343 750 et
3377 701 3456 752 div

91 741 190 830 νβ
213 741 238 754 ⁷
305 770 315 783 ,
418 775 431 788 .
494 741 548 757 ’ν
588 741 833 769 ““ι“···’›
873 741 954 764 ευ
990 741 1212 783 tempus
1263 741 1386 783 tult,
1418 741 1496 770 rex
1532 741 1698 785 usque
1758 741 1822 770 au
1922 741 1966 750 ν’
1995 741 2290 750 ἠν-’νηη-
2321 741 2451 750 --ν-’ν
2483 741 2711 764 ι-νν--νπ
2761 741 2884 749 *π’
2921 741 3242 750 --νν--ν---η
3299 741 3343 750 ν·
3378 741 3426 752 ν-

91 787 168 874 t.‘
183 773 590 874 Αηωὰιιιθω
622 794 943 862 temporis
998 801 1127 859 ταδί,
1164 805 1450 873 postquam
1481 807 1624 859 νρηίι
1657 805 1824 874 mem-
1922 788 2080 848 vitim,
2107 796 2159 840 et
2191 787 2379 856 gloria,
2409 788 2499 840 sed
2553 786 2688 839 nihil
2751 792 3008 853 peccavit,
3052 799 3155 838 non
3207 787 3345 838 enim
3376 798 3456 840 est

333 875 627 942 temporis
670 839 852 940 misit
910 839 1624 962 Βείιέηέἰῖἰζέιψὲιίζηζᾜῖ
1657 839 1824 962 iga...
1923 876 2090 932 elatus
2120 877 2171 928 in
2191 839 2530 962 superbiam.
2559 839 2767 928 Accidii
2798 875 2848 928 ei
2892 839 3146 942 splendor
3172 883 3226 928 et
3252 875 3456 937 laetitia,

135 941 244 1065 ζα
259 961 460 1050 ρὶεηῑι,
514 976 578 1022 et
601 976 871 1040 gratiam
906 982 1326 1046 demonstravit,
1361 994 1415 1039 ει
1454 941 1646 1038 “osum
1696 941 1825 1036 i711;
1925 965 2017 1020 sed
2049 980 2150 1020 nec
2183 941 2468 1033 quidquam
2488 952 2758 1032 peccavit.
2807 941 2933 1016 Non,
2947 964 3086 1017 enim
3133 974 3215 1018 est
3261 963 3458 1017 oblitus

183 1056 622 1145 gemedictionis
657 1063 1020 1134 impertiens
1047 1074 1256 1127 cunctis
1282 1075 1332 1127 in
1361 1083 1616 1142 perpetuo
1645 1081 1828 1141 Ρθιθη·

216 1166 362 1225 mus
393 1152 656 1206 tradidit.
710 1153 804 1210 Sit
837 1175 1042 1214 nomen
1067 1161 1275 1215 Domini
1302 1162 1619 1215 benedictum
1637 1163 1694 1214 in
1731 1177 1830 1214 sat-

236 1251 378 1310 eula.
415 1243 634 1299 Nomen
662 1245 897 1302 Domini
928 1251 1009 1304 ait
1037 1252 1184 1314 boni,
1218 1251 1601 1314 misericordis,
1625 1251 1831 1319 patien-

253 1346 342 1401 tis.
367 1336 616 1406 benigni,
649 1336 1104 1394 clementissimi.
1134 1340 1216 1394 Sit
1263 1355 1454 1394 nomen
1489 1341 1697 1394 Domini
1738 1341 1828 1394 be~

253 1430 552 1491 nedictum,
576 1427 672 1496 qui
701 1428 1146 1484 benedictionem
1205 1431 1486 1483 seminavit
1516 1467 1531 1494 ,
1585 1433 1830 1499 produxit

248 1528 421 1589 atque
454 1517 726 1572 ostendit.
762 1517 852 1572 Sit
889 1535 1084 1574 nomen
1123 1520 1327 1574 Domini
1353 1521 1709 1582 benedictum,
1743 1522 1831 1590 qui

232 1616 454 1663 cuncta
485 1609 626 1662 bene
651 1607 897 1676 perlicit,
928 1610 1021 1677 qui
1043 1621 1230 1664 cuncta
1258 1612 1393 1665 bona
1425 1611 1686 1665 universis
1709 1625 1830 1678 pro-

232 1699 426 1759 videt,
463 1698 556 1764 qui
600 1698 764 1760 bene,
825 1699 1026 1767 inquit,
1063 1700 1188 1752 mihi
1241 1715 1482 1768 magnam
1527 1701 1831 1767 patientiam

215 1799 427 1857 atque
451 1788 798 1842 tolerantiam
831 1789 1177 1852 condonavit,
1209 1798 1267 1841 ut
1293 1799 1540 1856 tanquam
1565 1803 1749 1842 aurum
1782 1790 1832 1841 in

215 1881 490 1936 fornace
515 1883 799 1949 probatus,
825 1882 1122 1949 perspicuae
1145 1881 1282 1943 tidei,
1310 1880 1596 1935 tolerantiae
1627 1895 1834 1949 quoque

1928 1056 2167 1109 timorem
2207 1054 2438 1114 Domini,
2489 1069 2660 1122 neque
2691 1054 2986 1121 dereliquit
3037 1055 3454 1108 misericordia-ni

1927 1159 1989 1198 ac
2015 1145 2430 1198 miserationem.
2461 1143 2589 1196 Post
2625 1143 2738 1196 haec
2765 1143 3009 1197 videlicet
3033 1143 3222 1198 accidit
3243 1144 3291 1197 ei
3325 1158 3458 1212 pau-

1927 1242 2104 1301 pertas
2130 1249 2193 1288 ac
2222 1233 2456 1297 miseria,
2487 1232 2580 1286 sed
2610 1231 2739 1286 nihil
2781 1233 3021 1299 peccavit
3052 1232 3170 1298 Job,
3201 1234 3324 1300 quia
3354 1249 3458 1286 non

1929 1321 2315 1389 blasphemavit
2337 1322 2576 1375 omnium
2625 1321 3009 1375 dominantem.
3059 1321 3266 1376 Accidit
3290 1322 3340 1375 ei
3365 1322 3461 1375 do-

1929 1410 2030 1472 lor,
2061 1420 2114 1464 et
2143 1411 2314 1477 plaga,
2346 1420 2398 1464 et
2429 1424 2635 1464 vermes
2660 1419 2713 1464 ct
2739 1413 2960 1480 putredo
2988 1429 3002 1464 :
3038 1411 3129 1464 sed
3181 1410 3312 1463 nihil
3337 1425 3462 1479 pec-

1929 1501 2069 1554 cavit
2096 1500 2273 1566 justus
2303 1499 2414 1554 ille.
2471 1498 2603 1553 Nam
2649 1515 2770 1553 cum
2819 1501 3112 1568 gratiarum
3165 1498 3462 1552 actionibus

1930 1591 2271 1644 vehementes
2300 1589 2415 1642 illos
2463 1589 2716 1642 sustinuit
2767 1590 2998 1642 dolores.
3035 1587 3306 1642 Veraciter
3331 1603 3462 1654 ergo

1931 1678 2118 1732 scribit
2147 1693 2364 1748 magnus
2413 1678 2500 1732 ille
2534 1678 2743 1749 Moyses
2772 1679 2837 1731 de
2857 1677 2979 1742 Job,
3006 1687 3060 1732 et
3091 1678 3352 1732 veraciter
3379 1677 3463 1730 di-

1931 1769 2050 1822 cit:
2103 1767 2172 1821 In
2203 1769 2436 1821 omnibus
2483 1783 2598 1837 qua:
2653 1770 2702 1820 ei
2733 1769 3032 1820 acciderunt
3068 1767 3194 1820 nihil
3240 1767 3465 1835 peccavit

1933 1856 2052 1920 Job,
2082 1873 2242 1928 neque
2273 1859 2326 1911 in
2353 1867 2623 1925 conspectu
2652 1855 2857 1908 Domini
2895 1873 3052 1924 neque
3077 1857 3132 1908 in
3159 1857 3309 1908 labiis
3335 1856 3463 1910 suis.

209 1981 434 2039 atque
458 1971 734 2038 patientia:
762 1945 994 2023 formam
1022 1969 1228 2022 cunctis
1247 1945 1833 2036 subsequenteriosten-

1946 1949 2067 2012 Quid
2088 1958 2170 2000 est
2191 1947 2331 2015 quod
2351 1947 2502 2009 dicis,
2530 1962 2562 1999 ο
2590 1961 2777 2014 magne
2805 1946 3046 2014 Moyses?
3068 1947 3194 2014 quid
3221 1955 3298 1998 est
3327 1945 3466 2012 quod

207 2061 418 2122 dam,
449 2059 631 2126 justus
655 2059 1065 2126 comprobatus,
1103 2059 1302 2112 electus
1334 2059 1722 2112 demonstratus
1752 2068 1834 2109 at-

204 2163 364 2218 que
405 2149 712 2217 probabilis
739 2161 1018 2210 ostensus,
1055 2161 1157 2200 non
1201 2147 1422 2198 Domino
1469 2146 1559 2213 qui
1586 2154 1670 2198 est
1699 2160 1833 2211 prte-

202 2239 430 2300 scius,
461 2239 560 2292 sed
596 2238 919 2292 hominibus
967 2238 1020 2289 in
1053 2235 1248 2288 mundo
1278 2234 1666 2302 ignorantibus.
1705 2233 1833 2284 Nam

202 2327 526 2397 ιιι-παίω
559 2326 832 2378 Dominus
862 2325 1026 2377 etiam
1064 2332 1188 2376 ante
1227 2321 1487 2389 passionis
1510 2321 1716 2372 initium
1753 2329 1834 2371 tu-

229 2417 513 2471 arantite
551 2417 768 2470 sciebat
794 2415 1019 2468 exitum.
1052 2413 1240 2467 Merito
1270 2409 1625 2464 testimonium
1661 2408 1839 2477 perhi-

201 2510 402 2572 Juit,
433 2509 530 2577 qui
565 2508 639 2560 ob
675 2508 780 2560 hoc
810 2507 979 2574 ipsam
1007 2504 1352 2557 tentationem
1381 2498 1646 2568 permisit,
1679 2507 1735 2549 ut
1757 2497 1838 2550 bis

203 2600 340 2668 qui
386 2600 439 2652 in
487 2597 703 2652 mundo
750 2591 878 2650 sunt
929 2589 1591 2667 comprobareturjustus.
1624 2586 1728 2640 Pro
1754 2587 1839 2639 bis

205 2704 396 2758 ergo
423 2688 693 2741 omnibus
734 2685 808 2737 sit
837 2697 1032 2736 nomen
1063 2679 1268 2734 Domini
1303 2676 1636 2730 benedictum
1661 2676 1710 2726 in
1739 2689 1838 2728 sae-

206 2780 405 2834 cula.
432 2776 564 2830 Haec
589 2774 884 2828 audientes
904 2770 1286 2834 subsequentet
1320 2764 1480 2817 etiam
1516 2761 1683 2814 sancti
1718 2775 1842 2828 pro-

208 2872 442 2940 phetae
471 2881 501 2918 a
542 2866 715 2918 beato
745 2860 848 2915 Job
879 2857 1056 2913 edocti
1101 2856 1384 2910 dixerunt:
1417 2849 1494 2904 Sit
1521 2865 1703 2940 nomen
1731 2848 1838 2940 Do-

211 2938 394 3012 issisti
418 2955 767 3010 benedictum
794 2965 858 3004 ea:
878 2949 974 3001 hoc
998 2960 1133 2999 nunc
1161 2953 1208 2997 et
1238 2956 1398 3011 usque
1427 2941 1481 2992 in
1502 2939 1748 2992 saxulum
1771 2938 1836 2990 ⁵⁸.

216 3049 415 3103 Sicut
443 3047 604 3101 enim
639 3039 913 3095 mirabilis
965 3035 1067 3090 Job
1110 3048 1232 3087 cum
1263 3031 1471 3086 dolores
1505 3029 1792 3082 sustineret
1820 3065 1836 3089 ,

221 3151 460 3193 nomen
487 3131 721 3187 Domini
752 3125 1046 3188 benedixit,
1071 3123 1142 3175 ita
1172 3131 1228 3174 et
1255 3119 1392 3173 beati
1422 3117 1688 3186 prophetae
1715 3127 1839 3182 per-

217 3227 586 3282 secutiones
614 3232 674 3276 et
697 3220 916 3274 dolores
947 3216 1274 3270 sustinentes
1325 3209 1614 3272 terribiles,
1647 3221 1840 3261 nomen

222 3315 476 3371 Domini
513 3310 950 3367 benedixerunt.
975 3305 1100 3358 Post
1140 3317 1258 3372 qua:
1289 3301 1559 3362 universa,
1588 3297 1732 3352 velut
1760 3295 1842 3349 vi-

223 3408 448 3462 ctoria:
480 3404 750 3464 titulum,
778 3397 984 3468 gloriae,
1018 3410 1079 3448 ac
1109 3393 1282 3446 laudis
1316 3399 1474 3459 atque
1518 3388 1738 3444 honoris
1766 3386 1843 3439 illi

223 3506 508 3552 statuens
542 3504 796 3560 magnus
823 3487 914 3540 ille
951 3486 1160 3554 Moyses
1215 3481 1423 3543 scribit,
1466 3494 1530 3532 ac
1560 3478 1727 3532 dicit:
1779 3480 1846 3528 1n

224 3585 333 3637 his
373 3599 503 3652 ergo
535 3579 800 3634 omnibus
818 3589 935 3643 quae
956 3574 1002 3624 ei
1021 3570 1338 3630 acciderunt,
1358 3585 1458 3620 non
1477 3567 1699 3636 peccavit
1724 3565 1842 3630 Job,

227 3691 423 3744 neque
463 3675 522 3725 in
576 3674 873 3733 conspectu
900 3661 1133 3723 Domini,
1182 3674 1340 3728 neque
1370 3658 1426 3710 in
1459 3657 1610 3709 labiis
1641 3655 1748 3708 suis
1769 3655 1840 3706 ⁸⁷.

227 3765 304 3819 In
329 3742 428 3820 vbis
452 3760 763 3818 omnibus,
793 3752 986 3820 inquit,
1026 3759 1132 3803 tam
1167 3747 1430 3816 plurimis,
1470 3753 1577 3796 tam
1620 3742 1845 3812 magnis,

227 3867 378 3911 tam
411 3849 787 3924 periculosis,
833 3853 1046 3910 tamque
1089 3837 1416 3892 terribilibus
1467 3849 1532 3887 ac
1565 3835 1850 3887 vehemen-

225 3922 513 4007 tissimis,
542 3944 606 3995 in
646 3934 908 3992 omnibus
954 3930 1142 4000 primis
1166 3943 1230 3982 ac
1272 3925 1599 3987 novissimis,
1633 3922 1847 3990 majori-

226 4035 364 4089 bus
389 4049 446 4088 ac
470 4025 818 4085 minoribus
839 4035 958 4090 quae
976 4019 1189 4074 luerunt
1205 4025 1330 4070 ante
1353 4016 1580 4084 plagam,
1613 4016 1663 4068 iu
1689 4015 1852 4068 omni-

223 4121 365 4176 bus
399 4111 854 4178 miserabilibus,
879 4107 1134 4177 gravibus
1160 4118 1376 4173 quoque
1401 4111 1456 4156 et
1480 4111 1706 4155 mentem
1735 4115 1852 4170 per-

229 4208 658 4270 turbantibus,
694 4197 993 4268 praecordia
1018 4191 1463 4264 perterrentibus.
1492 4188 1549 4242 In
1579 4189 1664 4242 his
1684 4189 1853 4242 omni-

223 4299 394 4354 bus.
442 4296 603 4353 Nam
641 4291 753 4344 nisi
803 4295 986 4341 essent
1035 4283 1263 4352 plurima
1301 4289 1356 4334 et
1419 4294 1632 4347 magna,
1692 4286 1854 4346 atque

227 4388 573 4450 terribilia,
608 4396 724 4436 non
760 4378 951 4445 utique
986 4373 1213 4427 dixisset
1265 4369 1319 4423 in
1353 4368 1436 4422 his
1465 4368 1712 4421 omnibus
1737 4381 1855 4435 quae

220 4478 291 4532 ei
327 4476 716 4532 acciderunt,
771 4476 1026 4532 tanquam
1067 4462 1111 4516 si
1138 4461 1344 4514 diceret
1376 4476 1390 4511 :
1430 4457 1558 4522 Quis
1615 4470 1798 4524 regum
1824 4471 1852 4507 a

1935 2036 2189 2104 loqueris,
2224 2051 2382 2105 neque
2419 2037 2472 2088 in
2503 2047 2778 2103 conspectu
2827 2036 3067 2097 Domini,
3099 2051 3260 2103 neque
3291 2037 3344 2088 in
3391 2035 3470 2088 la-

1934 2127 2029 2178 biis
2058 2126 2357 2194 suis?Ego,
2389 2127 2582 2194 inquit,
2617 2126 2818 2194 absque
2852 2126 3130 2178 mendacio
3179 2126 3387 2192 loquor,
3416 2135 3470 2177 ct

1929 2215 2074 2284 juste
2102 2217 2309 2284 loquor.
2335 2215 2390 2268 lu
2418 2225 2702 2284 conspectu
2727 2216 2867 2268 enim
2907 2215 3112 2268 Domini
3137 2230 3241 2268 non
3276 2228 3467 2281 pecca-

1933 2307 2031 2367 vit,
2064 2295 2162 2360 boc
2186 2315 2286 2368 est,
2319 2307 2369 2358 in
2409 2306 2599 2359 animae
2629 2307 2898 2368 consiliis,
2949 2319 3118 2373 neque
3163 2304 3214 2357 in
3271 2309 3474 2371 cogita-

1946 2396 2195 2459 tionibus,
2220 2410 2394 2463 neque
2427 2395 2478 2447 in
2526 2396 2928 2449 tractationibus
2974 2395 3172 2448 cordis.
3209 2393 3303 2448 His
3328 2394 3472 2448 enim

1936 2486 2204 2549 observat,
2262 2495 2316 2539 et
2361 2485 2460 2538 ista
2499 2485 2719 2554 respicit
2769 2485 2929 2538 facies
2976 2485 3204 2548 Domini,
3235 2499 3355 2552 quae
3406 2484 3459 2536 in

1937 2576 2098 2630 corde
2123 2575 2421 2642 cogitantur
2451 2582 2613 2641 atque
2657 2582 2971 2635 tractantur,
2998 2572 3152 2640 juxta
3186 2573 3291 2626 hoc
3335 2571 3474 2639 quod

1939 2666 2136 2719 dictum
2173 2673 2254 2718 est
2295 2682 2308 2717 :
2365 2662 2485 2715 Non
2529 2665 2660 2716 sicut
2704 2664 2839 2716 videt
2894 2663 3068 2726 homo,
3125 2663 3260 2715 videt
3322 2663 3474 2723 Deus,

1937 2754 2024 2808 sed
2088 2756 2236 2806 homo
2285 2754 2418 2806 videt
2485 2753 2540 2804 in
2596 2753 2765 2819 facie,
2843 2759 2898 2803 et
2967 2765 3069 2803 non
3127 2751 3179 2804 in
3267 2753 3472 2804 corde:

1940 2843 2079 2897 Deus
2117 2857 2285 2896 autem
2329 2843 2462 2894 videt
2509 2842 2564 2894 in
2623 2843 2774 2893 corde
2832 2841 2915 2904 ⁸⁸,
2973 2849 3025 2894 ει
3053 2842 3104 2894 in
3142 2841 3279 2894 facie
3322 2850 3377 2894 et
3421 2841 3476 2894 in

1951 2935 2386 3004 cogitationibus,
2417 2942 2575 3000 atque
2608 2933 2659 2983 in
2693 2930 2821 2994 ipsis
2849 2931 3025 2983 cordis
3059 2931 3315 2984 consiliis.
3339 2929 3478 2985 Istas

1942 3024 2146 3078 scilicet
2173 3023 2350 3076 cordis
2393 3020 2745 3088 cogitationes
2773 3061 2787 3083 ,
2823 3017 3045 3073 consilia
3075 3033 3286 3087 quoque
3316 3027 3479 3086 atque

1943 3121 2199 3165 tractatus
2231 3111 2534 3178 designans,
2565 3109 2696 3162 dicit
2725 3124 2738 3160 :
2770 3122 2927 3176 neque
2971 3107 3025 3160 in
3075 3118 3345 3175 conspectu
3378 3106 3483 3158 Do-

1944 3198 2088 3253 mini.
2118 3196 2286 3250 Verba
2315 3206 2492 3249 autem
2520 3204 2574 3248 et
2597 3194 2810 3260 eloquia
2856 3195 3226 3248 demonstrans
3252 3213 3266 3248 :
3298 3210 3477 3262 neque,

1946 3287 2138 3355 inquit,
2167 3287 2222 3339 in
2253 3285 2402 3338 labiis
2426 3285 2554 3349 suis,
2581 3299 2644 3338 ac
2673 3284 2716 3338 si
2749 3285 2978 3338 diceret:
2997 3283 3183 3338 Omnia
3213 3299 3330 3352 quae
3357 3299 3482 3351 pro-

1943 3384 2207 3430 venerunt
2234 3375 2304 3437 ei,
2333 3374 2404 3428 ita
2437 3374 2694 3428 sustinuit
2725 3372 2824 3428 Job
2851 3383 2904 3428 et
2931 3374 3002 3426 ita
3031 3373 3360 3440 supportavit
3381 3411 3398 3436 ,
3425 3379 3484 3425 ut

1944 3481 2041 3520 nec
2074 3467 2126 3518 in
2155 3464 2327 3519 verbis
2357 3463 2617 3518 labiorum
2646 3462 3044 3531 blasphemaret
3073 3462 3234 3514 Deum
3266 3499 3281 3526 ,
3309 3474 3483 3530 neque

1946 3555 1996 3610 in
2039 3553 2229 3610 cordis.
2262 3551 2677 3620 cogitationibus
2726 3549 3186 3618 reprehenderet,
3228 3562 3400 3618 neque
3431 3548 3484 3601 in

1945 3643 2136 3700 animae
2180 3641 2417 3695 consiliis
2449 3638 2710 3706 culparet.
2743 3638 3021 3704 Quomodo
3061 3637 3256 3691 malum
3286 3639 3489 3707 cogita-

1947 3745 2095 3786 turus
2127 3740 2245 3788 erat
2273 3729 2374 3782 Job
2410 3727 2462 3782 in
2511 3729 2672 3783 corde
2720 3743 2816 3781 suo
2854 3730 3111 3782 adversus
3158 3727 3321 3780 Deum
3346 3766 3363 3792 ,
3395 3726 3486 3795 qui

1947 3839 2040 3891 pro
2069 3820 2297 3874 ﬁliorum
2328 3818 2580 3872 cordibus
2617 3831 2798 3870 curam
2823 3831 3035 3885 gerens,
3068 3816 3232 3868 dixit:
3254 3815 3335 3868 Ne
3357 3815 3489 3883 forte

1945 3911 2041 3978 ﬁlii
2073 3909 2170 3961 mei
2216 3907 2272 3959 in
2320 3906 2559 3958 cordibus
2598 3905 2705 3957 suis
2751 3903 2877 3956 mali
2914 3903 3112 3972 aliquid
3152 3903 3488 3970 cogitaverim
3552 3953 3565 3964 ,

1948 4001 2191 4053 adversus
2213 3997 2378 4050 Deum
2399 3996 2444 4026 "
2476 3993 2634 4048 ?Non
2671 3994 2932 4062 peccavit,
2962 3994 3147 4060 inquit,
3181 3993 3232 4045 iu
3263 4007 3490 4060 conspe-

1949 4100 2034 4143 ctu
2069 4089 2296 4150 Domini,
2324 4086 2484 4140 corde
2532 4083 2670 4138 male
2713 4083 3014 4150 cogitando,
3049 4097 3223 4151 neque
3251 4083 3302 4134 in
3335 4080 3492 4134 labiis

1952 4177 2081 4240 suis,
2116 4175 2300 4229 illicita
2337 4171 2624 4240 loquendo.
2657 4170 2829 4238 Super
2860 4171 2970 4224 haec
3007 4171 3208 4238 omnia,
3238 4167 3359 4221 Non
3401 4169 3494 4220 de-

1950 4269 2025 4321 dit
2053 4307 2068 4330 ,
2089 4267 2256 4333 inquit
2281 4306 2296 4331 ,
2331 4263 2682 4332 insipientiam
2709 4262 2839 4314 Deo.
2871 4261 3009 4326 Quid
3036 4271 3120 4314 est
3145 4263 3284 4330 quod
3316 4260 3446 4314 dicit
3471 4297 3489 4323 ,

1954 4373 2052 4410 non
2081 4356 2219 4408 dedit
2250 4353 2596 4420 insipientiam
2618 4351 2726 4404 Deo
2751 4353 2775 4406 7
2807 4352 2883 4403 Ac
2910 4351 2954 4403 si
2989 4351 3186 4403 diceret
3213 4367 3227 4403 :
3252 4347 3369 4402 Non
3394 4363 3492 4402 ex-

1953 4446 2089 4500 stitit
2113 4443 2339 4496 iulidelis
2370 4444 2497 4506 Deo,
2526 4456 2628 4493 non
2661 4441 2862 4494 exstitit
2889 4440 3136 4492 inﬁrmus
3163 4478 3179 4504 ,
3207 4453 3377 4506 neque
3403 4438 3486 4492 in-

221 4526 651 4622 ;eeulovtvalia
683 4526 825 4611 bella
851 4526 1075 4624 peregit,
1095 4564 1128 4604 ο
1153 4549 1296 4603 viri?
1323 4547 1452 4613 Quis
1473 4547 1540 4600 ab
1563 4545 1714 4598 initio
1737 4561 1857 4615 pro-
1888 4564 1930 4616 ι)
1958 4533 2185 4600 stabiliS,
2211 4547 2381 4600 neque
2407 4531 2672 4624 perﬁdus.
2709 4544 2879 4624 neque
2909 4538 3225 4624 commotus.
3259 4526 3496 4624 illan-de-

221 4671 459 4711 cerum
522 4646 854 4716 huiusmodi
893 4642 1122 4712 perfecit
1155 4638 1470 4700 victoriam,
1521 4651 1553 4690 ο
1582 4635 1854 4700 homines,

223 4739 762 4815 quemadmodum
799 4732 1133 4787 admirabilis
1167 4729 1303 4795 Job;
1349 4729 1438 4796 qui
1476 4740 1758 4794 percussus
1779 4734 1860 4779 est
1908 4778 1922 4800 .

224 4813 302 4892 et.
347 4849 470 4889 non
511 4839 609 4886 est
639 4825 987 4887 interfectus,
1010 4819 1294 4890 sagittatus
1324 4825 1406 4870 est
1429 4824 1483 4869 et
1503 4829 1606 4868 non
1633 4823 1714 4867 est
1741 4813 1859 4866 vul-

226 4937 533 4987 neratus,
568 4917 861 4974 doloribus
885 4921 969 4968 est
991 4910 1214 4966 allectus
1235 4916 1288 4963 et
1321 4921 1426 4960 non
1452 4913 1534 4958 est
1584 4903 1818 4972 deiectus
1844 4942 1860 4967 ,

235 5016 568 5076 suﬂ'ossus
599 5016 693 5068 est
728 5015 786 5060 et
823 5018 932 5061 non
969 5010 1051 5056 est
1078 5000 1382 5063 subversus,
1411 4994 1642 5050 miseriis
1675 5003 1758 5048 est
1781 4993 1862 5046 al-

228 5110 466 5164 ﬂictus
498 5113 561 5158 et
595 5113 712 5154 non
745 5103 831 5149 est
855 5089 1258 5149 comminatus?
1303 5087 1462 5142 Solus
1497 5099 1656 5153 super
1683 5098 1866 5138 omnes

230 5165 555 5262 antiquos
594 5204 666 5242 ac
700 5191 956 5254 posteros
984 5179 1269 5236 immobilis
1295 5175 1683 5248 gratiﬁceutiac,
1707 5181 1760 5226 et
1788 5183 1868 5226 to-

227 5287 546 5344 lerantia:
577 5286 750 5333 scuto
785 5287 846 5326 se
893 5269 1256 5334 circumdatis,
1307 5268 1558 5334 solusque
1616 5266 1869 5320 adversus

228 5345 623 5435 innumeros
665 5374 848 5422 stans,
893 5356 1259 5424 insuperabilis
1302 5353 1684 5426 perseveravit,
1708 5363 1868 5422 atque

228 5465 444 5520 solus
485 5459 555 5512 de
594 5447 964 5511 multitudine
992 5445 1285 5510 iniquorum
1309 5443 1584 5503 victoriam
1616 5444 1866 5511 sumpsit.

232 5554 410 5620 Hoc
439 5547 713 5603 nimirum
740 5537 1014 5598 scribens,
1049 5548 1108 5586 ac
1128 5535 1396 5602 proferens
1423 5533 1649 5602 Moyses,
1670 5539 1726 5584 et
1756 5541 1873 5584 tan-

230 5653 461 5717 quam
515 5637 820 5704 perpetem
874 5621 1078 5674 titulum
1117 5622 1166 5676 in
1217 5624 1438 5680 formam
1469 5622 1766 5677 tolerantia:
1804 5621 1869 5676 iis

339 5817 410 5851 ³⁸
441 5812 598 5880 Psal.
627 5817 780 5866 ειη,
813 5799 869 5850 2.
959 5798 1000 5830 ⁸⁷
1029 5798 1117 5860 Job
1152 5818 1188 5866 ι,
1216 5803 1305 5878 22.

1961 4625 2038 4676 dit
2065 4624 2416 4692 insipientiam
2445 4621 2574 4675 Deo.
2609 4617 2722 4673 Non
2756 4620 2896 4673 enim
2925 4619 3025 4672 fuit
3049 4619 3494 4688 quemadmodum

1961 4713 2149 4766 domus
2179 4712 2266 4764 illa
2298 4726 2416 4780 quze
2463 4724 2622 4777 super
2664 4723 2885 4761 arenam
2933 4717 3015 4762 est
3057 4706 3310 4761 fabricata
3337 4749 3353 4775 ,
3379 4723 3498 4778 qua:

1964 4817 2068 4856 non
2098 4802 2279 4855 habuit
2311 4800 2736 4862 fundamentum,
2771 4800 2872 4852 hoc
2902 4807 3003 4861 est,
3036 4798 3156 4851 tidei
3207 4806 3258 4850 et
3289 4797 3499 4865 pietatis

1967 4893 2381 4954 ﬁrmamentum,
2411 4902 2528 4955 qua:
2571 4886 2726 4940 facile
2771 4887 2942 4940 ventis
2969 4894 3023 4939 et
3051 4887 3205 4954 aquis
3234 4894 3498 4938 commota

1967 4981 2178 5035 cecidit.
2210 4979 2314 5033 Sed
2345 4993 2447 5031 non
2479 4977 2578 5030 fuit
2629 4976 2754 5030 talis
2784 4976 2977 5030 beatus
3008 4973 3129 5041 Job,
3161 4977 3254 5029 sed
3290 4976 3495 5038 ﬁrmus,

1963 5072 2170 5126 stabilis
2215 5080 2372 5138 atque
2410 5065 2695 5120 immobilis
2722 5066 2844 5120 fuit.
2886 5066 3091 5120 idcirco
3133 5066 3307 5118 omnis
3335 5066 3498 5130 impe-

1967 5173 2048 5217 tus
2070 5160 2399 5230 nequissimi,
2425 5169 2477 5213 et
2500 5158 2674 5210 omnis
2706 5157 2980 5211 inundatio
3024 5156 3216 5210 diaboli
3273 5155 3498 5208 subver-

1968 5264 2102 5317 tere,
2129 5253 2210 5305 vel
2241 5251 2474 5319 dejicere
2513 5248 2836 5302 immobilem
2865 5247 3010 5301 illum
3058 5260 3161 5299 non
3192 5248 3495 5313 potuerunt.

1967 5343 2079 5397 Hoc
2111 5344 2286 5412 itaque
2319 5342 2689 5396 demonstrans
2714 5339 2843 5394 dicit
2869 5358 2884 5392 :
2923 5336 3044 5390 Non
3067 5335 3203 5388 dedit
3250 5329 3496 5396 insipien-

1971 5436 2100 5488 tiam
2123 5433 2251 5486 Deo.
2286 5433 2434 5486 Sicut
2461 5432 2712 5496 diximus,
2744 5446 2849 5485 non
2875 5430 3079 5483 exstitit
3106 5422 3330 5480 inﬁdelis
3368 5419 3496 5481 Deo,

1975 5538 2147 5594 neque
2197 5523 2578 5594 intidigraphus
2603 5563 2620 5590 ,
2651 5537 2820 5590 neque
2865 5521 3123 5588 ingratus.
3153 5514 3256 5566 Aut
3284 5507 3456 5560 adhuc
3480 5541 3499 5568 ,

1976 5616 2169 5687 inquit,
2208 5615 2330 5671 Non
2367 5614 2508 5670 dedit
2552 5613 2894 5682 insipientiam
2939 5609 3068 5672 Deo,
3099 5617 3162 5657 ac
3193 5600 3237 5660 si
3279 5595 3505 5667 ιιὶεθΐθι.

1387 5805 1431 5837 ³⁸
1459 5802 1476 5858 Ι
1508 5801 1632 5865 Reg.
1668 5815 1777 5865 xvi,
1803 5801 1854 5855 7.
1929 5801 1972 5833 ³⁹
1997 5797 2094 5856 Iob
2121 5811 2156 5862 t,
2188 5796 2238 5852 5.
