3916 6468
434 464 535 518 ,ιη
1492 445 1864 501 ANONYMUS
1903 446 1966 500 ΙΝ

1492 445 1864 501 ANONYMUS
1903 446 1966 500 1N
2006 446 2141 500 JGB.
2179 478 2245 490 —
2281 446 2402 499 LIB.
2440 445 2507 499 ll.

3717 418 3842 472 “8

430 598 539 637 non
572 578 695 632 iecit
728 584 1005 628 sermones
1029 568 1118 623 Dei
1150 582 1323 636 neque
1352 569 1652 623 testimonia
1685 571 1799 636 ejus
1829 570 1957 623 inﬁ-
1990 576 2032 631 Α
2063 582 2274 640 propter
2302 572 2581 640 pecuniam
2606 609 2624 633 ,
2654 568 2756 622 sed
2789 573 3041 635 propter
3074 548 3835 640 dilectionemhservie-

434 671 567 723 delia
594 704 610 729 ,
642 676 810 729 neque
862 672 1190 728 supervacua
1218 699 1234 723 ,
1282 672 1455 725 neque
1508 660 1802 713 mendacia.
1837 661 1965 725 Quae

435 756 590 808 verba
632 751 744 811 Dei.
780 748 862 801 vel
887 764 1006 816 qua:
1035 749 1338 801 testimonia
1369 747 1392 799 ?
1428 747 1501 801 Ea
1535 762 1651 816 quae
1676 750 1744 801 ad
1777 750 1964 802 diabo-

434 847 536 897 lum
574 841 775 893 locutus
803 848 909 901 est,
944 838 1309 890 testimoniqu
1353 837 1681 904 perhibendo
1710 837 1827 903 Job,
1862 855 1965 892 non

434 931 558 982 fecit
579 944 641 980 ea
673 927 885 981 inﬁrma
917 926 998 979 vel
1024 940 1349 994 supervacua
1379 927 1773 980 succumbendo
1808 940 1968 996 atque

432 1018 757 1070 detrahendo
782 1054 799 1082 ,
825 1016 919 1069 sed
948 1016 1121 1070 ﬁdelia
1173 1016 1262 1069 illa
1298 1024 1455 1083 atque
1482 1016 1631 1069 ﬁrma
1659 1017 1805 1081 fecit,
1845 1034 1963 1072 cum

432 1106 721 1174 gratiarum
773 1106 981 1161 actione
1009 1104 1317 1158 suﬁ‘erendo
1348 1116 1541 1159 cuncta
1579 1107 1680 1160 sibi
1725 1109 1968 1162 acciden-

434 1196 524 1251 tia.
558 1195 744 1249 Merito
776 1210 902 1262 ergo
927 1195 1054 1248 dicit
1082 1213 1096 1249 :
1130 1194 1254 1247 Non
1289 1197 1432 1247 dedit
1458 1196 1813 1265 insipientiam
1837 1198 1965 1261 Deo,

433 1300 535 1338 non
567 1286 885 1338 exstiterunt
915 1286 1216 1339 testimonia
1248 1286 1335 1338 Dei
1366 1286 1431 1338 de
1459 1286 1546 1338 illo
1575 1286 1782 1339 inﬁrma
1812 1328 1826 1350 ,
1867 1302 1965 1341 ne-

431 1389 534 1439 que
563 1371 840 1425 mendacia
883 1386 975 1439 per
1006 1371 1285 1433 illum,sed
1318 1370 1489 1424 lidelia
1521 1386 1583 1423 ac
1610 1370 1779 1433 ﬁrma,
1810 1380 1967 1438 atque

430 1476 582 1514 vera.
618 1460 731 1514 Non
762 1462 901 1513 dedit
925 1460 1082 1511 ullam
1114 1461 1467 1524 occasionem,
1505 1460 1585 1513 vel
1611 1460 1965 1528 suspicionem

432 1549 759 1603 inﬁdelitatis
794 1548 918 1602 Deo.
953 1548 1064 1602 Non
1105 1563 1322 1603 necesse
1351 1550 1539 1603 habuit
1580 1550 1718 1604 Deus
1743 1552 1965 1605 confun-

430 1639 483 1693 di
513 1640 578 1693 de
608 1639 672 1693 iis
697 1678 713 1701 ,
765 1654 857 1707 per
902 1654 1018 1706 quae
1047 1638 1190 1691 velut
1223 1639 1361 1693 ﬁdeli
1399 1641 1756 1694 testimonium
1788 1642 1966 1709 perhi-

429 1728 544 1782 buit
578 1728 671 1782 illi.
697 1728 823 1781 Nam
853 1743 969 1781 cum
1001 1737 1143 1781 esset
1172 1731 1355 1782 ﬁrmus
1382 1739 1437 1783 et
1465 1730 1656 1793 lidelis,
1689 1746 1792 1783 non
1820 1731 1964 1784 dedit

431 1819 783 1886 insipientiam
815 1821 917 1872 Deo
942 1857 958 1882 ,
1007 1818 1109 1873 hoc
1154 1828 1236 1873 est
1267 1819 1627 1873 inﬁdelitatem
1656 1820 1781 1873 Deo.
1808 1820 1958 1885 Quod

429 1916 603 1958 autem
634 1909 915 1960 erubescat
945 1907 1083 1959 Deus
1131 1908 1431 1962 inﬁdelibus
1477 1919 1638 1975 atque
1693 1908 1955 1971 inﬁrmis,
1998 1888 2036 1940 Β

428 1994 544 2063 ipse
581 1995 831 2049 Dominus
858 1996 1108 2061 ostendit,
1138 1998 1317 2049 dicens
1349 2014 1363 2049 :
1401 1995 1502 2059 Qui
1547 1997 1801 2049 erubuerit
1846 2014 1957 2061 me,

426 2086 700 2150 confundet
731 2086 864 2138 hunc
892 2085 937 2137 F
942 2088 1061 2139 ilius
1090 2086 1311 2157 hominis
1338 2102 1456 2138 cum
1498 2087 1691 2138 venerit
1722 2087 1774 2139 in
1801 2088 1963 2152 maie-

425 2184 555 2227 state
587 2192 684 2228 sua
717 2176 781 2227 ⁸ο.
829 2175 966 2230 Deus
991 2192 1120 2230 vero
1150 2177 1499 2230 attestabatnr
1533 2177 1650 2236 ﬁdei
1679 2176 1779 2230 Job
1804 2215 1818 2239 ,
1846 2179 1962 2230 dia-

426 2264 579 2317 bolus
620 2279 748 2318 vero
792 2267 1147 2319 attestabatur
1180 2266 1505 2321 inﬁdelitati.
1535 2267 1673 2321 Deus
1705 2268 1959 2321 testiﬁca-

425 2355 583 2409 batur
618 2359 758 2424 quod
787 2372 889 2409 non
924 2365 1139 2424 prOpter
1164 2359 1440 2425 pecuniam
1470 2396 1485 2420 ,
1514 2359 1607 2413 sed
1636 2368 1853 2427 propter
1881 2359 1961 2411 di—

425 2442 703 2498 lectionem
758 2444 980 2498 coluerit
1024 2445 1170 2497 illum
1204 2443 1303 2498 Job
1335 2463 1349 2497 :
1383 2445 1619 2498 diabolus
1656 2460 1781 2497 vero
1827 2460 1959 2497 cou-

426 2535 669 2589 ﬁrmabat
697 2537 833 2602 quod
866 2550 968 2588 non
989 2546 1202 2602 propter
1226 2535 1561 2588 dilectionem
1587 2534 1795 2589 colebat
1813 2533 1957 2586 illum

421 2621 542 2689 Job,
572 2626 665 2677 sed
698 2634 914 2692 propter
956 2624 1323 2678 substantiam.
1371 2625 1657 2692 Postquam
1688 2639 1814 2677 vero
1844 2639 1958 2677 om-

423 2715 512 2767 nia
541 2716 588 2767 ei
624 2714 843 2768 abstulit
863 2715 1101 2770 diabolus
1133 2725 1185 2770 et
1212 2731 1321 2770 rem
1351 2715 1694 2776 familiarem.
1726 2725 1780 2770 et
1800 2714 1956 2777 ﬁlios,

420 2812 475 2858 et
509 2803 562 2857 iu
591 2806 777 2861 iisdem
822 2807 1112 2874 gratiarum
1161 2808 1460 2861 actionibus
1496 2814 1833 2875 permaneret
1861 2803 1961 2858 Job

420 2892 564 2948 circa
595 2895 758 2948 Deum
786 2935 802 2960 ,
847 2906 970 2950 tunc
1005 2897 1351 2951 nihilominus
1382 2897 1626 2965 apparuit
1655 2896 1797 2964 quod
1853 2911 1961 2949 non

2066 637 2336 719 hat'Deoi:
2368 669 2492 714 tunc
2544 657 2758 711 scilicet
2809 649 3239 708 testimonium
3308 638 3582 695 diaboli
3650 637 3838 689 inﬁr-

2064 766 2207 804 mum
2237 764 2299 804 ac
2331 748 2563 801 mendax
2594 745 2801 799 factum
2830 753 2947 805 est,
2992 743 3098 793 Det
3140 750 3316 790 vero
3359 730 3838 786 testimonium

2066 855 2245 893 verum
2288 854 2351 892 ac
2394 836 2553 891 ﬁdele
2580 835 2874 903 probatmn
2909 839 3026 885 est.
3070 827 3221 881 Bac
3290 836 3479 878 sane
3524 820 3842 873 universa

2064 942 2169 979 uno
2191 926 2356 979 verbo
2384 924 2709 984 ostendens,
2739 930 2912 988 atque
2941 915 3445 987 perstringens,
3485 908 3665 961 dicit
3703 924 3723 959 :
3763 905 3843 960 In

2064 1012 2145 1065 his
2184 1012 2417 1064 omnibus
2461 1025 2581 1078 qua:
2615 1008 2664 1060 ei
2697 1006 3067 1067 acciderunt,
3106 1000 3277 1054 nihil
3332 998 3647 1065 peccavit
3693 994 3840 1056 Job,

2068 1117 2228 1171 neque
2251 1104 2303 1153 in
2337 1109 2614 1167 conspectu
2649 1097 2919 1157 Domini,
2954 1108 3143 1156 neque
3175 1092 3256 1144 in
3301 1088 3521 1141 labiis
3553 1087 3721 1139 suis.
3763 1084 3841 1137 Et

2067 1208 2165 1243 non
2201 1192 2341 1243 dedit
2382 1190 2740 1256 insipientiam
2778 1186 2888 1237 Deo
2912 1184 2993 1237 ⁶¹.
3031 1181 3467 1235 Studeamus
3501 1177 3713 1230 etiam
3738 1215 3760 1239 ,
3804 1194 3845 1231 ο

2065 1279 2200 1342 viri,
2255 1279 2567 1335 Studeamus
2597 1273 2745 1327 omni
2782 1272 3002 1326 virtute
3045 1279 3280 1323 nostra
3317 1304 3341 1330 ,
3383 1280 3432 1319 ο
3477 1264 3689 1317 amici
3722 1303 3741 1327 ,
3779 1274 3843 1318 ut

2066 1383 2168 1420 non
2200 1368 2389 1420 demus
2429 1365 2806 1419 inﬁdelitatem
2845 1364 2986 1423 Deo,
3026 1371 3091 1414 ut
3130 1374 3276 1413 non
3315 1356 3753 1412 exsistamus
3785 1356 3843 1409 ei

2066 1457 2323 1518 inﬁdeles,
2353 1469 2528 1523 neque
2557 1455 2608 1507 in
2637 1455 2744 1508 ﬁde
2774 1493 2791 1517 ,
2823 1468 3016 1520 neque
3049 1454 3114 1505 in
3152 1451 3410 1503 verbis
3452 1487 3475 1511 ,
3514 1461 3742 1515 neque
3781 1448 3845 1501 in

2066 1544 2242 1610 factis,
2274 1559 2447 1612 neque
2479 1543 2533 1596 in
2565 1542 3011 1611 cogitationibus
3037 1580 3054 1603 ,
3102 1553 3341 1607 neque
3384 1538 3465 1591 in
3513 1537 3842 1601 consiliis,

2064 1649 2233 1702 neque
2257 1636 2308 1686 iu
2347 1635 2655 1701 impietate,
2686 1645 2869 1700 neque
2899 1633 2954 1685 in
2991 1630 3235 1684 tribula
3249 1629 3607 1691 tionibus,
3638 1644 3842 1697 neque

2065 1725 2115 1777 iu
2145 1725 2349 1777 deliciis
2375 1766 2389 1789 ,
2428 1738 2603 1790 neque
2635 1724 2689 1775 in
2717 1722 2896 1789 gloria
2925 1759 2946 1785 ,
3000 1735 3224 1790 neque
3266 1720 3341 1773 in
3389 1728 3795 1789 paupertate
3816 1761 3837 1784 ,

2062 1817 2153 1869 sed
2179 1815 2291 1869 haec
2328 1816 2581 1868 universa
2611 1829 2732 1867 cum
2766 1814 3046 1882 patientia
3098 1822 3603 1875 transeamus,
3656 1822 3841 1880 atque

2065 1922 2183 1961 cum
2212 1908 2504 1974 gratiarum
2535 1904 2844 1958 actionibus
2882 1903 3345 1957 sustineamus
3370 1941 3394 1967 ,
3445 1909 3525 1955 ut
3559 1902 3627 1956 in
3672 1905 3836 1957 omni

2066 1994 2171 2046 vita
2201 2002 2381 2046 nostra
2414 1992 2600 2046 ﬁdeles
2648 1992 2759 2045 Deo
2786 2030 2802 2055 ,
2836 2002 2894 2044 et
2930 1991 3088 2044 ﬁrmi
3152 1991 3224 2043 in
3272 1990 3424 2043 [ide
3486 2005 3572 2044 ac
3610 1992 3841 2059 pietate

2067 2087 2396 2151 reperLamur
2424 2083 2491 2136 ad
2526 2082 2700 2136 instar
2732 2083 2880 2136 beati
2911 2081 3020 2137 Job
3052 2082 3171 2150 qui
3220 2084 3298 2136 in
3330 2082 3671 2138 omnibus
3704 2101 3837 2154 quae

2067 2175 2114 2229 ei
2141 2175 2452 2228 acciderunt
2475 2173 2647 2227 ﬁdelis
2678 2174 2988 2241 permansit
3016 2189 3260 2229 coram
3302 2175 3488 2239 Deo,
3526 2184 3603 2230 et
3634 2176 3837 2229 ﬁdelia

2067 2264 2241 2317 omnia
2273 2250 2512 2318 ostendit
2545 2264 2614 2317 de
2643 2279 2703 2317 se
2750 2265 3083 2318 testimonia
3154 2268 3330 2336 ejus
3373 2286 3392 2321 :
3437 2268 3560 2337 qui
3597 2270 3835 2337 primus

2066 2354 2338 2408 hominum
2391 2363 2512 2422 post
2557 2353 2695 2408 Abel
2749 2364 2921 2423 atque
2981 2357 3354 2413 Abraham
3417 2360 3535 2414 his
3598 2360 3711 2429 qui
3775 2362 3829 2414 in

2067 2443 2261 2497 mundo
2294 2452 2419 2496 sunt
2474 2443 2740 2497 bonorum
2775 2444 3095 2512 dereliquit
3154 2447 3481 2502 formam
3513 2489 3533 2513 ,
3577 2449 3690 2519 qui
3726 2464 3827 2504 no-

2066 2539 2295 2591 minatur
2323 2547 2485 2605 atque
2535 2538 2927 2607 magniﬁcatur
2978 2542 3148 2595 inter
3204 2542 3551 2597 homines
3593 2543 3657 2595 in
3693 2556 3827 2608 per-

2066 2635 2266 2695 petua,
2320 2627 2411 2694 qui
2463 2628 2760 2695 requiescit
2810 2644 2941 2683 rum
2995 2631 3417 2693 angelorum
3484 2632 3712 2686 choris
3769 2634 3820 2684 in

2065 2717 2232 2786 gloria
2265 2717 2660 2786 incorruptibili
2710 2718 2765 2771 in
2808 2719 3033 2773 inﬁnita
3069 2736 3376 2777 snscuta.
3425 2722 3575 2789 Qua
3614 2725 3819 2791 requie

2062 2805 2221 2857 etiam
2270 2819 2366 2858 nos
2394 2820 2586 2860 omnes
2638 2805 2839 2876 dignos
2883 2807 3104 2863 habeat
3143 2810 3647 2865 misericordia
3705 2813 3816 2865 Do-

2064 2909 2213 2946 mlnl.

1479 3280 1827 3368 LIBER
1897 3281 2546 3371 SECUNDUS.

490 3636 641 3691 Sicut
672 3638 1015 3706 pulcherrimi
1052 3642 1179 3697 solis
1203 3643 1335 3697 radii
1374 3643 1713 3699 delectabiles
1738 3653 1864 3700 sunt
1892 3646 1956 3700 ad
1985 3654 2027 3711 (Γ,
2060 3655 2181 3700 aute
2227 3638 3011 3717 secundam/congressionem
3045 3653 3414 3714 inutiliter
3467 3673 3646 3736 terga
3678 3680 3800 3718 ver-

419 3726 698 3780 videndum
745 3729 887 3781 omni
927 3729 1130 3785 homini
1183 3732 1415 3787 illihatos
1467 3734 1649 3789 oculos
1704 3735 1952 3802 habenti,

421 3816 491 3868 ita
528 3826 582 3869 et
628 3817 959 3876 admirabilis
989 3819 1088 3874 Job
1136 3823 1310 3891 passio
1337 3822 1707 3880 desiderabilis
1739 3834 1858 3893 est,
1894 3842 1956 3880 ac

364 3930 375 3943 ο
420 3905 751 3961 delectabilis
774 3947 788 3971 ,
820 3917 979 3977 atque
1006 3914 1308 3966 necessaria
1341 3914 1407 3967 ad
1434 3915 1752 3969 audiendum
1783 3917 1956 3970 omni-

419 3995 515 4047 bus
540 3995 646 4061 piis
668 4036 683 4059 ,
713 3997 960 4052 omnibus
994 4000 1339 4055 credentibus
1364 4040 1380 4065 ,
1410 4002 1654 4055 omnibus
1683 4005 1845 4058 Deum
1876 4006 1954 4059 in-

419 4086 687 4139 tuentibus
714 4126 729 4151 ,
758 4096 916 4155 atque
949 4088 1113 4142 Deum
1159 4090 1519 4159 diligentibus.
1551 4092 1682 4145 Nam
1724 4095 1953 4148 admira-

417 4173 540 4228 bilis
588 4174 727 4241 Job,
776 4192 896 4231 cum
948 4180 1117 4247 prima
1172 4182 1548 4249 congressione
1576 4184 1850 4236 victoriam
1890 4186 1955 4237 de

416 4263 635 4319 diabolo
661 4266 967 4333 perfecisset
993 4308 1008 4332 ,
1053 4279 1212 4337 atque
1256 4270 1609 4339 triumphator
1637 4274 1701 4326 de
1727 4272 1954 4342 maligno

417 4358 727 4421 exstitisset,
762 4370 961 4428 quanto
987 4363 1157 4431 magis
1193 4363 1469 4416 victoriam
1503 4364 1567 4418 de
1596 4363 1681 4415 illo
1707 4367 1952 4432 sumpsit,

424 4456 570 4500 tanto
599 4450 826 4516 amplius
858 4451 1001 4504 illum
1032 4454 1095 4505 ad
1124 4453 1295 4506 zelum
1324 4454 1468 4507 circa
1501 4468 1577 4518 se,
1608 4464 1662 4508 et
1690 4455 1755 4509 ad
1786 4455 1953 4524 majus

417 4544 688 4591 certamen
721 4549 873 4606 atque
900 4542 1091 4594 bellum
1121 4546 1425 4597 commovit.
1455 4541 1610 4596 Velut
1638 4544 1777 4597 enim
1808 4546 1955 4601 inex-

417 4627 737 4695 stinguibilis
788 4629 925 4697 ignis
958 4629 1165 4685 ﬁamma
1219 4648 1507 4687 succensus
1556 4635 1950 4702 nequissimus,

419 4726 656 4769 tractans
688 4719 826 4785 apud
872 4722 1215 4788 semetipsum
1268 4725 1401 4777 dixit
1439 4741 1453 4777 :
1493 4722 1644 4778 Nunc
1694 4724 1824 4778 mihi
1874 4737 1955 4781 est

417 4805 539 4859 belli
573 4814 798 4875 tempus,
832 4824 970 4864 nunc
996 4811 1229 4867 victoriae
1261 4830 1380 4881 spes
1410 4814 1535 4868 mihi
1565 4830 1826 4883 nusquam
1851 4827 1950 4880 est,

418 4910 558 4949 nunc
590 4910 872 4963 exsurgam
902 4903 967 4953 ad
997 4912 1265 4959 certamen
1295 4906 1436 4959 circa
1478 4905 1578 4960 Job
1603 4947 1618 4972 ,
1670 4922 1810 4962 nunc
1837 4909 1949 4960 evi-

411 4986 605 5041 denter
656 4986 822 5040 cecidi
868 5000 1080 5058 pr0ptcr
1129 4994 1461 5050 tolerantiam
1505 4997 1641 5066 ejus.
1678 4996 1830 5064 Non,
1863 4999 1947 5052 in-
1981 4975 2020 5028 Ῑ)
2055 5003 2219 5047 talem
2250 4996 2631 5066 demonstrat,
2667 5016 2859 5059 rursus
2903 4975 3087 5079 tanq'u

411 5076 568 5146 quit,
600 5083 682 5130 est
710 5078 837 5130 mihi
874 5078 1198 5148 fugiendum.
1231 5084 1344 5139 Non
1379 5089 1519 5141 enim
1566 5090 1826 5158 permittit
1857 5105 1946 5143 su-

413 5169 741 5237 perationem
772 5168 944 5223 virtus
973 5172 1083 5239 ipsa
1114 5189 1230 5242 qua;
1260 5193 1401 5232 nunc
1423 5188 1523 5243 est,
1551 5183 1641 5235 sed
1672 5180 1846 5235 adhuc
1866 5191 1947 5234 est

413 5259 542 5312 mihi
576 5258 1051 5329 congrediendum.
1082 5263 1265 5320 Timeo
1294 5270 1435 5322 enim
1476 5285 1540 5324 ne
1574 5286 1758 5325 rursus
1791 5271 1947 5325 terri-

414 5347 590 5402 biliter
622 5349 808 5402 cadam
833 5357 958 5403 ante
982 5365 1121 5406 eum.
1154 5354 1257 5409 Sed
1288 5357 1497 5411 interim
1531 5357 1665 5427 fugit
1692 5374 1810 5413 cum
1841 5375 1942 5414 non

411 5438 554 5491 valet
583 5447 637 5491 et
664 5439 911 5507 congredi
942 5454 1044 5495 non
1076 5445 1269 5513 audet,
1312 5457 1363 5501 et
1394 5462 1701 5503 concertare
1739 5449 1947 5503 metuit.

417 5522 601 5580 Melius
646 5534 729 5581 est
751 5542 785 5594 ,λ
820 5527 1030 5595 inquit,
1060 5544 1119 5588 ut
1160 5538 1492 5608 congrediar,
1520 5552 1678 5607 quam
1711 5549 1835 5593 ante
1869 5552 1953 5592 se-

417 5618 643 5673 cundam
693 5618 1041 5677 luctationem
1102 5627 1518 5686 indeliberanter
1570 5628 1807 5699 fugiam,
1862 5632 1970 5685 aut'

480 5757 522 5787 ⁸ο
546 5756 672 5815 Luc.
701 5775 773 5827 Ix,
812 5760 911 5814 26.
999 5765 1039 5796 ⁶¹
1069 5767 1166 5828 Job
1200 5792 1233 5843 ι,
1268 5774 1356 5829 22.

2058 3745 2187 3790 tam.
2236 3736 2508 3803 Forsitan,
2547 3739 2744 3807 inquit,
2787 3742 2841 3794 in
2883 3744 3150 3798 secunda
3203 3757 3704 3823 congressione
3730 3759 3802 3809 vi-

2056 3825 2219 3879 ctoria
2250 3827 2314 3879 ad
2362 3842 2445 3879 me
2479 3839 2801 3882 revertetur.
2841 3830 3122 3887 Forsitan
3178 3842 3387 3894 enim
3461 3848 3803 3899 contemnit

2053 3931 2171 3980 sua,
2198 3926 2251 3968 et
2288 3916 2452 3978 ﬁlios,
2486 3918 2724 3985 seipsum
2755 3930 2944 3973 autem
2982 3938 3101 3976 non
3160 3938 3595 3999 contemnit,
3632 3952 3799 3990 suum

2057 4006 2327 4074 proprium
2357 4020 2553 4073 corpus
2578 4021 2693 4069 non
2723 4011 2962 4077 spernit,
2996 4019 3331 4083 proprios
3372 4039 3536 4081 suos
3566 4028 3800 4083 dolores

2055 4108 2160 4145 non
2193 4093 2443 4161 despicit.
2474 4092 2722 4158 Quaeram
2754 4094 2938 4161 illum,
2968 4099 3175 4169 ipsum
3219 4114 3588 4180 requiram
3624 4156 3642 4180 ,
3674 4132 3799 4171 cor-

2052 4196 2150 4251 pus
2180 4183 2347 4249 ipsius
2392 4184 2687 4250 percutiam
2726 4185 2924 4241 dolore
2950 4230 2966 4253 ,
3027 4191 3491 4261 liquefaciam
3540 4209 3799 4263 vulneri-

2053 4271 2152 4324 bus
2177 4310 2192 4334 ,
2223 4284 2529 4325 consumam
2560 4274 2844 4330 vermibus
2884 4295 2897 4330 :
2938 4279 3220 4339 forsitan
3303 4296 3421 4349 his
3479 4299 3796 4352 doloribus

2054 4362 2401 4415 succumbens
2446 4362 2733 4419 maledicet
2764 4405 2780 4431 ,
2817 4366 3067 4426 forsitan
3111 4377 3315 4437 hanc
3358 4402 3629 4456 pugnam
3687 4408 3793 4445 nun

2055 4448 2314 4503 suﬁ‘erens
2366 4449 2781 4518 blasphemabit.
2817 4456 3062 4516 Diversa
3122 4472 3330 4529 enim
3361 4448 3796 4535 ’ὶιηιηυιεηιιιι-

2056 4538 2625 4630 tempora,_aliquaudo
2660 4544 2798 4611 huc,
2840 4547 3178 4621 aliquando
3214 4577 3471 4624 autem
3513 4574 3662 4630 illuc
3692 4574 3794 4629 ﬂe-

2055 4637 2286 4730 ctuntur.
2315 4627 2541 4735 Mler-ito,
2571 4631 2793 4699 inquit,
2840 4648 2930 4693 est
2964 4644 3157 4700 etiam
3196 4658 3385 4714 mihi
3424 4627 3792 4735 adhucvspes

2054 4720 2310 4775 victoriae.
2349 4717 2470 4772 lliec
2502 4720 2683 4790 itaque
2709 4765 2726 4790 ,
2754 4738 2925 4797 atque
2978 4733 3103 4788 his‘
3130 4743 3413 4804 similia
3456 4717 3742 4827 cogiiaiis

2251 4808 2379 4827 ,μμ
2437 4824 2481 4827 η

2053 4819 2215 4876 atque
2247 4808 2381 4876 apud
2432 4813 2783 4882 semetipsum
2841 4828 3113 4879 tractans
3158 4799 3787 4905 πιερυεεεῖἆῖιξζᾶἶεί

2054 4902 2226 4966 holus,
2263 4917 2451 4957 rursus
2489 4904 2824 4974 impudentia
2852 4914 3059 4983 utitur,
3098 4902 3363 4988 rursus
3427 4937 3787 5009 importuni-

2054 5028 2219 5097 .wufm
2250 5028 2587 5097 υῗιηυῖιῠιιαι
2614 5039 2631 5066 ,
2670 5028 2859 5059 rursus
2904 5028 3207 5079 tanquam
3272 5029 3482 5084 canis
3539 5034 3783 5088 rabidUS

2054 5086 2104 5137 in
2137 5084 2387 5138 baculum
2414 5085 2572 5142 iH'Uit
2594 5130 2610 5155 ,
2638 5108 2744 5148 non
2781 5099 3169 5160 considerans
3210 5084 3783 5196 propriaaﬁhvcjé;

2051 5175 2279 5271 ctionem
2309 5215 2325 5242 ,
2370 5191 2476 5230 non
2528 5180 2847 5252 intelligens
2899 5175 3235 5262 proprianf
3255 5175 3776 5271 deiomgmlégh

2054 5268 2420 5370 ltursusmnte
2450 5272 2651 5370 faciem
2698 5284 2797 5339 Det
2827 5290 3191 5348 subintroire
3234 5306 3459 5361 nudet
3489 5348 3509 5370 .

2055 5360 2596 5459 irreprehensibilem
2628 5372 2778 5429 illum
2826 5376 2927 5435 Job
2957 5387 3451 5456 reprehendere
3484 5360 3769 5459 non—nit;

2055 5453 2175 5560 luit,
2210 5461 2317 5549 quo
2346 5453 2521 5521 magis
2556 5473 2662 5527 per
2710 5483 2893 5523 omnia
2944 5473 3237 5533 confusus
3304 5453 3769 5560 atque—icon;-

2053 5545 2170 5590 ‘3‘“5
2189 5545 2501 5604 θκδίειθτθῑο
2533 5548 2673 5613 Hac
2692 5576 2924 5633 namque
2957 5566 3239 5625 universa
3282 5545 3762 5649 αυιξιοηεξῶιέ,

2055 5639 2214 5700 atque
2262 5648 2769 5731 commemorans,
2818 5660 2994 5720 dicit:
3033 5661 3102 5715 Et
3145 5662 3409 5730 factum
3447 5687 3543 5732 est
3597 5639 3765 5752 qia;
