3916 6456
1398 472 1776 530 ANONYMUS
1810 475 1838 529 Ι

1940 473 2050 530 on.
2093 504 2158 516 -
2194 467 2326 524 un.
2350 462 2434 523 "u.
3406 490 3506 544 ‘50

171 591 322 669 αἱ-
346 588 476 669 ξηιέε
885 588 1126 669 ’ωδε
1175 589 1492 660 temporis,
1524 593 1635 648 dies
1663 609 1854 663 Oppor-
1887 611 1932 669 Α
1961 602 2014 648 et
2038 592 2260 648 veniunt
2291 588 2462 658 angeli
2507 599 2630 648 ante
2657 591 2854 644 Deum.
2895 589 3072 650 Prima
3110 597 3226 654 vice
3247 615 3504 664 venerunt

192 631 199 634 .
251 631 288 646 ,
431 631 445 643 .
1184 631 1316 641 Ὗ-..
1343 631 1471 646 ,νηο
1524 631 1635 648 νη,
1663 631 1695 647 υ
1767 631 1852 648 .,.-
1961 631 2014 648 ν.
2046 631 2260 648 mu..."
2291 631 2357 643 ....
2398 631 2462 644 ν..
2507 631 2630 648 ...ην
2657 631 2854 644 ..υ-...-
2895 631 3072 650 -.......
3117 631 3226 654 ..σε
3252 631 3476 659 τεηομ...

186 631 496 760 ἷξόςΐῖὶθ·
518 631 622 760 ἐξ.
649 635 963 760 Ῐῗξῗξῗιῃεδι
1001 671 1208 760 quasi
1256 631 1386 735 dites
1419 633 1529 738 illo.
1566 631 1854 738 Dieslliile-
1887 631 1932 669 ὃ
1957 691 2014 736 ιιι
2037 631 2506 753 justiflcatioriibus
2529 680 2628 736 Job
2659 686 3044 738 attestareutm
3083 695 3138 741 et
3165 687 3282 743 tldei
3305 705 3368 745 ac
3393 631 3500 760 pie:

213 728 436 841 “geli?!
459 772 473 798 ι
501 728 641 841 odi”:
669 747 1207 841 Wffumlmtionis
1241 807 1261 832 ,
1318 771 1435 827 dies
1469 773 1858 841 adimpletionis
1957 728 2055 826 tati
2082 773 2200 840 ejus
2225 811 2241 837 ,
2271 773 2364 826 sed
2397 782 2518 824 tunc
2545 783 2676 826 sane
2725 769 2852 824 solis
2897 772 3371 840 justiticationihus
3395 728 3498 836 τίοι)

140 465 296 628 “f‘
362 529 455 595 illa
477 532 549 594 “.
587 538 712 610 Quae
739 546 855 606 dies
877 553 904 608 τ
959 557 1126 628 Dies

236 823 448 923 {tam
469 823 831 930 μοι».
870 827 939 886 Et
1001 823 1260 908 γασιηηί
1300 823 1851 930 ..;;,.;.;;-"J.;.".at

271 926 480 993 mesin
504 937 598 994 qua
630 919 860 976 diabolus
903 930 1133 990 cecidit
1167 981 1185 1004 ,
1249 946 1359 1002 Joh
1405 919 1530 1003 vero
1572 954 1803 1006 surrexit
1839 975 1851 1010 :

299 1029 405 1082 dies
431 1024 478 1077 in
501 1034 596 1090 qua
626 1013 850 1071 diabo‘us
889 1015 1260 1090 humiliatus
1293 1049 1378 1092 est
1397 1082 1410 1105 ,
1439 1039 1536 1095 Job
1561 1056 1687 1096 vero
1715 1044 1856 1096 exal-

300 1127 432 1172 tatus
458 1123 576 1169 est:
608 1110 716 1166 dies
743 1107 797 1162 in
827 1123 931 1178 qua
965 1112 1252 1180 diabolus
1300 1131 1552 1185 confusus
1587 1142 1668 1186 est
1689 1154 1720 1195 ,ν
1754 1133 1852 1187 Job

287 1221 420 1263 vero
446 1211 718 1262 coronatus
741 1209 840 1256 est.
869 1199 934 1255 Et
981 1205 1206 1274 factum
1241 1230 1318 1271 est
1343 1222 1489 1287 quasi
1510 1222 1621 1275 dies
1653 1222 1766 1277 illa.
1794 1223 1848 1276 ln

291 1313 400 1368 qua
433 1298 716 1352 redivivum
747 1294 1006 1365 judicium
1055 1301 1216 1359 inter
1245 1306 1346 1365 Job
1380 1320 1433 1364 et
1480 1312 1742 1366 diabolum
1770 1323 1852 1366 est

289 1389 529 1442 auditum
561 1429 576 1453 ,
622 1387 674 1441 in
704 1401 803 1456 qua
851 1387 1117 1444 redivivas
1151 1410 1368 1452 corona:
1411 1399 1512 1455 Job
1545 1405 1610 1454 ab
1649 1404 1850 1471 angelis

285 1488 485 1545 aptam
513 1516 529 1536 .
565 1487 721 1546 atque
747 1490 1086 1534 consecrata:
1115 1496 1271 1541 sunt.
1301 1487 1519 1542 Factum
1545 1530 1559 1552 ,
1592 1492 1803 1558 inquam
1833 1533 1846 1556 ,

276 1574 366 1617 est
388 1604 405 1627 ,
432 1567 590 1632 quasi
623 1568 733 1619 dies
765 1566 858 1619 illa
887 1607 902 1631 ,
931 1569 1136 1626 similis
1177 1576 1225 1628 ei
1269 1577 1333 1629 de
1365 1593 1468 1644 qua
1501 1581 1744 1646 superius
1770 1581 1850 1632 di-

272 1663 430 1706 ctum
455 1665 565 1718 est,
594 1657 661 1709 de
686 1672 792 1724 qua
819 1657 930 1726 jam
959 1664 1218 1727 superius
1242 1665 1468 1731 plurima
1503 1668 1750 1721 diximus.
1780 1669 1847 1722 Et

269 1744 486 1811 factum
509 1754 589 1797 est
613 1749 767 1815 quasi
813 1750 923 1802 dies
946 1750 1041 1804 illa
1067 1791 1082 1813 ,
1115 1762 1166 1806 et
1202 1766 1442 1809 venerunt
1475 1758 1643 1827 angeli
1673 1757 1762 1811 Dei
1793 1770 1847 1812 ut

259 1846 481 1888 starent
509 1846 633 1891 ante
659 1838 944 1894 Dominum
989 1852 1037 1895 et
1066 1843 1308 1899 diabolus
1342 1849 1477 1900 venit
1499 1864 1611 1900 cum
1641 1849 1747 1900 illis
1791 1860 1843 1901 ut

1955 863 2183 917 attestati
2215 871 2358 916 sunt.
2412 861 2560 916 Nunc
2602 876 2732 914 vero
2780 865 3006 917 secunda
3059 867 3173 920 vice
3223 871 3495 925 venientes

1953 960 2076 1005 ante
2112 951 2298 1014 Deum,
2327 965 2429 1004 non
2459 951 2586 1005 solis
2613 952 3086 1021 iustiﬁcationibus
3117 956 3232 1024 ejus
3265 968 3388 1010 sunt
3410 969 3496 1011 at-

1953 1042 2149 1102 testati,
2186 1041 2278 1094 sed
2304 1049 2356 1092 et
2387 1040 2678 1094 tolerantia:
2701 1051 2754 1094 et
2778 1039 3265 1110 iustiﬁcatiouihus,
3293 1050 3496 1113 patien-

1954 1130 2040 1182 tize
2069 1143 2278 1197 quoque
2299 1167 2316 1192 ,
2347 1143 2411 1182 ac
2435 1131 2747 1183 constantia:
2768 1170 2783 1192 ,
2817 1140 2978 1198 atque
3005 1131 3303 1188 dilectionis
3332 1149 3491 1203 quam

1946 1233 2073 1287 erga
2104 1217 2269 1272 Deum
2299 1218 2483 1272 habuit
2517 1219 2851 1288 plenitudini.
2901 1221 3022 1275 Istis
3059 1237 3288 1292 namque
3317 1226 3493 1278 omni-

1949 1308 2051 1362 bus
2085 1318 2396 1362 attestantes
2442 1308 2656 1376 gloriosi
2701 1309 2873 1379 angeli
2904 1350 2919 1373 ,
2965 1323 3170 1365 necnon
3212 1323 3264 1365 et
3295 1314 3489 1368 diaboli

1950 1399 2236 1465 nequitiam
2271 1407 2588 1452 accusantes
2621 1409 2780 1467 atque
2812 1403 3122 1455 mendacem
3171 1401 3315 1454 illum
3341 1417 3488 1458 com-

1947 1487 2251 1555 probautes,
2284 1495 2536 1539 venerunt
2568 1499 2692 1541 ante
2721 1488 2905 1552 Deum,
2930 1505 3050 1543 cum
3084 1491 3274 1557 quibus
3294 1500 3348 1545 et
3373 1493 3489 1545 dia-

1949 1575 2098 1627 bolus
2127 1573 2289 1626 venit.
2325 1574 2481 1628 Venit
2513 1576 2855 1631 nihilominus
2883 1592 2986 1630 non
3012 1576 3149 1632 facie
3173 1580 3240 1631 ad
3274 1578 3484 1642 faciem,

1943 1667 2038 1719 sed
2066 1668 2306 1722 consiliis
2347 1677 2403 1722 et
2435 1667 2847 1738 cogitationibus
2871 1709 2885 1732 ,
2917 1658 3160 1722 sensibus
3190 1679 3352 1738 atque
3381 1680 3488 1724 tra-

1945 1755 2261 1811 ctationibus
2287 1798 2301 1822 ,
2333 1757 2610 1810 desideriis
2639 1773 2701 1810 ac
2726 1757 3198 1812 deliberationibus
3234 1762 3375 1813 sicut
3399 1775 3488 1814 su-

1946 1844 2123 1911 perius
2151 1847 2493 1914 perplurima
2533 1850 2952 1901 demonstratum
2988 1857 3092 1902 est.
3143 1849 3289 1915 Quas
3334 1851 3483 1918 cogi-

258 1935 444 1977 uaret
473 1937 592 1979 ante
620 1925 979 1982 Dominum”;
1010 1931 1284 1986 Venerunt
1304 1935 1499 2004 angeli,
1520 1951 1620 1989 non
1643 1937 1707 1990 de
1732 1937 1848 1991 loco
1877 1932 1919 1985 B
1950 1933 2175 1986 tationes
2201 1948 2320 1988 cum
2353 1937 2553 1990 videret
2583 1937 2720 1990 Deus
2743 1976 2758 1998 ,
2806 1937 3076 2005 respondit
3106 1938 3177 1990 illi
3202 1977 3217 2002 ,
3245 1939 3430 1993 dicens
3463 1957 3480 1993 :

259 2017 336 2066 in
376 2015 548 2069 locum
603 2018 898 2083 translati,
947 2035 1052 2074 non
1097 2022 1165 2076 de
1191 2025 1410 2094 regione
1462 2027 1526 2079 ad
1574 2028 1842 2096 regionem

263 2115 648 2173 transeuntes,
682 2124 794 2162 non
827 2110 892 2163 de
919 2113 1195 2178 provincia
1225 2115 1290 2168 ad
1322 2117 1647 2183 provinciam
1700 2133 1846 2172 com-

249 2205 539 2259 mutiles,
571 2198 668 2250 sed
693 2207 825 2251 ante
863 2201 1149 2256 Dominum
1189 2203 1391 2274 jugiter
1423 2221 1841 2275 perseverantes.

244 2282 407 2336 Nam
454 2286 498 2339 si
545 2297 608 2340 ut
650 2287 818 2356 justis
846 2290 939 2345 lux
981 2307 1215 2362 semper,
1251 2296 1320 2348 ita
1353 2297 1516 2350 facies
1548 2299 1638 2353 Dei
1689 2314 1847 2369 super

240 2375 460 2441 jnstos-
485 2391 741 2446 semper,
776 2380 850 2433 ita
880 2391 1005 2435 ante
1034 2382 1199 2437 Demn
1244 2386 1373 2455 justi
1414 2403 1645 2456 semper,
1677 2391 1844 2445 multo

248 2465 442 2532 magis
471 2465 702 2534 gloriosi
730 2478 900 2537 atque
927 2474 1099 2525 sancti
1133 2475 1339 2542 angeli,
1373 2477 1460 2543 qui
1487 2477 1845 2532 indesinenter

237 2567 327 2606 ac
360 2564 634 2623 perpetue
683 2573 1011 2626 permanent
1048 2571 1175 2616 ante
1226 2565 1388 2618 Deum
1436 2567 1487 2620 in
1526 2568 1710 2635 gloria.
1746 2571 1845 2624 Vc-

235 2641 382 2696 nire
410 2655 601 2729 autem
653 2648 919 2701 dicuntur
944 2651 1028 2703 vel
1061 2651 1139 2705 ire
1164 2694 1178 2718 ,
1213 2668 1332 2707 cum
1377 2656 1446 2708 ad
1493 2658 1842 2713 ministerium

249 2732 470 2788 fuerint
502 2738 698 2803 missi,
736 2754 864 2793 cum
902 2741 1198 2810 legationes
1246 2743 1688 2813 adimpleveriut,
1721 2764 1839 2802 cum

243 2824 522 2878 mandata
557 2827 918 2894 perfecerint,
945 2846 1063 2883 cum
1096 2840 1311 2900 propter
1344 2847 1436 2888 eos
1463 2837 1552 2903 qui
1581 2839 1843 2906 patienter

245 2915 639 2969 sustinuerint
668 2956 684 2981 ,
716 2916 889 2972 Deum
924 2920 1379 2989 magnificaverint
1401 2962 1417 2987 ,
1463 2940 1583 2978 cum
1606 2938 1831 2994 propter

243 3018 352 3057 eos
387 3004 485 3072 qui
531 3004 773 3058 salutem
825 3007 1216 3074 adipiscuntur,
1257 3009 1420 3063 Deum
1467 3011 1839 3080 laudaverint,

253 3096 493 3160 quando
523 3109 629 3164 pro
669 3095 930 3164 perfectis
975 3097 1179 3151 caelesti
1216 3099 1435 3154 Domino
1459 3103 1687 3157 confessi
1726 3104 1840 3159 fue-

249 3185 387 3245 rint,
404 3186 635 3253 quando
649 3199 749 3252 pro
775 3187 1100 3240 omnimodis
1119 3185 1208 3239 Dei
1231 3188 1498 3243 miraculis
1515 3200 1712 3244 aeterno
1732 3194 1838 3261 regi

257 3277 662 3329 indesinenter
692 3277 902 3344 gratias
934 3277 1156 3343 egerint.
1173 3277 1238 3331 Et
1271 3279 1431 3333 nolite
1454 3281 1842 3349 mirari,oami-

247 3367 334 3431 ei,
363 3366 514 3434 quod
547 3365 734 3434 angeli
768 3365 956 3419 venire
984 3365 1062 3419 vel
1095 3366 1169 3420 ire
1196 3369 1462 3435 dicuntur,
1491 3370 1614 3438 quia
1643 3371 1841 3439 majora

247 3465 430 3523 atque
477 3451 760 3508 mirabilia
800 3455 1032 3509 audituri
1087 3458 1234 3511 estis.
1277 3457 1408 3512 Nam
1437 3469 1492 3512 et
1520 3460 1631 3529 ipse
1662 3463 1798 3516 Deus
1821 3503 1836 3526 ,

1950 2020 2096 2074 Unde
2124 2024 2282 2089 uenis,
2309 2034 2366 2077 tu
2393 2027 2441 2058 θ’
2461 2027 2488 2078 ‘l
2512 2027 2797 2095 Respondit
2821 2027 3161 2081 nihilominus
3191 2043 3296 2082 non
3327 2028 3484 2082 labiis

1944 2109 2168 2178 loquens
2198 2151 2214 2175 ,
2258 2127 2356 2166 nec
2406 2115 2566 2168 verba
2599 2117 2949 2183 depromens,
3001 2130 3170 2184 neque
3215 2117 3481 2185 colloquio

1944 2215 2041 2254 suo
2065 2201 2319 2269 injustam
2351 2204 2495 2257 illum
2527 2207 2737 2274 dignum
2770 2206 2990 2272 faciens,
3023 2209 3116 2259 sed
3137 2222 3232 2260 nec
3265 2209 3481 2261 omnino

1943 2291 1994 2343 in
2023 2294 2299 2359 praesentia
2328 2309 2448 2348 eum
2496 2295 2815 2363 suscipiens.
2843 2296 2994 2361 {Nam
3028 2296 3114 2349 illc
3144 2299 3267 2363 quia
3293 2312 3322 2351 a
3356 2313 3482 2352 san-

1944 2381 2012 2433 tis
2047 2391 2376 2446 exsecratur,
2415 2391 2468 2436 et
2499 2385 2621 2436 odio
2667 2385 2897 2438 habetur
2925 2395 3086 2452 atque
3111 2387 3476 2451 conculcatur,

1943 2468 1995 2520 in
2029 2479 2317 2538 conspectu
2353 2471 2443 2524 Dei
2491 2487 2760 2540 nunquam
2795 2476 2990 2529 veniet.
3039 2474 3110 2545 Si,
3144 2478 3283 2530 enim
3331 2475 3480 2543 impii

1943 2557 2022 2621 (ut
2048 2560 2292 2625 superius
2316 2560 2514 2613 dictum
2537 2562 2643 2626 est)
2678 2579 2779 2616 non
2799 2575 3086 2632 resurgent,
3115 2580 3274 2633 neque
3295 2580 3478 2632 pecca-

1942 2658 2073 2699 tores
2116 2648 2171 2699 in
2217 2649 2436 2702 concilio
2455 2649 2716 2718 juslorum
2740 2652 2818 2706 ’δε
2849 2654 3014 2706 multo
3043 2656 3212 2723 magis
3235 2655 3474 2708 omnium

1936 2737 2272 2806 ‘impietatum
2305 2741 2568 2806 provisor,
2621 2750 2780 2806 atque
2827 2742 2991 2794 totius
3031 2743 3238 2810 peccati
3289 2753 3481 2796 auctor

1937 2827 2185 2882 diabolus
2227 2827 2282 2880 in
2323 2828 2603 2882 consilium
2651 2831 2884 2882 divinmn
2915 2846 3020 2883 non
3066 2832 3267 2893 veniet,
3305 2847 3481 2900 neque

1939 2915 2131 2968 sicilico
2179 2916 2446 2984 colloquio
2499 2917 2690 2985 dignus
2746 2918 3051 2980 habebitur,
3094 2917 3247 2984 juxta
3298 2921 3480 2974 omnia

1933 3019 2056 3071 qua:
2084 3007 2134 3058 in
2168 3007 2525 3060 anterioribus
2553 3007 3156 3062 memoravimusNenit
3181 3023 3312 3077 ergo
3349 3025 3483 3064 cen-

1939 3095 2074 3149 siliis
2101 3105 2155 3149 et
2184 3096 2596 3164 cogitationibus
2639 3106 2799 3164 atque
2825 3097 3104 3150 desideriis
3125 3135 3143 3160 ,
3176 3105 3230 3151 et
3265 3099 3479 3152 audivit

1941 3199 2043 3238 non
2073 3185 2392 3253 colloquium
2419 3225 2436 3248 ,
2467 3185 2560 3238 sed
2591 3185 3010 3254 increpationem
3039 3194 3200 3252 atque
3227 3185 3476 3254 objurga-

1943 3275 2138 3328 tionem
2171 3274 2616 3343 nequissimarum
2645 3275 3028 3343 cogitationum
3058 3283 3480 3344 suarum,atquo

1941 3365 2252 3418 infestorum
2278 3365 2662 3419 desideriorum
2686 3381 2747 3418 ac
2769 3363 3210 3419 deliberationum
3233 3379 3478 3430 suarum,

1935 3467 2057 3522 quae
2093 3453 2466 3506 demonstrans
2518 3453 2644 3506 dicit
2689 3468 2708 3506 :
2761 3453 2826 3504 It‘t
2863 3453 3174 3518 respondens
3227 3452 3480 3506 Dominus

245 3545 352 3612 qui
385 3553 472 3597 est
499 3543 826 3613 angelorum
861 3554 1022 3613 atque
1049 3547 1284 3600 omnium
1338 3548 1620 3617 spirituum
1666 3561 1838 3606 rector

1940 3543 2010 3596 ait
2039 3543 2106 3595 ad
2133 3541 2396 3595 diabolum
2420 3557 2438 3595 .'
2473 3541 2618 3594 Unde
2643 3541 2805 3606 venit,
2837 3550 2894 3592 tu
2925 3539 3005 3592 “i
3027 3540 3323 3605 lnterrogat
3343 3553 3480 3606 pra-

245 3641 316 3685 es
366 3633 650 3695 conditor,
701 3633 891 3686 venire
940 3642 996 3686 et
1041 3633 1119 3687 ire
1162 3634 1374 3699 dicitur,
1420 3636 1739 3692 descendere
1787 3649 1839 3694 et
1929 3631 2120 3695 “ius.
2154 3642 2311 3700 atque
2339 3631 2629 3699 PI‘OVidIIS.
2657 3630 2746 3698 qui
2781 3643 2993 3683 omnem
3022 3629 3300 3682 θεῖοηιὲεὶιιὶ
3342 3642 3480 3682 CIIII-

247 3725 589 3783 ascendere,
606 3722 801 3775 sedere
819 3731 874 3775 et
891 3735 1126 3788 surgere,
1145 3723 1375 3778 dormire
1391 3733 1444 3778 et
1467 3741 1494 3777 a
1519 3741 1702 3780 somno
1727 3742 1838 3781 sur-
1931 3725 2037 3776 clis
2080 3732 2295 3791 prastat
2326 3721 2656 3785 lmminibﬂs.
2691 3720 2982 3788 interrogat
3033 3719 3270 3787 ΐθίυεθιη
3296 3755 3314 3781 ο
3343 3732 3474 3785 θρο-

248 3825 412 3878 gere,
443 3820 503 3864 et
550 3810 705 3878 quod
749 3820 832 3862 est
858 3811 1106 3864 omnibus
1130 3814 1447 3879 stupendum
1480 3817 1668 3882 Inagis,
1699 3818 1832 3870 dici-
1927 3822 2129 3866 statam
2149 3852 2164 3876 ,
2195 3811 2556 3865 adversarium
2583 3850 2599 3872 .
2630 3810 3010 3878 ncquissimum
3039 3848 3055 3872 ,
3085 3809 3359 3875 iniustum.
3387 3807 3477 3863 ln-

246 3909 352 3952 tur
395 3910 669 3968 tanquam
730 3909 923 3968 potens
963 3897 1270 3966 crapulatus
1320 3915 1352 3954 a
1375 3902 1500 3956 vino
1532 3920 1546 3955 :
1575 3904 1834 3974 Exsurge,
1937 3911 2166 3970 terr-ngat
2191 3910 2247 3953 ut
2279 3916 2344 3953 ex
2377 3915 2471 3953 ore
2503 3900 2644 3952 illius
2668 3941 2682 3964 ,
2716 3907 2877 3966 atque
2921 3912 2988 3951 ex
3022 3911 3280 3965 responso
3323 3896 3475 3954 illius

247 4007 425 4059 quare
467 3991 773 4054 obdormis,
801 3989 1022 4042 Domine
1042 3990 1068 4042 .9
1095 3989 1330 4059 Exsurge
1370 4003 1416 4045 et
1447 3992 1508 4046 n'e
1535 3996 1750 4062 repellas
1781 3998 1835 4050 in
1927 4005 2052 4044 eum
2085 3998 2272 4054 arguat
2295 3998 2349 4041 et
2376 3989 2716 4052 condemnet,
2747 3997 2908 4054 atque
2929 3987 3212 4040 convincat
3239 4024 3256 4049 ,
3289 3995 3478 4054 utpote

248 4083 417 4149 ﬁnem
445 4079 518 4134 “.
546 4077 627 4133 Et
653 4079 940 4133 suscitatus
977 4088 1049 4131 est
1097 4088 1343 4149 tanquam
1371 4082 1626 4136 dormiens
1660 4084 1836 4137 Domi-
1932 4080 2238 4133 mendacem
2265 4117 2280 4141 ,
2331 4089 2383 4132 et
2415 4077 2761 4143 malignitatis
2809 4077 2927 4130 zelo
2948 4115 2965 4140 ,
2994 4091 3058 4129 ac
3089 4076 3259 4132 livore
3303 4079 3476 4146 reple-

246 4185 380 4230 am,
407 4177 676 4229 tanquam
701 4176 886 4234 potens
912 4165 1215 4230 crapulatus
1238 4185 1270 4220 a
1290 4170 1406 4222 vino
1429 4168 1494 4221 ⁸⁸.
1536 4171 1596 4224 Et
1625 4173 1835 4226 descen-
1926 4179 2064 4220 tum.
2095 4167 2245 4222 Unde
2267 4165 2417 4220 venis
2444 4205 2460 4230 ,
2493 4175 2545 4219 tu
2571 4166 2808 4233 dejecte,
2842 4164 3063 4219 confuse
3084 4206 3100 4230 ,
3149 4165 3423 4220 humiliate
3450 4165 3478 4218 τ

244 4262 338 4314 dit
364 4260 638 4313 Dominus
665 4268 724 4313 et
749 4257 958 4310 locutus
981 4267 1067 4312 est
1100 4273 1221 4311 cum
1260 4257 1460 4328 Moyse.
1498 4257 1563 4313 Et
1595 4265 1831 4317 ascendit

245 4350 404 4404 Deus
436 4359 743 4418 postquam
777 4347 988 4402 locutus
1041 4357 1124 4400 est
1168 4349 1232 4402 ad
1281 4349 1592 4415 Abraham,
1627 4361 1679 4406 et
1729 4354 1828 4407 alia

245 4438 552 4493 innumera
608 4438 696 4490 his
744 4437 941 4491 similia
993 4437 1058 4490 de
1108 4439 1213 4491 Dec
1259 4439 1309 4491 in
1364 4439 1636 4510 Scriptura
1679 4458 1830 4510 repe-

1930 4257 2089 4311 Unde
2120 4265 2172 4309 tu
2197 4256 2346 4308 venis
2365 4255 2561 4319 victus,
2585 4262 2887 4320 superatus,
2906 4254 3292 4308 conculcatus?
3325 4254 3475 4310 Unde

1933 4357 1987 4401 tu
2012 4347 2162 4401 venis
2193 4341 2284 4414 qui
2310 4345 2374 4398 de
2399 4344 2626 4398 excelsis
2670 4358 2729 4398 es
2773 4344 3065 4412 erpulsns,
3099 4354 3155 4398 et
3180 4359 3340 4412 super
3373 4354 3473 4400 ter-

1932 4453 2044 4491 ram
2093 4451 2149 4490 es
2197 4435 2583 4489 condemnatus
2607 4471 2624 4495 ,
2659 4432 2747 4501 qui
2796 4436 2861 4487 de
2890 4433 3042 4488 cretis
3067 4448 3128 4488 es
3160 4438 3428 4502 projectus
3451 4471 3472 4497 ,

246 4529 485 4584 riuntur
519 4529 700 4582 fuisse
735 4528 899 4582 dicta.
932 4526 988 4580 Si
1009 4542 1140 4593 ergo
1167 4528 1452 4583 immobilis
1495 4540 1546 4584 et
1576 4532 1831 4585 iuexcita-
1863 4557 1904 4610 ο
1931 4529 2071 4582 inter
2100 4527 2342 4581 homines
2380 4525 2656 4580 abdicatus
2685 4525 2709 4578 ‘l
2756 4523 2905 4579 Unde
2938 4534 2990 4578 tu
3019 4527 3208 4590 venis,
3233 4528 3323 4595 qui
3351 4535 3476 4594 post

243 4619 384 4674 bilis
408 4629 467 4674 et
493 4618 902 4688 inemigrabilis
939 4627 1102 4686 atque
1145 4617 1369 4687 simplex
1399 4620 1449 4672 in
1475 4620 1660 4675 iisdem
1687 4636 1828 4675 sem-

243 4723 356 4778 per
382 4708 598 4778 jug.ter
639 4720 964 4776 permanens
1011 4707 1150 4759 Deus
1181 4707 1294 4761 haec
1343 4707 1584 4762 universa
1613 4709 1827 4768 dicitur,

243 4808 317 4851 et
353 4799 438 4852 ire
471 4808 530 4851 et
559 4795 773 4860 venire,
821 4792 994 4859 Venit,
1027 4795 1217 4862 inquit,
1249 4793 1385 4846 Dens
1423 4797 1489 4846 ad
1519 4793 1735 4847 Balaam
1761 4797 1824 4860 “,

241 4897 319 4943 et
349 4890 548 4943 sedere
579 4897 640 4942 et
670 4898 898 4953 surgere
926 4897 942 4935 :
973 4884 1100 4952 quid
1149 4897 1400 4951 magnum
1433 4883 1476 4935 si
1509 4883 1680 4952 angeli
1713 4883 1826 4950 ejns

244 4989 430 5048 atque
481 4975 880 5031 ministeriales
931 4974 1150 5042 spiritus
1195 4973 1404 5026 venisse
1445 4974 1511 5025 ad
1551 4973 1710 5026 Deum
1746 4973 1826 5026 di-

245 5080 464 5125 cuntur
487 5069 559 5123 ad
591 5064 980 5135 iucrcpandum
1011 5064 1301 5130 diabolum,
1339 5073 1500 5130 atque
1525 5076 1710 5116 omnes
1735 5063 1826 5131 qui

247 5168 568 5230 cperantur
606 5158 938 5210 voluntatem
969 5153 1131 5218 illius,
1165 5165 1220 5207 et
1259 5155 1327 5208 ad
1371 5154 1669 5205 testandum
1702 5166 1829 5206 san~

247 5253 366 5305 ctis
405 5260 579 5317 atque
606 5245 1012 5301 sinceritatibus
1035 5259 1220 5299 eorum
1257 5286 1269 5306 .
1295 5259 1428 5313 quas
1460 5243 1655 5295 habent
1681 5243 1825 5296 circa

257 5343 437 5395 Deum
469 5340 496 5392 ‘.’
544 5339 629 5392 Ad
681 5335 1128 5404 magnificandum
1177 5337 1339 5390 Deum
1360 5335 1412 5388 iu
1448 5333 1828 5388 misericordiis

253 5436 380 5504 ejus
411 5445 470 5486 et
507 5431 852 5486 bonitatibus
875 5430 991 5498 eius
1014 5471 1029 5494 ,
1061 5441 1220 5498 atque
1260 5425 1746 5495 longanimitatibus
1771 5439 1828 5482 et

257 5520 752 5588 investigabilibns
804 5516 918 5582 ejus
970 5517 1238 5572 miraculis
1261 5555 1277 5580 ,
1312 5527 1432 5583 qua:
1466 5513 1828 5569 indesinenter

257 5613 512 5667 ostendit
538 5611 682 5664 circa
707 5621 876 5675 genus
903 5606 1235 5661 humanum?
1271 5605 1363 5660 Sic
1388 5617 1516 5672 ergo
1541 5615 1826 5670 venerunt,

319 5730 367 5761 "
392 5727 500 5782 ltili
535 5741 596 5786 ll,
633 5724 684 5776 ί.

266 5815 303 5864 ι,
351 5801 409 5853 5.
530 5796 574 5826 ⁶⁹
605 5794 704 5847 Joh
732 5805 792 5856 ll,
816 5790 868 5843 9.

1933 4617 2240 4686 iniquitates
2270 4615 2531 4678 festinas,
2578 4615 2668 4682 qui
2719 4623 2842 4681 post
2888 4614 3198 4682 injustitiam
3247 4615 3473 4669 curris?

1932 4716 2010 4770 Tu
2040 4715 2130 4784 qui
2163 4713 2447 4768 homicidia
2478 4713 2681 4782 appetis
2706 4749 2722 4776 ,
2753 4721 2806 4765 tu
2839 4713 2930 4781 qui
2968 4712 3215 4766 adulterii
3248 4727 3306 4766 es
3329 4714 3476 4780 cupi-

1932 4818 2048 4879 dus,
2085 4825 2138 4869 tu
2171 4815 2261 4883 qui
2291 4813 2551 4881 sanguine
2594 4813 2816 4880 potatis,
2849 4813 2940 4882 qui
2968 4814 3204 4868 omnium
3234 4815 3472 4881 impieta-

1931 4925 2041 4968 tum
2091 4927 2251 4981 super
2291 4921 2490 4964 terram
2520 4924 2577 4964 es
2619 4909 2885 4978 provisor,
2916 4910 3150 4963 onmium
3205 4909 3469 4961 malorum

1932 5013 2071 5068 inter
2111 5010 2353 5065 homines
2397 5008 2662 5073 inventor,
2706 5008 2847 5063 unde
2897 5015 2954 5062 tu
3003 5007 3205 5061 venis?
3249 5003 3328 5058 Tu
3381 5003 3469 5072 qui

1933 5121 2140 5180 tempus
2168 5124 2270 5163 non
2302 5106 2464 5162 habes
2488 5147 2502 5174 ,
2545 5117 2599 5162 tu
2640 5107 2727 5176 qui
2755 5107 2989 5176 quietem
3022 5121 3124 5160 non
3152 5112 3428 5173 exspectas
3452 5140 3469 5167 ,

1932 5219 1988 5265 tu
2018 5209 2108 5278 qui
2139 5205 2516 5275 resumptionis
2545 5221 2748 5260 memor
2776 5221 2877 5260 non
2910 5220 2991 5270 es,
3027 5217 3198 5272 neque
3229 5201 3470 5267 requiem

1928 5323 2116 5378 speras
2145 5308 2324 5373 ,,unde
2363 5316 2416 5360 tu
2445 5305 2596 5358 venis
2620 5304 2643 5357 ἳ
2672 5303 2942 5359 Conﬁtere
2966 5344 2982 5370 ,
3010 5312 3064 5357 et
3091 5299 3197 5354 noli
3227 5310 3426 5370 negare
3447 5334 3471 5360 ,

1925 5409 2171 5471 ostende,
2207 5414 2266 5464 et
2297 5404 2402 5460 noli
2429 5401 2623 5458 celare.
2655 5401 2759 5459 Sed
2792 5417 2897 5458 non
2929 5400 3198 5470 accipiens
3223 5394 3342 5448 haec
3383 5406 3473 5446 ne-

1930 5508 2224 5579 quissimus
2247 5544 2266 5573 ,
2291 5518 2393 5559 nec
2424 5501 2652 5556 omnino
2682 5499 2898 5554 audisse
2936 5512 2994 5554 se
3021 5490 3278 5550 simulans
3301 5524 3317 5549 ι
3371 5502 3476 5556 pro

1930 5605 2053 5661 aliis
2075 5603 2179 5659 alia
2206 5598 2479 5671 respondit
2505 5597 2725 5652 dicens:
2752 5593 2986 5650 (Ιίνιιιίυὶ
3010 5598 3206 5644 «tam
3247 5589 3474 5646 terram,

787 5721 834 5753 6³
865 5722 991 5777 ibid,
1067 5722 1108 5756 ﬂ
1145 5721 1277 5776 Psal.
1314 5733 1472 5777 mu,
1501 5717 1588 5772 9.3.
1670 5719 1715 5751 "
1739 5719 1836 5776 Psa

1940 5722 2196 5789 txvu,65.
2272 5717 2318 5750 “
2347 5715 2503 5770 Num.
2539 5706 2745 5787 xxn,8.
2821 5709 2862 5740 ⁸⁷
2890 5705 2987 5759 Job
3017 5717 3078 5762 ιι,
3117 5695 3173 5746 2ο
3250 5691 3299 5772 _”
3327 5689 3496 5768 Pani.
