3916 6498
321 447 418 501 451

316 567 362 612 et
409 549 670 624 peragravi
714 557 1005 600 universum
1050 540 1221 594 orbem
1248 536 1340 607 qui
1366 533 1460 588 sub
1500 532 1625 587 cmlo
1664 530 1847 624 est-gf”.
1875 533 1921 590 Α

318 621 590 701 Subtiliter
636 638 815 706 ﬁngis,
841 651 873 690 ο
906 631 1271 687 infelicissime
1317 625 1529 681 diabole
1559 664 1573 687 ,
1602 621 1850 678 humilia-

317 736 508 789 tionem
548 738 687 781 tuam
724 725 857 792 tegis
886 762 901 785 ,
933 720 1324 775 deformitatem
1360 725 1503 768 tuam
1536 711 1811 767 reticescis
1833 749 1849 775 ,

313 818 672 876 confusionem
706 824 849 868 tuam
901 811 1118 865 minime
1163 808 1431 877 depromis
1458 844 1474 869 ,
1504 803 1646 873 quod
1674 816 1705 855 a
1738 800 1853 869 pul-

312 922 434 961 vere
456 906 620 959 fueris
644 912 945 970 superatus.
979 900 1173 952 Lutum
1224 897 1365 951 enim
1395 903 1448 949 et
1489 904 1631 947 terra
1660 899 1715 945 et
1742 889 1851 959 pul-

312 996 390 1048 vis
418 1003 500 1049 est
530 992 629 1046 Job
662 1000 880 1059 propter
923 997 1190 1042 terrenum
1225 1000 1418 1052 corpus
1439 1022 1453 1047 ,
1505 981 1597 1035 sed
1638 981 1849 1033 interim

311 1093 551 1136 terrenus
591 1095 655 1134 ac
684 1080 856 1131 luteus
887 1077 1182 1146 superavit,
1214 1076 1407 1142 inquit,
1444 1083 1516 1138 te,
1539 1086 1572 1125 ο
1597 1071 1807 1125 diabole
1833 1110 1849 1133 ,

309 1168 397 1236 qui
430 1183 549 1220 cum
580 1167 653 1220 sis
680 1164 1099 1233 incorruptibilis
1125 1163 1363 1232 spiritus,
1395 1170 1649 1228 tanquam
1677 1159 1852 1227 fulgur

309 1262 375 1312 de
407 1259 546 1314 caelo
572 1257 810 1311 cecidisti
840 1255 1127 1324 projectus.
1172 1253 1379 1323 Corpus
1412 1252 1620 1306 scilicet
1647 1251 1849 1303 luteum

309 1349 585 1417 superavit
622 1346 880 1415 fulgorem
930 1345 1313 1413 incorruptum,
1349 1342 1592 1410 spiritum
1637 1342 1851 1394 immor-

312 1436 469 1487 talem
520 1442 683 1502 atque
733 1434 1128 1500 incorporeum.
1157 1430 1305 1482 Hanc
1330 1428 1534 1482 scilicet
1578 1426 1853 1481 confusio-

310 1538 431 1576 nem
461 1533 603 1576 tuam
651 1523 973 1575 reticescens
1018 1536 1080 1573 ac
1106 1519 1525 1587 praetermittens
1547 1556 1561 1581 ,
1594 1532 1626 1570 ο
1660 1514 1852 1571 callide

310 1614 521 1668 (liabole
545 1654 561 1677 ,
602 1614 849 1681 gloriaris
876 1628 937 1665 ac
982 1612 1192 1680 plaudis
1225 1611 1365 1680 quod
1399 1620 1596 1664 terram
1622 1609 1850 1663 circuie-

312 1700 408 1763 ris,
435 1710 490 1752 et
512 1714 573 1752 ea
608 1714 725 1767 quae
754 1700 850 1752 su‘b
878 1700 1013 1752 coelo
1044 1709 1170 1753 sunt
1200 1699 1589 1768 peragraveris.
1623 1697 1728 1751 Sed
1753 1698 1851 1751 hoc

312 1790 362 1842 in
390 1791 672 1843 maximam
700 1789 1093 1843 deformitatem
1137 1800 1277 1843 tuam
1310 1790 1445 1843 dicis
1480 1807 1494 1843 :
1533 1805 1653 1842 nam
1684 1788 1848 1858 gloria

313 1889 401 1931 tua
447 1889 608 1947 atque
639 1880 800 1934 elatio
854 1880 1052 1933 referta
1103 1887 1184 1934 est
1234 1880 1376 1933 omni
1421 1879 1742 1947 dejectione.
1792 1879 1849 1932 Si

310 1971 453 2022 enim
483 1979 684 2023 tantum
720 1971 933 2037 potuisti
979 1980 1037 2023 ut
1073 1984 1282 2023 onmem
1319 1979 1514 2024 terram
1538 2008 1553 2032 ,
1585 1978 1706 2037 post
1739 1970 1850 2023 hate

308 2076 495 2114 omnes
534 2070 773 2114 terrenos
801 2100 816 2123 ,
864 2070 1027 2128 atque
1081 2061 1393 2121 universos,
1442 2060 1528 2126 qui
1580 2060 1679 2113 sub
1712 2060 1849 2114 coelo

309 2159 434 2225 sunt
462 2151 721 2204 circuires
750 2159 909 2218 atque
942 2165 1280 2219 peragrares,
1308 2151 1407 2203 hoc
1432 2159 1533 2215 est,
1567 2148 1849 2203 conculca-

310 2252 395 2292 res
420 2247 580 2307 atque
605 2242 702 2293 sub
735 2248 785 2293 te
828 2238 1121 2305 subjiceres
1147 2282 1160 2303 ,
1204 2239 1467 2307 quomodo
1500 2253 1603 2292 non
1633 2238 1846 2306 potuisti

308 2329 398 2382 uni
432 2338 646 2383 terreno
673 2338 835 2398 atque
870 2329 1205 2397 corruptibili
1235 2328 1335 2383 Job
1361 2327 1702 2398 praevalere?
1743 2328 1847 2382 Sed

307 2418 481 2472 omnis
504 2419 741 2487 potentia
766 2428 875 2485 tua,
904 2434 967 2473 ac
992 2421 1179 2480 virtus,
1214 2427 1374 2487 atque
1393 2418 1670 2487 praedones
1699 2432 1849 2473 exer-

307 2511 446 2564 citus
487 2510 559 2563 tui
589 2520 641 2563 et
661 2510 867 2579 gladius
896 2524 1079 2564 eorum
1116 2520 1169 2563 et
1203 2510 1434 2577 triplicia
1474 2509 1708 2578 equitum
1739 2518 1850 2564 tuo-

308 2617 424 2654 rum
448 2616 645 2655 cornua
671 2609 726 2655 et
759 2603 897 2671 ignis
926 2602 1015 2669 qui
1042 2602 1105 2655 de
1152 2601 1289 2655 caelo
1318 2602 1556 2666 cecidit,
1589 2612 1648 2655 ut
1670 2610 1725 2655 tu
1768 2602 1849 2655 di-

307 2692 431 2744 xisti
458 2729 473 2755 ,
520 2701 573 2744 et
598 2691 746 2744 venti
780 2691 871 2759 qui
900 2692 967 2744 ab
1015 2705 1197 2745 eremo
1225 2698 1485 2744 venerunt
1510 2730 1526 2757 ,
1563 2690 1702 2759 quod
1733 2699 1850 2745 erat

308 2790 410 2833 tua:
441 2781 692 2848 nequitia:
722 2780 1004 2850 inspiratio
1024 2819 1040 2844 ,
1084 2780 1358 2844 universa,
1390 2780 1583 2848 inquit,
1610 2780 1721 2833 haec
1768 2780 1851 2833 in-

309 2873 461 2924 tirma
504 2886 566 2926 ac
597 2886 922 2940 supervacua
960 2872 1281 2926 exstiterunt
1307 2885 1403 2940 per
1430 2870 1557 2938 justi
1587 2869 1687 2924 Job
1718 2871 1847 2924 tole-

308 2961 577 3027 rantiam,
626 2974 787 3031 atque
838 2976 935 3032 per
992 2962 1283 3031 gratiarum
1331 2962 1571 3016 actiones
1624 2959 1845 3014 confusa

307 3058 468 3119 atque
496 3065 703 3106 eversa.
732 3051 858 3105 Post
882 3067 1000 3120 qua:
1032 3052 1305 3114 universa,
1336 3066 1463 3116 non,
1494 3050 1687 3118 inquit,
1716 3060 1791 3113 te,
1816 3064 1849 3102 ο

1349 414 1727 474 ANONYMUS
1762 412 1832 469 IN
1868 413 2006 469 JOB.
2044 443 2111 454 ι-
2145 412 2274 467 LIB.
2315 410 2379 466 ll.

3672 370 3814 467 es

1949 536 2118 594 posta
2148 526 2247 581 Job
2294 537 2416 577 cum
2468 517 2827 575 confusione.
2873 510 3089 566 Adam
3164 498 3390 556 enim
3453 490 3639 594 oliui;

1950 581 2170 681 duxisti,
2218 617 2310 669 sed
2337 612 2439 668 Job
2479 618 2603 679 post
2634 609 2749 663 hoc
2783 620 2912 659 non
2973 585 3537 681 supplantasti.
3580 581 3809 636 Adam

1949 709 2014 761 de
2041 678 2287 774 paradiso
2336 678 2670 763 eradicasti,
2718 698 2827 751 sed
2862 693 2983 748 Job
3043 705 3086 744 a
3152 678 3605 739 sanctitate
3672 686 3810 774 non

1949 766 2205 856 ave-nisti.
2241 799 2397 854 Unde
2429 804 2485 849 tu
2516 794 2674 849 venis
2701 794 2775 846 de
2821 787 3113 844 excelsis
3158 774 3590 874 espulsus.
3618 778 3693 874 e‘l
3727 766 3814 874 dt:

1948 891 2101 946 coelis
2157 890 2419 958 dejectus,
2463 885 2531 939 de
2601 882 2953 952 angelorum
3022 870 3341 959 choris_
3372 858 3816 959 proiectus?

1950 980 2099 1035 llnde
2124 957 2276 1033 venis
2305 986 2359 1029 tu
2396 975 2487 1043 qui
2514 989 2678 1041 super
2698 981 2934 1025 terram
2999 957 3481 1031 injustitiam
3538 957 3811 1022 germi-

1949 1073 2111 1136 nasti,
2139 1072 2230 1140 qui
2279 1070 2377 1123 sub
2419 1068 2536 1121 sole
2566 1066 2896 1135 impietates
2941 1048 3534 1140 disseminasti,
3570 1045 3696 1140 q—tri

1949 1176 2067 1229 qua:
2086 1131 2185 1215 sub
2208 1160 2345 1213 caelo
2378 1167 2508 1213 sunt
2547 1157 2810 1209 universa
2852 1150 3039 1206 malis
3129 1138 3472 1212 replesti
3503 1135 3538 1190 ?
3614 1131 3811 1189 Unde

1948 1252 2097 1305 venis
2153 1251 2250 1303 tu?
2302 1249 2381 1303 Tu
2411 1251 2505 1317 qui
2549 1262 2608 1300 es
2669 1245 2881 1299 mortis
2926 1247 3226 1298 auctor,
3279 1230 3813 1293 malorumque

1951 1341 2216 1407 inventor,
2243 1352 2406 1410 atque
2458 1339 2729 1394 malorum
2771 1334 3052 1389 omnium
3121 1326 3488 1388 initium,
3544 1318 3811 1389 iniqui-

1952 1429 2077 1482 tatis
2129 1442 2398 1497 operator,
2445 1438 2602 1495 pater
2658 1423 2981 1479 mendacii.
3062 1416 3343 1477 Unde,
3418 1411 3698 1478 inquit,
3738 1416 3810 1461 tu

1951 1520 2147 1573 venis?
2178 1518 2431 1583 Circuivi,
2461 1520 2655 1586 inquit,
2690 1532 2915 1570 omnem
2948 1523 3271 1569 terram.
3313 1514 3387 1558 εί
3440 1500 3809 1571 Ρεταθναεί

1950 1610 2189 1662 universa
2215 1625 2333 1677 qua:
2363 1611 2455 1662 sub
2489 1610 2616 1662 caelo
2638 1617 2793 1669 sunt,
2822 1614 2874 1659 et
2920 1618 3063 1657 ecce
3119 1599 3450 1651 adsum.
3510 1593 3805 1655 Adsum,

1952 1697 2145 1764 inquit,
2176 1697 2264 1764 qui
2302 1712 2407 1750 non
2435 1695 2742 1751 succumbo
2795 1708 2996 1762 neque
3034 1686 3473 1747 humilior,
3511 1683 3637 1751 qui
3677 1694 3803 1735 non

1951 1801 2237 1844 convertor
2288 1787 2463 1859 neque
2511 1790 2831 1852 satisfacio.
2882 1788 2988 1857 qui
3066 1780 3641 1855 paenitentiam
3674 1794 3802 1831 non

1882 1865 2179 1935 Bostendo
2216 1919 2231 1943 ,
2293 1883 2390 1935 sed
2452 1892 2712 1949 tauquam
2767 1880 2927 1933 vitiis
2990 1874 3441 1931 indomitus
3520 1879 3800 1941 praesto.

1950 1972 2261 2038 Mutaberis,
2317 1974 2513 2042 inquit,
2569 1972 2885 2035 odiabole,
2937 1970 3003 2025 in
3073 1965 3622 2022 dilectissimo
3658 1972 3799 2026 tuo,

1950 2062 2048 2117 hoc
2092 2071 2175 2116 est
2204 2063 2256 2115 in
2285 2063 2595 2131 temetipso.
2620 2061 2762 2115 Nam
2821 2075 2957 2115 cum
3020 2073 3187 2113 non
3229 2055 3626 2119 ﬂecteris,
3683 2069 3803 2110 ne-

1948 2165 2051 2218 que
2107 2150 2421 2217 subjiceris,
2478 2165 2659 2217 neque
2713 2150 2982 2218 poenitet:
3005 2149 3199 2201 tiam
3278 2148 3798 2211 demonstras,

1948 2240 2001 2292 in
2043 2239 2493 2293 irremediabilem
2551 2239 2860 2293 inferorum
2900 2253 3208 2307 pmnam
3261 2237 3751 2307 'demergeris
3778 2270 3799 2299 ς

1950 2328 2364 2396 inexstinguibili
2397 2328 2504 2395 igni
2536 2327 2810 2397 gehennae
2837 2327 3143 2389 traderis,
3175 2335 3265 2381 et
3302 2334 3386 2380 tu
3428 2334 3511 2381 et
3553 2341 3797 2381 omnes

1947 2417 2036 2485 qui
2073 2425 2125 2471 te
2180 2418 2247 2470 ad
2278 2416 2657 2470 inﬁdelitatem
2717 2426 3069 2486 sequuntur
3118 2434 3141 2470 :
3198 2428 3323 2483 tu,
3359 2418 3697 2487 inquam,
3731 2426 3797 2473 et

1946 2522 2134 2563 omnes
2179 2508 2269 2577 qui
2325 2522 2423 2576 per
2474 2516 2525 2560 te
2582 2507 2651 2561 ad
2704 2508 3096 2577 impietatem
3208 2510 3788 2576 persuadentur.

1944 2600 2170 2664 Adsum,
2210 2599 2408 2667 inquit,
2457 2599 2504 2653 is
2557 2600 2650 2667 qui
2718 2613 2830 2654 non
2870 2600 2955 2653 ita
3003 2609 3127 2654 est
3177 2601 3266 2669 in
3343 2602 3644 2658 factura
3672 2620 3790 2659 sua

1948 2689 2140 2755 factus,
2180 2688 2273 2743 sed
2315 2689 2370 2743 in
2417 2689 2683 2759 operibus
2716 2690 2793 2743 ita
2850 2692 3458 2761 demonstratus,
3483 2696 3608 2766 qui
3644 2713 3773 2752 non

1948 2780 2022 2833 ita
2050 2787 2136 2832 est
2183 2780 2361 2833 factus
2418 2787 2641 2843 natura,
2704 2781 2804 2835 sed
2865 2781 3078 2837 exivit
3147 2784 3600 2842 voluntate.
3646 2786 3784 2843 Non

1947 2868 2089 2922 cnim
2140 2869 2194 2922 in
2239 2867 2447 2922 factura
2478 2879 2713 2934 naturae,
2779 2872 2880 2925 sed
2942 2872 3009 2926 in
3054 2875 3505 2935 voluntatis
3541 2895 3785 2950 opera-

1952 2958 2094 3011 tione
2138 2958 2387 3012 diabolus
2440 2968 2524 3013 est
2571 2959 2774 3015 factus.
2832 2962 3109 3028 Adsum,
3169 2966 3472 3035 inquit,
3537 2971 3599 3026 is
3668 2974 3781 3041 qui

1948 3048 2186 3115 peccatis
2222 3050 2557 3117 congaudeo,
2589 3050 2683 3118 qui
2725 3051 3185 3120 itupietatibus
3217 3057 3472 3124 laetor,
3504 3062 3624 3132 qui
3656 3063 3781 3119 ini-

305 3141 515 3194 diabole
538 3182 553 3207 ,
592 3143 863 3211 interrogo
905 3157 1066 3209 quam
1111 3151 1306 3195 terram
1339 3141 1615 3195 circuieris
1638 3180 1652 3205 ,
1685 3148 1737 3192 et
1783 3153 1845 3192 ea
1870 3172 1914 3232 α
1948 3139 2563 3208 quitatibusjucundor,
2590 3140 2682 3208 qui
2710 3140 2868 3194 omni
2918 3142 3300 3211 iniustitia
3346 3160 3424 3206 et
3457 3156 3779 3211 omnibus

306 3246 423 3299 qua:
450 3233 549 3286 sub
598 3232 732 3285 coelo
778 3241 902 3285 sunt
929 3232 1295 3300 peragraveris
1321 3270 1336 3294 ,
1365 3233 1431 3286 de
1474 3232 1587 3285 istis
1617 3245 1846 3299 namque

307 3323 641 3392 interrogare
669 3333 718 3375 te
747 3337 880 3391 Opus
910 3337 1015 3375 non
1053 3322 1244 3375 habeo.
1277 3322 1400 3375 Scio
1432 3325 1572 3375 enim
1599 3322 1739 3390 quod
1766 3323 1847 3374 in-

306 3413 534 3467 cessanti
568 3411 799 3478 nequitia
828 3412 1191 3463 indesinenter
1218 3420 1409 3465 cuncta
1442 3426 1560 3479 qua:
1590 3411 1686 3464 sub
1709 3411 1844 3465 caelo

308 3514 436 3556 sunt
469 3502 665 3556 circuis
688 3541 705 3566 ,
747 3511 800 3555 et
834 3502 1075 3571 pervolas
1102 3542 1116 3566 ,
1166 3512 1347 3572 utpote
1387 3518 1576 3557 aereus
1625 3504 1845 3572 spiritus

309 3592 530 3659 fulguris
562 3590 833 3644 velocitati
863 3590 1250 3645 consimilatns.
1280 3591 1392 3644 Non
1416 3630 1431 3655 ,
1461 3591 1672 3659 inquit,
1703 3599 1753 3645 te
1780 3592 1846 3646 de

308 3681 409 3733 hoc
440 3681 733 3746 interrogo,
776 3680 869 3733 sed
898 3680 1019 3740 hoc,
1044 3680 1188 3734 unde
1212 3680 1444 3743 veneris,
1474 3679 1559 3732 vel
1594 3696 1623 3733 a
1652 3680 1846 3749 quibus

306 3770 534 3820 veneris.
570 3768 649 3821 Ab
692 3767 969 3821 iuconfuso
995 3767 1272 3832 confusus,
1304 3769 1372 3822 ab
1402 3768 1634 3822 exaltato
1672 3768 1847 3821 humi-

308 3855 468 3908 liatus
493 3894 507 3917 ,
542 3871 569 3907 a
599 3855 832 3924 glorioso
863 3870 956 3922 spe
999 3871 1223 3909 vacuus.
1253 3857 1324 3909 De
1364 3857 1481 3910 istis
1502 3897 1517 3922 ,
1545 3857 1737 3924 inquit,
1766 3856 1846 3910 in-

310 3951 522 4013 terrogo
571 3953 732 4010 atque
775 3946 839 3996 de
871 3945 956 3997 his
986 3958 1039 3998 te
1083 3946 1341 3999 admoneo
1365 3986 1380 4012 ,
1422 3962 1541 4001 cum
1567 3957 1677 4003 stes
1700 3948 1846 4002 velut

310 4031 481 4100 igneis
507 4033 703 4101 jaculis
734 4033 1058 4087 stimulatus.
1087 4034 1214 4099 Quis
1236 4036 1377 4090 enim
1407 4046 1489 4091 est
1520 4037 1689 4107 major
1709 4038 1845 4108 ignis

308 4122 518 4176 diabolo
548 4138 705 4190 quam
735 4124 843 4186 hic,
874 4132 980 4176 uta
1011 4125 1213 4178 carnali
1246 4136 1300 4179 et
1330 4136 1540 4179 terreno
1562 4137 1845 4194 superetur

308 4223 467 4280 atque
508 4212 871 4276 conculcetur,
918 4229 1039 4267 cum
1072 4215 1143 4267 sit
1182 4215 1403 4284 spiritus
1449 4215 1845 4284 incorporeus?

309 4300 460 4356 Unde
489 4310 542 4354 tu
560 4302 728 4367 venis,
755 4303 1021 4366 seductor,
1050 4302 1349 4366 insidiator,
1378 4305 1682 4359 humiliatus
1704 4343 1720 4367 ,
1752 4306 1845 4359 de-

306 4391 496 4461 iectus,
523 4392 820 4445 confusus?
845 4392 997 4446 Unde
1029 4401 1085 4445 tu
1118 4392 1269 4446 venis
1293 4393 1316 4446 ἳ
1348 4393 1445 4447 Ubi
1479 4404 1561 4447 est
1588 4410 1843 4463 arrogan-

307 4481 382 4533 tia
406 4480 542 4532 tua?
571 4480 669 4534 Ubi
695 4492 778 4534 est
797 4482 954 4536 elatio
985 4482 1009 4535 ?
1054 4481 1154 4536 Ubi
1192 4483 1607 4551 magniloquium
1644 4494 1789 4537 tutnn
1821 4485 1844 4538 ?

307 4567 407 4623 Ubi
444 4580 567 4622 sunt
601 4571 874 4624 mendacia
899 4582 1006 4636 tua,
1038 4574 1232 4640 quibus
1262 4572 1441 4626 dixisti
1466 4572 1604 4640 quod
1632 4590 1717 4628 me
1744 4574 1844 4630 Job

305 4668 523 4728 propter
567 4661 839 4729 pecuniam
872 4663 1116 4716 coleret?
1149 4663 1225 4716 Tu
1270 4662 1549 4717 facultates
1581 4665 1627 4717 ei
1665 4665 1845 4719 abstu-

307 4751 437 4813 listi,
466 4764 562 4818 ego
596 4766 723 4805 vero
753 4754 1039 4820 gratiarum
1080 4757 1317 4808 actiones
1348 4766 1509 4823 atque
1543 4756 1835 4811 confessio-

306 4855 427 4895 nem
457 4840 524 4892 ab
567 4853 630 4892 eo
678 4843 906 4909 suscepi.
938 4842 1072 4896 Nam
1117 4859 1237 4897 cum
1266 4852 1318 4897 tu
1345 4884 1359 4907 ,
1390 4846 1603 4914 inquit,
1629 4861 1838 4901 onmem

305 4928 660 4981 substantiam
712 4928 823 4994 ejus
870 4932 1155 4987 abstuleris
1208 4944 1264 4987 ιιι
1308 4952 1411 4989 non
1462 4936 1658 4989 habeat
1704 4937 1841 4991 unde

306 5017 434 5070 mihi
471 5017 677 5069 hostias
705 5016 931 5082 offerat,
962 5020 1116 5073 solita
1142 5023 1434 5089 gratiarum
1471 5026 1679 5078 actione
1710 5025 1838 5078 mihi

305 5104 563 5159 sacrificia
594 5104 833 5157 immolat
864 5120 928 5159 ex
957 5112 1152 5164 mundo
1187 5114 1346 5168 corde
1373 5124 1534 5183 atque
1566 5114 1843 5168 conscien-

306 5196 375 5249 tia
414 5210 565 5264 pura.
613 5192 763 5249 Unde
796 5195 941 5250 Venis
965 5206 1016 5249 tu
1043 5238 1059 5261 ,
1108 5215 1140 5253 0
1168 5201 1416 5256 diabole?
1454 5202 1565 5257 Non
1599 5219 1628 5256 a
1676 5203 1844 5273 paeni-

305 5287 469 5337 tentia
497 5322 511 5345 ,
545 5297 649 5336 non
679 5297 707 5334 a
736 5286 1081 5341 conversione
1106 5326 1121 5351 ,
1156 5303 1325 5359 neque
1353 5293 1418 5347 ab
1443 5294 1545 5347 hoc
1576 5295 1714 5362 quod
1749 5296 1841 5347 de-

305 5372 626 5426 formitatem
677 5381 817 5426 tuam
869 5374 1055 5431 videns
1111 5379 1483 5459 confundaris.)
1530 5381 1619 5437 Sic
1666 5384 1842 5452 itaque

292 5463 575 5533 interrogo
603 5473 674 5528 te,
702 5463 1081 5534 malignissime
1100 5509 1115 5535 ,
1146 5470 1286 5527 unde
1320 5475 1519 5529 venias.
1554 5471 1669 5528 Non
1697 5475 1839 5527 enim

307 5554 457 5607 venis
478 5554 619 5607 sicut
643 5553 850 5621 pridem
884 5555 949 5610 ab
981 5557 1143 5615 Adam
1163 5574 1283 5617 cum
1310 5564 1553 5628 victoria,
1590 5562 1682 5618 sed
1703 5562 1841 5619 sicut

372 5725 417 5755 ὀ
441 5726 540 5783 Job
569 5744 626 5798 ιι,
649 5729 702 5785 2.
777 5733 818 5765 τι
853 5702 979 5791 ibid.
1007 5739 1062 5798 5.

1953 3229 2304 3298 impudicitiis
2326 3240 2487 3297 atque
2518 3231 2777 3285 omnibus
2838 3234 3024 3288 malis
3056 3237 3454 3298 delector.
3486 3245 3771 3314 Adsum,

1952 3317 2142 3385 inquit,
2194 3318 2240 3372 is
2286 3319 2375 3388 qui
2419 3334 2568 3387 spem
2619 3336 2729 3374 non
2790 3321 3016 3392 habeo,
3095 3332 3242 3398 qui
3290 3336 3614 3393 salutem
3647 3356 3773 3395 non

1950 3419 2224 3475 exspecto,
2260 3410 2348 3477 qui
2374 3411 2818 3466 misericordiam
2865 3430 2991 3470 non
3066 3425 3465 3488 sustineo.
3521 3433 3639 3500 qui
3672 3448 3773 3488 re-

1950 3493 2149 3563 frigerii
2174 3511 2278 3549 non
2306 3513 2426 3551 sum
2467 3514 2701 3554 memor.
2741 3501 3031 3570 Circuivi,
3074 3511 3388 3583 inquit,
3430 3493 3685 3578 εενζοαη,
3713 3536 3770 3579 ει

1948 3585 2214 3650 peragravi
2237 3601 2371 3649 eant,
2396 3598 2444 3640 el
2468 3604 2529 3640 ea
2549 3606 2669 3658 qua:
2693 3592 2793 3644 sub
2817 3596 2961 3649 caelo
2986 3614 3150 3653 sum
3166 3645 3194 3668 ,
3223 3617 3297 3660 et
3322 3626 3488 3665 ecce
3509 3617 3766 3673 adsum.

1949 3671 2048 3726 Cui
2073 3682 2190 3741 post
2218 3681 2332 3728 lucc
2368 3677 2548 3732 omnia
2572 3684 2925 3749 respondens
2969 3688 3165 3749 Deus
3204 3698 3407 3756 dicit
3454 3722 3475 3757 :
3523 3705 3672 3761 Non

1950 3766 2014 3819 de
2059 3765 2163 3819 hoc
2222 3767 2498 3865 interrogo
2531 3773 2773 3839 qualiter
2829 3786 3070 3835 terram
3128 3789 3584 3865 circi-ieris,
3647 3800 3766 3857 hoc

1949 3862 2033 3908 est
2057 3868 2149 3954 eos
2170 3855 2259 3923 qui
2311 3866 2524 3912 terrena
2568 3862 2815 3928 sapiunt,
2847 3880 3057 3935 neque
3088 3874 3187 3929 de
3244 3879 3399 3937 hoc
3433 3855 3764 3954 quemad;

1949 3944 2162 3996 modum
2226 3961 2308 4045 ea.
2341 3963 2461 4045 quae
2494 3952 2596 4003 sub
2649 3953 2793 4008 caelo
2820 3968 2967 4012 sunt
3018 3944 3599 4045 peragrave-ris,
3644 3944 3766 4037 hoe

1949 4042 2031 4127 est
2083 4049 2175 4088 eos
2220 4037 2309 4103 qui
2361 4037 2605 4092 ccelestia
2665 4057 2776 4096 non
2840 4037 3295 4127 desiderant,

1949 4119 2081 4188 ipse,
2113 4123 2202 4189 qui
2229 4123 2364 4176 coelo
2390 4127 2586 4179 reverti
2641 4128 2789 4183 ultra
2824 4148 2945 4187 non
3001 4152 3223 4207 potes

1949 4210 2270 4317 interrogavi
2288 4215 2657 4317 etninterro'go
2693 4235 2707 4270 :
2747 4210 3312 4295 Animaduertit}?
3345 4210 3757 4317 adp;;;u;

2403 4308 2603 4411 θέει
2644 4310 2866 4411 diceret
2894 4321 3403 4411 :_lntellexisti
3470 4345 3639 4411 quid
3674 4349 3759 4402 si;

1948 4389 2079 4443 Job?
2104 4389 2373 4444 Relaxasti
2400 4407 2620 4448 sensum
2658 4407 2814 4454 tuum
2854 4406 2930 4459 ad
2968 4425 3126 4468 eum
3151 4419 3189 4471 ?
3241 4389 3758 4499 Cognovi-siin;

3363 4069 3558 4123 sicut
3592 4082 3661 4126 et
3696 4085 3761 4129 tu

1878 4511 1922 4566 υ
1951 4481 2126 4593 ξΙιυιιι.Ι
2151 4482 2247 4593 .vel
2289 4483 2548 4593 [prob-ain
2602 4488 3091 4593 indeclinabilem
3141 4481 3751 4593 “detrivej‘u‘s-re;

1950 4574 2616 4688 ἷ¹Ῐ¹ξ¹Ῑῖἶξ³Ῐξῗῖῗῖ,ίῗῖΨῖξῗῗίῗΨ
2644 4592 2698 4635 εί
2726 4590 3159 4688 Ἰην¹⁰¹²¹ξὶ¹ειη
3198 4604 3750 4688 fortitudinem.

1946 4676 1997 4769 e‘l
2024 4664 2379 4769 i,"Vi°_labil,en,'
2404 4667 2661 4769 Ρίῗιῗιθω
2693 4684 2866 4745 atque
2900 4664 3748 4769 l"iligiositate‘ni

1946 4754 2380 4860 Animadvertiin
2399 4757 2482 4810 vel
2509 4759 2792 4817 intendiin
2824 4771 2900 4821 ad
2935 4754 3232 4839 puerum
3292 4754 3702 4857 ,ξιέξηϊὲζῐ

1947 4858 2011 4944 ac
2031 4845 2076 4896 sl
2095 4843 2322 4898 diceret:
2342 4843 2532 4899 Certus
2558 4861 2645 4912 es,
2674 4865 2709 4903 o
2733 4852 2977 4914 inimice
3004 4843 3358 4933 omnium
3376 4843 3745 4943 'Q{.J,L'n',

1949 5031 2025 5114 tu,
2062 5030 2180 5114 uter
2228 5024 2428 5093 absque
2482 5028 2775 5087 mendacio
2820 5036 3065 5099 locutus
3117 5048 3325 5114 (ueri

1947 5111 2382 5220 attestimoniutn
2436 5117 2714 5187 perhibui,
2746 5139 2819 5179 an
2857 5137 2918 5182 tu
2948 5135 3056 5200 qui
3122 5111 3717 5220 eum—acczs’as‘t‘i

1952 5201 2094 5257 Dicis
2122 5205 2263 5273 quod
2322 5215 2520 5262 terram
2546 5210 2871 5289 circuieris,
2927 5235 2992 5280 et
3024 5242 3101 5283 ea
3153 5201 3333 5304 qui
3353 5201 3745 5313 _s:,;u:;;i;

1946 5302 2496 5407 :"fiiffigffffr'i’.
2527 5315 2789 5407 repens."
2824 5315 3086 5407 S'm'le'“
3134 5325 3284 5388 10b
3314 5338 3350 5391 ?
3393 5340 3743 5407 Vidistine

1943 5383 2204 5473 aequalem
2263 5386 2383 5440 illi?
2436 5389 2517 5444 Ob
2575 5391 2708 5463 hoc,
2747 5399 2963 5473 inquit,
2995 5419 3053 5465 te
3126 5417 3195 5472 in

1950 5472 2177 5540 veneris,
2203 5475 2286 5528 vel
2314 5477 2455 5534 unde
2485 5483 2703 5551 venias,

1944 5568 2108 5625 tatem
2166 5578 2230 5620 ac
2265 5572 2541 5641 meritum,

3338 5072 3396 5131 ι,
3453 5082 3591 5139 ego
3633 5074 3745 5142 qui

3208 5432 3519 5503 terrOgo
3550 5443 3736 5498 unde

2760 5502 2828 5547 ut
2881 5503 3222 5564 ostendam
3273 5502 3737 5590 Jobﬂsancti-

2611 5580 2959 5647 patientiam
3016 5610 3292 5675 quoque
3386 5580 3729 5685 aevi-iet;-
