3916 6466
17 27 222 128 ./

149 395 290 487 βω

1371 438 1744 498 ΑΝοΝῖδιυε
1780 439 1848 495 IN
1886 439 2026 497 JOB.
2061 469 2128 482 -κ
2165 438 2292 497 LIB.
2334 439 2398 495 ll.

3366 446 3470 501 454

167 521 346 633 (ista.
378 527 642 633 gloriam
712 547 1102 612 nihilominus
1151 568 1318 630 atque
1363 577 1637 630 coronam,
1697 573 1840 619 tuam
1872 573 1917 627 Α
1945 562 2224 618 tolerantia
2247 577 2310 617 ac
2329 560 2537 618 devotis
2553 559 2844 630 gratiarum
2871 561 3169 618 actionibus
3196 569 3466 633 superavit

173 629 324 684 Λθτθ
380 619 821 706 ““icClionem,
880 656 940 700 et
971 619 1425 719 humiliationem,
1473 619 1832 711 confusionem

206 726 430 793 4‘10th
495 728 680 792 atque
753 735 1161 800 perditionem.
1213 741 1526 811 Quanquam
1591 747 1732 799 enim
1777 755 1831 800 tu

220 821 412 880 90395.
466 813 570 866 sed
638 833 753 888 ego
807 834 1120 888 ostendam.
1157 832 1411 899 Quamvis
1457 843 1511 888 tu
1561 851 1664 889 non
1710 851 1836 890 con-

245 902 467 967 ﬁtearis.
521 909 626 962 sed
680 926 793 982 ego
847 933 960 973 non
1006 921 1166 976 sileo.
1211 923 1431 979 Terram
1488 925 1631 978 enim
1663 935 1711 978 te
1734 925 1838 978 cir-

265 997 427 1051 cuisse
453 995 618 1082 dicis,
655 1005 1034 1068 perditionem
1067 1020 1210 1064 tuam
1233 1027 1361 1066 vero
1413 1027 1514 1066 non
1540 1013 1826 1080 depromis.

261 1088 392 1142 Cum
433 1085 734 1144 abscondis
778 1103 933 1148 tuam
972 1096 1344 1165 dejectionem,
1381 1115 1604 1155 coronas
1627 1101 1725 1157 Job
1747 1101 1832 1155 fu-

255 1177 427 1233 raris.
472 1177 764 1246 Respexisti
829 1187 899 1236 ad
951 1203 1168 1253 puerum
1201 1205 1367 1243 meum
1387 1191 1506 1256 Job,
1541 1192 1631 1261 qui
1677 1201 1836 1260 caput

253 1280 416 1323 tuum
451 1271 818 1336 ronculcavit,
854 1277 949 1345 qui
976 1277 1273 1332 bumiliavit
1302 1280 1633 1335 altitudinem
1668 1291 1831 1345 tuam,

247 1362 338 1428 qui
391 1359 607 1428 deiecit
632 1363 929 1419 elationem
963 1368 1145 1421 tuam?
1192 1367 1470 1434 Gloriaris,
1501 1371 1694 1438 inquit,
1738 1386 1833 1424 ne-

245 1450 543 1517 quissime
572 1451 792 1515 Satana,
818 1455 962 1522 quod
995 1464 1189 1508 terram
1215 1458 1516 1524 circuieris,
1547 1469 1599 1512 et
1630 1474 1693 1512 ea
1717 1474 1834 1528 quae

241 1543 350 1596 sub
388 1541 550 1594 caelo
583 1551 710 1594 sunt
739 1547 1110 1612 peragraveris
1150 1563 1164 1598 :
1192 1547 1283 1599 sed
1327 1548 1463 1601 mala
1490 1559 1571 1602 est
1591 1549 1703 1602 haec
1727 1549 1836 1616 glo-

243 1631 430 1685 riatio
465 1641 563 1684 tua
591 1641 757 1699 atque
778 1634 982 1688 inutilis
1007 1636 1186 1690 elatio.
1212 1638 1290 1690 Ad
1349 1639 1544 1691 malum
1569 1640 1709 1692 enim
1731 1640 1836 1693 cir-

243 1722 431 1774 cuisti
497 1733 730 1785 terram,
778 1731 832 1776 et
879 1724 946 1776 ad
987 1725 1301 1793 injustitiam
1349 1741 1602 1796 peragras
1631 1743 1690 1782 ea
1720 1744 1833 1796 quae

243 1811 356 1866 sub
384 1812 540 1867 caelo
589 1825 739 1868 sunt.
773 1815 1028 1871 Pervolas
1047 1820 1186 1872 enim
1239 1819 1452 1888 pelagus
1483 1830 1538 1874 et
1578 1835 1750 1874 aerem
1780 1832 1834 1876 et

249 1912 534 1968 penetras
561 1916 760 1956 omnes
789 1915 996 1972 gentes,
1029 1905 1326 1972 provincias
1383 1920 1442 1958 ac
1487 1906 1748 1974 regiones,
1776 1917 1833 1959 ut

253 1989 544 2056 plurimos
600 1993 745 2048 filios
816 1995 1075 2062 gehennae
1139 1995 1323 2058 facias,
1391 2004 1446 2049 ut
1499 1996 1675 2064 plures
1732 2006 1834 2052 tute

253 2093 454 2146 passm
488 2081 696 2136 efﬁcias
734 2085 1043 2152 participes.
1090 2084 1234 2138 Sicut
1264 2085 1404 2140 enim
1435 2087 1583 2140 canis
1609 2085 1825 2140 rabidus

250 2169 386 2222 vias
413 2184 480 2222 ac
514 2171 785 2224 transitus
809 2174 1095 2240 percurrit,
1128 2183 1182 2226 ut
1239 2188 1419 2228 omnes
1455 2189 1589 2242 quos
1621 2187 1744 2229 ante
1775 2191 1833 2232 se

252 2261 568 2323 invenerit,
627 2261 771 2315 alios
822 2263 1035 2329 quidem
1097 2263 1356 2316 morsibus
1417 2263 1676 2330 vulneret,
1705 2264 1835 2320 alios

251 2347 638 2400 nihilominus
678 2349 732 2400 iu
785 2359 1056 2416 stuporem
1105 2348 1334 2404 deducat
1383 2352 1643 2405 terroris:
1686 2352 1835 2406 itaet

252 2444 353 2497 tu,
380 2435 582 2501 inquit,
632 2436 966 2502 nequissime
1006 2436 1223 2499 Satana,
1281 2445 1474 2489 terram
1533 2439 1746 2501 circuis,
1781 2448 1835 2492 et

247 2537 337 2576 ca
366 2539 488 2590 qua:
543 2523 653 2576 sub
701 2525 842 2577 cmlo
877 2535 1002 2577 sunt
1049 2528 1294 2580 universa
1328 2541 1597 2594 peragras,
1644 2538 1834 2582 nonut

249 2611 505 2679 aliquem
531 2628 855 2680 componas,
885 2613 979 2666 sed
1005 2621 1060 2664 ut
1081 2623 1300 2667 cunctos
1327 2616 1670 2679 extermines,
1705 2629 1835 2682 quo-

249 2699 524 2753 rauudam
566 2701 810 2752 animum
871 2716 968 2769 per
999 2710 1214 2769 peccata
1255 2701 1558 2760 vulnerans,
1611 2703 1832 2754 aliorum

247 2791 640 2844 nihilominus
672 2800 882 2843 mentes
908 2789 1208 2842 obtundens
1245 2799 1404 2858 atque
1455 2789 1740 2843 infatuans.
1769 2788 1834 2842 Et

245 2895 371 2934 cur
415 2882 675 2948 superius
737 2894 869 2932 sane
920 2879 1062 2932 illum
1109 2877 1375 2932 diabolum
1417 2877 1670 2946 appellat,
1697 2893 1834 2934 nunc

246 2985 402 3021 vero
427 2968 734 3021 Satanam?
779 2967 1041 3022 Diabolus
1076 2968 1214 3020 enim
1253 2977 1524 3019 accusator
1569 2967 1826 3035 interpre~

250 3065 436 3120 tatur,
457 3055 700 3110 Satanas
739 3071 870 3110 vero
919 3056 1162 3109 resistens
1207 3055 1292 3110 vel
1319 3056 1541 3122 rebellis,
1563 3061 1833 3110 autetiam

1935 664 2096 721 atque
2131 652 2184 705 in
2211 651 2387 721 fingam
2408 649 2591 713 vertit,
2619 658 2674 704 et
2697 664 2884 704 omnes
2915 649 3128 706 fraudes
3159 651 3275 719 ejus
3305 663 3464 723 atque

1933 743 2240 811 iniquitates
2282 754 2639 810 supervacuas
2685 741 3088 794 demonstravit.
3153 741 3459 810 Respexisti,

1934 833 2130 902 inquit,
2167 833 2234 886 ad
2267 847 2480 898 puerum
2518 848 2687 885 meum
2722 830 2862 886 Job?
2891 831 2969 883 Ad
3015 831 3161 883 illum
3190 833 3467 900 obtempe-

1934 930 2136 974 rantem
2181 934 2402 988 puerum
2430 928 2593 988 atque
2624 933 2832 984 verum,
2886 921 2975 986 qui
3026 933 3310 986 percussus
3360 935 3464 974 non

1933 1015 2192 1077 discessit,
2252 1015 2339 1082 qui
2375 1028 2543 1068 caesus
2571 1020 2671 1074 est,
2705 1020 2760 1064 et
2811 1024 2915 1064 non
2975 1008 3210 1076 deliquit,
3236 1009 3326 1076 qui
3372 1009 3469 1062 tibi

1936 1112 2018 1157 est
2071 1104 2313 1166 traditus,
2346 1112 2401 1156 et
2455 1116 2557 1154 non
2613 1115 2696 1152 me
2756 1098 3051 1165 denegavit,
3093 1097 3183 1164 qui
3215 1112 3244 1149 a
3277 1106 3328 1150 te
3349 1112 3472 1164 pcr-

1932 1206 2122 1245 cussus
2153 1200 2253 1254 est,
2297 1201 2350 1245 et
2401 1190 2529 1243 mihi
2591 1189 2786 1258 gratias
2835 1187 2960 1255 agit.
3022 1185 3203 1248 Istum,
3260 1185 3456 1253 inquit,

1934 1292 2155 1345 puerum
2197 1277 2475 1345 respexisti
2518 1277 2608 1344 qui
2647 1275 2928 1328 adversum
2978 1283 3029 1327 te
3056 1275 3225 1336 stetit,
3260 1282 3315 1326 et
3341 1273 3470 1326 mihi

1933 1381 2037 1420 non
2062 1366 2280 1428 restitit,
2315 1366 2400 1432 qui
2429 1365 2707 1418 adversum
2736 1374 2787 1417 te
2822 1363 3114 1426 dimicavit,
3153 1371 3207 1415 et
3237 1377 3320 1417 me
3375 1362 3472 1415 ad-

1933 1455 2125 1518 oravit,
2173 1455 2261 1521 qui
2294 1463 2345 1507 te
2383 1455 2736 1517 conculcavit,
2772 1462 2826 1507 et
2867 1467 2948 1506 me
2993 1466 3095 1506 non
3132 1455 3469 1520 contempsit,

1933 1542 2024 1610 qui
2049 1551 2102 1596 te
2127 1543 2250 1596 odio
2275 1543 2476 1608 habuit,
2511 1551 2565 1595 et
2592 1557 2675 1595 me
2723 1541 2943 1596 dilexit?
2971 1541 3050 1594 Ad
3088 1543 3249 1604 hunc,
3277 1541 3469 1609 inquit,

1935 1646 2159 1700 puerum
2195 1647 2370 1686 meum
2403 1633 2722 1701 respexisti?
2758 1633 2836 1686 Ad
2870 1633 3011 1686 hunc
3042 1633 3125 1686 cui
3181 1634 3370 1686 similis
3418 1634 3470 1687 in

1939 1719 2221 1774 tolerantia
2271 1735 2301 1773 a
2331 1721 2658 1788 temporibus
2688 1719 2819 1774 Abel
2851 1735 2957 1774 non
3000 1719 3139 1773 fuit?
3169 1720 3300 1774 Abel
3327 1723 3469 1774 enim

1933 1809 2244 1863 cumsemel
2295 1809 2590 1864 sustineret
2638 1809 3082 1874 internecionem,
3117 1811 3363 1864 transivit
3417 1820 3472 1864 et

1931 1899 2209 1966 requievit.
2267 1897 2367 1952 Job
2397 1913 2528 1952 vero
2575 1914 2694 1954 cum
2749 1899 2980 1968 plurimo
3015 1907 3252 1968 tempore
3307 1900 3471 1954 susti-

1931 1997 2099 2053 neret,
2157 1989 2354 2042 diutius
2405 1997 2577 2043 morte
2604 1987 2826 2043 allectus
2870 1996 2973 2052 est,
3014 1997 3067 2042 et
3114 1988 3472 2056 multipliciter

1929 2076 2199 2132 doloribus
2235 2066 2494 2131 multatus
2523 2086 2680 2146 atque
2729 2077 2976 2132 aiﬂictus.
3005 2075 3061 2130 In
3092 2091 3196 2145 quo
3229 2089 3469 2146 apparet,

1929 2165 2118 2232 inquit,
2168 2169 2308 2234 quod
2362 2181 2466 2222 non
2525 2176 2608 2222 est
2636 2167 2711 2220 illi
2759 2167 2950 2222 similis
2991 2169 3148 2222 homo
3177 2183 3335 2233 super
3359 2177 3471 2222 ter-

1931 2269 2063 2306 ram.
2086 2255 2352 2308 Abraham
2382 2271 2484 2310 non
2511 2265 2614 2319 est,
2671 2255 3023 2311 Melchisedec
3054 2257 3347 2311 translatus
3365 2266 3469 2320 est,

1928 2340 2039 2397 Noe
2066 2345 2346 2411 requievit,
2375 2345 2555 2398 Enocb
2585 2343 2828 2399 elevatus
2857 2359 2956 2409 est,
2992 2347 3124 2400 Abel
3164 2356 3471 2416 assumptus

1930 2440 2030 2485 est.
2063 2430 2266 2485 Meritis
2333 2447 2433 2486 non
2462 2442 2544 2487 est
2589 2433 2663 2487 illi
2726 2435 2915 2489 similis
2943 2435 3080 2490 alius
3112 2436 3271 2490 homo
3311 2451 3473 2506 super

1933 2529 2157 2572 terram.
2220 2520 2297 2573 Ex
2347 2521 2430 2574 bis
2462 2522 2551 2590 qui
2609 2523 2764 2577 modo
2792 2524 2999 2589 vivunt,
3051 2539 3153 2578 non
3176 2535 3259 2579 est
3293 2526 3368 2580 illi
3397 2527 3470 2580 si-

1933 2608 2071 2662 tuilis
2098 2623 2258 2678 super
2283 2621 2504 2663 terram.
2530 2609 2746 2665 Intende
2769 2612 2894 2678 quia
2930 2627 3035 2668 non
3065 2613 3216 2676 dicit,
3248 2630 3354 2668 non
3388 2628 3472 2668 est

1931 2697 2005 2751 illi
2057 2699 2246 2753 similis
2292 2712 2450 2766 super
2500 2708 2693 2753 terram
2753 2713 2819 2753 ex
2874 2700 2939 2754 iis
2963 2702 3053 2768 qui
3109 2701 3342 2766 fuerunt,
3386 2704 3468 2756 vel

1931 2797 2109 2852 erunt,
2147 2803 2267 2840 ttam
2305 2798 2420 2856 post
2449 2789 2552 2842 hoc
2575 2789 2673 2842 fuit
2693 2788 2947 2855 Joannes,
2981 2805 3089 2858 quo
3126 2791 3296 2858 major
3331 2795 3471 2848 inter

1933 2886 2087 2930 natos
2143 2877 2424 2930 mulierum
2467 2893 2569 2932 non
2622 2876 2742 2930 fuit.
2789 2877 2976 2931 Merito
3017 2879 3084 2932 de
3125 2881 3191 2933 iis
3218 2881 3308 2948 qui
3347 2891 3471 2935 tunc

1931 2967 2158 3032 fuerunt,
2184 2967 2314 3021 dicit
2341 2984 2354 3020 :
2387 2965 2508 3019 Non
2533 2976 2607 3021 est
2637 2968 2824 3020 similis
2875 2967 2954 3019 illi
2982 2969 3120 3022 alius
3157 2986 3221 3022 ea:
3249 2972 3330 3024 his
3379 2974 3468 3040 qui

1929 3064 2050 3108 sunt
2078 3071 2230 3123 super
2259 3065 2449 3108 terram
2477 3055 2546 3108 "'.
2572 3057 2650 3110 Ac
2683 3057 2727 3110 si
2763 3060 2999 3111 diceret:
3029 3057 3107 3111 Ex
3126 3059 3210 3112 bis
3239 3061 3329 3128 qui
3347 3070 3471 3115 sunt

246 3155 589 3200 contumax.
647 3145 790 3214 Ergo
822 3146 946 3214 quia
985 3146 1226 3213 superius
1255 3145 1464 3200 occulte
1502 3148 1710 3215 quidem
1742 3161 1831 3201 ac-
1859 3184 1900 3242 ο
1932 3158 2097 3213 super
2144 3153 2337 3198 terram
2390 3144 2722 3213 temporibus
2766 3146 2902 3212 ejus,
2934 3147 2986 3200 in
3041 3148 3226 3203 diebus
3254 3149 3388 3216 ejus,
3414 3151 3470 3206 in

248 3237 486 3288 cnsavit
515 3233 624 3288 Job
682 3237 754 3288 ad
804 3236 989 3296 Deum,
1046 3235 1245 3288 idcirco
1277 3236 1521 3302 superius
1571 3235 1830 3290 diabolum

252 3324 422 3377 illuni
446 3323 710 3391 appellat,
735 3333 921 3391 utpote
944 3333 1306 3377 accusatorem
1329 3342 1341 3376 :
1363 3340 1500 3378 nunc
1514 3339 1638 3379 vero
1657 3341 1835 3380 rursus

247 3415 360 3482 qui
391 3416 460 3466 ad
488 3414 802 3467 evidentem
840 3413 1235 3466 contumaciam
1274 3413 1414 3468 circa
1445 3413 1542 3467 Job
1574 3415 1833 3482 pervenit,

248 3505 466 3558 merito
497 3501 770 3556 Satanam
811 3503 956 3554 illum
1009 3501 1160 3565 dicit,
1195 3511 1374 3570 utpote
1433 3503 1700 3558 rebellem.
1731 3503 1832 3557 Re-

245 3595 485 3663 spexiin
541 3592 615 3644 ad
645 3607 867 3660 puerum
909 3607 1078 3643 meum
1107 3589 1240 3658 Job,
1290 3608 1322 3646 ο
1355 3592 1532 3648 infelix
1581 3595 1825 3651 diabolo?

247 3687 401 3738 Cum
452 3683 649 3736 dolore
708 3683 926 3744 audisti,
990 3683 1129 3749 quod
1160 3697 1376 3749 puerum
1438 3699 1589 3737 suum
1641 3700 1837 3739 nuncu-

252 3775 416 3842 pavit
449 3775 601 3826 Dens
653 3770 778 3825 Job.
811 3771 974 3823 Dolor
1021 3770 1112 3822 tibi
1145 3772 1242 3822 fuit
1286 3772 1394 3826 hate
1426 3787 1527 3825 vox
1581 3776 1836 3828 amaritu-

252 3866 431 3928 dinis,
487 3864 612 3916 haec
662 3860 872 3914 auditio
919 3860 1097 3926 gravis
1125 3858 1217 3911 tibi
1253 3860 1372 3923 fuit,
1403 3859 1488 3914 hic
1532 3863 1732 3916 dictum
1756 3879 1833 3917 va:

255 3954 357 4007 tibi
387 3953 495 4006 fuit
517 3966 624 4021 pro
653 3952 760 4004 hoc
789 3949 1099 4003 testimonio
1117 3949 1256 4017 quod
1281 3959 1562 4005 attestatus
1592 3961 1673 4006 est
1697 3951 1834 4007 Deus

250 4044 384 4106 Job,
425 4044 627 4098 dicens
655 4061 670 4095 :
708 4039 1003 4107 Respexisti
1053 4039 1118 4090 ad
1163 4055 1376 4107 puerum
1407 4055 1573 4092 meum
1597 4039 1739 4096 Job?
1772 4043 1832 4096 Et

251 4145 417 4197 ante,
464 4131 675 4200 inquit,
736 4145 870 4199 puer
919 4144 1070 4184 meus
1101 4129 1198 4182 fuit
1255 4139 1308 4182 et
1355 4145 1494 4182 nunc
1527 4143 1658 4198 puer
1685 4145 1834 4186 meus

253 4236 580 4296 permanet,
607 4233 664 4277 et
701 4232 806 4275 tua:
860 4221 1110 4288 nequitiae
1139 4221 1412 4273 accusatio
1459 4220 1590 4272 nihil
1619 4220 1667 4273 ei
1699 4234 1832 4288 prae-

252 4317 491 4370 valebit.
527 4311 831 4377 liespexisti
852 4311 920 4362 ad
949 4324 1164 4377 puerum
1194 4325 1361 4362 meum
1397 4307 1544 4363 Job?
1573 4311 1832 4379 Superius

251 4410 448 4464 dixit:
503 4401 951 4460 Animadvertisti
1011 4416 1225 4468 puerum
1287 4416 1454 4453 meum
1501 4399 1639 4453 Job?
1694 4415 1833 4456 nunc

1937 3234 2041 3288 vita
2068 3232 2224 3298 illius,
2268 3242 2478 3287 nonest
2521 3234 2656 3288 alius
2691 3235 2882 3289 similis
2933 3236 3011 3290 illi
3042 3237 3094 3290 iu
3138 3238 3368 3307 justitia,
3414 3241 3470 3296 in

1933 3323 2058 3388 fide,
2096 3323 2152 3377 in
2175 3324 2388 3392 pietate,
2413 3324 2464 3376 in
2493 3325 2796 3389 tolerantia,
2821 3326 2872 3378 in
2904 3331 3231 3394 constantia,
3264 3331 3318 3384 in
3347 3347 3471 3401 gra-

1939 3414 2130 3466 tiarum
2159 3413 2474 3480 actionibus,
2515 3415 2565 3468 in
2597 3416 2968 3470 misericordia
3015 3428 3176 3487 atque
3209 3421 3261 3473 in
3294 3421 3474 3475 omni-

1932 3502 2030 3557 bus
2084 3503 2387 3568 virtutibus,
2444 3519 2548 3558 non
2579 3513 2659 3558 est
2717 3505 2848 3560 alius
2883 3506 3040 3560 homo
3094 3508 3284 3563 similis
3311 3510 3384 3563 illi
3416 3511 3470 3566 in

1933 3601 2108 3647 terris.
2129 3593 2258 3658 Quis
2293 3592 2431 3648 alius
2463 3605 2586 3648 ante
2611 3609 2754 3657 eum,
2783 3594 2862 3648 vel
2897 3606 3017 3663 post
3038 3611 3159 3649 eum
3193 3597 3317 3651 talia
3347 3613 3470 3653 sus-

1935 3683 2110 3748 tinuit,
2166 3691 2220 3737 et
2272 3683 2540 3738 sustinens
2603 3686 2895 3752 gratiarum
2949 3687 3195 3739 actiones
3260 3701 3471 3741 recom-

1933 3773 2176 3840 pensavit
2237 3787 2332 3841 pro
2396 3773 2892 3828 vehementioribus
2971 3775 3240 3830 doloribus
3310 3785 3472 3846 atque

1932 3862 2282 3915 amarissimis
2333 3863 2546 3930 poenis?
2611 3863 2740 3929 Quis
2793 3865 3000 3917 exstitit
3035 3865 3330 3920 tolerantiae
3369 3865 3469 3922 Job

1933 3948 2144 4003 forma?
2189 3949 2399 4007 Nullus.
2453 3952 2720 4005 Abraham
2769 3955 2910 4007 enim
2977 3954 3139 4008 lilium
3197 3957 3472 4010 immolare

1930 4050 2223 4108 prmceptus
2251 4051 2352 4105 est,
2376 4043 2469 4095 sed
2501 4040 2746 4110 protinus
2779 4044 3063 4098 identidem
3115 4046 3292 4098 vivum
3319 4047 3467 4101 illum

1930 4130 2201 4198 suscepit,
2279 4144 2435 4198 quem
2488 4141 2816 4188 mactaturus
2891 4143 3049 4201 atque
3096 4135 3468 4190 immolaturus

1931 4217 2128 4272 fuerat.
2186 4217 2284 4273 Job
2326 4234 2452 4274 vero
2476 4237 2578 4274 non
2629 4221 2726 4286 ita,
2754 4223 2844 4276 sed
2902 4233 3132 4291 repente,
3161 4225 3359 4288 subito,
3385 4227 3468 4280 in-

1894 4318 2139 4376 ~sperate
2184 4319 2382 4378 septem
2432 4311 2570 4364 filios
2634 4321 2687 4365 et
2737 4321 2846 4365 tres
2894 4312 3030 4366 illius
3079 4313 3234 4366 simul
3272 4315 3470 4382 pariter

1931 4407 2191 4464 mortuos,
2215 4409 2270 4452 et
2302 4415 2572 4469 nunquam
2604 4403 2988 4456 reviviscentes
3005 4403 3207 4456 audivit
3227 4413 3282 4457 et
3303 4405 3467 4458 vidit:

250 4513 412 4560 vero,
473 4494 788 4562 Respexisti
839 4493 907 4543 ad
933 4505 1151 4560 puerum
1183 4505 1348 4542 meum
1409 4489 1502 4544 Job
1527 4490 1552 4542 .’
1576 4490 1652 4544 Ac
1685 4491 1730 4543 si
1753 4490 1834 4544 di-
1859 4495 1909 4552 Β
1933 4489 2024 4541 sed
2055 4486 2186 4542 ﬁdes
2231 4502 2293 4542 ex
2347 4503 2411 4544 eo
2439 4500 2647 4545 mortua
2711 4507 2812 4545 non
2845 4501 2946 4556 est,
2981 4508 3152 4561 neque
3191 4496 3468 4562 patientia,

249 4599 448 4644 ceret:
483 4587 706 4649 vidisti,
765 4581 1029 4651 probasti,
1091 4591 1268 4634 certus
1319 4593 1398 4643 es,
1425 4580 1548 4647 quia
1590 4589 1641 4632 et
1670 4588 1826 4633 antea

250 4694 460 4735 servus
510 4691 676 4732 meus
741 4673 925 4738 fuerit,
985 4681 1039 4726 et
1096 4685 1234 4725 nunc
1284 4685 1470 4724 servus
1523 4685 1668 4723 mens
1703 4685 1826 4740 per-

253 4779 473 4832 manet,
497 4776 554 4822 et
587 4781 618 4818 a
663 4777 808 4827 mea,
843 4762 1051 4831 inquit,
1078 4762 1330 4815 servitute
1362 4775 1634 4827 nunquam
1672 4760 1824 4829 fugit,

254 4874 366 4912 nec
398 4855 594 4926 fugiet.
629 4853 701 4905 Et
733 4853 870 4920 ipse,
895 4850 1088 4918 inquit,
1116 4850 1268 4902 testis
1296 4863 1434 4910 sum,
1460 4848 1696 4913 etangeli
1723 4849 1823 4902 mei

255 4947 570 5010 auditores,
596 4943 694 5012 qui
727 4942 782 4994 in
806 4949 1101 5007 conspectu
1146 4952 1260 4991 meo
1297 4936 1586 4997 venientes,
1631 4945 1684 4988 et
1722 4935 1822 4990 Job

257 5036 621 5092 tolerantiam
678 5031 940 5086 mirantes
986 5027 1272 5081 dixerunt:
1317 5039 1564 5093 magnum
1595 5025 1828 5077 miracu-

255 5128 383 5180 lum
432 5124 671 5180 vidimus
715 5123 859 5177 inter
925 5117 1181 5177 homines,
1237 5129 1270 5168 o
1311 5113 1559 5168 terribilis
1607 5111 1832 5169 Creator

253 5217 534 5280 οωιιίυιυ,
594 5212 768 5269 nimio
817 5219 1040 5276 stupore
1069 5205 1306 5272 dignum,
1335 5218 1368 5256 ο
1415 5200 1830 5257 aateruelicctor

258 5309 672 5362 universorum.
715 5303 868 5359 Unus
927 5307 1173 5350 terrenus
1219 5293 1376 5346 homo
1426 5291 1492 5342 de
1541 5288 1666 5340 limo
1710 5291 1828 5358 pla-

260 5407 472 5453 sum“,
489 5398 691 5452 ..οειηε
714 5385 1119 5448 inunoﬂalibus
1139 5381 1441 5450 angelorum
1464 5378 1638 5430 choris
1661 5379 1830 5435 multo

256 5487 504 5557 inferior,
558 5489 714 5546 illum
746 5481 845 5553 qui
894 5492 962 5532 ex
1022 5467 1404 5528 immortalibus
1435 5465 1709 5520 cherubim
1747 5472 1830 5525 or.

259 5581 394 5644 ﬁciis
451 5583 653 5644 cecidi,
697 5587 878 5647 mque
929 5565 1200 5638 projectus
1229 5569 1309 5619 est
1366 5557 1656 5626 diabolum,
1708 5563 1824 5617 sola

1933 4592 2102 4646 neque
2141 4581 2433 4648 gratiarum
2462 4583 2624 4645 actio,
2670 4597 2843 4651 neque
2901 4584 3110 4639 dilectio
3157 4601 3314 4654 quam
3344 4602 3468 4656 erga

1928 4666 2093 4722 Deum
2123 4669 2326 4724 habuit.
2347 4671 2449 4725 Sed
2477 4672 2929 4740 quemadmodum
2954 4689 3142 4728 aurum
3170 4690 3264 4742 per
3293 4678 3467 4744 igneus

1931 4759 2196 4813 transiens
2221 4759 2547 4828 splendidius
2573 4772 2731 4831 atque
2762 4763 3043 4832 gloriosius
3093 4764 3348 4828 eflicitur,
3395 4767 3468 4818 ita

1927 4857 1981 4901 et
2002 4846 2100 4902 Job
2149 4850 2499 4904 tentationum
2556 4852 2732 4922 ignem
2760 4855 3042 4920 transiens,
3089 4855 3288 4909 clarior
3309 4865 3468 4922 atque

1930 4939 2039 4993 Deo
2087 4941 2370 5007 pretiosior
2440 4953 2603 5010 atque
2653 4945 3032 5011 acceptabilior
3093 4945 3468 5012 comprobatus

1929 5038 2032 5082 est.
2070 5029 2264 5083 ‘Merito
2313 5045 2440 5098 ergo
2471 5033 2600 5084 dicit
2634 5050 2648 5087 :
2687 5030 2808 5086 Non
2859 5043 2932 5086 est
2986 5034 3170 5086 similis
3207 5034 3286 5085 illi
3313 5047 3468 5100 super

1929 5125 2143 5170 terram.
2174 5117 2385 5189 Fulget,
2416 5121 2604 5188 inquit,
2635 5132 2881 5190 tanquam
2915 5123 2993 5178 sol
3027 5123 3252 5177 veritate
3281 5137 3345 5175 ac
3373 5135 3468 5189 pa-

1931 5207 2137 5272 tientia,
2195 5209 2399 5264 relucet
2426 5210 2526 5264 fide
2573 5220 2626 5264 et
2660 5211 2940 5265 tolerantia
2993 5211 3132 5265 velut
3157 5209 3276 5263 cmli
3313 5209 3467 5260 lumi-

1929 5295 2099 5350 naria.
2127 5295 2206 5352 Ob
2259 5298 2359 5352 hoc
2387 5314 2489 5352 non
2539 5309 2620 5354 est
2659 5299 2847 5355 similis
2877 5300 2957 5354 illi
3009 5300 3145 5353 alius
3173 5311 3334 5363 super
3357 5304 3468 5347 ter-

1934 5401 2066 5451 ram,
2111 5388 2293 5444 firmus
2317 5398 2373 5441 ut
2425 5389 2579 5458 lapis,
2613 5399 2670 5444 ut
2718 5390 3118 5444 fundamentum
3156 5381 3466 5445 immobilis,

1936 5486 2178 5547 tanquam
2212 5479 2430 5533 adamas
2483 5479 2913 5535 iucommiuutus.
2972 5477 3094 5531 Non
3153 5476 3226 5520 ul
3279 5465 3471 5515 εὶηιέιίε

1930 5566 2011 5620 illi
2060 5583 2124 5623 ex
2170 5569 2245 5622 his
2273 5569 2362 5639 qui
2389 5580 2503 5624 sunt
2556 5569 2610 5625 in
2638 5572 2809 5626 terris.
2851 5568 2976 5624 Siue
3020 5555 3256 5631 querela,
3280 5559 3476 5617 utpote
