3916 6474
183 437 302 536 ῄἽ

78 537 201 635 β(

85 663 232 724 ,0;
282 663 356 707 ver

151 709 298 802 ἦρε

1416 496 1773 553 ANONYMUS
1809 495 1870 548 IN
1909 494 2044 549 JOB.
2082 520 2148 533 ο-
2183 491 2306 545 LIB.
2340 494 2403 546 l1.

797 610 1163 662 coronarum
1212 611 1460 680 accipiat,
1486 620 1540 665 et
1567 620 1640 672 tn,
1670 611 1858 678 inquit,
1889 619 1934 668 Α
1959 607 2184 662 triticum
2203 605 2292 670 κ’,
2313 614 2367 660 et
2386 613 2598 659 caetera.
2624 603 2742 659 Haec
2769 617 2995 672 namque
3016 604 3258 659 universa
3278 619 3490 677 propter

302 672 498 796 ἓξὲξ
513 672 817 796 ἓξέξωιθ,
841 779 855 790 .
885 708 1256 766 augmentum
1308 701 1634 757 confusionis
1689 709 1743 753 et
1773 701 1864 754 de-

295 761 466 857 ;‘fof‘ls
513 771 718 835 atque
752 761 1286 856 ruinaavpercipias,
1330 797 1511 857 utpote
1569 799 1620 842 et
1646 789 1710 841 de
1731 787 1864 842 co‘lo

197 832 487 953 Άξέθὶξὶξ.
515 863 584 909 et
623 857 692 913 in
725 870 929 926 terris
955 832 1028 927 ab
1059 832 1180 929 Jobr
1199 832 1522 944 prostratus,
1546 876 1704 928 etiam
1729 884 1783 928 et
1809 875 1860 927 in

125 925 163 991 \
201 949 350 1040 voc
368 939 580 1040 animo
615 925 1170 1036 exspectans‘quva—n
1181 925 1251 1021 dre
1269 925 1571 1020 va—

226 1035 506 1122 amnium
533 1052 776 1103 rectore
801 1049 927 1106 Deo
967 1035 1258 1126 Unigenito
1285 1070 1379 1125 per
1400 1069 1610 1110 crucem
1631 1064 1863 1123 proster-

3386 497 3488 550 458

1967 697 2355 766 improbitatem
2397 709 2554 764 atque
2619 696 3020 763 impudentiam,
3074 695 3243 748 zelum
3285 711 3492 767 quoque

1968 803 2032 843 ac
2084 789 2332 843 invidiam
2386 785 2604 854 maligni
2649 801 2808 854 quam
2858 784 3019 838 habet
3068 783 3210 838 circa
3258 799 3490 850 sanctos,
3533 857 3536 860 ῃ

1967 877 2110 930 dicta
2134 885 2276 930 sunt.
2311 876 2390 928 Ad
2417 888 2574 942 quem
2617 875 2683 926 de
2727 873 2842 926 istis
2887 874 3110 941 loquens
3145 873 3282 926 Deus
3307 873 3434 928 dicit
3473 893 3489 930 :

1969 967 2045 1020 Tu
2079 978 2250 1021 autem
2291 967 2462 1032 petisti
2501 981 2605 1017 rem
2637 963 2749 1031 ejus
2797 965 3006 1032 perdere
3063 965 3171 1016 sine
3212 981 3369 1018 causa
3423 966 3490 1018 ⁷⁷.

1969 1053 2128 1120 Cujus
2158 1055 2310 1108 rem?
2346 1053 2480 1106 Justi
2521 1066 2583 1104 ac
2613 1051 2684 1119 pii
2718 1059 2875 1118 atque
2903 1051 3164 1104 credentis
3185 1049 3308 1104 Job.
3342 1051 3491 1104 Desi-

263 1131 427 1205 σιω-ἲς
471 1143 646 1205 atque
715 1137 777 1191 in
833 1141 1050 1198 inferos
1092 1143 1436 1212 demergaris.
1485 1142 1581 1208 Tu,
1624 1143 1861 1210 inquam.

300 1227 477 1286 dixisti
504 1241 622 1280 rem
679 1227 808 1298 ejus
839 1234 1074 1300 perdere
1101 1234 1217 1288 sine
1237 1248 1420 1298 causa,
1463 1242 1708 1300 nequeut
1729 1247 1866 1300 prae-

311 1317 528 1384 cipiens,
578 1332 764 1386 neque
814 1331 878 1373 ut
919 1323 1213 1390 imperans.
1237 1321 1464 1375 Caruisti
1487 1322 1630 1374 enim
1673 1321 1792 1383 hoc,
1832 1336 1864 1373 ο

316 1407 540 1471 diabole,
564 1419 626 1462 ut
658 1423 784 1462 cum
817 1420 1091 1475 potestate
1119 1412 1266 1465 dicas
1318 1410 1569 1478 iubendo,
1599 1411 1681 1464 vel
1725 1425 1860 1478 prte-

311 1498 598 1567 cipiertdo:
647 1501 745 1553 sed
799 1501 985 1554 dixisti
1037 1516 1302 1568 quaerens,
1327 1502 1622 1570 postulans,
1660 1501 1862 1570 suppli-

300 1603 456 1652 cans,
483 1597 700 1657 petens.
736 1589 853 1655 Sic,
891 1592 1129 1658 inquam,
1161 1592 1338 1659 djxisti
1372 1605 1481 1645 rem
1505 1591 1616 1658 ejus
1643 1591 1864 1659 perdere

291 1677 416 1731 sine
450 1693 641 1732 causa.
662 1679 807 1749 Age,
839 1681 1034 1748 inquit,
1055 1682 1193 1749 quod
1222 1681 1333 1746 ille,
1357 1682 1456 1735 hoc
1483 1691 1587 1744 est,
1617 1680 1860 1734 diabolus

282 1768 369 1823 ita
402 1769 637 1832 dixerit,
689 1769 768 1822 ita
806 1771 1044 1838 petierit,
1078 1771 1147 1823 ita
1174 1771 1462 1838 quaesierit,
1505 1771 1575 1823 ita
1605 1769 1860 1838 supplica-

278 1860 467 1925 verit,
511 1870 568 1915 tu
601 1875 740 1914 vero
800 1876 898 1914 cur
923 1861 1202 1924 exaudisti,
1251 1876 1348 1914 cur
1394 1860 1733 1928 acquievisti,
1768 1874 1863 1912 cur

283 1951 654 2012 dedisti,cur
678 1951 804 2004 sine
835 1966 997 2004 causa
1029 1965 1138 2004 rem
1169 1950 1310 2004 illius
1341 1950 1468 2019 justi
1499 1950 1721 2019 perdere
1744 1964 1865 2018 per-
1894 1935 1937 1991 Β

285 2039 546 2093 misisti?
573 2037 655 2093 0b
681 2040 814 2103 hoc,
839 2039 1034 2108 inquit,
1066 2039 1326 2104 exattdivi,
1361 2040 1427 2093 ob
1455 2042 1553 2092 hoc
1573 2053 1678 2092 rem
1709 2048 1865 2106 atque

281 2130 448 2184 lilios
471 2129 589 2198 ejus
623 2129 859 2198 perdere
881 2129 1118 2196 permisi,
1145 2138 1201 2182 ut
1231 2136 1504 2196 appareret
1521 2126 1622 2181 Job
1636 2127 1863 2195 justitia,

271 2229 350 2272 et
382 2219 584 2272 diaboli
643 2217 937 2286 injustitia,
988 2227 1041 2270 ut
1070 2225 1347 2286 appareret
1403 2231 1517 2270 mea
1561 2218 1780 2282 veritas,
1813 2226 1867 2270 et

273 2308 500 2363 diaboli
530 2307 906 2371 mendacium,
928 2316 986 2359 ut
1027 2307 1253 2360 clareret
1282 2321 1452 2360 meum
1487 2305 1862 2370 testimonium,

267 2405 352 2451 et
387 2397 556 2466 iniqui
585 2397 737 2450 illius
758 2395 1116 2464 blasphemia.
1166 2395 1377 2458 Dixisti,
1408 2395 1597 2463 inquit,
1635 2395 1724 2449 sed
1762 2410 1863 2449 non

270 2497 357 2540 ut.
389 2486 608 2555 jubens.
629 2485 771 2551 Nisi,
802 2486 997 2554 inquit,
1027 2486 1352 2550 exaudirem,
1390 2495 1442 2538 et
1467 2485 1861 2552 acquiescerent

267 2585 464 2643 atque
498 2575 778 2628 traderem
804 2588 1016 2627 omnem
1045 2587 1154 2626 rem
1207 2570 1306 2626 Job
1337 2572 1391 2626 in
1419 2580 1731 2639 potestatem
1752 2572 1868 2625 dia-

266 2664 430 2730 boli,
457 2675 514 2720 et
552 2665 790 2736 perdere
816 2676 972 2717 omne
1003 2661 1264 2729 peculium
1287 2675 1350 2715 ac
1385 2661 1522 2714 filios
1580 2662 1733 2730 juxta
1781 2675 1870 2715 vo-

266 2754 566 2808 luntatem
592 2768 754 2807 suam
775 2753 1161 2821 permitterem,
1185 2763 1450 2817 nunquam
1476 2749 1655 2818 utique
1672 2763 1868 2817 cogno-

266 2852 478 2896 sceret
511 2841 796 2905 diabolus,
829 2841 954 2909 quia
999 2856 1100 2893 non
1140 2849 1354 2908 propter
1394 2854 1506 2894 rem
1536 2839 1756 2894 coluerit
1785 2855 1868 2894 me

267 2927 416 2996 Job,
486 2931 586 2984 sed
641 2939 867 2997 propter
920 2928 1237 2982 eharitatem
1290 2942 1304 2980 :
1353 2939 1622 2994 nunquam
1688 2927 1868 2994 utique

267 3019 616 3087 quiesceret
650 3016 1076 3084 blasphemando
1101 3023 1315 3070 sanctos
1356 3025 1479 3068 ante
1506 3014 1668 3067 Deum
1699 3023 1752 3067 et
1774 3015 1868 3067 ho-

268 3109 495 3170 mines,
557 3106 658 3160 sed
715 3106 768 3158 in
825 3107 930 3159 hoc
972 3113 1140 3158 staret
1175 3113 1330 3171 atque
1391 3117 1576 3156 omnes
1626 3103 1867 3156 homines

264 3194 729 3260 scandalizaret,
753 3194 879 3262 quia
901 3202 957 3246 et
993 3193 1133 3246 Deus
1163 3192 1521 3247 favorabiliter
1568 3193 1864 3247 colentibus

264 3301 345 3340 se
371 3303 494 3342 rem
520 3288 706 3349 daret,
780 3294 834 3336 et
891 3283 1126 3337 colentes
1175 3281 1318 3335 illunt
1372 3295 1474 3335 non
1499 3291 1714 3350 prapter
1746 3281 1867 3335 dile-

264 3378 565 3438 ctionem,
602 3375 704 3429 sed
740 3383 964 3442 propter
1003 3372 1079 3426 rei
1127 3371 1405 3424 familiaris
1424 3373 1645 3441 gratiam
1677 3371 1725 3424 ei
1755 3385 1868 3424 ser-

264 3467 494 3519 virent.
537 3461 747 3516 Merito
780 3474 912 3528 ergo
941 3473 1010 3513 ne
1055 3467 1232 3526 posset
1263 3457 1374 3511 haec
1403 3459 1578 3510 dicere
1606 3453 1865 3518 diabolus,

265 3554 438 3608 dedit
457 3553 543 3606 illi
595 3553 652 3605 in
680 3558 1004 3617 potestatem
1029 3555 1082 3600 et
1116 3560 1226 3600 rem
1263 3543 1388 3609 Job,
1412 3553 1466 3598 et
1491 3545 1644 3611 filios,
1667 3555 1722 3598 et
1750 3553 1869 3612 post

265 3641 582 3711 paululum
614 3638 798 3706 Ipsum
822 3649 1016 3703 corpus
1044 3634 1153 3701 ejus
1205 3635 1269 3686 ad
1302 3633 1633 3701 supplicium.
1660 3631 1717 3685 Si
1745 3646 1870 3699 ergo

265 3745 410 3783 cum
439 3737 601 3782 tanta
666 3725 982 3794 ingessisset
1029 3720 1148 3785 Job,
1177 3731 1229 3774 et
1269 3721 1355 3774 ille
1379 3721 1430 3774 in
1455 3720 1638 3774 iisdem
1665 3721 1865 3787 gratia-

267 3835 409 3872 rum
439 3814 770 3871 actionibus
823 3823 984 3881 atque
1038 3809 1459 3864 confessionibus
1504 3815 1870 3875 perseveraret

264 3911 496 3972 adhuc,
562 3918 739 3973 super
794 3901 908 3954 ltzec
959 3900 1136 3954 omnia
1189 3897 1375 3951 eadem
1412 3911 1537 3951 usus
1571 3905 1652 3950 est
1700 3897 1870 3964 impu-

265 3999 475 4052 dentia
543 4005 724 4064 atque
773 3989 1116 4059 improbitate
1151 3987 1330 4041 dicens
1362 4002 1378 4039 :
1413 3985 1623 4039 Corium
1668 4001 1758 4053 pro
1782 4001 1871 4038 co-

264 4093 371 4140 rio
408 4087 465 4118 ⁷⁸
505 4103 519 4138 :
574 4081 716 4152 quid
760 4079 963 4133 faceret
985 4077 1030 4130 si
1057 4075 1290 4128 omnium
1331 4073 1582 4126 bonorum
1604 4070 1700 4126 Job
1726 4083 1871 4141 pote-

264 4189 492 4234 statem
517 4191 634 4229 non
650 4168 958 4239 acciperet?
975 4166 1054 4221 Ob
1075 4166 1194 4228 hoc,
1215 4163 1404 4232 inquit,
1417 4162 1469 4215 in
1486 4171 1740 4231 potestate
1757 4163 1871 4230 ejus

266 4270 526 4331 tradidi,
585 4281 704 4319 non
749 4264 892 4329 quod
951 4256 1161 4312 diabolo
1214 4253 1422 4324 placere
1460 4253 1740 4314 voluerint,
1781 4253 1871 4304 sed

267 4372 472 4415 totum
499 4355 778 4412 tuundutn
844 4340 1136 4403 informare
1183 4344 1458 4408 festinans,
1507 4357 1624 4411 quae
1662 4341 1730 4395 sit
1757 4355 1869 4393 mea

1892 3239 1933 3294 C

1967 1145 2160 1197 derasti
2195 1161 2297 1197 rem
2334 1145 2446 1211 ejus
2469 1142 2678 1208 perde-re
2701 1141 2814 1192 sine
2836 1156 3012 1203 causa,
3035 1154 3131 1207 pro
3160 1149 3268 1204 tuo,
3297 1141 3490 1208 inquit,
3529 1186 3532 1192 .

1969 1234 2081 1288 zelo
2117 1245 2272 1303 atque
2325 1233 2559 1294 invidia,
2608 1246 2704 1298 pro
2751 1240 2840 1284 tua
2884 1230 3108 1298 maligna
3170 1231 3490 1299 suspicione,

1967 1324 2305 1378 callidissime
2346 1321 2570 1377 diabole.
2604 1318 2787 1372 Peristi
2833 1336 2938 1372 rem
2983 1321 3094 1388 ejus
3138 1322 3348 1388 perdere
3385 1322 3493 1376 sine

1967 1430 2145 1477 causa,
2180 1413 2310 1467 nihil
2351 1425 2605 1482 peragens
2673 1411 2754 1463 vel
2799 1410 3109 1478 perficiens,
3167 1412 3267 1464 nisi
3325 1413 3490 1465 solam

1969 1504 2299 1572 iniquitatem
2325 1512 2470 1557 tuam
2499 1517 2656 1572 atque
2689 1505 2963 1557 malitiam.
3006 1502 3188 1556 Petisti
3229 1519 3333 1556 rent
3383 1504 3492 1570 ejus

1965 1594 2177 1660 perdere
2206 1594 2317 1646 sine
2339 1609 2517 1646 causa.
2545 1593 2711 1648 Porro
2743 1595 2859 1647 sine
2896 1607 3054 1646 causa
3093 1593 3270 1662 periit.
3317 1591 3492 1657 Quare

1968 1682 2168 1747 periit?
2200 1682 2441 1747 Diabolo,
2493 1684 2686 1752 inquit,
2744 1683 2859 1737 sine
2907 1696 3066 1736 causa
3109 1682 3289 1750 periit.
3349 1680 3494 1734 Nihil

1971 1772 2113 1824 enim
2147 1773 2348 1842 peregit
2380 1788 2550 1841 neque
2577 1773 2825 1840 perfecit,
2879 1787 2999 1826 cum
3025 1785 3133 1825 rem
3165 1771 3276 1839 ejus
3301 1771 3492 1838 perde-

1968 1870 2069 1922 ret,
2128 1861 2227 1915 nisi
2276 1877 2424 1915 suam
2466 1862 2810 1930 dejectionem
2863 1871 3024 1930 atque
3073 1861 3490 1914 humiliationem

1964 1952 2213 2004 ostendit.
2246 1949 2345 2004 Job
2384 1964 2511 2004 vero
2556 1951 2668 2005 haec
2698 1965 2782 2005 res
2813 1965 2916 2005 non
2956 1951 3072 2004 sine
3097 1964 3254 2003 causa
3302 1965 3493 2018 prove-

1963 2040 2059 2104 nit,
2086 2044 2178 2093 sed
2203 2041 2268 2093 ad
2292 2040 2552 2106 ingentem
2581 2039 2802 2108 gloriam
2832 2049 2886 2092 et
2917 2039 3119 2092 laudem
3146 2049 3302 2107 atque
3326 2040 3493 2093 Itono-

1963 2142 2072 2180 rent
2098 2127 2255 2195 hujus
2289 2127 2366 2181 rei
2393 2127 2619 2196 perditio
2653 2127 2898 2195 provenit
2933 2141 3111 2180 coram
3156 2126 3263 2180 Deo
3293 2134 3346 2180 et
3393 2143 3490 2180 an-

1962 2217 2095 2286 gelis
2122 2218 2237 2286 ejus
2273 2234 2288 2270 :
2321 2227 2374 2271 et
2431 2217 2568 2286 apud
2606 2219 2771 2271 Deum
2804 2216 2986 2286 gloria:
3033 2217 3391 2285 augntentatio
3441 2217 3491 2272 ei

1963 2307 2230 2374 provenit,
2251 2314 2303 2360 et
2331 2320 2490 2374 super
2511 2315 2708 2360 terram
2737 2306 2928 2375 duplex
2953 2317 3049 2374 pro
3070 2307 3495 2367 remuneratione

1965 2395 2198 2462 receptio
2225 2404 2381 2463 atque
2411 2395 2713 2448 retributio.
2772 2394 2862 2447 Sic
2906 2396 3089 2463 itaque
3135 2393 3345 2448 diabolo
3376 2397 3494 2462 qui-

1965 2482 2081 2534 dem
2114 2481 2230 2534 sine
2256 2497 2415 2535 causa
2467 2481 2608 2535 facta
2656 2491 2736 2536 est
2781 2481 2937 2548 hujus
2981 2483 3054 2535 rei
3090 2481 3341 2550 perditio.
3395 2481 3492 2537 Joh

1964 2581 2091 2620 vero
2140 2582 2243 2620 non
2279 2567 2534 2622 estfacta
2584 2570 2701 2623 sine
2751 2585 2930 2632 causa,
2993 2571 3083 2623 sed
3135 2584 3229 2636 pro
3283 2579 3494 2624 aeternae

1964 2656 2304 2710 beatitudinis
2332 2659 2776 2722 remuneratione,
2797 2667 2850 2712 et
2871 2658 2921 2711 in
2955 2658 3104 2712 caelis
3126 2672 3302 2711 coram
3329 2673 3491 2725 ange-

1966 2743 2030 2798 lis
2063 2744 2177 2812 Dei,
2207 2755 2260 2798 et
2289 2746 2341 2797 in
2373 2754 2512 2798 terra
2560 2745 2614 2798 in
2657 2755 2942 2814 conspectu
2972 2747 3203 2798 omnium
3235 2746 3489 2814 gentium.

1966 2835 2250 2902 lncrepans
2277 2848 2401 2904 ergo
2423 2843 2476 2887 et
2506 2835 2834 2903 redarguens
2862 2843 3019 2904 atque
3047 2834 3333 2903 objurgans
3377 2835 3494 2887 dia-

1967 2924 2169 2988 bolum,
2200 2925 2333 2978 dixit
2359 2943 2372 2979 :
2407 2923 2483 2977 Tu
2526 2941 2640 2978 vero
2684 2924 2854 2993 petisti
2882 2939 2988 2975 rem
3017 2925 3131 2990 ejus
3150 2924 3362 2989 perdere
3383 2925 3494 2978 sine

1967 3031 2146 3077 causa,
2200 3021 2255 3066 tu
2287 3013 2623 3079 desiderasti,
2687 3023 2742 3066 tu
2777 3013 2978 3081 petisti,
3033 3021 3084 3065 tu
3116 3013 3376 3081 qtta'sisti,
3436 3023 3490 3066 tu

1969 3119 2078 3156 rem
2122 3101 2234 3171 ejus
2279 3101 2536 3156 festinasti
2571 3103 2791 3172 perdere
2832 3103 2948 3156 sine
2976 3117 3174 3167 causa;
3239 3111 3489 3172 tanquam

1967 3192 2010 3246 si
2039 3191 2280 3246 diceret:
2313 3191 2408 3245 Ubi
2437 3199 2520 3245 est
2538 3193 2874 3261 praisumptio
2902 3201 3014 3258 tua,
3038 3205 3070 3246 ο
3098 3191 3322 3259 diabole,
3347 3195 3486 3261 quod

1968 3299 2083 3337 mox
2131 3292 2325 3336 utrem
2370 3282 2484 3351 ejus
2525 3282 2838 3336 abstulisses
2875 3283 3125 3337 continuo
3164 3297 3284 3336 eum
3333 3298 3361 3336 a
3406 3285 3490 3353 pia

1966 3370 2058 3423 Dei
2083 3369 2287 3423 cultura
2309 3378 2468 3439 atque
2497 3371 2610 3439 ejus
2638 3371 2930 3440 gratiarum
2978 3370 3274 3425 actionibus
3318 3372 3492 3427 disce-

1966 3459 2090 3512 dere
2137 3457 2398 3513 fecisses?
2453 3457 2550 3513 Ubi
2605 3469 2706 3522 est,
2771 3458 2963 3528 inquit,
3024 3460 3324 3528 arrogantia
3379 3470 3492 3523 tua,

1969 3546 2222 3601 bonorum
2266 3549 2501 3602 omnium
2543 3548 2755 3604 inimice
2774 3549 3014 3604 diabole?
3039 3549 3135 3604 Ubi
3159 3551 3495 3606 tumultuatio
3531 3547 3533 3550 ⁴

1971 3645 2055 3688 tua
2084 3647 2240 3704 atque
2263 3637 2489 3691 seditio?
2518 3637 2616 3692 Ubi
2645 3637 2796 3692 labor
2827 3647 2947 3693 tuus
2974 3649 3133 3708 atque
3159 3641 3490 3695 sollicitudo?
3529 3696 3534 3701 ,

1972 3725 2068 3779 Ubi
2095 3726 2363 3778 contentio
2387 3739 2472 3778 tua
2506 3736 2666 3795 atque
2687 3727 2966 3781 altercatio
2989 3727 3012 3779 ?
3037 3726 3310 3782 Laborasti
3345 3731 3490 3783 enirn

1971 3824 2126 3883 atque
2157 3815 2376 3869 certasti
2406 3816 2543 3869 bella
2590 3817 2797 3871 diversa
2825 3817 3179 3883 conficiendo,
3223 3826 3278 3870 et
3319 3829 3494 3872 castra

1970 3903 2280 3967 statuendo,
2308 3914 2361 3956 et
2392 3905 2599 3973 equites
2624 3906 3064 3970 demonstrando,
3096 3915 3150 3958 et
3197 3906 3316 3974 igne
3362 3923 3495 3960 exu-

1970 3993 2154 4055 rendo,
2191 4001 2245 4045 et
2274 4002 2458 4046 ventos
2499 3995 2850 4058 admovendo,
2893 4003 2946 4046 et
2990 3993 3330 4046 fundamenta
3365 4011 3496 4060 qua-

1972 4082 2169 4144 tiendo,
2203 4091 2258 4134 et
2280 4083 2464 4136 domos
2501 4083 2796 4152 dejiciendo
2819 4091 2978 4152 atque
3009 4097 3215 4137 omnem
3243 4083 3494 4138 sollicitu-

1969 4169 2146 4222 dinem
2185 4169 2628 4235 demonstrando,
2664 4170 2865 4239 utjusti
2908 4170 3008 4224 Job
3041 4184 3149 4224 rem
3177 4179 3336 4240 atque
3363 4173 3497 4228 filios

1972 4257 2379 4325 perdereszsed
2422 4257 2620 4312 frustra
2677 4259 2880 4314 exstitit
2934 4259 3117 4330 ingens
3174 4271 3294 4315 tuus
3343 4261 3495 4316 labor

1970 4355 2127 4414 atque
2173 4345 2491 4402 sollicitudo.
2539 4347 2667 4401 Rem
2715 4349 2854 4402 enim
2903 4347 3004 4403 Job
3056 4350 3351 4418 perdidisti,
3403 4351 3498 4405 sed

259 4453 534 4522 ίυειίιίο,
592 4455 652 4499 ει
719 4439 920 4495 diaboli
964 4435 1242 4504 iniquitas,
1299 4433 1433 4487 livor
1497 4445 1710 4522 quoque
1757 4431 1872 4498 ejus
1966 4435 2223 4502 justitiam
2251 4437 2365 4505 ejus
2393 4452 2494 4490 non
2519 4439 2816 4507 perdidisti,
2847 4439 2936 4492 sed
2963 4441 3118 4494 fidem
3147 4441 3260 4508 ejus
3291 4455 3353 4494 ac
3380 4443 3496 4510 pie-

267 4551 468 4610 atque
501 4535 740 4595 invidia,
784 4541 839 4585 et
866 4543 986 4598 qua:
1017 4527 1084 4579 sit
1110 4525 1374 4592 justorurn
1405 4522 1532 4575 ﬁdes
1556 4530 1608 4573 et
1645 4521 1873 4574 toleran-
1901 4541 1946 4597 ι)
1976 4531 2136 4577 tatem
2189 4541 2293 4580 non
2362 4527 2656 4595 dissipasti.
2694 4526 2893 4581 Idcirco
2941 4531 3084 4593 audi,
3133 4531 3322 4603 inquit,
3376 4546 3496 4586 cum

274 4636 401 4697 lia,
429 4631 522 4684 vel
555 4623 786 4681 dilectio
825 4634 1011 4673 eorum
1050 4617 1193 4670 circa
1246 4631 1350 4668 nte.
1407 4613 1662 4668 Similiter
1699 4612 1871 4680 petiit,
1968 4614 2328 4682 increpatione
2354 4634 2368 4670 :
2396 4617 2585 4671 Petisti
2611 4632 2714 4670 rem
2758 4618 2870 4684 ejus
2909 4621 3118 4685 perdere
3144 4621 3254 4673 sine
3282 4637 3444 4674 causa
3472 4635 3492 4674 :

261 4734 348 4778 es
385 4728 543 4792 petet
572 4727 755 4783 usque
783 4712 834 4764 itt
869 4709 1030 4762 tinem
1061 4705 1237 4760 saeculi
1262 4719 1358 4773 pro
1380 4702 1872 4792 omnibususanetis,
1969 4700 2062 4754 sed
2094 4701 2216 4754 olim
2249 4704 2463 4769 quidem
2512 4719 2622 4756 rem
2666 4700 2764 4758 Job
2802 4705 2916 4758 sine
2968 4721 3124 4759 causa
3179 4706 3497 4774 perdidisti;

264 4820 361 4866 ιιι
387 4788 747 4876 ’ροιθειηιθηι
771 4789 1000 4864 accipiat
1031 4803 1088 4847 ut
1119 4806 1342 4860 corpora
1372 4804 1554 4843 eorum
1575 4788 1790 4856 afﬂigat,
1818 4796 1873 4840 et

265 4900 530 4955 animas
585 4905 783 4948 eorum
841 4891 1044 4952 tangat.
1106 4883 1196 4936 Sic
1251 4879 1435 4932 afllixit
1470 4888 1730 4948 martyres
1780 4891 1875 4945 per

265 4989 598 5060 principes
627 4981 797 5050 hujus
838 4974 1052 5038 mundi,
1084 4973 1203 5042 igne
1256 4981 1310 5024 et
1354 4969 1526 5037 gladio
1560 4983 1876 5022 consumens

264 5058 364 5135 ἔδει
389 5093 512 5130 rnes
540 5086 761 5129 eorum.
797 5066 921 5120 Haec
958 5077 1184 5130 namque
1226 5060 1326 5113 fuit
1349 5059 1593 5112 voluntas
1615 5067 1668 5110 et
1694 5058 1878 5126 petitio

261 5166 542 5227 diaboli,
599 5171 665 5214 ut
702 5166 924 5211 sanctos
975 5151 1254 5206 tormentis
1295 5149 1546 5206 alliceret:
1577 5156 1734 5214 atque
1773 5156 1881 5199 tor-

260 5267 535 5330 queret.
577 5251 650 5304 Et
704 5251 822 5302 ltzec
869 5245 972 5300 fuit
1000 5253 1303 5298 sanctorum
1348 5239 1542 5300 oratio,
1599 5247 1656 5287 ut
1700 5236 1874 5330 omnia

261 5321 587 5414 έιιρριὶιείει
632 5344 863 5407 propter
895 5332 1059 5385 Deum
1089 5331 1412 5384 sustinentes
1449 5334 1667 5414 atternaa‘
1697 5321 1875 5391 gloria:

261 5411 457 5506 apud
495 5445 624 5484 eum
655 5427 710 5478 in
751 5424 858 5476 fide
890 5420 1216 5475 efﬁcerentur
1245 5417 1496 5472 haeredes.
1519 5411 1669 5506 Quod
1702 5421 1876 5506 autem

263 5499 433 5585 h'aec
491 5529 650 5590 petat
697 5511 973 5576 diabolus,
1029 5508 1258 5565 ostendit
1304 5507 1574 5560 evidenter
1627 5499 1878 5553 Dominus

264 5608 562 5675 dicens:
601 5604 846 5664 satanas
893 5592 1038 5668 petiit
1088 5611 1144 5656 ut
1199 5614 1284 5652 vos
1333 5595 1582 5650 cribraret
1635 5599 1879 5658 tanquam

382 5774 434 5806 "‘
467 5768 576 5823 J'ub
614 5782 679 5825 Il,
716 5763 774 5814 ι.
850 5758 921 5790 ’⁸⁵⁸
971 5756 1092 5811 Luc.
1125 5773 1257 5815 “tu,
1285 5756 1370 5808 ⁸51.
1447 5754 1489 5784 ⁷⁷
1519 5749 1615 5808 Job
1645 5764 1702 5812 tt,
1736 5748 1790 5803 5.

659 5859 939 5915 Pyrum-
987 5851 1096 5926 (in.
1140 5850 1333 5909 XVII.

1972 4799 2092 4856 post
2132 4789 2232 4842 hoc
2275 4800 2446 4843 autem
2483 4805 2599 4844 cum
2652 4792 2905 4846 Dominus
2933 4794 3164 4848 venisset
3209 4794 3274 4848 ad
3307 4803 3498 4859 terras,

1973 4879 2112 4932 illius
2136 4881 2392 4947 unguenti
2430 4879 2781 4948 perditionem
2829 4882 2994 4951 gratis
3043 4882 3154 4935 fieri
3203 4883 3500 4946 aestimasti,

1973 4968 2155 5020 dicens
2192 4983 2284 5036 per
2347 4982 2407 5022 os
2465 4966 2610 5022 Judze
2646 4985 2660 5021 :
2697 4967 2887 5039 thuid
2937 4971 3045 5024 haec
3083 4971 3300 5038 perditio
3345 4971 3501 5038 hujus

1975 5060 2218 5126 unguenti
2251 5057 2391 5125 facta
2437 5067 2508 5111 est
2557 5059 2665 5111 '7‘?
2727 5060 2790 5113 Et
2850 5071 3170 5128 unguentum
3208 5075 3335 5113 sane
3363 5060 3501 5128 quod

1975 5161 2072 5214 pro
2103 5147 2238 5200 bono
2282 5161 2400 5200 cum
2438 5145 2540 5200 fide
2583 5146 2803 5202 effusum
2849 5158 2932 5203 est
2975 5151 3320 5219 perditionem
3359 5148 3502 5214 judi-

1980 5237 2114 5289 rasti
2146 5253 2159 5288 :
2197 5251 2305 5290 rem
2333 5251 2460 5290 vero
2502 5238 2604 5292 Job
2645 5253 2761 5307 quae
2814 5255 2933 5294 cum
2989 5240 3268 5309 iniquitate
3323 5238 3496 5306 periit,

1981 5325 2328 5393 perditionem
2361 5341 2464 5378 non
2494 5326 2791 5379 aestimasti.
2819 5327 2882 5380 Et
2907 5326 3045 5395 quod
3074 5325 3241 5391 majus
3266 5333 3346 5376 est
3375 5323 3497 5384 hoc,

1983 5422 2306 5482 unguentum
2337 5414 2462 5468 illud
2485 5414 2624 5484 quod
2656 5429 2685 5468 a
2718 5414 2850 5468 Juda
2879 5415 3102 5468 effusum
3129 5423 3236 5473 est,
3271 5412 3368 5462 hoc
3395 5416 3497 5468 est,

1981 5503 2290 5572 sanguinem
2321 5503 2592 5572 Unigeniti
2635 5505 2985 5574 perditionem
3047 5497 3317 5567 reputasti.
3367 5492 3498 5546 Nam

1983 5591 2121 5645 sicut
2154 5605 2273 5646 cum
2317 5591 2426 5648 illic
2472 5604 2790 5666 unguentum
2825 5593 2951 5648 illud
2995 5588 3368 5646 effunderetur,
3415 5595 3501 5634 re-

1868 5747 1936 5780 "‘
1986 5746 2146 5803 Marc.
2199 5762 2306 5814 xiv,
2337 5748 2390 5803 4.

3158 5822 3222 5881 15
