3916 6460
434 469 538 528 459

1504 453 1880 511 ANONYMUS
1920 452 1984 505 IN
2022 451 2156 507 JOB.
2197 485 2261 496 -—
2297 453 2425 510 LIB.
2465 453 2531 510 ΙΙ.

3666 493 3746 542 [όν

435 584 572 652 pleta
616 586 697 634 est
735 575 921 631 domus
952 573 1038 628 illa
1075 571 1326 642 unguenti
1366 573 1526 626 odere
1558 591 1573 638 ;
1603 573 1674 625 ita
1728 582 1782 624 et
1823 570 1958 634 istic,
1990 575 2036 630 Α
2065 570 2306 627 fortiore.
2353 573 2633 638 Minorem,
2683 573 2890 641 inquit,
2934 587 3005 627 ac
3041 569 3333 626 leviorem
3370 571 3608 656 θιιᾟυθ
3626 610 3716 644 1ηο,

437 672 487 725 id
518 677 619 731 est,
653 668 705 720 in
753 663 997 734 passione
1027 664 1265 726 Domini,
1309 679 1428 717 cum
1481 663 1700 730 sanguis
1756 660 1963 713 Domini

433 758 811 820 eﬂ'underetur,
842 754 1076 822 rcpletus
1104 765 1184 808 est
1218 755 1362 808 orbis
1395 763 1549 806 terra:
1572 752 1760 806 salutis
1790 751 1967 805 suavi-

437 859 561 902 tate.
594 847 700 901 Sed
730 846 781 899 iu
809 847 1063 900 omnibus
1097 860 1199 897 non
1228 844 1456 898 cessavit
1490 842 1871 909 nequissimus,
1914 854 1968 894 et

434 938 699 1007 improbus
730 947 889 1005 atque
928 936 1206 1003 impudens
1235 934 1480 987 diabolus
1507 973 1523 998 ,
1557 947 1734 1001 neque
1783 933 1967 985 confu-

431 1042 545 1080 sum
575 1041 632 1080 se
656 1025 1003 1091 recognovit:
1037 1025 1138 1077 sed
1177 1034 1429 1091 tanquam
1474 1021 1625 1076 canis
1665 1022 1878 1075 rabidus
1901 1023 1965 1074 ad

429 1115 672 1170 baculum
699 1115 878 1168 infelix
917 1116 1177 1178 Cucurrit,
1203 1129 1321 1167 cum
1351 1115 1580 1182 priorem
1617 1128 1764 1166 suam
1795 1113 1968 1166 defor-

432 1209 668 1278 mitatem
711 1221 814 1260 non
843 1205 1110 1274 intelligit,
1143 1206 1232 1259 sed
1277 1216 1457 1272 sperat
1487 1206 1625 1272 quod
1665 1220 1757 1272 per
1787 1205 1967 1256 novis-

431 1298 625 1351 simum
664 1297 858 1350 bellum
909 1297 1142 1364 priorem
1198 1296 1404 1349 ruinam
1458 1301 1636 1362 posset
1687 1295 1964 1357 resarcire,

432 1387 677 1441 nesciens
707 1386 868 1439 miser
889 1386 1030 1454 quod
1074 1385 1363 1438 novissima
1403 1384 1581 1453 pejora
1623 1384 1888 1450 prioribus
1917 1383 1963 1435 ei

431 1488 610 1532 essent
631 1477 923 1532 eilicienda.
950 1477 1150 1529 Idcirco
1175 1483 1290 1544 post
1317 1475 1429 1528 haec
1453 1478 1727 1535 universa,
1751 1488 1967 1540 respon-

431 1569 509 1622 dit
537 1567 780 1620 diabolus
807 1577 928 1620 ante
956 1567 1139 1628 Deum,
1176 1575 1228 1617 et
1253 1565 1385 1618 dixit
1409 1582 1423 1617 :
1450 1565 1659 1618 Corium
1689 1581 1779 1632 pro
1807 1565 1962 1617 corio.

432 1657 476 1713 Ο
530 1656 851 1725 impudentia
913 1664 1071 1723 atque
1129 1655 1442 1723 improbitas
1494 1665 1622 1720 tua,
1661 1670 1692 1707 ο
1727 1655 1960 1721 diabolel

433 1757 632 1801 tantam
660 1746 1042 1800 deformitatem
1075 1753 1237 1814 atque
1286 1746 1654 1800 confusionem
1690 1750 1830 1797 tua'm
1863 1761 1965 1797 non

432 1838 750 1901 consideras,
782 1838 872 1891 sed
903 1837 1259 1890 inverecunde
1294 1845 1456 1904 atque
1499 1835 1812 1894 identidem,
1866 1834 1966 1886 hoc

2067 662 2383 717 deratiorem
2445 663 2720 718 sustinens
2758 663 2864 717 Job
2894 662 3165 717 dolorem
3211 656 3499 711 videtuh
3537 677 3684 725 δίψη.

2068 751 2424 804 constantiam
2458 751 2681 813 habere,
2717 765 2818 819 pro
2849 748 3223 819 gravioribus
3276 743 3492 803 leviora
3523 755 3666 808 facite

2065 841 2351 904 sustinens,
2392 855 2488 909 pro
2519 839 2852 895 arctioribus
2885 839 3122 892 mitiora
3152 836 3369 889 leuiter
3401 837 3665 897 sufferens.

2065 931 2195 984 Nam
2223 933 2399 986 omnis
2423 947 2606 1002 poena,
2644 941 2700 985 et
2728 931 2915 985 omnis
2953 929 3131 982 dolor
3157 929 3258 996 qui
3291 926 3447 983 foris
3475 931 3626 986 fuerit
3645 950 3681 989 ’λ

2065 1038 2312 1092 corpore,
2357 1024 2525 1076 levior
2554 1023 2775 1076 videtur
2808 1035 2934 1076 esse
2966 1021 3158 1090 magis
3197 1034 3376 1089 quam
3429 1021 3505 1076 illi
3543 1024 3681 1081 dolo-

2067 1128 2172 1176 res,
2205 1113 2454 1181 qui'sunt
2498 1113 2550 1165 in
2583 1127 2834 1180 corpore.
2891 1111 3027 1165 Ideo
3079 1111 3311 1163 corium
3365 1125 3478 1178 pro
3525 1116 3689 1178 corio,

2067 1204 2168 1257 hoc
2201 1213 2286 1256 est
2323 1216 2481 1271 poma
2512 1203 2690 1256 minor
2718 1217 2818 1270 pro
2852 1215 3019 1268 paena
3058 1199 3311 1266 majore,
3340 1199 3517 1254 dolor
3539 1202 3700 1259 levior

2066 1304 2162 1356 pro
2193 1290 2375 1343 dolore
2404 1289 2830 1343 vehementiore.
2875 1287 3017 1340 Nam
3053 1286 3221 1340 aliud
3253 1295 3347 1339 est
3390 1302 3519 1342 rem
3550 1289 3700 1344 fami-

2069 1379 2259 1432 liarem
2293 1381 2642 1443 amittere,'et
2673 1378 3010 1432 detrimenta
3038 1375 3374 1437 sustinere,
3399 1377 3558 1433 aliud
3587 1395 3713 1438 sane

2067 1481 2153 1525 est
2182 1452 2440 1526 carnibus
2471 1471 2603 1540 ipsis
2638 1476 2966 1537 putrescere
2995 1508 3010 1532 ,
3043 1478 3104 1521 et
3139 1466 3464 1522 vermibus
3499 1472 3713 1540 repleri,

2065 1573 2119 1615 et
2151 1562 2203 1616 in
2235 1562 2508 1630 pulverem
2539 1571 2698 1615 terra;
2728 1556 3108 1614 commassari
3146 1556 3414 1612 humore
3451 1559 3718 1626 ulcerum,

2069 1651 2156 1719 qui
2181 1667 2243 1704 ex
2271 1650 2401 1719 ipsis
2425 1649 2851 1718 liquescentibus
2881 1647 3167 1701 carnibus
3201 1646 3482 1703 elicitur.
3509 1649 3720 1707 Idcirco

2069 1740 2222 1793 facile
2267 1741 2498 1793 sustinet
2546 1738 2647 1794 Job
2702 1737 3005 1792 exterioris
3069 1735 3227 1790 corii
3294 1736 3576 1793 dolorem
3626 1754 3721 1808 pro

2068 1829 2250 1882 dolore
2301 1829 2436 1882 corii
2482 1828 2934 1898 propinquioris,
3011 1827 3174 1881 hanc
3253 1827 3342 1880 rei
3425 1826 3722 1884 familiaris

431 1935 534 1989 est,
559 1925 746 1978 iterum
777 1935 935 1994 atque
959 1925 1152 1978 iterum
1178 1902 1411 1979 recurris
1441 1923 1710 1978 contraria
1740 1923 1965 1976 tibimet-
1997 1902 2037 1958 Β
2065 1919 2418 1987 direptionem
2451 1933 2548 1986 pro
2578 1919 2825 1988 corporis
2869 1917 3218 1971 aﬂlictioue.
3262 1917 3555 1983 Quandiu
3595 1935 3722 1990 ergo

431 2015 526 2082 ipsi
556 2015 812 2084 loquendo
839 2031 901 2069 ac
923 2015 1144 2070 dicendo
1170 2026 1327 2082 atque
1352 2015 1657 2083 quaerendo,
1683 2021 1738 2065 et
1775 2020 1966 2066 temet-

431 2103 602 2171 ipsum
657 2104 999 2158 destruendo.
1059 2104 1294 2158 Primum
1341 2104 1483 2157 enim
1527 2103 1701 2156 dixisu
1742 2117 1862 2156 cum
1900 2103 1966 2155 ad

432 2192 595 2247 Deum
633 2193 698 2247 de
720 2193 818 2247 Job
843 2193 1048 2248 locutus
1078 2194 1268 2247 fuisses
1302 2217 1317 2248 -.
1347 2192 1509 2247 Aufer
1542 2192 1614 2245 illi
1652 2207 1784 2255 rem,
1817 2191 1965 2260 priva

430 2298 548 2336 eum
587 2283 804 2346 divitiis,
841 2285 1019 2338 minue
1063 2299 1182 2338 eum
1222 2282 1488 2351 Opulentia
1517 2323 1530 2347 ,
1583 2275 1802 2336 humilia
1844 2297 1964 2334 eum

431 2373 496 2426 de
531 2372 829 2436 altitudine,
865 2373 1072 2425 denuda
1103 2373 1250 2425 illum
1280 2373 1362 2424 bis
1381 2387 1499 2440 qure
1532 2369 1746 2432 dedisti,
1777 2371 1820 2423 si
1859 2385 1962 2423 non

430 2460 681 2514 continuo
712 2461 761 2514 in
789 2459 975 2513 faciem
1013 2459 1346 2513 maledixerit
1384 2460 1511 2522 tibi,
1559 2469 1612 2512 et
1652 2460 1963 2520 detraxerit,

430 2557 587 2615 atque
617 2546 1088 2615 blasphemaverit,
1115 2548 1266 2614 quasi
1294 2563 1541 2615 magnum
1579 2547 1739 2601 fuerit
1765 2549 1887 2608 hoc,
1910 2557 1967 2599 ut

431 2637 626 2691 divitiae
658 2646 818 2703 atque
845 2651 928 2688 res
965 2636 1080 2703 ejus
1114 2634 1402 2689 familiares
1428 2635 1788 2690 auferrentur.
1816 2635 1965 2701 Quod

431 2741 555 2790 ergo
579 2736 700 2780 tunc
725 2726 1101 2794 magnificasti,
1149 2733 1206 2778 ut
1246 2726 1296 2780 ei
1348 2741 1434 2780 res
1471 2725 1760 2780 familiares
1789 2724 1968 2778 aufer-

431 2824 636 2881 rentur,
665 2817 768 2870 hoc
803 2831 941 2870 nunc
967 2817 1216 2869 nimirum
1253 2816 1506 2869 minoras.
1530 2815 1676 2881 Quod
1705 2825 1829 2867 tunc
1857 2815 1967 2867 sin-

431 2904 612 2972 gulare
645 2917 803 2976 atque
851 2905 1208 2960 indubitabile
1232 2904 1483 2974 judicasti
1509 2944 1524 2969 ,
1563 2907 1702 2973 quod
1745 2904 1967 2959 sublatis

432 2995 631 3049 divitiis
682 2994 781 3050 Job
831 2996 1083 3049 continuo
1133 3004 1274 3049 esset
1317 2995 1822 3063 blasphematurus,
1868 2995 1967 3047 hoc

431 3086 773 3139 nihilominus
797 3100 936 3138 nunc
962 3087 1026 3138 ad
1053 3083 1272 3136 nihilum
1292 3085 1532 3152 redigens
1555 3084 1687 3137 dicis
1713 3082 1957 3136 :Corium

430 3188 524 3240 pro
548 3174 708 3226 corio.
763 3173 977 3225 Corium
1025 3171 1330 3223 divitiarum
1376 3185 1472 3238 pro
1514 3171 1664 3224 corio
1702 3171 1960 3238 corporis,
1991 3208 2031 3265 ο

429 3263 634 3316 Corium
675 3263 931 3315 bonorum
979 3274 1075 3327 pro
1122 3260 1268 3312 corio
1311 3261 1534 3312 ossium.
1588 3258 1710 3311 llaec
1740 3274 1965 3327 namque

431 3366 536 3406 auo
563 3353 705 3404 coria
738 3351 952 3418 repetit,
989 3365 1053 3404 ac
1084 3358 1348 3402 memorat
1374 3349 1492 3402 istic
1534 3347 1772 3402 diabolus
1807 3367 1820 3401 :
1855 3362 1962 3402 rem

433 3440 744 3494 familiarem
794 3447 848 3491 et
891 3438 1104 3491 divitias
1159 3438 1394 3492 exterius
1448 3439 1684 3504 corium;
1746 3439 1966 3492 interius

432 3542 560 3582 vero
614 3528 817 3579 corium
857 3539 1050 3594 corpus
1106 3535 1160 3580 et
1217 3541 1360 3579 ossa.
1411 3527 1624 3580 Corium
1675 3529 1812 3595 quod
1861 3543 1962 3581 non

431 3615 584 3668 valde
629 3615 824 3677 doleat,
872 3629 982 3668 rem
1028 3614 1380 3678 familiarem;
1411 3615 1616 3668 corium
1645 3617 1785 3684 quod
1819 3617 1966 3672 valde

435 3703 631 3765 doleat,
663 3705 864 3756 corium
896 3703 1159 3771 corporis.
1199 3701 1323 3756 Haec
1355 3703 1556 3757 scilicet
1581 3705 1820 3772 cogitans
1855 3721 1968 3758 ma-

434 3793 766 3861 lignisslmus
797 3791 1060 3854 diabolus,
1087 3808 1112 3842 a
1142 3807 1248 3860 quo
1274 3808 1540 3860 nunquam
1566 3794 1718 3848 mala:
1758 3795 1964 3859 cogita-

435 3884 609 3936 tiones
645 3881 911 3941 deficiunt,
975 3882 1087 3934 luec
1133 3895 1260 3950 ergo
1317 3883 1678 3950 nequissimus
1729 3882 1967 3940 diabolus

436 3971 677 4038 nequiter
713 3981 870 4039 atque
897 3971 1087 4026 callide
1125 3978 1382 4036 tractans,
1426 3972 1556 4026 dicit
1583 3973 1647 4026 ad
1684 3973 1962 4027 Dominum

435 4061 501 4115 de
523 4060 620 4115 Job
643 4057 884 4114 :Corium
901 4077 993 4128 pro
1007 4063 1172 4126 corio,
1201 4077 1263 4116 ac
1289 4061 1334 4116 si
1357 4062 1593 4116 diceret:
1620 4063 1754 4128 Quid
1789 4066 1965 4135 magni

433 4165 620 4218 passus
647 4159 727 4203 est
751 4148 886 4203 Job?
925 4151 1048 4218 quid
1076 4166 1237 4220 grave
1260 4151 1474 4205 sustulit
1495 4151 1582 4205 hic
1609 4169 1764 4221 quem
1787 4153 1967 4208 defen-

437 4239 552 4290 dis?
604 4237 731 4290 Rem
781 4237 1094 4294 familiarem
1143 4248 1196 4294 et
1229 4239 1366 4294 ﬁlios
1407 4242 1607 4306 amisit,
1644 4243 1735 4296 sed
1785 4254 1967 4311 sperat

436 4327 575 4394 quod
607 4339 788 4380 rursus
808 4337 861 4381 et
891 4342 1002 4381 rem
1029 4337 1084 4382 et
1125 4328 1260 4383 filios
1288 4329 1550 4398 acquirat,
1579 4332 1798 4385 conﬁdit
1824 4335 1965 4402 quod

435 4423 492 4468 et
515 4413 796 4467 identidem
829 4419 920 4468 des
945 4418 1083 4470 sicut
1107 4425 1160 4472 et
1188 4426 1314 4471 ante
1340 4418 1552 4472 dedisti.
1586 4417 1690 4472 Pro
1714 4419 1815 4474 hac
1842 4435 1966 4490 ergo

2066 2008 2318 2062 leviorem
2356 2007 2599 2061 dolorem
2627 2007 2887 2071 sustinet,
2923 2007 3026 2060 illo
3067 2021 3263 2074 usque
3291 2022 3323 2059 a
3381 2017 3448 2059 te
3478 2022 3591 2060 non
3617 2010 3721 2062 dis-

2065 2097 2224 2158 cedit,
2250 2111 2420 2166 neque
2444 2097 2660 2165 negabit
2691 2106 2761 2150 te.
2805 2095 3081 2162 lmmuta,
3125 2097 3350 2166 inquit,
3401 2097 3588 2163 coria,
3624 2099 3719 2153 hoc

2065 2194 2146 2240 e‘st
2175 2188 2391 2239 immuta
2422 2186 2636 2239 dolores
2662 2224 2677 2248 ,
2721 2194 2779 2239 et
2821 2186 3102 2239 continuo
3145 2186 3470 2240 immutari
3507 2201 3631 2239 eum
3657 2189 3719 2240 ad

2065 2276 2450 2344 blasphemiam
2493 2275 2717 2328 senties.
2770 2272 3038 2338 Corium,
3089 2277 3312 2343 inquit,
3390 2290 3504 2342 pro
3561 2277 3718 2329 corio.

2068 2369 2232 2438 Ilujus
2264 2368 2338 2422 rei
2370 2369 2673 2436 exemplum
2702 2365 2869 2419 etiam
2911 2366 2969 2420 in
3022 2366 3200 2421 nobis
3239 2367 3556 2422 videmus.
3591 2365 3719 2419 Nam

2066 2473 2185 2512 cum
2226 2458 2532 2525 percutitur
2584 2457 2837 2526 quilibet,
2889 2455 2982 2510 vel
3035 2457 3316 2518 caeditur,
3402 2454 3725 2522 frequenter

2065 2558 2280 2600 manum
2321 2562 2416 2615 pro
2444 2555 2555 2599 toto
2583 2548 2817 2616 porrigit
2845 2561 3131 2614 corpore,
3161 2557 3225 2600 et
3251 2547 3539 2616 protegit
3564 2557 3716 2614 caput

2065 2647 2119 2688 et
2149 2637 2365 2689 dorsum
2397 2651 2580 2697 manu,
2617 2644 2671 2689 et
2705 2635 2926 2688 videtur
2957 2635 3069 2701 illi,
3121 2645 3189 2689 ut
3224 2637 3283 2690 in
3321 2651 3524 2689 tuanu
3559 2638 3720 2707 magis

2067 2723 2396 2791 percutiatur
2424 2739 2584 2792 quam
2609 2724 2661 2776 in
2693 2723 2883 2789 dorso,
2910 2725 3001 2778 vel
3032 2726 3263 2794 capite,
3295 2736 3368 2780 et
3401 2726 3501 2779 dat
3521 2728 3714 2781 corium

2065 2823 2162 2876 pro
2203 2809 2370 2872 corio,
2422 2810 2626 2862 corium
2662 2825 2859 2864 manus
2910 2827 3020 2880 pro
3068 2815 3244 2868 corio
3292 2816 3548 2882 capitis.
3601 2815 3715 2871 Haec

2067 2899 2249 2965 itaque
2282 2898 2529 2952 universa
2559 2899 2854 2969 designans
2879 2903 3299 2969 nequissimus
3333 2903 3566 2959 callide
3595 2907 3712 2960 dicit

2067 2988 2134 3042 de
2157 2986 2278 3054 Job,
2311 2987 2524 3041 Corium
2556 3005 2648 3056 pro
2677 2992 2843 3043 corio.
2877 2990 3027 3045 Nam
3071 2995 3234 3048 sicut
3278 2996 3342 3050 hi
3415 2996 3512 3064 qui
3556 3011 3710 3064 vapu-

2067 3079 2197 3145 lant,
2265 3081 2415 3134 corio
2473 3097 2662 3136 manus
2741 3085 2986 3139 alterum
3063 3091 3350 3157 corporis
3437 3102 3709 3160 protegunt

2066 3169 2290 3230 corium,
2319 3171 2386 3224 ob
2407 3171 2509 3224 hoc
2527 3179 2738 3225 tantum
2768 3183 2825 3227 ut
2856 3190 3078 3244 corpus
3096 3178 3342 3249 integro
3363 3195 3427 3232 In
3454 3182 3705 3235 habeant:

2064 3257 2162 3322 sic,
2191 3258 2384 3326 inquit,
2435 3270 2487 3312 et
2535 3259 2637 3313 Job
2675 3265 2956 3317 exteriora
2997 3268 3088 3319 rei
3162 3267 3505 3324 familiaris
3555 3271 3711 3324 detri-

2063 3354 2242 3398 menta
2295 3351 2594 3402 contemnit
2655 3351 2941 3416 universa,
3013 3363 3251 3410 tantum
3335 3367 3425 3409 ut
3478 3361 3709 3428 corporis

2067 3435 2285 3506 effugiat
2311 3452 2545 3505 ptrnam.
2609 3438 2702 3494 Sic
2748 3458 2995 3510 namque
3056 3456 3117 3499 et
3177 3449 3236 3501 lii
3304 3448 3433 3520 qui
3487 3449 3543 3503 in
3591 3451 3716 3504 mari

2064 3527 2336 3594 navigant,
2373 3542 2493 3580 cum
2521 3528 2823 3596 periculum
2873 3534 3035 3598 passi
3074 3535 3304 3593 fuerint
3339 3539 3562 3604 omnia
3610 3554 3720 3606 qua:

2065 3615 2116 3668 in
2146 3617 2262 3668 navi
2293 3616 2581 3671 habuerint
2607 3629 2972 3674 contemnunt
3006 3634 3196 3694 atque
3240 3628 3300 3682 in
3387 3627 3538 3682 mari
3577 3627 3729 3698 proji-

2064 3706 2211 3757 ciunt
2251 3705 2320 3758 ob
2371 3706 2471 3761 hoc
2505 3716 2563 3760 ut
2618 3707 2722 3777 ipsi
2781 3712 3061 3769 evadant.
3128 3717 3232 3772 Sic
3271 3731 3332 3774 et
3428 3719 3735 3789 quieunque

2063 3797 2284 3850 divitum
2325 3811 2446 3849 cum
2493 3795 2546 3848 in
2589 3799 2837 3866 corporis
2898 3800 3325 3862 infirmitatem
3427 3808 3741 3881 inciderint,

2063 3899 2272 3939 onmem
2304 3887 2660 3940 substantiam
2699 3902 2852 3941 suam
2880 3889 3150 3950 libenter
3174 3896 3502 3966 offer-int,
3539 3913 3739 3959 tantum

2064 3983 2120 4067 ut
2149 3976 2390 4042 corporis
2421 3975 2852 4030 incolumitatem
2897 3983 3224 4052 recipiant.
3259 3989 3428 4057 Sir,
3459 3993 3673 4067 inquit,
3693 4007 3746 4054 et

2061 4063 2158 4121 Job
2213 4080 2398 4118 omnes
2449 4066 2699 4130 divitias,
2751 4078 2806 4120 et
2868 4084 3122 4128 omnem
3184 4094 3307 4134 rem
3383 4063 3727 4145 Ῑεηιὴῑπέω

2063 4335 2307 4388 universa
2341 4335 2703 4402 nequissimus
2728 4338 2978 4406 daemon,
3013 4359 3124 4412 per
3155 4350 3280 4405 limc
3304 4367 3449 4418 qua:
3470 4372 3716 4427 sequ“.

2064 4435 2150 4480 tur
2203 4426 2453 4488 ostendit,
2506 4425 2972 4483 dicens;0mnia
3030 4452 3394 4508 quaecunque
3465 4425 3720 4503 habuerit

436 4514 530 4570 spe
567 4512 724 4600 atque
748 4502 1063 4557 confidentia
1097 4506 1321 4560 necdum
1351 4521 1379 4559 a
1407 4517 1455 4560 te
1478 4507 1716 4570 recessit,
1743 4511 1961 4564 necdum
1997 4538 2037 4590 υ
2065 4516 2233 4576 Ιιοηιο,
2282 4514 2424 4565 dabit
2474 4530 2568 4582 pro
2617 4517 2799 4569 anima
2837 4535 2942 4573 sua
2962 4502 3052 4577 ".7
3077 4527 3206 4596 Sic,
3242 4502 3460 4600 inquit,
3495 4548 3557 4591 et
3619 4502 3724 4594 Job

440 4600 492 4644 te
521 4591 752 4658 reliquit,
781 4594 999 4646 necdum
1030 4603 1081 4648 te
1105 4595 1354 4658 detraxit,
1389 4597 1610 4649 necdum
1642 4605 1691 4650 te
1717 4597 1963 4667 blasphe-

437 4680 622 4742 mavit,
646 4681 775 4748 quia
813 4683 1037 4736 necdum
1071 4687 1378 4754 ‘tetigerunt
1423 4686 1566 4739 illum
1611 4687 1819 4742 dolores
1854 4704 1968 4743 cor-

438 4767 601 4836 poris,
631 4770 751 4836 quia
778 4771 998 4824 necdum
1029 4775 1378 4842 apprehendit
1402 4789 1521 4828 eum
1546 4777 1745 4830 ossium
1774 4793 1955 4846 pinna.

438 4849 646 4912 Corium
677 4876 768 4928 pro
795 4866 956 4914 corio.
985 4863 1284 4928 Exteriore,
1315 4865 1519 4934 inquit,
1552 4867 1700 4920 corio
1725 4869 1967 4923 decoria-

440 4957 544 5011 tus,
590 4949 688 5003 hoc
722 4959 799 5004 est
839 4967 951 5005 rem
1000 4951 1315 5007 familiarem
1356 4955 1585 5008 ablatam
1642 4961 1966 5026 contempsit

438 5048 595 5107 atque
642 5039 707 5093 ad
755 5041 978 5094 nihilum
1008 5043 1220 5095 reduxit
1249 5058 1262 5094 :
1297 5051 1456 5112 tange
1505 5045 1730 5100 interius
1763 5051 1963 5102 corium

439 5125 573 5193 ejus,
609 5128 708 5182 hoc
752 5138 833 5182 est
865 5131 1144 5184 tormentis
1175 5131 1325 5186 aﬂice
1351 5147 1537 5187 carnes
1567 5135 1715 5202 ejus;
1753 5147 1806 5190 et
1837 5153 1965 5191 con-

441 5225 552 5268 tere
591 5231 780 5271 carnes
837 5218 1002 5281 illius,
1044 5228 1099 5272 et
1148 5222 1424 5288 apparebit
1475 5225 1775 5280 constantia
1827 5225 1962 5296 ejus,

440 5311 594 5372 quam
629 5321 769 5360 nunc
797 5308 990 5361 habere
1019 5310 1248 5364 videtur.
1293 5311 1630 5381 Supervacua
1660 5316 1799 5369 enim
1839 5319 1966 5372 fides

440 5394 573 5463 ejus,
603 5411 760 5463 quam
792 5413 932 5452 nunc
960 5398 1100 5454 circa
1138 5410 1189 5455 te
1221 5403 1419 5460 habere
1460 5419 1521 5458 se
1550 5415 1718 5475 putat.
1754 5405 1964 5460 Corium

440 5501 530 5551 pro
574 5487 750 5552 corio,
806 5503 867 5542 ac
906 5488 953 5544 si
994 5489 1227 5559 diceret,
1283 5496 1518 5550 dolorem
1564 5496 1820 5550 minorem
1871 5511 1965 5565 pro

424 5572 618 5650 “dolore
682 5577 909 5646 majore,
971 5594 1176 5649 poenam
1220 5583 1628 5641 moderatiorem
1678 5600 1773 5653 pro
1808 5598 1964 5654 parua

513 5748 558 5779 τ’
581 5748 676 5806 Job
712 5768 768 5816 ll,
799 5754 862 5808 4.

2064 4606 2235 4659 omnia
2264 4621 2591 4674 quaecunque
2617 4607 2875 4663 habuerit
2920 4623 3305 4691 contempsit,
3378 4637 3622 4685 tantum
3669 4643 3726 4686 ιιι

2065 4709 2259 4792 corpus
2303 4698 2962 4792 conservaret‘illaesum.
3020 4709 3143 4764 Sed
3209 4714 3440 4782 adhuc,
3509 4723 3723 4792 inquit,

2067 4785 2270 4838 corium
2303 4799 2399 4853 pro
2431 4785 2601 4838 corio.
2657 4786 2794 4852 Quis
2843 4792 2993 4847 dixit
3048 4799 3210 4857 hoc?
3267 4785 3613 4866 diabolus:
3643 4785 3725 4868 Αιὴ

2069 4886 2222 4938 quem
2248 4872 2421 4969 dixit?
2556 4873 2744 4969 beum.
2779 4878 2855 4933 De
2893 4897 3012 4950 quo
3043 4889 3238 4945 dixit?
3273 4892 3358 4947 De
3405 4897 3555 4954 Job.
3607 4903 3726 4969 Quo

2068 4964 2334 5030 proposito
2351 4963 2520 5016 dixit?
2545 4965 2806 5034 Superius
2835 4974 3240 5047 multipliciter
3259 4963 3710 5048 demonstrato.

2070 5052 2240 5155 Super
2269 5054 2382 5108 hate
2408 5067 2588 5108 autem
2612 5059 2866 5115 universa
2900 5105 2916 5128 ,
2947 5071 3141 5126 adhuc
3173 5075 3300 5128 audi
3339 5079 3423 5134 de
3467 5085 3564 5139 liis
3595 5103 3720 5155 qua:

2068 5141 2265 5232 dudum
2299 5144 2348 5195 iu
2384 5143 2647 5214 principio
2677 5147 2822 5203 facta
2857 5168 3013 5211 sunt.
3067 5161 3558 5229 Commonefacit
3595 5141 3715 5232 ῖξιίξ

2070 5231 2426 5298 nequissimus
2486 5235 2760 5302 diabolus,
2835 5247 2970 5313 quia
3028 5253 3246 5322 pridem
3294 5267 3560 5327 quando
3611 5231 3718 5320 Job

2069 5333 2220 5415 pater
2249 5333 2408 5415 atque
2432 5329 2749 5392 patriarcha
2785 5335 2970 5394 Adam
3007 5346 3188 5412 meis,
3230 5346 3316 5401 ait
3348 5391 3367 5415 ,
3411 5359 3712 5412 seductio-

2072 5411 2232 5511 nibus
2277 5412 2544 5511 obediens
2588 5431 2638 5473 te
2686 5435 3060 5504 contempsit,
3132 5441 3206 5496 ob
3254 5411 3387 5493 hoe
3460 5448 3726 5511 pelliceis

2073 5501 2290 5604 tunicis
2323 5517 2379 5604 a.
2412 5513 2465 5559 te
2513 5507 2782 5572 Creatore
2829 5501 3076 5586 indutus
3131 5547 3222 5592 est
3282 5540 3406 5596 ι)το
3467 5501 3720 5594 “Mla;

2072 5587 2434 5661 abnegatoris,
2466 5613 2535 5654 eo
2569 5606 2712 5674 quod
2742 5615 2795 5664 te
2827 5587 3244 5700 dereliquerit,
3283 5587 3378 5671 λεὶ
3421 5587 3742 5681 ωε*
