3916 6436
450 468 550 521 ωδ

1507 435 1879 495 ΑΝΟΝΥΜ[’5
1917 431 1982 485 lN
2021 428 2157 486 JOB.
2197 461 2263 469 -—
2298 430 2423 486 LIB.
2465 430 2527 484 ll.

3583 414 3678 466 ιω

451 599 607 653 gnam
637 589 792 645 atque
831 568 1135 639 injustitiam
1185 562 1481 632 obiurgem,
1513 559 1645 612 Ecce
1697 567 1846 609 tracto
1887 551 1980 604 tibi
2010 556 2056 610 Α
2082 551 2164 605 nis
2206 556 2596 604 coronanuntur
2645 547 2699 600 in
2755 549 3074 611 conspectu
3130 545 3281 588 meo.
3316 527 3397 583 Ne
3430 527 3682 599 tetigerim

1650 649 1661 653 _
1799 646 1810 653 .
2088 642 2099 653 .
2222 642 2250 653 ,Α
2376 642 2387 653 .
2573 636 2593 653 π
2635 637 2647 653 ι
2725 632 2934 653 n-__-_|
2956 629 3096 653 _..|.:.
3152 624 3305 653 An:ln
3332 630 3489 653 ηειηηι
3522 628 3659 653 tuum

450 689 564 729 eum
584 671 646 733 ⁸ο,
678 675 733 718 ut
782 664 980 728 absque
1032 657 1460 711 contradictione
1509 646 1877 707 c0nvincaris,
1936 653 1991 697 et

454 767 652 828 absque
673 753 1015 809 excusatione
1042 750 1436 807 condemneris,
1475 756 1635 811 atque
1659 741 1711 793 in
1741 736 1990 791 omnibus

455 824 675 903 mendax
706 839 1088 910 comproberis.
1134 836 1269 889 Ecce
1302 835 1450 887 trado
1500 832 1590 883 tibi
1634 827 1803 881 illum.
1851 824 1990 878 Sub-

455 935 702 991 stantiam
736 929 971 999 quaesisti
1004 938 1057 981 et
1100 925 1374 994 accepisti,
1404 937 1541 975 nunc
1570 921 1740 988 ipsum
1772 914 1988 984 quaeris,

450 1025 633 1080 habes.
665 1022 797 1075 Ecce
824 1022 973 1075 trado
1004 1019 1098 1070 tibi
1134 1018 1302 1070 illum.
1329 1014 1440 1067 Non
1470 1009 1801 1069 contradico,
1828 1005 1989 1058 male-

449 1116 619 1177 dicte;
652 1127 754 1165 non
794 1112 885 1164 tibi
914 1112 1119 1175 denego
1145 1146 1159 1169 ,
1202 1106 1590 1165 condemnate;
1636 1112 1739 1151 non
1773 1105 1989 1163 prapter

452 1216 616 1263 tuam,
649 1202 841 1270 inquit,
873 1200 1259 1267 malignitatem
1286 1236 1300 1257 ,
1332 1195 1421 1247 sed
1464 1202 1678 1260 propter
1707 1186 1806 1240 Job
1836 1178 1987 1238 inno-

447 1295 700 1355 centiam,
751 1301 806 1343 ut
850 1290 1027 1360 justus
1053 1295 1328 1355 appareat,
1374 1294 1430 1337 ut
1463 1283 1578 1335 sine
1617 1276 1830 1347 querela
1871 1290 1989 1329 esse

450 1383 853 1453 comprobetur,
887 1389 944 1431 ut
971 1379 1235 1447 gloriosus
1262 1384 1568 1434 coronetur,
1601 1379 1657 1421 ut
1704 1381 1866 1419 verax
1901 1365 1989 1417 de-

449 1482 801 1530 monstretur.
856 1470 960 1523 Pro
1014 1468 1117 1531 his,
1180 1466 1376 1533 inquit,
1428 1462 1674 1517 omnibus
1725 1470 1850 1510 ecce
1892 1455 1985 1507 tibi

451 1567 602 1620 trado
625 1564 794 1618 illum.
836 1560 1040 1614 Nudum
1066 1556 1213 1609 illum
1244 1552 1529 1619 reliquiSIi,
1562 1550 1759 1603 nudum
1786 1544 1987 1600 consti-

451 1658 621 1716 tuisti,
648 1655 815 1709 solum
846 1647 1141 1712 reddidisti,
1190 1645 1361 1699 solum
1391 1643 1537 1695 illum
1570 1640 1662 1694 tibi
1710 1637 1880 1695 trado.
1934 1642 1988 1688 et

448 1747 679 1815 accipies
726 1746 870 1797 illum
918 1742 1109 1795 solmn.
1186 1738 1428 1790 Animam
1482 1747 1588 1786 non
1652 1725 1983 1798 qutesivisti,

449 1840 678 1891 animum
722 1852 783 1888 ne
826 1831 1049 1900 tetigeris
1104 1829 1170 1882 δι.
1219 1828 1443 1881 Carnem
1503 1834 1554 1877 et
1607 1837 1726 1877 ossa
1782 1816 1983 1887 petisti,

450 1931 675 1983 animam
697 1943 756 1979 ne
786 1924 1029 1993 tetigeris.
1076 1921 1305 1975 Contere
1343 1926 1553 1971 tantum
1586 1927 1823 1974 carnem,
1860 1908 1986 1962 allii-

446 2035 515 2089 ge
556 2031 705 2082 ossa,
737 2015 965 2067 animam
1016 2027 1076 2063 ne
1110 2008 1355 2077 tetigeris.
1403 2006 1625 2058 Terram
1662 2000 1759 2054 tibi
1806 2000 1983 2059 trado,

450 2108 590 2162 ccelo
632 2122 697 2159 ne
726 2099 1258 2172 appropinquaveris.
1311 2094 1719 2163 Corruptionem
1768 2089 1983 2150 habeto,

450 2196 900 2263 incorruptionem
926 2207 990 2243 ne
1017 2187 1276 2255 tetigeris,
1313 2185 1418 2238 hoc
1447 2192 1528 2236 est
1568 2181 1821 2233 animam.
1857 2175 1986 2228 Ter-

461 2303 644 2343 renum
704 2299 797 2338 vas
849 2280 1122 2347 confringe
1168 2286 1224 2331 ut
1265 2274 1529 2337 volueris,
1567 2268 1809 2325 interiori
1857 2280 1987 2318 vero

453 2380 704 2433 thesauro
734 2390 798 2429 ne
856 2367 1384 2443 appropinquaveris.
1427 2362 1607 2417 Lutea:
1638 2368 1787 2414 testae
1821 2357 1985 2410 facito

453 2468 595 2539 quod
658 2464 936 2527 volueris,
1020 2457 1485 2528 pretiosissimam
1525 2466 1655 2503 vero
1728 2446 1987 2514 margari-

455 2538 561 2613 tam
621 2572 688 2611 ne
733 2552 994 2622 tetigeris.
1037 2549 1150 2603 Non
1191 2544 1482 2600 maculavit
1521 2541 1667 2595 illam
1708 2538 1985 2606 iniquitas,

454 2666 557 2704 non
627 2647 844 2701 violavit
888 2644 1033 2697 illam
1100 2640 1325 2709 pessima
1380 2634 1654 2704 cogitatio,
1711 2646 1815 2685 non
1871 2644 1990 2697 per-

454 2742 612 2794 vertit
668 2740 807 2793 illam
853 2736 944 2791 Dei
1003 2730 1373 2799 blasphemia,
1437 2742 1540 2781 non
1595 2722 1785 2793 polluit
1848 2719 1988 2773 illam

451 2830 724 2885 Creatoris
789 2823 1149 2896 reprehensio.
1208 2820 1412 2874 Idcirco
1482 2815 1707 2869 animam
1765 2811 1875 2879 ejus
1928 2824 1990 2862 ne

454 2919 699 2986 tetigeris.
731 2915 922 2978 Meum,
954 2910 1143 2978 inquit,
1174 2908 1377 2977 plasma
1408 2912 1488 2958 est
1519 2900 1840 2959 inviolabile,
1874 2911 1990 2950 mea

454 3011 711 3066 habitatio
755 3017 841 3062 est
882 3000 1335 3062 incontaminata,
1370 3009 1486 3049 mea
1530 2989 1880 3048 commoratio
1910 2997 1994 3041 est

455 3096 864 3164 incoinquinata.
908 3091 1030 3144 ideo
1071 3086 1303 3139 animam
1331 3084 1444 3152 ejus
1475 3096 1543 3135 ne
1575 3078 1807 3146 tetigeris
1828 3113 1843 3137 ,
1875 3087 1993 3141 qua:

454 3189 520 3241 ad
550 3163 829 3255 imaginem
863 3180 954 3233 Dei
997 3186 1079 3231 est
1105 3185 1301 3238 creata,
1340 3186 1455 3240 quae
1488 3163 1872 3234 incorruptibili
1908 3177 1993 3216 sa-

454 3277 649 3346 pientia
681 3282 761 3329 est
794 3273 1013 3332 imbuta,
1038 3280 1155 3334 qua:
1183 3277 1426 3317 sermone
1454 3268 1510 3314 et
1535 3258 1757 3312 scientia
1785 3262 1866 3308 est
1898 3267 1991 3306 co-

457 3376 672 3426 ronata,
708 3377 823 3429 quae
859 3360 947 3411 Dei
979 3354 1285 3424 cognitione
1315 3358 1395 3406 est
1444 3349 1623 3403 induta
1650 3384 1665 3408 ,
1710 3357 1827 3411 qua:
1877 3355 1994 3395 cor-

456 3455 687 3525 ruptibili
716 3449 1079 3505 dominatione
1103 3444 1260 3511 lmjus
1303 3441 1481 3495 mundi
1509 3449 1589 3494 est
1617 3434 1991 3496 honoriﬁcata,

454 3558 571 3615 qua:
597 3543 751 3612 paulo
778 3542 1035 3594 minorem
1059 3536 1279 3604 gloriam
1302 3534 1369 3585 ab
1393 3530 1594 3600 angelis
1617 3542 1773 3595 super
1796 3536 1990 3579 terram

453 3642 537 3688 est
569 3633 775 3699 adepta.
812 3627 958 3681 Hanc
996 3624 1202 3678 scilicet
1233 3621 1465 3674 animam
1509 3632 1574 3671 ne
1608 3616 1874 3685 tetigeris,
1905 3628 1996 3666 ne-

454 3740 559 3791 que
584 3721 709 3775 huic
739 3714 1266 3787 appropinquaveris,
1296 3723 1467 3778 neque
1495 3702 1990 3763 communicaveris,

455 3826 627 3881 neque
661 3805 1058 3865 commiscearis
1080 3842 1095 3868 ,
1130 3816 1301 3871 neque
1332 3797 1625 3859 obtuderis,
1654 3809 1824 3863 neque
1853 3791 1993 3846 infa-

459 3900 906 3966 tuaveris,neque
938 3892 1265 3963 fatigaveris,
1289 3904 1460 3958 neque
1486 3887 1774 3957 deceperis.
1811 3883 1994 3939 Omni-

457 3990 554 4042 bus
604 3989 782 4055 itaque
822 3984 989 4038 modis
1031 3982 1263 4035 animam
1307 3978 1421 4048 ejus
1450 3992 1577 4031 cave
1623 3991 1691 4030 ne
1735 3971 1991 4042 tetigeris.

455 4078 587 4132 Nam
638 4087 689 4131 tu
720 4091 839 4129 cum
874 4073 1103 4127 animam
1135 4070 1249 4139 ejus
1285 4082 1391 4122 non
1425 4066 1693 4135 tetigeris,
1733 4078 1903 4135 neque
1941 4064 1991 4119 ei

458 4165 873 4236 proximaveris,
909 4175 1177 4230 nunquam
1228 4174 1312 4213 me
1356 4158 1614 4211 innocens
1655 4153 1769 4223 ejus
1817 4157 1992 4210 anima

456 4256 691 4324 negabit.
726 4253 830 4306 Pro
881 4252 961 4305 his
1007 4262 1134 4317 ergo
1168 4247 1417 4315 omnibus
1462 4245 1695 4297 animam
1725 4241 1839 4311 ejus
1866 4257 1995 4297 cave

458 4362 523 4401 ne
552 4345 808 4413 tetigeris.
834 4340 949 4394 Non
978 4337 1216 4406 tetigisti,
1243 4337 1432 4403 inquit,
1459 4334 1689 4387 animam
1717 4331 1909 4400 Joseph
1941 4332 1992 4385 in

459 4438 688 4499 luxuria,
709 4450 814 4487 non
838 4431 1055 4499 tetigisti
1077 4430 1303 4482 animam
1332 4425 1561 4478 Abrahze
1591 4425 1644 4476 in
1676 4421 1990 4485 tentatione,

2088 642 2278 710 inquit,
2305 642 2533 701 animam
2566 636 2691 691 Job.
2723 629 3103 689 Conculcabit
3150 624 3306 677 enim
3332 630 3496 688 caput
3522 628 3684 685 tuum,

2086 741 2136 785 et
2171 732 2492 785 comminuet
2515 729 2774 781 virtutem
2814 734 2965 777 tuam
2988 758 3007 784 ,
3037 727 3099 771 et
3128 721 3393 768 conteret
3426 709 3686 763 fortitudi-

2087 836 2205 874 nem
2237 829 2403 881 tuam,
2429 829 2481 874 et
2511 814 2820 873 humiliabit
2853 808 3220 865 altitudinem
3256 810 3411 854 tuam
3437 840 3452 864 ,
3483 807 3538 853 et
3569 800 3689 865 deji-

2086 912 2193 965 ciet
2236 911 2515 965 elationem
2562 915 2737 967 tuam,
2779 913 2839 958 et
2877 894 3309 954 demonstrabit
3360 890 3513 945 omni
3547 889 3691 943 carni

2088 1002 2331 1055 ﬁduciam
2364 998 2431 1052 ad
2455 997 2705 1052 standum
2737 992 3040 1046 adversum
3079 994 3140 1039 te
3172 990 3503 1038 constanter
3532 992 3692 1047 usque

2088 1093 2139 1145 in
2168 1092 2380 1147 saecula.
2410 1089 2673 1157 Malignus
2708 1096 2948 1151 namque
3008 1092 3075 1132 es
3124 1086 3184 1130 et
3224 1071 3525 1133 invalidus,
3552 1069 3693 1124 calli-

2087 1184 2186 1237 dus
2233 1192 2392 1250 atque
2434 1180 2702 1240 inﬁrmus,
2758 1182 2981 1227 astutus
3033 1169 3108 1222 ad
3160 1163 3577 1225 insidiandum,
3607 1162 3694 1214 sed

2088 1272 2434 1343 impossibilis
2464 1270 2528 1323 ad
2562 1266 2988 1338 opprimendum
3017 1299 3036 1325 ,
3067 1260 3279 1313 doctus
3308 1255 3381 1308 ad
3429 1253 3695 1322 decipien-

2088 1368 2233 1430 dum,
2268 1371 2324 1417 et
2352 1360 2611 1415 invalidus
2646 1356 2713 1410 ad
2742 1351 3153 1408 resistendum.
3183 1346 3329 1401 Nam
3375 1344 3523 1399 sicut
3548 1344 3696 1398 facile

2086 1449 2293 1504 seducit
2322 1444 2600 1501 instabiles
2628 1451 2791 1510 atque
2839 1437 3207 1500 incredulos,
3253 1449 3386 1488 cum
3429 1433 3504 1487 sit
3551 1432 3697 1486 calli-

2088 1539 2360 1603 dissimus,
2385 1535 2633 1590 similiter
2687 1531 2850 1585 facile
2901 1530 3192 1584 resistunt
3248 1526 3330 1580 illi
3359 1539 3555 1580 omnes
3574 1522 3697 1590 justi

2087 1640 2246 1698 atque
2278 1629 2575 1691 credentes,
2604 1637 2797 1680 omnes
2846 1622 3029 1675 Deum
3084 1620 3363 1673 timentes
3405 1625 3570 1684 atque
3608 1613 3700 1668 Job

2088 1721 2383 1784 imitantes,
2417 1726 2599 1786 utpote
2647 1714 2907 1769 invalido.
2943 1714 3011 1765 1n
3063 1708 3320 1763 arbitrio
3350 1722 3491 1777 ergo
3530 1707 3699 1763 homi-

2088 1829 2212 1866 num
2247 1820 2328 1865 est
2355 1818 2616 1879 potestas,
2646 1806 2917 1861 sanctitas
2946 1812 3133 1872 atque
3157 1802 3512 1855 constantia.
3534 1798 3591 1852 In
3617 1814 3697 1852 ar-

2017 1872 2245 1956 Bbitrio
2275 1911 2357 1955 est
2405 1872 2681 1954 hominum
2732 1904 2990 1965 potestas
3039 1892 3180 1947 ﬁdei
3240 1906 3311 1947 ac
3353 1891 3595 1960 pietatis.
3648 1889 3700 1943 Si

2085 1991 2225 2045 enim
2252 1988 2518 2043 voluerint
2551 1986 2831 2041 declinare
2868 1998 2900 2037 a
2952 1981 3136 2036 malis
3159 2022 3175 2046 ,
3219 1990 3280 2035 et
3328 1978 3517 2032 facere
3550 1978 3699 2041 bona,

2084 2089 2138 2133 et
2169 2077 2365 2139 valent,
2395 2084 2449 2129 et
2484 2080 2732 2143 possunt,
2767 2078 2824 2124 et
2878 2084 2991 2122 non
3034 2066 3323 2137 praevalet
3350 2063 3461 2120 illis
3494 2063 3701 2133 nequis.

2088 2169 2274 2229 simus,
2305 2168 2348 2220 si
2374 2165 2537 2218 fuerit
2567 2178 2663 2218 cor
2692 2175 2888 2215 eorum
2923 2158 3259 2213 secundum
3294 2156 3495 2218 Deum,
3516 2155 3561 2208 si
3594 2154 3700 2206 fue~

2087 2262 2157 2315 rit
2192 2260 2435 2313 voluntas
2476 2271 2664 2311 eorum
2712 2254 2767 2307 in
2816 2251 3165 2313 sanctitate,
3213 2250 3262 2303 si
3303 2248 3488 2303 anima
3525 2261 3702 2301 eorum

2088 2352 2246 2406 fuerit
2273 2352 2325 2404 in
2356 2350 2600 2412 veritate,
2629 2347 2673 2402 si
2704 2362 2862 2401 mens
2910 2347 2965 2399 in
3004 2345 3125 2398 ﬁde
3161 2355 3235 2397 ae
3271 2342 3513 2411 pietate,
3540 2340 3583 2392 si
3619 2339 3703 2390 atl-

2088 2443 2391 2499 monuerint
2437 2440 2757 2506 semetipsos
2788 2437 2843 2490 in
2880 2433 3364 2489 misericordiam
3410 2439 3468 2485 et
3496 2431 3701 2483 misera-

2089 2536 2284 2588 tionem
2311 2572 2326 2597 ,
2356 2532 2409 2584 in
2443 2531 2582 2584 bona
2613 2543 2774 2598 opera
2821 2535 2997 2595 atque
3033 2524 3239 2579 omnia
3268 2537 3400 2591 quae
3432 2523 3487 2574 in
3523 2520 3611 2574 Dei
3645 2520 3701 2571 ti-

2088 2637 2235 2678 more
2264 2621 2635 2692 perﬁciuntur,
2661 2628 2717 2673 et
2743 2618 2814 2673 de
2841 2618 3123 2673 omnibus
3150 2631 3282 2685 qua:
3305 2613 3467 2682 juxta
3498 2612 3590 2667 Dei
3617 2626 3700 2666 vo-

2089 2713 2346 2767 luntatem
2379 2711 2528 2764 ﬁunt.
2566 2707 2697 2763 Cum
2734 2709 2883 2762 enim
2927 2708 3213 2761 voluntas
3248 2706 3540 2760 hominum
3582 2716 3702 2757 con-

2090 2804 2315 2858 senserit
2341 2800 2598 2855 voluntati
2650 2799 2769 2864 Dei,
2820 2806 2952 2852 tunc
3012 2798 3218 2852 omnia
3254 2811 3384 2865 quae
3420 2795 3559 2849 bona
3588 2801 3701 2847 sunt

2090 2894 2243 2948 facile
2270 2892 2552 2961 perﬁciunt
2577 2888 2849 2943 homines.
2881 2888 3033 2942 Cum
3069 2889 3141 2942 iis
3170 2888 3387 2957 quibus
3410 2886 3700 2941 delectatur

2092 2982 2248 3044 Deus,
2280 2979 2527 3034 delectati
2565 2976 2767 3031 fuerint
2812 2976 3091 3032 homines
3115 3016 3133 3041 ,
3175 2988 3315 3031 tunc
3354 2974 3697 3030 nihilominus

2090 3072 2267 3125 omnia
2296 3082 2630 3139 quaecunque
2659 3067 2765 3120 vita
2805 3068 2974 3137 digna
3003 3078 3180 3132 sunt,
3216 3076 3432 3137 prasto
3463 3074 3584 3120 sunt
3610 3065 3699 3118 ho-

2018 3180 2060 3236 c
2094 3161 2343 3216 minibus.
2374 3160 2509 3214 Nam
2538 3170 2591 3213 et
2624 3158 2728 3213 Job
2755 3159 2921 3211 homo
2952 3157 3073 3211 fuit
3104 3159 3389 3223 carnalis,
3422 3158 3525 3213 fuit
3547 3167 3699 3213 terre-

2095 3268 2214 3315 nus,
2242 3249 2625 3318 corruptibilis,
2659 3248 2781 3302 talis
2811 3247 3017 3317 quales
3059 3265 3276 3304 omnes
3318 3251 3591 3315 homines,
3618 3248 3699 3302 sed

2092 3341 2332 3397 devotior
2354 3350 2515 3407 atque
2537 3339 2833 3394 studiosior
2853 3339 3013 3393 circa
3037 3341 3480 3414 eleemosynas,
3506 3352 3559 3395 et
3578 3341 3701 3394 bona

2093 3445 2253 3500 Opera
2274 3431 2325 3482 in
2352 3430 2455 3482 ﬁde
2479 3443 2543 3482 ac
2572 3428 2665 3481 Dei
2692 3429 2891 3483 timore
2915 3444 3037 3497 prae
3064 3433 3354 3487 omnibus
3384 3432 3700 3487 hominibus.

2093 3520 2294 3574 Idcirco
2326 3517 2672 3585 acceptabilis
2708 3517 2812 3573 fuit
2839 3516 2948 3573 Job
3000 3518 3137 3575 Deo
3173 3536 3354 3591 super
3389 3536 3580 3576 omnes
3616 3520 3702 3575 ho-

2094 3611 2305 3674 mines;
2368 3608 2570 3663 idcirco
2616 3609 2895 3678 superavit
2939 3613 3377 3680 nequissimum
3424 3614 3700 3675 diabolum,

2092 3701 2261 3769 magis
2302 3715 2463 3769 quam
2507 3714 2696 3754 omnes
2747 3701 3007 3755 homines
3058 3703 3128 3759 in
3172 3714 3435 3777 tempore
3470 3722 3587 3762 suo.
3623 3705 3703 3760 Sic

2092 3794 2272 3861 itaque
2299 3800 2523 3861 possunt
2546 3806 2735 3846 omnes
2763 3792 3023 3848 homines
3046 3796 3158 3864 qui
3190 3799 3504 3865 voluerint,
3527 3809 3580 3854 et
3608 3797 3704 3851 Deo

2090 3883 2322 3952 placere,
2352 3892 2411 3935 et
2436 3881 2647 3936 diabolo
2676 3882 2975 3950 resistere,
3012 3896 3074 3939 et
3117 3889 3478 3945 voluntatem
3510 3890 3598 3944 Dei
3628 3888 3703 3942 fa-

2092 3986 2248 4033 cere,
2284 3979 2337 4024 et
2368 3969 2419 4023 in
2455 3984 2680 4038 regnum
2722 3970 2995 4024 caelorum
3033 3973 3325 4042 introire,
3381 3988 3440 4033 et
3471 3979 3523 4032 in
3552 3978 3703 4031 vitam

2092 4068 2344 4112 mternam
2380 4058 2740 4124 requiescere.
2776 4057 2884 4111 Aut
2934 4060 3135 4118 adhuc
3187 4067 3505 4120 secundum
3547 4067 3701 4136 ipsam

2094 4149 2393 4203 historiam.
2426 4146 2670 4199 Animam
2696 4185 2713 4211 ,
2744 4146 2927 4217 inquit
2951 4188 2968 4213 ,
3017 4156 3151 4220 ejus
3189 4172 3259 4210 ne
3308 4159 3583 4227 tetigeris,
3614 4158 3705 4211 hoc

2092 4249 2174 4292 est
2211 4254 2275 4293 ne
2313 4253 2430 4293 eam
2482 4248 2608 4291 ante
2635 4246 2851 4306 tempus
2891 4240 2961 4293 de
3004 4256 3268 4313 corpore
3315 4248 3537 4315 ejicias.
3568 4248 3640 4301 Ac
3662 4245 3702 4298 si

2093 4329 2332 4383 diceret:
2361 4327 2435 4380 lta
2459 4327 2717 4380 demetire
2740 4328 2919 4395 ipsum
2943 4329 3222 4390 dolorem
3258 4349 3439 4407 atque
3470 4338 3705 4408 corporis

2093 4436 2307 4490 poenam
2328 4458 2342 4481 ,
2374 4429 2430 4473 ut
2457 4420 2625 4487 ipsam
2659 4420 2898 4473 animam
2924 4436 3065 4479 ante
3123 4439 3361 4499 tempus
3389 4433 3461 4487 de
3489 4442 3705 4499 corpore

460 4544 563 4583 non
602 4524 817 4594 tetigisti
853 4523 1079 4575 animam
1108 4520 1223 4573 Noe
1258 4520 1311 4572 in
1349 4516 1521 4570 medio
1552 4514 1849 4582 gigantum,
1885 4526 1989 4564 non
2020 4515 2065 4568 ι)
2093 4512 2243 4565 exire
2272 4525 2373 4564 non
2405 4509 2715 4577 compellas.
2746 4509 2869 4565 Noli
2909 4529 3053 4583 ergo
3102 4522 3469 4577 mortiﬁcare
3497 4535 3701 4591 corpus,

460 4616 678 4687 tetigisti
720 4613 901 4667 Enoch
940 4612 994 4664 in
1024 4612 1198 4664 medio
1242 4609 1578 4677 injustorum,
1625 4620 1729 4657 non
1770 4603 1990 4670 tetigisti

456 4706 691 4759 animam
739 4700 867 4755 Abel
902 4701 1232 4754 innocentem
1282 4699 1399 4768 ejus
1428 4694 1815 4750 internecione.
1853 4694 1991 4761 Ergo

455 4798 581 4866 quia
634 4793 869 4857 nullius,
908 4792 1115 4859 inquit,
1158 4790 1367 4842 illorum
1411 4788 1642 4841 animam
1691 4784 1930 4852 tetigisti,
1961 4801 1994 4838 ο

456 4886 702 4950 diabole,
746 4883 945 4936 idcirco
983 4882 1303 4935 immaculati
1351 4895 1535 4934 omnes
1574 4888 1733 4947 atque
1768 4877 1906 4930 beati
1939 4876 1994 4930 in

456 4986 745 5046 conspectu
768 4988 892 5028 meo
919 4971 1269 5026 consummati
1297 4980 1439 5026 sunt.
1463 4969 1583 5025 Noli
1611 4984 1738 5037 ergo
1766 4984 1865 5024 nec
1894 4967 1993 5023 Job

455 5069 685 5123 animam
711 5075 945 5133 tangere,
969 5072 1025 5115 et
1046 5060 1304 5130 gloriosus
1328 5063 1487 5116 etiam
1512 5061 1598 5116 hic
1627 5061 1683 5114 in
1705 5067 1992 5127 conspectu

456 5174 576 5214 meo
602 5153 1076 5212 consutnmabitur.
1128 5151 1245 5205 Non
1279 5152 1530 5221 tetigisti,
1561 5152 1754 5221 inquit,
1790 5156 1992 5216 marty-

457 5264 573 5303 rum
603 5259 842 5301 meorum
875 5242 1117 5306 animas,
1152 5256 1258 5295 non
1304 5242 1520 5313 tetigisti
1553 5241 1873 5295 mirabilimn
1904 5254 1994 5293 ve-

455 5339 743 5393 ridicorum
772 5347 1013 5388 meorum
1044 5330 1258 5385 testium
1301 5335 1526 5389 animas.
1571 5332 1771 5385 Idcirco
1805 5329 1841 5383 ii
1871 5343 1992 5381 suc-

458 5432 768 5484 cumbentes
810 5423 1084 5487 universi,
1131 5435 1344 5492 propter
1374 5426 1528 5481 ﬁdem
1556 5426 1993 5488 contempserunt.

459 5529 704 5589 mortem,
736 5519 854 5572 ideo
881 5514 1179 5570 intaminati
1210 5532 1419 5574 omnem
1463 5514 1598 5585 ignis
1625 5525 1835 5581 poenam
1867 5508 1989 5561 irri-

460 5618 642 5661 serunt
673 5618 831 5677 atque
854 5606 1033 5676 gladii,
1060 5606 1249 5662 merito
1281 5602 1812 5665 immarcescibilibus
1834 5612 1987 5653 coro-

532 5782 573 5809 ιο
609 5779 703 5835 Job
735 5800 796 5850 ει,
828 5784 880 5837 6.

956 5785 998 5815 ⁸⁸
1025 5783 1150 5838 ibid.
1229 5787 1272 5821 '*
1309 5791 1436 5847 una.
1465 5788 1503 5840 7.

2099 4621 2165 4661 ne
2192 4611 2315 4658 ante
2344 4600 2727 4666 perfectionem
2764 4609 3133 4676 constantiae,
3161 4613 3255 4667 vel
3283 4616 3703 4670 consummatio.

2099 4710 2219 4749 nem
2251 4693 2545 4747 tolerantia:
2578 4692 2823 4745 discedat
2854 4696 3075 4752 anima.
3099 4701 3203 4757 Sic
3233 4704 3436 4775 itaque
3463 4704 3703 4762 omnibus

2100 4784 2271 4839 modis
2305 4792 2410 4836 tam
2434 4780 2771 4847 carnalibus,
2793 4798 2963 4853 quam
2989 4791 3171 4845 etiam
3206 4796 3565 4863 spiritalibus
3595 4812 3699 4853 ant-

2099 4889 2238 4927 mam
2267 4887 2333 4926 ne
2364 4870 2623 4942 tetigeris.
2654 4870 2785 4926 Post
2818 4888 2942 4941 quae
2979 4880 3283 4951 universa,
3330 4886 3510 4943 dicit:
3541 4886 3700 4944 Exivit

2098 4961 2334 5015 diabolus
2367 4977 2399 5013 a
2446 4959 2579 5026 facie
2608 4958 2821 5015 Domini
2844 4961 2920 5017 θ’.
2949 4965 3256 5032 Quomodo
3295 4974 3478 5031 exivit
3513 4992 3542 5030 a
3574 4976 3699 5029 facie

2100 5053 2305 5108 Domini
2350 5052 2397 5106 is
2424 5052 2515 5121 qui
2557 5051 2813 5125 indignus
2856 5065 2941 5110 est
2977 5064 3287 5128 praesentia
3320 5065 3591 5123 Domini?
3617 5066 3698 5121 Sic

2097 5146 2263 5199 exivit
2282 5161 2309 5196 a
2336 5143 2473 5198 facie
2494 5143 2893 5216 Domini,sicut
2920 5157 2977 5204 et
3004 5154 3161 5207 venit
3183 5163 3319 5213 ante
3350 5168 3694 5228 conspectum

2100 5237 2329 5319 Domini.
2390 5237 2484 5293 Sic
2535 5241 2749 5310 exivit,
2804 5244 3276 5314 quemadmodum
3336 5260 3396 5304 et
3455 5249 3694 5321 superius

2096 5338 2368 5429 ostensum
2394 5344 2458 5429 ac
2477 5346 2849 5429 memoratum
2882 5343 3007 5393 est:
3038 5335 3225 5394 Exivi:
3255 5340 3515 5395 diabolus
3552 5357 3584 5392 α
3616 5339 3693 5407 fa-

2097 5418 2171 5471 cie
2207 5418 2434 5475 Domini.
2477 5422 2664 5482 Exivit
2694 5470 2711 5494 ,
2757 5433 2851 5489 sed
2891 5446 2999 5487 non
3048 5430 3375 5487 carnalibus
3433 5430 3687 5499 vestigiis,

2098 5517 2778 5610 neque-.corruptibilihus
2822 5523 3099 5597 gressibus
3126 5562 3141 5588 ,
3182 5522 3283 5575 sed
3345 5521 3690 5591 nequissimis

2098 5601 2549 5677 cogitationibus,
2583 5614 2792 5683 quibus
2819 5617 3080 5675 adversus
3101 5610 3200 5670 Job
3238 5609 3506 5678 nequiter
3535 5604 3694 5661 medi-
