3916 6456
659 1103 675 1116 ,
887 1094 922 1103 ν
1031 1094 1174 1102 βπ---
1234 1094 1446 1104 -_...-...
1497 1094 1549 1104 ν.
1602 1094 1720 1106 νυν..
1763 1094 1776 1104 .
1817 1094 1896 1116 ...,,

198 1094 488 1232 ἓξ(ὂέ
510 1101 869 1232 Τῗὼξτιηυε
894 1136 1218 1205 quasivit,
1245 1140 1417 1193 Exivit
1444 1158 1475 1194 a
1504 1142 1637 1203 {acie
1666 1094 1896 1208 DomJini,

557 1201 746 1232 ὶὶιιηηι
808 1223 868 1232 ,μ
886 1227 906 1232 -
935 1216 976 1232 ν
991 1229 1002 1232 -
1094 1223 1109 1232 .
1345 1229 1355 1232 -
1632 1231 1640 1232 ,

223 1190 754 1299 ilvoéf‘juievit
808 1216 1110 1277 meditari
1146 1190 1218 1282 ac:
1243 1229 1508 1298 cogitare,
1557 1231 1644 1299 qui
1695 1190 1896 1299 pridem

265 1283 558 1392 κλὼκβλῗέ
605 1282 812 1392 ﬁnirat
853 1313 1047 1376 atque
1098 1282 1453 1383 cogitaverat.
1495 1282 1630 1372 :Najm
1659 1282 1893 1390 piimum

305 1401 426 1484 φιλ
449 1386 831 1484 εθξὶῗλῖῡεξξιιι
848 1402 1136 1484 nequiter
1162 1407 1424 1460 meditans
1453 1416 1610 1475 atque
1632 1386 1894 1475 cogitans,

317 1481 436 1533 dixit
454 1493 476 1530 :
503 1466 644 1538 Quis
670 1476 812 1533 mihi
829 1466 1024 1553 daret,
1053 1499 1116 1544 ut
1136 1507 1348 1561 possem
1365 1466 1545 1549 venire
1564 1503 1687 1549 ante
1699 1466 1893 1560 Deum,

335 1580 386 1624 et
405 1568 645 1624 invenire
692 1580 1038 1640 potestatem
1083 1584 1301 1646 carnis,
1334 1585 1642 1654 ossiumque
1672 1584 1789 1647 Job,
1839 1595 1897 1638 ut

318 1659 576 1729 aﬂligens
613 1662 766 1719 illum
817 1670 1126 1724 secundum
1176 1674 1411 1727 animum
1441 1689 1615 1728 meum
1657 1689 1894 1743 cogerem

315 1765 439 1806 eum
481 1755 901 1824 reprehendere
940 1758 1094 1813 illum
1134 1775 1292 1829 quem
1333 1778 1471 1817 nunc
1516 1765 1796 1831 praedicat.
1843 1775 1896 1819 et

298 1857 535 1910 negare
572 1845 720 1898 illum
744 1847 832 1899 cui
859 1862 1004 1900 nunc
1033 1851 1233 1918 gratias
1269 1852 1416 1920 agit?
1448 1852 1568 1908 Istis
1594 1868 1722 1924 ergo
1749 1856 1894 1924 cogi-

3428 491 3543 550 466

1998 693 2087 762 qui
2132 690 2498 761 paenitentiam
2541 703 2641 743 non
2677 686 3028 752 conﬁtentur,
3085 689 3174 757 qui
3214 689 3400 745 faciem
3433 696 3532 750 Dei

1998 799 2099 838 non
2131 782 2428 851 requirunt,
2459 781 2548 850 qui
2586 781 2678 836 Dei
2719 781 2976 850 judicium
3007 794 3109 833 non
3137 788 3397 846 metuunt,
3432 785 3534 853 qui

1997 887 2206 943 pinnam
2255 869 2545 924 inferorum
2597 885 2697 923 non
2762 868 3213 930 contremiscunt,
3253 870 3342 937 qui
3392 885 3525 924 cou-

1997 963 2329 1019 demnatione
2358 962 2610 1030 gehennae
2641 975 2743 1014 non
2771 968 3058 1020 terrentur.
3091 960 3201 1014 Hoc
3229 969 3525 1016 metuentes

1879 1093 1896 1116 ,
1995 1067 2179 1108 omnes
2205 1052 2336 1118 justi
2372 1053 2558 1106 devote
2585 1051 2850 1120 deprecati
2885 1059 3010 1104 sunt
3039 1048 3201 1104 Deum
3247 1050 3521 1105 dicentes:

1998 1140 2081 1194 Ne
2114 1139 2358 1208 projicias
2397 1154 2477 1191 me
2511 1155 2543 1191 a
2587 1138 2719 1207 facie
2755 1147 2845 1190 tua
2880 1137 2947 1192 ⁸³.
2989 1137 3053 1190 Ει
3101 1136 3263 1190 alibi:
3312 1135 3522 1189 Faciem

1995 1241 2156 1293 tuam,
2188 1227 2420 1291 Domine,
2449 1228 2724 1296 requiram.
2766 1227 2847 1280 Ne
2879 1235 3079 1280 avertas
3106 1226 3291 1293 faciem
3326 1236 3467 1279 tuam
3493 1244 3525 1278 α

1993 1336 2072 1372 me
2096 1319 2164 1384 ",
2190 1328 2244 1373 et
2273 1318 2374 1371 alia
2401 1318 2626 1386 plurima
2652 1317 2736 1370 his
2759 1316 2977 1370 similia.
3006 1315 3082 1369 Ex
3114 1315 3229 1370 istis
3257 1331 3383 1385 ergo
3410 1331 3524 1370 om-

1993 1409 2148 1462 nibus
2176 1407 2287 1461 exit
2326 1406 2590 1460 diabolus.
2633 1405 2832 1479 Omnes
2879 1405 2970 1473 qui
3015 1406 3080 1459 ab
3108 1421 3171 1460 eo
3203 1407 3252 1458 in
3284 1421 3521 1460 errorem

1993 1496 2261 1550 ducuntur
2291 1503 2448 1562 atque
2473 1491 2823 1554 seducuntur,
2857 1501 2910 1545 et
2937 1505 3120 1544 omnes
3154 1491 3242 1559 qui
3279 1492 3525 1567 voluntas

1993 1593 2097 1640 tem
2136 1582 2253 1652 ejus
2303 1583 2540 1647 faciunt,
2580 1589 2633 1636 et
2682 1596 2867 1635 omnes
2911 1581 3000 1649 qui
3049 1581 3114 1634 ad
3158 1581 3522 1648 pmnitendum

1991 1674 2152 1729 corda
2183 1687 2280 1728 sua
2306 1670 2591 1734 obdurant,
2617 1671 2702 1724 isti
2731 1685 2914 1725 omnes
2944 1669 3297 1738 projiciuntur
3329 1685 3358 1722 a
3390 1668 3527 1724 facie

1991 1766 2107 1832 Dei,
2141 1765 2227 1820 isti
2261 1776 2448 1818 omnes
2474 1761 2808 1830 expelluntur
2843 1760 2896 1812 in
2927 1759 3170 1813 tenebras
3205 1760 3520 1823 exteriores,

1991 1866 2045 1911 et
2077 1857 2249 1925 ignem
2282 1850 2784 1921 inexstinguibilem,
2819 1849 2906 1919 qui
2946 1853 3270 1918 prmparatus
3299 1857 3380 1902 est
3407 1848 3526 1902 dia-

301 1933 636 1988 tationibus
662 1935 876 2003 pridem
901 1939 1050 1991 venit
1075 1946 1198 1993 ante
1226 1918 1524 1996 Dominum.
1548 1918 1747 1998 Deinde
1773 1918 1891 1998 cum
1924 1918 1966 1971 Β
1991 1918 2121 2000 bolo
2136 1985 2151 2008 ,
2203 1952 2258 1998 et
2303 1941 2502 2024 angelis
2521 1918 2660 2008 iejus
2679 1979 2695 2003 ,
2728 1918 2890 2008 atque
2917 1939 3163 1993 omnibus
3203 1938 3291 2006 qui
3320 1938 3524 1992 faciunt

288 2021 634 2091 accepisset
663 2033 993 2092 potestatem
1022 2025 1152 2092 Job,
1185 2043 1248 2084 ac
1279 2031 1576 2098 quiesceret
1614 2033 1724 2087 haec
1751 2035 1894 2104 cogi-

285 2119 459 2173 tare,
495 2122 796 2180 postquam
817 2115 1029 2182 quievit
1049 2117 1116 2171 ab
1137 2118 1258 2173 istis
1281 2122 1709 2178 meditationibus
1734 2135 1894 2195 atque

268 2201 604 2266 consiliis,
635 2204 820 2258 exisse
855 2203 1056 2258 dicitur
1093 2220 1123 2259 a
1155 2207 1293 2262 facie
1341 2208 1568 2266 Domini.
1597 2213 1735 2283 Ergo
1763 2217 1889 2285 quia

267 2289 630 2344 exierunta
650 2293 795 2346 facie
819 2293 1027 2347 Domini
1043 2297 1390 2364 cogitationes
1407 2301 1542 2370 ejus,
1566 2305 1756 2359 merito
1780 2306 1893 2375 ipse

261 2378 526 2433 dicitur
545 2382 707 2437 exire
737 2398 768 2437 a
797 2385 938 2438 facie
964 2387 1194 2451 Domini,
1226 2389 1324 2443 hoc
1349 2397 1430 2442 est
1477 2399 1733 2446 tractatus
1754 2393 1891 2460 ejus,

261 2477 340 2524 et
380 2472 710 2540 cogitatio,
758 2475 1042 2530 meditatio
1066 2492 1276 2546 quoque
1307 2479 1532 2548 maligna
1573 2489 1730 2548 atque
1757 2483 1896 2552 inju-

261 2569 460 2614 atum
497 2561 875 2618 desiderium.
924 2563 1097 2646 Exivit
1133 2584 1164 2619 a
1205 2567 1337 2634 facie
1383 2568 1627 2635 Domini,
1685 2572 1782 2624 hoc
1811 2581 1893 2626 est

261 2651 537 2719 quievit
571 2661 741 2721 atque
785 2656 1018 2709 cessavit
1059 2657 1339 2718 meditari,
1390 2667 1444 2711 et
1484 2663 1720 2728 cogitare
1749 2670 1893 2729 post-

258 2755 483 2809 quam
521 2741 584 2795 id
614 2741 763 2811 quod
789 2745 1037 2811 quaesivit
1059 2745 1285 2813 accepit.
1305 2745 1437 2799 Nam
1459 2757 1514 2801 et
1529 2763 1655 2803 vere
1677 2750 1893 2805 veniunt

263 2839 442 2884 ante
478 2831 688 2896 Deum,
717 2841 773 2886 et
808 2832 1030 2898 justitize
1053 2833 1317 2902 justorum
1343 2874 1358 2899 ,
1393 2843 1446 2889 et
1480 2837 1782 2904 impietates
1809 2839 1892 2894 in-

263 2930 630 2986 justorum.
668 2920 761 2975 Sic
788 2937 1022 2990 namque
1045 2923 1176 2978 dicit
1203 2925 1418 2995 angelus
1450 2926 1514 2980 ad
1545 2926 1887 2982 Cornelium:

267 3008 622 3065 Orationes
660 3021 802 3076 tua,
836 3020 887 3064 et
933 3012 1262 3082 eleemosyna:
1312 3024 1413 3068 tua:
1455 3018 1793 3070 ascenderunt
1837 3019 1890 3071 in

271 3102 646 3152 memoriam
674 3111 795 3153 ante
826 3099 992 3152 Deum
1019 3102 1084 3155 ⁸³.
1116 3102 1206 3155 Sic
1240 3111 1293 3156 et
1335 3103 1458 3157 olim
1499 3105 1632 3158 dixit
1673 3107 1890 3176 angelus

1988 2034 2314 2088 voluntatem
2363 2030 2498 2098 ejus.
2541 2029 2714 2083 Exivit
2759 2027 3002 2082 diabolus
3043 2041 3073 2080 a
3130 2025 3267 2080 facie
3313 2026 3521 2079 Domini

1988 2123 2230 2179 deferens
2250 2120 2370 2184 Job,
2399 2121 2714 2189 utputahat,
2749 2117 3076 2171 interﬁciens
3118 2116 3318 2185 justum
3349 2117 3520 2178 illum,

1988 2222 2046 2266 ut
2071 2209 2392 2265 conﬁdebat.
2429 2208 2519 2262 Sic
2549 2221 2780 2276 namque
2808 2215 2862 2261 et
2889 2207 3091 2274 primus
3137 2206 3521 2273 discipulorum

1988 2302 2103 2371 ejus
2124 2301 2256 2355 Cain
2281 2308 2560 2368 postquam
2586 2306 2798 2366 propter
2819 2297 3072 2350 invidiam
3097 2293 3178 2364 (ut
3197 2293 3396 2348 dictum
3418 2295 3522 2363 est)

1989 2391 2253 2447 interfecit
2303 2389 2470 2452 Abel,
2503 2389 2666 2443 exivit
2693 2402 2722 2441 a
2760 2386 2896 2442 facie
2940 2387 3171 2440 Domini.
3219 2385 3309 2440 Sic
3337 2386 3523 2453 itaque

1987 2481 2225 2534 diabolus
2253 2489 2402 2547 pater
2428 2487 2482 2532 ει
2507 2479 2655 2546 origo
2684 2478 2920 2530 omnium
2949 2476 3230 2539 malorum,
3260 2477 3522 2530 exsistens

1988 2569 2298 2624 interfector
2339 2579 2595 2636 quantum
2630 2567 2695 2619 ad
2729 2568 2896 2635 ipsum
2925 2565 3060 2630 Job,
3104 2566 3268 2619 exivit
3313 2580 3341 2617 a
3388 2564 3524 2619 facie

1989 2659 2214 2714 Domini.
2238 2659 2451 2712 Certum
2475 2667 2557 2712 est
2577 2657 2722 2726 quod
2748 2657 2990 2726 nequiter
3012 2665 3172 2724 atque
3200 2656 3358 2721 impie
3383 2656 3521 2722 apud

1988 2745 2331 2814 semetipsum
2361 2753 2627 2811 tractans,
2657 2743 2793 2796 dixit
2825 2743 2891 2796 ad
2923 2744 3086 2796 Deum
3112 2761 3125 2795 :
3159 2742 3381 2796 ulterius
3414 2755 3517 2794 non

1989 2836 2195 2906 indigeo
2219 2835 2352 2890 facie
2383 2842 2490 2896 tua,
2517 2833 2638 2901 quia
2660 2831 2838 2900 accepi
2871 2840 3185 2898 potestatem
3214 2830 3329 2896 ejus
3359 2845 3518 2898 quem

1989 2925 2198 2979 zeiabar
2237 2921 2321 2975 vel
2367 2919 2686 2989 quaerebam.
2733 2918 2873 2972 Deus
2922 2932 3049 2970 vero
3100 2919 3275 2971 sciens
3317 2917 3520 2969 ﬁrmam

1986 3013 2494 3072 consummationem
2528 3009 2648 3077 Job,
2677 3010 2942 3078 acquievit
2989 3019 3046 3062 ut
3079 3024 3174 3077 per
3201 3010 3520 3063 diabolicum

1988 3105 2158 3173 ignem
2203 3103 2453 3172 probatus
2505 3099 2708 3163 fuisset,
2756 3099 3202 3168 quemadmodum
3251 3099 3296 3151 si
3347 3107 3524 3152 teneat

274 3192 373 3242 εει
403 3190 661 3246 Tobiam
688 3209 702 3244 :
733 3191 867 3244 Cum
895 3207 1074 3245 orares
1130 3202 1184 3243 tu
1211 3201 1259 3245 et
1304 3192 1438 3246 Sara
1477 3195 1586 3262 [ilia
1621 3195 1885 3265 Raguelis,
1914 3220 1960 3282 ο
1990 3195 2042 3249 in
2070 3209 2226 3247 manu
2254 3208 2347 3247 sua
2377 3193 2497 3259 quis
2523 3193 2879 3256 adamantem,
2903 3199 2956 3244 et
2976 3190 3111 3244 alius
3136 3188 3353 3257 quilibet
3375 3188 3523 3241 dicat

272 3295 400 3346 ego
446 3280 623 3333 obtuli
658 3282 969 3334 memoriam
992 3281 1279 3333 orationum
1305 3291 1586 3335 vestrarum
1607 3286 1659 3338 in
1683 3302 1888 3355 conspe—

279 3377 394 3418 ctu
428 3369 536 3421 Dei
558 3368 629 3422 ⁸⁸.
665 3368 798 3421 Item
820 3383 948 3422 vero
979 3369 1045 3422 de
1073 3369 1248 3436 impiis
1274 3368 1404 3423 dieit
1427 3370 1710 3427 Dominus:
1735 3373 1889 3427 Nunc

280 3457 651 3511 recordabar
684 3457 1073 3525 injustitiarum
1103 3457 1328 3524 illorum,
1351 3468 1398 3512 et
1432 3459 1653 3514 ulciscar
1678 3476 1888 3530 peccata

283 3560 511 3600 eorum
533 3548 604 3604 ⁸⁸.
641 3548 708 3600 Ει
732 3548 999 3602 Jeremias
1022 3547 1148 3602 dicit
1172 3549 1236 3601 ad
1268 3549 1547 3618 impiorum
1575 3556 1881 3610 consilium:

293 3633 526 3690 Nonne
567 3641 913 3691 incensorum
962 3648 1247 3691 vestrorum
1288 3641 1583 3695 recordatus
1620 3654 1690 3696 est
1716 3644 1889 3697 Domi-

295 3738 423 3776 nus
471 3725 536 3778 de
565 3724 900 3778 idololatriis
920 3768 934 3790 ,
964 3733 1013 3778 et
1048 3728 1275 3780 ascendit
1298 3728 1352 3781 in
1395 3745 1482 3781 cor
1499 3732 1609 3796 ejus
1625 3732 1712 3785 “7
1738 3734 1887 3788 Sicut

295 3828 460 3882 ergo
489 3816 747 3868 universa
783 3815 897 3867 haec
929 3814 1149 3868 veniunt
1180 3825 1304 3870 ante
1333 3816 1518 3882 Deum,
1542 3819 1612 3872 ita
1644 3818 1887 3876 diabolus

296 3904 543 3958 venisse
567 3905 799 3965 dicitur,
830 3912 885 3958 et
917 3905 1097 3958 exisse
1122 3920 1150 3956 a
1195 3904 1330 3960 facie
1361 3907 1598 3973 Domini,
1632 3925 1732 3963 non
1763 3926 1884 3979 per-

300 4006 465 4046 sona
495 3994 730 4047 veniens
749 4033 764 4057 ,
794 3993 889 4047 sed
919 3993 1334 4062 cogitationibus
1361 4005 1519 4065 atque
1547 3998 1887 4068 malignitatis

301 4091 448 4132 suae
459 4079 923 4146 meditationibus,
942 4094 1061 4147 quae
1075 4079 1358 4149 aliquando
1379 4083 1784 4138 veniebantcum
1801 4087 1887 4140 ille

291 4169 631 4236 cogitabat,
651 4169 949 4238 aliquando
965 4169 1213 4232 exibant,
1234 4185 1352 4225 cum
1365 4169 1452 4224 ille
1466 4172 1696 4240 cogitare
1708 4176 1888 4241 quies-

277 4256 502 4316 cebat.
526 4259 659 4314 llaec
683 4258 870 4327 itaque
885 4257 1260 4314 demonstrans
1272 4257 1402 4313 dicit
1429 4257 1630 4314 :Exivit
1651 4263 1885 4318 diabolus

274 4359 317 4395 ο
334 4345 508 4410 facie
527 4348 774 4402 Domini.
793 4347 968 4400 Exivit
986 4361 1124 4410 vere,
1141 4348 1239 4401 hoc
1251 4359 1332 4402 est
1356 4350 1614 4411 discessit,
1638 4351 1884 4420 deseruit,

272 4431 529 4492 oblitus
564 4445 657 4492 est
696 4475 714 4500 ,
749 4434 889 4488 ultra
929 4449 1033 4488 non
1078 4436 1377 4500 aestimavit,
1422 4451 1593 4506 neque
1640 4439 1882 4505 curavit,

1994 3285 2058 3338 ad
2085 3298 2238 3336 eum:
2273 3281 2346 3334 Da
2379 3281 2510 3334 mihi
2555 3281 2698 3334 hunc
2726 3278 3056 3332 adamantem
3095 3278 3146 3330 in
3181 3286 3518 3344 potestatem,

1989 3385 2042 3430 et
2070 3389 2168 3440 ego
2218 3372 2365 3426 illum
2412 3369 2767 3425 comminuam
2801 3368 2854 3420 in
2902 3369 3102 3435 ignem,
3144 3373 3522 3433 conteramque

1988 3463 2217 3523 ictibus;
2243 3460 2329 3513 ille
2350 3473 2478 3512 vero
2504 3458 2593 3526 qui
2623 3471 2745 3512 eum
2773 3456 2824 3509 in
2850 3471 3006 3508 manu
3036 3455 3215 3517 habet,
3247 3453 3522 3507 conﬁdens

1989 3568 2112 3607 vere
2139 3553 2260 3621 quia
2301 3551 2517 3604 adamas
2545 3556 2648 3612 est,
2671 3546 2812 3602 dicat
2839 3565 2852 3600 :
2886 3544 3035 3598 Tolle
3060 3586 3074 3610 ,
3109 3544 3297 3614 proba,
3325 3557 3520 3608 exper-

1989 3640 2254 3708 ire,'quia
2301 3651 2629 3706 nequaquam
2673 3635 2797 3688 huic
2849 3633 3119 3686 adamanti
3186 3629 3518 3712 praevalebis.

1991 3728 2082 3783 Sic
2111 3742 2238 3796 ergo
2263 3736 2316 3782 et
2348 3727 2584 3780 omnium
2625 3719 2867 3794 cognitor
2896 3730 3056 3788 atque
3077 3721 3331 3788 praescius
3357 3719 3518 3782 Deus,

1987 3817 2127 3870 velut
2157 3813 2516 3870 inviolabilem
2543 3813 2875 3867 adamantem
2895 3811 3100 3864 habens
3119 3806 3238 3870 Job,
3262 3808 3519 3877 quaerenti

1987 3907 2196 3962 diabolo
2227 3907 2373 3961 dedit
2417 3920 2538 3959 eum
2587 3905 2640 3956 in
2681 3909 3026 3972 potestatem,
3075 3901 3348 3954 conlidens
3395 3915 3520 3954 vere

1985 3998 2109 4068 quia
2136 4010 2292 4050 verus
2337 3995 2554 4048 adamas
2592 4001 2676 4048 est
2713 3992 2832 4047 Job.
2865 3991 2955 4046 Sic
3003 4006 3232 4059 namque
3261 4000 3315 4045 et
3344 3991 3523 4060 singu-

1985 4087 2114 4140 laris
2145 4084 2254 4149 ille,
2284 4092 2338 4138 et
2369 4083 2582 4136 divinus
2601 4121 2616 4146 ,
2651 4083 2888 4137 ctelestis
2913 4097 3126 4150 quoque
3164 4093 3321 4150 atque
3347 4083 3520 4135 incor-

1986 4173 2249 4242 ruptiliilis
2272 4175 2487 4226 adamas
2510 4171 2824 4240 Unigenitus
2851 4172 2989 4226 Deus
3009 4187 3039 4225 a
3063 4171 3222 4226 Patre
3249 4172 3316 4225 ad
3347 4181 3520 4224 terras

1986 4265 2198 4325 missus,
2231 4261 2299 4316 de
2323 4277 2430 4331 quo
2465 4262 2592 4316 dicit
2620 4262 2756 4315 Deus
2800 4261 2994 4316 Pater:
3027 4262 3165 4326 Ecce
3193 4275 3291 4329 ego
3323 4276 3515 4330 ponam

1984 4355 2319 4406 adamantem
2349 4353 2400 4405 in
2427 4351 2600 4406 medio
2625 4352 2800 4421 populi
2834 4353 2934 4405 mei
2965 4367 3160 4420 :quem
3185 4366 3352 4420 neque
3379 4351 3517 4420 ignis

1986 4442 2330 4496 tentationum
2361 4441 2413 4494 in
2441 4441 2652 4496 deserto
2678 4441 3186 4510 comminuil,quem
3217 4457 3320 4495 non
3349 4442 3516 4511 plaga:

271 4536 401 4590 neq
423 4542 500 4581 ue
530 4527 862 4582 recordatus
883 4532 965 4578 est
990 4524 1130 4591 quod
1154 4525 1224 4579 sit
1251 4527 1515 4580 Deus.lllo
1539 4529 1680 4583 enim
1716 4545 1882 4598 usque
1912 4536 1956 4590 D
1983 4533 2264 4602 impiorum
2308 4536 2360 4587 in
2405 4548 2565 4588 cruce
2601 4534 2992 4596 contriverunt,
3025 4548 3182 4601 quem
3235 4549 3406 4601 neque
3435 4547 3518 4588 se-

249 4619 451 4671 ~ante
476 4616 654 4668 Deum
681 4613 851 4666 fuisse
880 4611 1099 4674 dicitur,
1128 4614 1361 4681 quandiu
1385 4615 1449 4668 de
1476 4615 1582 4668 Deo
1607 4617 1878 4685 cogitavit,

267 4713 447 4757 cum
493 4703 601 4758 Job
647 4708 961 4758 accusaret.
1002 4700 1286 4768 Postquam
1323 4716 1450 4756 vero
1493 4705 1696 4771 accepit
1740 4707 1881 4774 quod

265 4787 530 4858 Voluit,
570 4801 629 4846 et
676 4790 822 4860 quod
866 4791 1138 4859 quaesivit,
1170 4791 1424 4845 continuo
1452 4792 1758 4859 relinquens
1788 4795 1878 4848 Dei

264 4881 674 4944 memoriam,
713 4894 743 4932 a
775 4878 914 4932 facie
944 4878 1034 4932 Dei
1067 4878 1241 4933 exisse
1281 4861 1661 4946 juste'dicitur.
1707 4882 1882 4937 Exivit

265 4965 579 5031 diabolus
605 4990 635 5028 a
666 4973 808 5027 facie
835 4971 1075 5037 Domini,
1108 4981 1250 5026 totus
1288 4973 1483 5035 exivit,
1512 4980 1566 5026 et
1605 4988 1763 5028 sensu
1786 5014 1801 5039 ,
1828 4983 1882 5030 et

266 5066 576 5129 consilio,
609 5073 674 5116 et-
706 5061 1072 5124 meditatione,
1102 5069 1156 5114 et
1188 5069 1416 5114 tractatu
1441 5070 1597 5130 atque
1623 5067 1881 5120 memoria

267 5147 495 5208 exivit
523 5169 554 5207 a
596 5151 745 5206 facie
776 5148 1004 5202 Domini.
1041 5148 1131 5204 Sic
1158 5150 1322 5203 exivit
1359 5149 1483 5204 olim
1529 5151 1582 5203 in
1617 5151 1880 5222 principio

274 5237 529 5300 diaboli
573 5241 878 5310 discipulus
901 5239 1105 5308 primus
1151 5241 1437 5294 adversarii
1473 5241 1682 5294 fructus
1721 5242 1878 5310 Cain,

281 5340 455 5384 cum
487 5333 697 5398 justum
733 5326 1084 5382 interfecisset
1121 5325 1272 5380 Abel.
1306 5326 1396 5382 Sic
1435 5328 1598 5381 exivit
1631 5327 1774 5383 sicut
1799 5332 1880 5384 di-

287 5416 388 5469 cit
459 5419 786 5489 Scriptura:
820 5415 993 5470 Exivit
1038 5415 1166 5468 Cain
1210 5431 1242 5468 α
1281 5416 1411 5483 [acie
1461 5416 1666 5469 Domini
1689 5417 1756 5474 ⁸⁷.
1787 5419 1878 5475 Sic

283 5517 530 5564 exeunt
552 5509 723 5563 etiam
756 5521 899 5560 nunc
924 5520 954 5558 a
981 5504 1114 5558 facie
1142 5504 1342 5558 Domini
1367 5504 1541 5559 cuncti
1567 5505 1876 5571 pertinaces

1979 4622 2192 4692 pultura
2222 4623 2470 4693 sepulcri,
2516 4638 2690 4692 neque
2730 4625 2916 4679 mortis
2959 4626 3208 4679 introitus
3251 4625 3331 4680 vel
3380 4624 3517 4679 inie-

1982 4725 2162 4764 rorum
2195 4711 2450 4775 violavit,
2483 4714 2575 4765 sed
2619 4713 2794 4766 omnia
2840 4728 3099 4781 superans
3122 4753 3137 4778 ,
3175 4715 3412 4768 divinum
3461 4723 3517 4768 et

1981 4799 2436 4868 incorruptibilem
2459 4817 2516 4856 se
2547 4803 2879 4857 adamantem
2918 4805 3084 4860 fuisse
3108 4805 3512 4860 demonstravit.

1954 4889 2216 4942 .Adamas
2241 4902 2369 4942 vero
2395 4898 2478 4943 est
2502 4891 2815 4946 naturaliter
2857 4892 2976 4947 talis
3014 4894 3168 4962 lapis,
3212 4895 3299 4947 cui
3346 4907 3516 4960 neque

1989 4977 2151 5045 ignis.
2182 4991 2354 5044 neque
2381 4977 2598 5046 lerrum,
2630 4996 2802 5049 neque
2827 4983 2968 5036 aliud
2987 4984 3278 5050 quidquam
3310 4996 3514 5049 praeva-

1986 5066 2078 5120 let.
2103 5066 2265 5122 Ferro
2285 5069 2425 5122 enim
2449 5071 2494 5124 si
2517 5073 2866 5138 percutiatur,
2889 5072 3216 5143 demergitur
3236 5072 3290 5125 in
3310 5072 3512 5124 ferrum

1985 5165 2231 5226 tanquam
2263 5159 2532 5227 plumbum
2563 5161 2779 5217 missum
2815 5163 2864 5216 in
2909 5162 3108 5232 ignem.
3144 5161 3198 5214 Si
3238 5160 3288 5213 in
3337 5160 3512 5226 ignem

1985 5247 2242 5310 mittatur,
2284 5248 2528 5304 similiter
2570 5259 2844 5321 permanet
2877 5261 2936 5305 ut
2965 5253 3159 5306 missus
3187 5259 3290 5312 est,
3315 5260 3372 5301 et
3403 5263 3511 5301 non

1982 5337 2225 5390 violatur.
2257 5339 2394 5409 Ergo
2419 5343 2543 5408 quia
2585 5343 2716 5397 nihil
2757 5344 2805 5398 ei
2837 5345 3107 5411 praevalet,
3141 5341 3258 5395 ideo
3289 5339 3515 5390 adamas

1981 5425 2296 5493 appellatur.
2333 5429 2563 5487 Adamas
2609 5446 2732 5487 vero
2774 5433 3153 5501 interpretatur
3209 5440 3272 5479 ex
3319 5423 3515 5478 Graaea

1946 5563 1951 5567 _
1979 5511 2152 5581 lingua
2179 5554 2194 5580 ,
2229 5517 2577 5589 indomabilis,
2603 5520 2926 5591 inﬂexibilis,
2951 5561 2968 5584 ,
2996 5513 3398 5572 incomminulm
3439 5521 3518 5573 ει.

384 5709 455 5786 1‘
483 5718 597 5786 Act.
629 5731 722 5786 x_,_
751 5710 930 5786 in}:
949 5710 1080 5786 Tob.
1131 5723 1202 5762 xu
1227 5709 1352 5786 με.
1425 5710 1467 5743 "
1502 5705 1612 5762 Jcr.
1660 5724 1771 5777 xlv,
1813 5711 1878 5766 l0

1987 5716 2234 5786 ise.vnt,
2267 5720 2353 5775 l3.
2428 5725 2612 5782 "Jer.
2669 5736 2836 5786 thv,
2892 5715 2977 5769 2|.
3044 5710 3241 5764 "Gen.
3301 5717 3384 5769 Iv,
3435 5707 3534 5767 16.

303 5774 333 5805 ⁸
378 5774 542 5836 Psal.
576 5799 626 5851 ι,
658 5781 745 5835 15.
822 5779 867 5815 ⁶⁹
893 5779 1031 5836 Psal.
1064 5793 1202 5844 xxvi,
1233 5781 1280 5844 8,
1307 5780 1355 5833 9.
