3916 6446
475 459 575 513 467

478 587 534 629 ut
562 566 783 624 breviter
814 560 1008 619 dicam,
1037 554 1119 606 cui
1159 565 1253 604 nec
1277 546 1564 618 quidquam
1586 539 1864 609 prtevalet,

477 676 579 731 que
605 648 963 726 percutiendo,
997 656 1166 710 neque
1209 635 1497 692 adurendo.
1541 630 1671 682 Nam
1712 636 1993 695 percussus

478 712 581 805 rion
617 735 1007 798 comminuitur,
1048 739 1268 786 exustus
1314 740 1418 779 non
1453 718 1768 775 conteritur.
1807 712 1994 765 Merito

631 833 846 885 adamas
875 824 1189 894 appellatur,
1210 825 1393 885 utpote
1420 806 1816 878 insuperabilis.
1846 799 1995 867 Quod

479 892 739 982 sidixerit
762 892 960 985 aliquis
977 934 989 967 :
1013 910 1114 967 Ubi
1139 918 1220 964 est
1248 905 1420 965 modo,
1445 900 1524 955 vel
1550 897 1638 952 ubi
1674 892 2001 960 conspicitur

475 1007 839 1081 hujuscemodi
887 1004 1025 1072 lapis
1062 992 1465 1052 adamantiuas?
1493 987 1649 1050 Audi,
1676 986 1789 1038 haec
1823 982 1999 1035 omnia

478 1068 631 1172 typus
674 1100 888 1152 fuerunt
918 1068 1122 1145 Domini
1165 1085 1290 1140 Jesu
1318 1079 1536 1144 Christi,
1579 1074 1704 1143 quia
1744 1082 1909 1139 usque
1936 1068 2001 1119 ad

479 1192 758 1243 adventum
790 1179 996 1237 Domini
1027 1185 1199 1238 erant,
1235 1182 1285 1226 et
1310 1171 1423 1223 visa
1458 1174 1605 1227 sunt,
1636 1169 1757 1231 post
1803 1160 2003 1212 adven-

482 1295 590 1334 tum
620 1289 796 1330 autem
829 1269 1030 1325 Domini
1066 1266 1178 1318 visa
1205 1277 1307 1315 non
1335 1266 1477 1312 sunt.
1502 1253 1603 1307 Ubi
1632 1252 1840 1304 videtur
1865 1259 2005 1299 nunc

482 1369 694 1440 pltmuix
716 1366 739 1417 ?
764 1363 849 1415 ubi
896 1373 1025 1412 urna
1073 1352 1282 1409 Adam?
1323 1349 1409 1400 ubi
1454 1343 1660 1396 videtur
1692 1352 1815 1392 arca
1846 1344 2008 1389 testa-

482 1456 691 1513 menti?
734 1452 820 1506 ubi
868 1463 998 1502 urna
1047 1440 1292 1498 manum?
1327 1437 1415 1491 Sic
1461 1433 1707 1489 similiter
1749 1441 1888 1482 nunc
1920 1423 2006 1477 ubi

486 1550 692 1600 videtur
720 1543 935 1595 adamas
960 1545 1117 1603 atque
1143 1548 1204 1587 ea
1248 1544 1363 1597 quae
1394 1537 1575 1596 typum
1604 1520 1810 1575 Domini
1855 1529 2009 1584 gere-

484 1635 655 1693 bant?
679 1634 749 1687 Ea
797 1628 998 1683 scilicet
1034 1637 1200 1691 usque
1237 1621 1302 1672 ad
1334 1617 1617 1671 adventum
1652 1609 1857 1665 Domini
1897 1606 2010 1659 visa

489 1736 611 1781 sunt
643 1732 822 1791 utpote
849 1720 1045 1787 ligurze,
1073 1722 1126 1768 et
1157 1710 1278 1765 inde
1304 1705 1610 1761 abscondita
1635 1709 1761 1756 sunt
1790 1698 2013 1751 Domino

491 1819 633 1887 ipsas
671 1813 862 1877 figuras
892 1804 1230 1872 adimplente.
1274 1796 1476 1850 idcirco
1508 1804 1651 1845 nunc
1692 1799 1861 1854 neque
1889 1796 2012 1835 arca

494 1899 821 1963 testamenti,
867 1907 1033 1962 neque
1067 1903 1197 1943 urna
1246 1890 1485 1945 man‘nae,
1531 1891 1702 1947 neque
1741 1876 2013 1928 cinnamo-

494 2010 659 2055 mum,
683 2001 853 2057 neque
880 1986 1117 2044 adamas,
1147 1991 1316 2045 neque
1346 1974 1568 2043 phoenix
1604 1968 1723 2022 istis
1754 1977 1895 2017 nunc
1921 1961 2017 2012 bo-

496 2082 723 2137 minibus
743 2090 865 2131 vere
893 2073 1154 2132 videntur,
1181 2068 1283 2121 nisi
1313 2064 1448 2118 forte
1474 2061 1590 2128 quis
1619 2054 1791 2110 simile
1816 2049 2015 2117 aliquid

496 2170 793 2224 simulatum
838 2159 1157 2219 contendat,
1207 2155 1389 2209 dicens
1428 2162 1544 2203 esse
1585 2145 1723 2214 quod
1771 2156 1873 2194 non
1914 2147 2015 2192 est.

495 2262 627 2316 Cum
650 2272 774 2325 ergo
803 2265 956 2324 typus
985 2257 1123 2304 esset
1152 2242 1357 2300 Domini
1389 2240 1512 2294 Jesu
1539 2234 1739 2292 Christi
1767 2230 1886 2292 Job,
1915 2240 2021 2282 tra-

499 2352 632 2406 didit
661 2324 803 2402 illum
832 2346 967 2399 Deus
994 2343 1047 2395 in
1086 2335 1446 2408 probationem
1482 2340 1732 2396 tanquam
1762 2324 2021 2377 adaman-

503 2452 605 2494 tem
622 2435 991 2494 inviolabilem,
1006 2429 1154 2496 cujus
1170 2432 1481 2496 potestatem
1500 2418 1765 2485 accipiens
1784 2410 2022 2467 diabolus

502 2529 663 2584 exivit
687 2544 713 2578 a
740 2526 870 2579 facie
902 2520 1130 2576 Domini.
1152 2516 1320 2570 Exibit
1355 2509 1610 2575 diabolus,
1638 2509 1736 2561 hoc
1756 2513 1859 2566 est,
1881 2501 2024 2555 defe-

504 2632 646 2671 rens.
679 2615 754 2668 Ad
781 2611 1117 2667 deferendum
1152 2606 1293 2661 enim
1323 2601 1635 2657 introierat:
1683 2604 1737 2649 et
1768 2600 2022 2662 quantum

499 2706 645 2774 juxta
682 2703 1006 2772 iniquitatem
1035 2711 1184 2752 suam
1232 2695 1284 2746 in
1312 2691 1425 2759 ipsa
1452 2686 1715 2742 delatione
1743 2681 2024 2749 proficiens

507 2811 565 2848 ac
588 2792 743 2846 delati
766 2767 1082 2859 potestatem
1109 2781 1394 2848 accipiens,
1413 2776 1573 2831 exivit
1596 2789 1623 2826 a
1644 2772 1776 2825 facie
1798 2767 2024 2823 Domini.

507 2883 681 2938 Exivit
710 2881 940 2947 gaudens
972 2876 1061 2946 qui
1087 2883 1349 2940 nunquam
1373 2876 1454 2922 est
1481 2864 1712 2935 gavisus,
1741 2859 1909 2913 exivit
1934 2857 2027 2908 lae—

506 2985 590 3028 tus
616 2972 704 3025 ille
728 2971 816 3039 qui
843 2980 1107 3035 nunquam
1134 2971 1215 3017 est
1237 2961 1463 3020 laetatus,
1490 2960 1669 3022 utpote
1697 2950 1899 3004 habens
1929 2946 2028 3000 Job

508 3063 558 3115 iu
588 3066 900 3129 potestatem
929 3056 993 3109 ad
1030 3050 1348 3121 puniendum
1379 3046 1524 3099 illum
1567 3039 1853 3094 secundum
1881 3048 2027 3087 suam

509 3150 861 3219 iniquitatem.
895 3144 1068 3198 Exivit
1096 3138 1334 3193 diabolus
1368 3150 1396 3187 a
1430 3134 1563 3186 facie
1596 3127 1839 3189 Domini,
1869 3122 2031 3178 exivit

510 3217 759 3308 tanquam
786 3237 939 3303 lupus
966 3233 1198 3291 rabiens,
1225 3238 1472 3293 tanquam
1522 3221 1603 3273 leo
1650 3217 1882 3285 rugiens,
1916 3223 2032 3265 tan-

511 3343 667 3398 quam
699 3340 851 3379 ursus
879 3320 1181 3388 sanguinem
1203 3323 1471 3383 appetens,
1497 3319 1745 3375 tanquam
1773 3303 2035 3370 malignus

513 3430 751 3483 serpens,
781 3425 1028 3479 tanquam
1060 3409 1239 3473 vipera
1280 3416 1417 3457 saeva
1467 3415 1527 3455 ac
1573 3394 1890 3467 perniciosa.
1926 3390 2035 3442 Ea:-

513 3480 615 3559 ivt'iv
639 3503 875 3555 diabolus
905 3516 934 3550 a
963 3497 1092 3565 facie
1118 3492 1345 3545 Domini.
1380 3488 1557 3542 Exivit
1593 3483 1733 3539 omni
1764 3480 2037 3548 iniquitate

515 3603 570 3647 et
596 3593 696 3651 ira,
717 3590 894 3640 furore
918 3595 1125 3651 quoque
1153 3590 1310 3647 atque
1329 3575 1702 3645 indignatione,
1726 3569 2039 3625 crudelitate

519 3678 861 3733 nihilominus
897 3682 1057 3739 atque
1087 3668 1229 3722 omni
1262 3668 1532 3734 impietate
1577 3662 1821 3716 refertus.
1864 3657 2041 3710 Exivit

519 3776 768 3833 tanquam
798 3762 962 3817 bestia
996 3760 1139 3811 ferox
1166 3770 1224 3808 ac
1256 3767 1392 3807 saeva
1428 3761 1588 3819 atque
1623 3746 1887 3801 immanis.
1936 3744 2043 3796 Ex-

521 3858 616 3912 ivit
650 3856 887 3923 cogitans
923 3850 1103 3904 infelix
1146 3861 1241 3900 suo
1269 3842 1604 3897 amarissimo
1629 3837 1782 3891 modo
1810 3834 1910 3889 Job
1930 3833 2043 3887 alli-

522 3960 645 3999 cere
675 3943 866 4012 poanis,
894 3940 1033 4009 quod
1067 3947 1117 3991 et
1139 3937 1264 3990 fecit
1287 3933 1465 3989 statim
1491 3931 1604 3984 sine
1632 3941 1801 3981 mora.
1822 3924 2044 3978 Percus-

521 4038 585 4089 sit
612 4034 709 4087 Job
735 4035 886 4100 plaga
913 4030 1189 4083 mitissima
1227 4042 1256 4078 α
1280 4024 1487 4089 pedibus
1520 4033 1680 4088 usque
1699 4018 1766 4070 ad
1797 4028 1949 4081 caput
1973 4014 2040 4064 '°.

521 4123 931 4192 Magnitudinem
960 4121 1128 4188 plagas
1162 4125 1319 4182 atque
1346 4110 1579 4165 vulneris
1617 4106 2043 4169 admirationem,

525 4214 822 4279 dolorisque
866 4208 1222 4263 fortitudinem
1275 4218 1379 4256 non
1415 4199 1597 4252 valens
1639 4196 1791 4249 aliter
1835 4194 2045 4248 edicere

525 4312 684 4370 atque
716 4300 992 4355 ostendere
1016 4334 1032 4360 ,
1061 4295 1227 4359 dixit,
1260 4289 1524 4359 percussit
1548 4286 1645 4341 Job
1682 4284 1831 4353 plaga
1860 4282 2046 4337 saevis-

527 4394 679 4452 sima,
721 4404 825 4441 non
875 4388 1040 4440 solum
1084 4384 1266 4453 plaga,
1311 4380 1401 4434 sed
1445 4387 1497 4432 et
1539 4375 1824 4430 saevissima
1870 4372 2043 4439 plaga.

1510 422 1876 485 ANONYMUS
1914 419 1977 475 IN
2019 416 2152 472 JOB.
2192 447 2251 456 —
2290 414 2412 468 LIB.
2453 410 2519 464 ll.

1900 548 1991 586 ue-
2021 537 2063 591 Α
2093 545 2206 583 rum
2238 525 2601 594 fatigationem
2627 558 2642 579 ,
2681 525 2739 571 et
2779 508 3171 565 membrorum
3240 484 3694 548 debilitationem,

3595 373 3692 427 468

2094 635 2155 673 ac
2193 618 2350 671 totius
2376 610 2608 668 carnalis
2633 600 2980 672 compaginis
3019 588 3348 662 passionem
3391 587 3557 645 atque
3606 578 3698 631 do-

2093 709 2278 763 lorem.
2305 705 2435 758 Nam
2461 704 2604 755 sicut
2633 694 2844 750 nullum
2869 684 3267 741 membrorum
3287 668 3544 738 corporis
3570 683 3700 734 pra--

2096 794 2321 851 termisit
2352 790 2637 856 malignus,
2669 792 2854 848 neque
2886 774 3066 828 ullum
3096 760 3414 829 dereliquit
3452 757 3696 816 illaesum,

2097 886 2187 941 sed
2217 892 2403 938 cuncta
2419 870 2729 932 vehementi
2762 867 2995 922 vulnere
3031 853 3301 924 implevit
3331 859 3503 918 atque
3529 846 3704 900 omnia

2104 1334 2206 1387 hac
2236 1326 2522 1382 saevissima
2557 1324 2712 1391 plaga
2742 1314 3053 1371 ostendens
3091 1315 3280 1373 atque
3308 1301 3711 1355 demonstrans,

2106 1418 2442 1474 novissimam
2467 1382 2690 1482 gloriam
2715 1401 2998 1473 patientiae
3024 1396 3127 1449 hic
3154 1389 3440 1459 perficere
3463 1382 3710 1453 speravit,

2106 1510 2185 1564 sic
2213 1506 2415 1561 scilicet
2438 1473 2703 1571 percussit
2725 1492 2827 1548 Job
2854 1491 3026 1559 plaga
3064 1481 3421 1540 smvissima,
3443 1491 3475 1529 a
3506 1473 3715 1542 pedibus

2109 1609 2277 1663 usque
2309 1593 2374 1645 ad
2420 1564 2600 1656 caput.
2638 1584 2850 1663 lPlaga,
2900 1572 3096 1644 inquit
3122 1609 3141 1635 ,
3192 1564 3511 1623 suavissima
3548 1568 3715 1628 utp0te

2109 1700 2234 1741 una.
2265 1683 2330 1737 Et
2360 1696 2458 1736 cur
2486 1692 2591 1731 una
2634 1656 2792 1743 plaga
2827 1674 3197 1723 memoratur
3226 1699 3244 1724 ,
3296 1666 3569 1724 tanquam
3600 1665 3715 1709 una.

2111 1784 2163 1829 et
2209 1786 2310 1825 non
2344 1769 2473 1824 dicit
2513 1766 2698 1834 plagas
2732 1771 3003 1827 tanquam
3052 1746 3395 1822 plurimas?
3440 1743 3716 1809 Propterea

2044 1854 2086 1909 Β
2115 1878 2217 1917 una
2243 1862 2392 1930 plaga
2425 1829 2756 1911 memoratur
2777 1890 2791 1915 ,
2825 1848 2958 1917 quia
2995 1854 3193 1898 totum
3244 1850 3462 1904 corpus
3504 1830 3634 1900 justi
3663 1829 3717 1881 il-

2115 1955 2214 2008 lius
2253 1962 2306 2007 et
2347 1949 2524 2004 omnia
2565 1942 2683 2014 ejus
2727 1939 2976 1996 membra
3034 1947 3159 1988 uno
3201 1926 3471 1985 contexit
3496 1922 3719 1982 vulnere,

2116 2054 2273 2110 atque
2308 2042 2371 2093 ad
2401 2052 2564 2092 unum
2607 2030 2882 2089 convertit
2929 2027 3244 2085 dolorem,
3306 2030 3372 2072 ut
3421 2031 3521 2087 per
3564 2023 3721 2067 totum

2112 2146 2306 2200 corpus
2343 2137 2503 2195 atque
2532 2129 2775 2178 membra
2810 2120 2959 2173 beati
3001 2115 3163 2168 illius
3210 2124 3370 2165 unus
3417 2106 3571 2161 dolor
3597 2108 3723 2158 esset

2117 2198 2273 2288 atque
2292 2219 2503 2271 vulnus.
2531 2212 2611 2267 0b
2644 2213 2748 2265 hoc
2778 2223 2915 2277 ergo
2945 2207 3181 2276 plagam
3212 2200 3387 2262 dicit,
3417 2198 3548 2267 quia
3575 2209 3723 2248 unmn

2117 2310 2311 2363 vulnus
2346 2315 2459 2361 erat
2489 2319 2582 2374 per
2613 2310 2783 2355 totum
2816 2310 3047 2364 corpus.
3086 2292 3259 2357 Quod
3304 2302 3444 2343 vero
3478 2300 3615 2339 unus
3640 2284 3723 2337 do—

2120 2402 2199 2455 lor
2220 2409 2380 2466 atque
2405 2395 2580 2463 passio
2606 2400 2726 2446 erat
2746 2404 2843 2457 per
2869 2395 3051 2441 totum
3083 2397 3316 2451 corpus
3334 2378 3460 2449 ejus
3489 2386 3542 2431 et
3574 2389 3723 2428 ntem-

2120 2492 2237 2551 bra,
2269 2490 2654 2553 subsequenter
2682 2478 2925 2534 ostendit
2957 2475 3165 2528 dicens
3198 2489 3214 2526 :
3250 2471 3307 2523 A
3334 2468 3556 2538 pedibus
3580 2479 3722 2533 usque

2121 2581 2189 2633 ad
2219 2587 2389 2644 caput.
2422 2570 2693 2627 Percussit
2730 2567 2833 2622 Job
2874 2566 3040 2635 plaga
3090 2562 3428 2619 saevissima
3460 2573 3490 2610 a
3519 2555 3723 2626 pedibus

2123 2682 2289 2736 usque
2318 2666 2381 2718 ad
2417 2670 2595 2731 caput.
2628 2660 2781 2713 Sicut
2822 2672 2851 2709 a
2893 2654 3140 2724 pedibus
3195 2664 3396 2720 usque
3449 2649 3518 2701 ad
3563 2655 3723 2714 caput,

2126 2759 2195 2811 ita
2238 2752 2522 2809 identidem
2549 2765 2576 2802 a
2606 2747 2781 2816 capite
2812 2760 2993 2814 usque
3031 2743 3107 2797 ad
3164 2743 3391 2811 pedum
3425 2738 3673 2807 vestigia,
3698 2750 3723 2788 a

2126 2859 2277 2898 coma
2312 2840 2501 2908 capitis
2530 2852 2701 2905 usque
2733 2836 2801 2888 ad
2849 2847 3073 2903 ungues
3107 2832 3424 2901 pollicum.
3458 2843 3558 2882 nec
3585 2824 3723 2896 quid-

2127 2946 2283 2999 quam
2316 2928 2528 2997 reliquit
2549 2940 2762 2987 sanum,
2792 2939 2974 2989 neque
3008 2925 3355 2989 integrum,
3385 2927 3481 2972 aut
3511 2917 3621 2971 sine
3642 2915 3723 2968 do-

2127 3020 2257 3081 lore,
2277 3020 2369 3073 sed
2400 3017 2647 3069 universa
2674 3029 2779 3067 uno
2811 3014 3071 3067 contexit
3106 3010 3363 3065 vulnere
3397 3018 3559 3076 atque
3594 3005 3723 3074 plaga

2130 3108 2627 3177 c00peruitcuncta,
2650 3114 2705 3158 et
2725 3103 3055 3157 saevissima.
3088 3102 3465 3162 vaissima,
3496 3100 3714 3165 inquam,

2132 3200 2233 3252 hoc
2260 3206 2342 3251 est
2384 3195 2750 3279 lamentabili,
2781 3192 3124 3258 insanabili,
3161 3191 3475 3247 incurabili
3502 3230 3517 3253 ,
3548 3189 3600 3241 in
3637 3200 3727 3253 qua

2134 3303 2235 3341 non
2256 3298 2372 3340 erat
2391 3288 2479 3341 ubi
2500 3287 2760 3356 malagma
2788 3288 3217 3353 imponeretur,
3253 3298 3439 3353 neque
3468 3279 3725 3336 medicina,

2135 3390 2306 3444 neque
2339 3375 2681 3443 adiutorium,
2710 3388 2885 3442 neque
2910 3374 3106 3427 oleum
3156 3374 3351 3427 ullum
3374 3412 3391 3435 ,
3424 3384 3597 3439 neque
3628 3367 3727 3420 alli-

2136 3477 2340 3537 gatura.
2367 3466 2423 3519 In
2452 3480 2555 3531 qua
2589 3465 2763 3534 plaga,
2798 3464 3083 3533 superflua
3132 3476 3274 3518 erat
3319 3474 3379 3518 et
3422 3473 3729 3531 supervacua

2136 3555 2307 3612 omnis
2350 3555 2673 3608 medicorum
2723 3552 2919 3621 peritia
2972 3563 3157 3620 atque
3237 3553 3543 3622 sapientia.
3600 3548 3729 3602 Sicut

2138 3647 2279 3701 enim
2306 3645 2435 3698 dicit
2457 3643 2596 3712 quod
2624 3644 2827 3696 nullum
2858 3654 3286 3712 argumentum
3320 3643 3631 3698 illuminare
3655 3650 3730 3706 po-

2141 3745 2277 3789 terat
2304 3734 2637 3788 teuebrosam
2668 3741 2834 3801 atque
2882 3732 3333 3787 lamentabilem
3368 3732 3731 3802 Egyptiorum

2140 3835 2390 3891 noctem;
2422 3824 2492 3878 ita
2526 3823 2670 3877 nulla
2697 3822 3064 3879 medicamina
3101 3840 3326 3880 curare
3367 3833 3624 3893 poterant
3652 3835 3733 3873 sa:-

2141 3916 2411 3967 vissimam
2444 3914 2588 3967 illam
2618 3912 2815 3968 diaboli
2866 3912 3093 3981 plagam
3121 3955 3139 3980 ,
3173 3916 3369 3970 donec
3420 3913 3636 3982 impleta
3665 3918 3734 3963 est

2145 4006 2426 4058 tolerantia
2472 4014 2527 4059 et
2555 4004 2941 4071 longanimitas
2970 4003 3109 4059 Job.
3140 4006 3511 4071 Tolerantia,
3549 4020 3643 4073 pro
3660 4016 3736 4056 co-

2145 4110 2393 4149 ronarum
2418 4094 2808 4159 redhibitione;
2840 4092 2940 4147 Dei
2973 4095 3428 4165 longanimitas,
3464 4112 3565 4167 pro
3595 4094 3733 4164 justi-

2146 4183 2230 4235 tite
2277 4181 2691 4250 approbatione;
2724 4181 2931 4237 diaboli
2973 4198 3122 4239 vero
3180 4186 3489 4255 iniquitas,
3522 4198 3618 4254 pro
3634 4194 3738 4236 cor-

2147 4275 2385 4342 reptione
2414 4271 2662 4338 nequitia}
2696 4269 2813 4337 ejus
2855 4281 3029 4341 atque
3062 4275 3490 4339 damnatione,
3518 4287 3669 4343 quam
3692 4271 3738 4322 in

2147 4364 2239 4417 illo
2271 4364 2415 4429 justo
2439 4360 2675 4413 exercuit
2708 4361 2846 4412 viro.
2881 4360 3174 4417 Percussit
3221 4382 3351 4419 vero
3387 4364 3494 4418 Job
3517 4405 3534 4430 ,
3567 4361 3740 4429 inquit,

527 4478 819 4533 Suffecerat
850 4478 947 4528 hoc
978 4450 1225 4528 solumut
1251 4470 1401 4539 plaga
1438 4473 1641 4519 tantum
1665 4463 1875 4525 fuisset,
1907 4475 2047 4514 nunc
2078 4482 2122 4536 υ
2148 4454 2299 4524 plaga
2324 4451 2603 4505 saevissima
2632 4465 2663 4500 a
2694 4450 2915 4515 pedibus
2948 4468 3128 4521 usque
3177 4457 3255 4509 ad
3283 4467 3476 4524 caput.
3529 4454 3737 4509 Tantum

530 4584 653 4621 vero
675 4569 834 4619 etiam
859 4566 1062 4633 plagam
1086 4561 1426 4616 saevissimam
1451 4570 1569 4609 esse
1592 4553 1757 4607 dixit:
1786 4549 2045 4604 Percussit

529 4659 627 4712 Job
652 4657 802 4723 plaga
830 4654 1130 4707 swvissima.
1161 4648 1447 4703 Considera
1475 4645 1634 4698 etiam
1673 4642 1771 4694 hoc
1797 4639 1937 4708 quod
1967 4639 2049 4692 di-

530 4751 638 4806 cit:
678 4745 937 4799 Percussit
962 4742 1079 4795 Job.
1113 4739 1415 4798 Percussit,
1457 4733 1659 4803 inquit,
1694 4745 1813 4783 cum
1851 4729 2053 4791 furore,

533 4853 653 4893 cum
680 4838 777 4900 ira,
806 4848 924 4885 cum
956 4824 1605 4899 indignatione.Percussit
1626 4822 1746 4875 Job.
1782 4818 2054 4885 Quomodo

534 4922 834 4993 percussit?
853 4921 931 4973 sic
954 4923 1216 4987 percussit
1237 4916 1502 4989 quomodo
1531 4913 1773 4983 parabat,
1793 4910 2055 4979 quomodo

532 5016 768 5084 putabat.
818 5010 1071 5063 Percussit
1107 5008 1242 5075 Job,
1288 5018 1347 5064 ut
1396 5005 1779 5060 comminueret
1812 5001 2055 5068 spiritum

534 5108 666 5175 ejus,
704 5112 762 5157 ut
799 5112 1090 5158 contereret
1124 5106 1355 5163 animam
1380 5101 1512 5170 ejus,
1546 5107 1602 5152 ut
1634 5096 1886 5166 afﬂigeret
1923 5109 2059 5161 prte-

535 5194 711 5250 cordia
736 5194 868 5262 ejus.
910 5193 998 5248 Sic
1047 5200 1313 5260 percussit
1371 5202 1595 5262 sperans
1624 5186 1761 5254 quod
1829 5182 2058 5238 secunda

533 5285 679 5353 plaga
719 5298 925 5337 omnem
960 5289 1315 5349 constantiam
1359 5291 1525 5349 atque
1561 5273 1921 5330 fortitudinem
1963 5270 2061 5325 Job

531 5374 845 5428 debilitaret.
876 5373 963 5431 Sic
986 5388 1111 5444 ergo
1136 5383 1411 5447 percussit
1431 5371 1530 5427 Job
1558 5367 1708 5437 plaga
1738 5362 2055 5423 saevissima.

530 5462 867 5555 lamentabili,
893 5443 1099 5528 urenti,
1129 5443 1419 5555 liﬂligepti.
1446 5452 1711 5525 ﬂagranti,
1741 5443 2062 5505 inceudenti,

528 5549 737 5613 dolenti,
765 5565 919 5608 omne
967 5542 1286 5634 supplicii";
1334 5574 1396 5632 ίιι
1440 5567 1499 5610 se
1528 5545 1778 5601 habente,
1805 5545 1859 5587 el
1891 5542 2068 5601 Ρυῑτθ·

524 5638 714 5697 dinem.
742 5650 795 5692 et
827 5656 1071 5715 vermes,
1107 5662 1160 5709 ρι
1183 5675 1392 5734 οεδίυη,
1429 5635 1773 5709 divisionem,
1798 5634 1850 5680 et
1884 5636 2067 5677 nervo-

589 5744 629 5771 ’°
676 5742 773 5801 Job
798 5765 856 5817 tt,
895 5756 941 5813 ἶ,

2150 4546 2288 4599 enim
2317 4539 2606 4595 saevissima
2634 4539 2733 4592 fuit
2766 4539 2884 4594 haec
2932 4541 3103 4611 plaga
3131 4583 3149 4609 ,
3181 4556 3466 4614 quantam
3501 4543 3736 4613 iniquita-

2151 4645 2255 4687 tem
2302 4629 2484 4684 habuit
2527 4627 2789 4682 diabolus.
2840 4628 2981 4683 Nam
3030 4636 3361 4689 secundum
3411 4636 3739 4704 iniquitatem

2151 4736 2298 4778 suam
2344 4733 2560 4772 mensus
2591 4727 2676 4772 est
2725 4719 2983 4774 diabolus
3020 4722 3174 4778 hanc
3208 4724 3440 4795 plagam
3467 4767 3484 4793 ,
3519 4725 3617 4780 hoc
3646 4719 3741 4773 vui.

2153 4827 2273 4868 nus.
2322 4810 2461 4864 Nihil
2495 4809 2712 4879 reliquit
2758 4815 3065 4879 tormenti,
3118 4832 3310 4887 neque
3347 4813 3737 4873 amaritudinis,

2156 4916 2323 5005 ireque
2349 4902 2718 5003 immanitatis,
2744 4915 2920 4968 neque
2971 4902 3325 4973 ferocitatis,
3355 4922 3538 4978 neque
3567 4905 3741 4960 crude.

2157 4993 2343 5055 litatis,
2373 5006 2543 5060 neque
2577 4991 2905 5058 impietatis,
2939 5008 3129 5062 neque
3164 4999 3549 5069 malignitatis
3571 5036 3587 5061 ,
3616 4992 3741 5064 quod

2156 5099 2257 5136 non
2282 5080 2584 5135 exercuerit
2604 5082 2656 5133 in
2685 5079 3064 5137 lamentabilis
3098 5086 3273 5155 hujus
3298 5087 3551 5142 vulneris
3578 5084 3737 5154 plaga.

2156 5170 2569 5225 Cousideremus
2616 5184 2775 5239 ergo,
2829 5183 2862 5221 o
2915 5172 3135 5237 amici,
3189 5178 3611 5231 vehementiam
3654 5174 3740 5226 bu-

2154 5260 2241 5326 jus
2292 5260 2489 5314 doloris
2557 5264 2705 5331 juxta
2760 5259 3169 5317 vehementiam
3246 5267 3567 5335 iniquitatis
3635 5264 3739 5318 dia-

2161 5351 2288 5405 boli.
2316 5351 2741 5417 Consideretnus,
2773 5367 2804 5405 o
2841 5352 2970 5414 viri,
3008 5352 3239 5410 diversa
3274 5355 3416 5423 justi
3462 5358 3603 5411 illius
3639 5364 3739 5405 tor-

2161 5450 2375 5540 menta,
2417 5458 2622 5500 necnon
2664 5451 2716 5497 et
2769 5441 2903 5502 hoc,
2943 5441 3217 5497 adversus
3254 5456 3506 5514 quantos
3546 5442 3738 5498 dolores

2163 5529 2460 5595 perstiterit
2510 5535 2782 5592 innocens.
2840 5528 2963 5583 Uno
3039 5530 3236 5587 dolore
3304 5535 3595 5590 confectus
3636 5537 3736 5585 erat

2164 5627 2331 5688 totus,
2372 5638 2477 5679 una
2511 5627 2662 5700 plaga
2690 5621 2858 5683 omnis
2897 5623 3149 5677 vestitus.
3192 5624 3375 5679 Facta
3403 5638 3637 5694 namque
3668 5627 3737 5673 est
