3916 6454
971 707 1004 745 ι’
1040 697 1400 771 cingebatur,
1443 702 1533 757 sed
1561 715 1661 754 non
1715 699 1766 752 in
1802 713 1930 752 con-

1008 785 1027 840 i
1068 790 1251 861 impio
1276 790 1442 856 Judze,
1475 790 1566 844 sed
1598 791 1650 843 in
1682 801 1930 843 coronam

149 824 170 841 ν
391 828 400 840 .
847 824 906 828 —-
936 824 1027 840 --ιι
1071 824 1156 843 ..ιι
1203 824 1251 847 ιυ
1276 824 1419 846 συυυσ
1475 824 1566 844 που
1598 824 1650 843 ιιι
1682 824 1930 843 une-mm.

149 824 482 1012 ,é’m‘ms
522 851 737 948 “lpote
793 859 963 928 justo
1031 824 1196 935 Job.”
1234 883 1400 937 Omne
1427 830 1575 949 ’ergo
1632 894 1821 947 corpus
1879 888 1934 934 et

255 923 537 1012 Iembra
584 946 734 1008 διιειὶ
799 951 972 1012 illius
1012 982 1136 1012 nnn
1187 971 1509 1012 nil-mmmam
1564 977 1717 1012 erant
1757 968 1934 1012 dnlnm

584 936 599 948 ,
794 923 814 928 -
935 923 956 926 -
1033 923 1173 935 ην.
1237 923 1400 937 Vm..-
1451 923 1497 935 ν.
1546 923 1574 934 ν
1634 923 1821 947 νην---
1881 923 1934 934 ν-

203 923 537 1074 γεωδτδ
584 946 734 1008 ius“
799 951 972 1016 illius
1012 982 1136 1022 uno
1187 923 1540 1024 circumdat;
1564 977 1717 1023 erant
1757 968 1934 1023 dolore

515 1027 764 1074 ‘n‘nﬁm
853 1047 980 1074 ..ἶ-..ι
1032 1067 1195 1074 --μμ-
1280 1056 1377 1074 ,μη
1422 1055 1580 1074 __x_-
1635 1055 1736 1074 Α---
1778 1056 1906 1074 --ηιξ

280 1027 469 1118 ique
515 1027 790 1106 vulnere,
853 1047 985 1104 sive
1026 1067 1221 1123 caput,
1274 1056 1384 1110 sive
1422 1055 1602 1124 pedes,
1632 1055 1741 1108 sive
1771 1056 1929 1118 oculi,

272 1141 348 1226 ό
361 1129 442 1226 σιξ
475 1131 672 1190 aures.
691 1129 840 1226 sive
862 1135 1076 1205 latera,
1104 1144 1222 1199 sive
1246 1144 1494 1212 scapulm,
1535 1158 1702 1212 usque
1731 1144 1796 1198 ad
1821 1144 1932 1212 ipsa

304 1210 546 1317 “dum.
565 1218 807 1291 “Slight
839 1241 957 1282 uno
986 1231 1216 1286 vulnere
1254 1210 1594 1293 distillabant,
1617 1210 1719 1284 una
1753 1210 1932 1299 putre-

349 1318 490 1384 g’sue
521 1309 778 1368 detentus
821 1329 972 1386 erat,
1013 1321 1208 1377 iisdem
1245 1321 1509 1376 vermibus
1536 1323 1792 1376 scatebat.
1843 1321 1925 1374 Ja-

380 1419 500 1467 eere
522 1418 626 1459 non
664 1413 907 1472 poterat,
939 1411 1134 1464 sedere
1165 1427 1266 1464 non
1295 1411 1526 1473 valebat,
1551 1411 1783 1479 requiem
1829 1427 1931 1466 non

391 1496 633 1560 habebat,
662 1498 1090 1567 resumptionem
1113 1515 1215 1555 non
1249 1501 1566 1562 inveniebat,
1587 1510 1639 1552 et
1658 1503 1794 1568 quod
1819 1510 1932 1554 erat

401 1586 622 1640 omnium
657 1586 974 1651 maximum,
1002 1603 1161 1656 super
1184 1588 1296 1643 haec
1330 1602 1571 1642 uruversa
1605 1587 1742 1642 fame
1770 1598 1824 1643 et
1844 1589 1931 1642 siti

398 1675 696 1728 necabatur.
744 1673 882 1728 Nam
940 1678 1185 1730 manibus
1250 1678 1424 1731 cibum
1485 1677 1564 1730 vel
1623 1686 1800 1744 potum
1866 1678 1929 1730 ad

393 1777 450 1816 os
484 1762 763 1830 porrigere
797 1777 904 1816 non
952 1771 1180 1831 poterat.
1215 1761 1448 1818 Tametsi
1482 1765 1722 1819 manibus
1759 1765 1824 1817 ad
1871 1780 1932 1819 os

390 1852 661 1921 porrigere
689 1852 920 1916 valeret,
953 1868 1046 1908 ore
1079 1868 1140 1907 ac
1165 1854 1317 1907 labiis
1351 1855 1625 1920 putredine
1652 1868 1712 1908 ac
1736 1855 1932 1909 vermi-

391 1945 488 1998 bus
528 1943 720 2012 pleuus
757 1944 1002 2014 recipere
1052 1960 1156 2000 non
1206 1945 1432 1999 valebat.
1463 1946 1758 2000 Attestatur
1797 1946 1932 1999 idem

387 2034 503 2101 ipse
549 2033 743 2086 dicens
797 2033 958 2102 paulo
1003 2043 1124 2102 post
1153 2032 1403 2088 :Scatere
1437 2034 1582 2088 video
1612 2051 1756 2088 escas
1796 2051 1933 2088 meas

380 2130 632 2191 tanquam
661 2122 882 2176 odorem
911 2123 1094 2178 leonis.
1129 2122 1260 2177 Cum
1296 2123 1411 2177 istis
1438 2137 1663 2192 namque
1695 2123 1936 2178 nefandis

373 2213 661 2267 doloribus
688 2213 1100 2267 exsecrabiliter
1156 2223 1400 2274 scateret,
1448 2214 1602 2281 hujus
1646 2214 1936 2282 putredinis

373 2303 600 2356 odorem
630 2302 1000 2369 nequissimus
1015 2302 1161 2356 fecit.
1184 2302 1294 2357 Hoc
1311 2319 1535 2372 namque
1561 2302 1756 2358 deﬂens
1774 2303 1933 2357 dicit:

375 2392 593 2446 Scatere
625 2393 775 2445 uideo
820 2407 965 2443 escas
1007 2407 1147 2444 meas
1195 2402 1438 2461 tanquam
1489 2396 1694 2446 odorem
1754 2392 1932 2445 leonis.

375 2481 462 2536 Ob
502 2495 669 2548 quam
729 2495 869 2546 rem,
903 2495 937 2536 ο
985 2481 1140 2535 beate
1169 2479 1307 2534 Job?
1331 2480 1409 2536 Ob
1441 2483 1558 2546 hoc,
1589 2482 1777 2550 inquit,
1814 2482 1936 2549 quia

379 2573 537 2628 bullit
565 2589 771 2642 corpus
798 2588 975 2627 meum
1007 2574 1059 2626 in
1095 2573 1371 2641 putredine
1400 2573 1654 2626 vermium
1683 2589 1697 2638 ;
1728 2574 1795 2627 ob
1817 2573 1935 2636 hoc,

378 2664 508 2731 quia
545 2663 830 2718 doloribus
877 2677 1090 2718 macero
1131 2663 1307 2718 sulcos
1355 2671 1506 2716 terrae
1554 2677 1617 2715 ex
1665 2661 1937 2716 vulnerum

383 2768 626 2808 ineorum
652 2754 919 2817 humore;
950 2754 1018 2806 ob
1041 2753 1163 2818 hoc,
1190 2751 1310 2819 quia
1338 2751 1608 2806 doloribus
1653 2751 1939 2806 obvolutus

382 2855 526 2906 sum,
551 2852 606 2896 et
636 2843 743 2894 alia
776 2842 1002 2910 plurima
1034 2843 1117 2895 his
1135 2841 1346 2894 similia.
1365 2840 1493 2894 Cum
1530 2851 1634 2893 tam
1660 2842 1940 2895 vehemen-

386 2932 614 2986 tioribus
635 2931 918 2986 doloribus
945 2931 1230 2986 restitisset
1259 2939 1416 2998 atque
1446 2940 1792 2999 repugnasset
1813 2930 1932 2994 Job,

383 3021 708 3074 constantiae
730 3036 837 3075 non
880 3020 1222 3082 renuntiavit,
1251 3021 1558 3089 patientiam
1584 3036 1686 3074 non
1721 3019 1934 3088 abjecit,

1459 396 1824 476 mosmos
1857 400 1924 455 IN
1961 401 2095 458 JOB.
2136 435 2201 445 —
2236 401 2365 456 LIB.
2406 400 2470 454 ιι.

1172 523 1346 578 vestis
1411 522 1631 574 amictus
1652 556 1671 582 ,
1713 523 1768 569 et
1812 523 1926 570 tan-
1955 521 1998 576 Α
2025 517 2374 572 enarrabilem
2423 513 2677 570 dolorem.
2712 511 2912 574 Accepit
2941 520 3116 566 testam
3151 523 3203 566 ut
3235 513 3428 568 raderet
3461 533 3549 570 sa-

3439 401 3552 456 470

2030 605 2180 658 niem.
2202 603 2278 656 Ad
2302 616 2418 671 qua:
2447 601 2601 671 digne
2631 600 2855 663 dicatur,
2885 598 2990 661 dic,
3023 613 3056 653 ο
3095 601 3244 655 beate
3266 599 3361 656 Job
3387 613 3547 670 atque

2029 692 2137 748 Deo
2166 692 2375 754 dilecte,
2398 693 2465 746 ob
2501 705 2654 758 quam
2692 703 2802 742 rem
2835 689 2934 743 hoc
2957 688 3122 742 facis?
3145 687 3250 742 Cur
3277 693 3417 746 hunc
3449 694 3544 746 do.-

2029 777 2192 830 lorem
2237 775 2552 844 exasperas?
2594 789 2689 828 cur
2745 774 3086 843 augmentasl
3125 789 3219 828 cur
3260 790 3545 846 exaggeras

2031 876 2160 922 testa
2187 867 2416 920 radendo
2437 863 2770 918 lamentabile
2804 865 2902 918 hoc
2931 863 3120 918 vulnus
3142 874 3299 932 atque
3325 869 3546 921 saevissi-

2029 971 2169 1008 mam
2201 955 2335 1008 hanc
2364 954 2590 1022 plagam,
2619 969 2736 1007 cum
2763 953 2939 1021 potius
2959 953 3218 1008 debueras
3242 955 3543 1022 observare,

2022 1045 2228 1114 juvare,
2246 1045 2442 1109 levare,
2466 1045 2660 1106 fovere,
2689 1057 2907 1111 ungere,
2930 1043 3207 1106 defricare,
3241 1055 3296 1097 ut
3321 1059 3412 1113 per
3436 1045 3548 1098 haec

2030 1134 2270 1188 universa
2302 1132 2564 1186 mitiorem
2596 1140 2751 1198 atque
2779 1129 3105 1184 blandiorem
3132 1130 3377 1185 redderes
3408 1132 3548 1185 hunc

2029 1222 2372 1278 saevissimum
2422 1223 2678 1284 dolorem,
2720 1219 3032 1288 plagamque
3073 1221 3401 1274 terribilem?
3443 1220 3546 1275 Sed

2029 1313 2349 1380 respondens
2369 1313 2542 1381 justus
2569 1309 2689 1374 Job,
2728 1310 2854 1364 dicit
2884 1327 2897 1363 :
2935 1310 3064 1378 Ego,
3094 1325 3126 1363 ο
3150 1311 3271 1375 viri,
3294 1327 3396 1366 non
3424 1327 3547 1366 suc-

2027 1403 2215 1458 cumbo
2242 1401 2324 1455 his
2362 1401 2644 1462 doloribus,
2671 1414 2838 1467 neque
2866 1400 2980 1454 istis
3017 1399 3186 1468 poenis
3209 1401 3416 1463 delicio,
3446 1417 3547 1456 non

2028 1491 2290 1554 debilitor,
2343 1505 2513 1558 neque
2571 1488 2823 1544 delassor.
2852 1487 2964 1542 Non
3006 1489 3147 1542 enim
3191 1502 3311 1542 sunt
3339 1490 3549 1544 dolores

2029 1580 2115 1636 isti
2165 1579 2414 1635 fortiores
2467 1579 2655 1633 anima:
2679 1593 2808 1632 mete
2844 1578 3112 1642 firmitate,
3141 1593 3244 1632 non
3281 1588 3404 1634 sunt
3440 1580 3551 1634 haec

2031 1679 2286 1725 tormenta
2303 1670 2514 1726 duriora
2544 1669 2718 1724 cordis
2745 1670 2844 1723 mei
2873 1668 3088 1722 duritia.
3116 1668 3326 1733 Merito,
3355 1669 3548 1739 inquit,

2029 1774 2286 1827 exaggero
2341 1771 2497 1828 atque
2542 1772 2847 1814 commoveo
2894 1759 3035 1827 ipsos
3074 1759 3299 1824 dolores,
3345 1768 3403 1812 ut
3460 1773 3552 1827 per

2031 1857 2220 1902 cuncta
2249 1849 2520 1901 ostendam
2544 1848 2868 1916 nequissimo
2891 1847 3120 1914 diabolo,
3150 1850 3272 1918 quia
3302 1847 3415 1916 ejus
3443 1863 3553 1902 ma-

2030 1939 2194 1992 litiam
2223 1939 2438 2002 iri-ideo,
2461 1939 2584 2006 quia
2608 1939 2937 2007 iniquitatem
2962 1939 3078 2008 ejus
3109 1949 3415 2001 contemno.
3435 1939 3553 2006 quia

2029 2043 2212 2082 omnes
2239 2029 2352 2098 ejus
2380 2028 2562 2096 plagas
2582 2039 2740 2097 atque
2765 2029 2981 2082 vulnera
3009 2030 3075 2083 ad
3101 2030 3322 2083 nihilum
3348 2040 3552 2098 reputo.

2030 2116 2110 2171 Ob
2134 2118 2232 2171 hoc
2251 2132 2376 2186 ergo
2392 2118 2593 2185 accepit
2616 2125 2824 2182 testam,
2851 2127 2908 2171 ut
2930 2119 3136 2172 raderet
3158 2119 3356 2172 saniem
3383 2134 3552 2172 suam.

2033 2208 2190 2269 Ecce,
2221 2208 2409 2276 inquit,
2425 2222 2457 2261 o
2478 2208 2856 2277 malignissima
2878 2207 3106 2270 diabole,
3134 2209 3271 2262 sicut
3291 2217 3414 2262 tunc
3436 2222 3554 2262 cum

2035 2313 2144 2351 rem
2169 2297 2479 2352 familiarem
2503 2309 2556 2352 et
2573 2299 2709 2352 ﬁlios
2736 2297 2864 2351 mihi
2894 2296 3149 2362 auferres,
3181 2307 3305 2352 tunc
3334 2299 3558 2368 denique

2033 2403 2129 2456 ego
2160 2389 2299 2456 quod
2353 2397 2630 2457 supererat
2672 2397 2866 2443 vestem
2918 2398 3076 2456 atque
3120 2403 3327 2443 comam
3373 2389 3557 2458 capitis

2034 2477 2385 2532 conscindens
2418 2487 2576 2546 atque
2602 2478 2823 2533 tondens
2846 2479 2937 2533 tibi
2970 2479 3191 2548 projeci,
3214 2487 3411 2534 vestem
3443 2489 3560 2546 post

2036 2579 2146 2618 rem
2174 2565 2500 2626 familiarem,
2529 2575 2582 2620 et
2603 2581 2808 2620 comam
2835 2576 2952 2634 post
2976 2568 3170 2623 liberos
3195 2585 3208 2620 :
3240 2568 3340 2630 sic,
3368 2567 3556 2636 inquit,

2036 2657 2197 2709 etiam
2241 2670 2380 2709 nunc
2417 2669 2538 2708 cum
2569 2671 2653 2710 me
2701 2657 2986 2711 saevissima
3035 2657 3186 2727 plaga
3235 2667 3559 2726 percuteres,

2037 2747 2175 2814 quod
2217 2747 2308 2800 tibi
2342 2747 2602 2815 superfuit
2634 2747 2789 2812 hujus
2825 2748 3042 2813 doloris,
3066 2748 3165 2802 hoc
3187 2749 3438 2802 nimirum
3487 2749 3559 2806 ita

2038 2838 2247 2906 adjicio,
2283 2839 2381 2893 hac
2416 2846 2550 2893 testa
2577 2839 2783 2894 dolores
2830 2841 3187 2906 provocando,
3233 2849 3289 2894 et
3332 2853 3563 2908 exagge-

2041 2927 2206 2980 rando
2233 2935 2390 2995 atque
2424 2928 2808 2996 exasperando,
2839 2937 2895 2980 ut
2941 2942 3035 2995 per
3061 2928 3193 2993 haec,
3228 2929 3420 2996 inquit,
3446 2927 3563 2982 uni—

2043 3032 2192 3071 versa
2225 3017 2525 3073 informeris
2546 3020 2610 3073 de
2638 3033 2754 3073 mea
2784 3020 3099 3084 constantia,
3135 3034 3200 3073 ne
3226 3020 3362 3073 ultra
3390 3030 3558 3088 putes,

385 3111 546 3164 fidem
599 3125 708 3164 non
761 3109 1031 3176 deposuit,
1091 3109 1376 3177 gratiarum
1428 3110 1662 3164 actiones
1707 3125 1809 3164 non
1859 3121 1940 3164 est
1969 3138 2010 3194 ρ
2045 3109 2364 3176 nequissime
2393 3107 2619 3169 diabole,
2651 3108 2789 3175 quod
2813 3122 2908 3176 ego
2937 3107 3210 3162 detraham
3243 3107 3560 3176 benignissi-

378 3199 584 3253 oblitus
622 3213 638 3250 :
673 3198 770 3252 sed
831 3197 1326 3266 quantorpluriores
1369 3197 1658 3252 sustinebat
1712 3199 1936 3262 dolores,

379 3296 537 3342 tanto
568 3287 804 3356 amplius
837 3265 1099 3355 plurior°es
1127 3285 1620 3354 adjiciebatazterno
1651 3287 1780 3356 Regi
1823 3302 1943 3356 gra-

379 3379 582 3433 tiarum
617 3382 867 3434 actiones
895 3386 1056 3446 atque
1071 3376 1450 3431 confessiones.
1476 3375 1685 3429 Sciebat
1716 3391 1944 3444 namque

375 3479 604 3524 sanctus
638 3470 754 3533 ille,
784 3469 911 3538 quia
945 3468 1231 3522 secundum
1261 3467 1648 3520 multitudinem
1673 3464 1936 3529 dolorum,

377 3561 674 3614 multitudo
707 3561 760 3612 ei
785 3557 1188 3626 praeparabatur
1208 3571 1548 3610 coronarum.
1572 3555 1614 3611 Ο
1640 3557 1794 3610 beate
1813 3554 1931 3616 Job,

380 3646 658 3709 quomodo
690 3655 743 3698 te
763 3644 1118 3706 admiremur,
1150 3643 1410 3709 quomodo
1444 3651 1495 3696 te
1530 3641 1822 3706 laudemus,
1857 3641 1942 3696 vel

380 3738 660 3802 quomodo
699 3732 1109 3802 magniﬁcemus
1137 3733 1224 3798 qui
1261 3731 1404 3784 solus
1444 3740 1566 3784 ante
1597 3730 1941 3798 Evangelium

379 3840 569 3882 eorum
613 3839 738 3892 qua:
767 3823 820 3875 in
857 3819 1144 3888 Evangelia
1181 3827 1300 3871 sunt
1326 3818 1609 3886 perfectam
1639 3820 1936 3887 passionem

381 3915 716 3978 sustinuisti,
749 3912 841 3978 qui
873 3909 1019 3965 solus
1049 3917 1172 3961 ante
1212 3917 1471 3978 martyres
1500 3918 1788 3977 martyrum
1811 3909 1937 3962 toleo

385 4009 617 4062 rantiam
641 4021 768 4060 cum
807 4002 1102 4073 gratiarum
1137 3999 1435 4052 actionibus
1465 3997 1750 4067 perfecisti.
1804 3998 1935 4051 Nam

385 4099 528 4151 sicut
561 4095 753 4151 omnia
813 4099 1080 4147 tormenta
1116 4099 1272 4155 atque
1319 4086 1484 4154 ﬂagra
1531 4102 1625 4154 per
1673 4088 1940 4156 principes

388 4186 548 4254 hujus
578 4185 768 4239 mundi
797 4182 1024 4251 ingessit
1052 4179 1290 4232 diabolus
1311 4178 1631 4246 martyribus
1653 4191 1670 4228 :
1689 4178 1764 4232 sic
1792 4179 1941 4231 simi-

388 4273 515 4330 liter
550 4275 812 4328 universa
842 4268 1097 4339 supplicia
1134 4275 1294 4334 atque
1327 4265 1566 4318 incendia
1608 4265 1814 4320 induxit
1853 4283 1942 4320 su-

387 4376 485 4430 per
509 4363 610 4418 Job
643 4378 745 4432 per
773 4361 1114 4426 semetipsum
1147 4364 1304 4422 atque
1343 4368 1436 4406 sua
1477 4353 1774 4422 iniquitate,
1835 4357 1937 4410 hoc

2042 3214 2130 3254 mo
2151 3199 2409 3262 Creatori,
2433 3198 2512 3251 vel
2538 3198 2890 3267 blasphemem
2921 3206 3157 3252 sanctum
3174 3196 3562 3252 benefactorem

2041 3305 2213 3343 meum
2249 3290 2550 3356 aliquando.
2572 3288 2650 3342 0b
2674 3291 2772 3343 hoc
2801 3303 2926 3356 ergo
2963 3289 3163 3356 accepit
3191 3298 3374 3343 testam
3397 3298 3454 3342 ut
3480 3304 3566 3342 ra-

2041 3379 2188 3432 deret
2213 3378 2409 3431 saniem
2436 3392 2604 3431 suam.
2632 3377 2921 3442 Advortite,
2938 3393 2970 3432 ο
2995 3377 3280 3439 viri,valde
3303 3377 3563 3446 ingentem

2043 3469 2194 3521 fidem
2218 3466 2316 3520 Job
2334 3476 2489 3535 atque
2511 3466 2818 3520 cbaritatem
2837 3480 2992 3533 quam
3017 3464 3200 3518 habuit
3219 3465 3359 3518 circa
3382 3463 3565 3526 Deum.

2044 3556 2372 3610 tolerantiam
2399 3570 2607 3625 quoque
2631 3563 2791 3622 atque
2813 3554 3184 3608 constantiam.
3214 3553 3344 3606 Nam
3376 3553 3444 3608 ob
3467 3553 3567 3606 boc

2042 3648 2171 3700 rasit
2212 3646 2310 3701 Job
2360 3647 2575 3700 vulnera
2608 3661 2699 3699 sua
2731 3653 2886 3708 testa,
2915 3661 3016 3699 non
3039 3647 3176 3713 quod
3200 3660 3304 3700 non
3341 3645 3390 3699 ei
3418 3645 3569 3699 valde

2041 3733 2349 3798 doluissent,
2381 3733 2470 3788 sed
2498 3734 2566 3787 ob
2592 3734 2692 3788 hoc
2719 3735 2848 3788 rasit
2871 3742 3025 3799 testa,
3049 3745 3104 3786 ut
3132 3733 3285 3788 nobis
3305 3734 3570 3802 patientia:

2041 3832 2199 3892 atque
2224 3824 2511 3878 tolerantiae
2534 3840 2772 3880 normam
2810 3825 2980 3878 daret.
3008 3824 3088 3880 Ob
3114 3825 3216 3879 hoc
3245 3825 3377 3878 rasit
3408 3832 3565 3888 testa,

2045 3922 2101 3966 ut
2125 3912 2429 3968 sanctoru'm
2467 3924 2757 3983 martyrum
2785 3914 3176 3968 demonstraret
3200 3913 3444 3982 figuram,
3478 3915 3568 3980 qui

2041 4009 2160 4068 post
2191 4002 2462 4055 universas
2491 4002 2670 4070 plagas
2693 4015 2755 4056 ac
2780 4001 3003 4064 dolores,
3032 4009 3155 4070 post
3183 4001 3424 4055 universa
3453 4015 3572 4068 sup-

2042 4088 2196 4156 plicia
2223 4099 2380 4157 atque
2427 4098 2711 4153 tormenta,
2745 4091 2851 4143 rasi
2887 4099 3043 4156 atque
3085 4089 3296 4158 ungulis
3328 4088 3566 4144 confossi

2041 4187 2166 4230 sunt
2191 4193 2286 4246 pro
2309 4189 2591 4247 augmento
2624 4181 2861 4232 dolorum
2889 4179 3146 4232 omnium.
3180 4176 3269 4231 Sic
3301 4187 3355 4230 et
3385 4177 3572 4231 beatus

2043 4265 2140 4320 Job
2161 4276 2277 4334 post
2297 4267 2488 4322 nimios
2504 4267 2712 4320 dolores
2735 4267 2824 4335 qui
2856 4267 2907 4319 in
2937 4279 3161 4334 corpore
3186 4273 3355 4332 erant,
3417 4274 3568 4318 extra

2043 4371 2235 4424 corpus
2282 4365 2416 4411 testa
2461 4357 2594 4410 rasit
2645 4371 2738 4410 sua
2771 4357 3011 4419 vulnera,
3053 4366 3108 4408 ut
3131 4355 3379 4409 omnibus
3409 4354 3572 4408 Deum

388 4451 566 4523 ipsum
595 4469 697 4521 per
731 4451 916 4506 omnia
953 4449 1270 4515 deprecante
1306 4441 1424 4507 Job,
1451 4445 1590 4510 quod
1615 4445 1775 4498 etiam
1805 4460 1946 4498 mar-
1979 4441 2020 4494 D
2050 4445 2355 4499 timentibus
2385 4446 2652 4515 patientia:
2689 4454 2844 4512 atque
2882 4445 3176 4498 tolerantia:
3222 4446 3274 4498 in
3319 4452 3574 4513 perpetuo

389 4551 536 4612 tyres
571 4545 846 4604 fecerunt,
900 4547 956 4592 ut
999 4537 1281 4606 gloriosum
1325 4551 1514 4590 nomen
1566 4534 1655 4587 Dei
1701 4535 1943 4602 blasphe-

390 4648 539 4688 mare
567 4647 679 4685 non
713 4637 1019 4694 cogeretur.
1047 4625 1149 4678 Sed
1174 4624 1622 4678 incontaminatus
1653 4624 1943 4689 permansit

392 4737 621 4790 magnus
638 4720 729 4773 ille
749 4715 1124 4770 adarnantinus
1144 4711 1421 4777 J0b,juxta
1444 4710 1944 4783 dolorunymultitu-

393 4813 572 4866 dinem
595 4819 763 4878 atque
780 4806 1132 4864 nimietatem,
1153 4801 1506 4869 multiplicans
1519 4809 1678 4867 atque
1697 4798 1948 4867 adjiciens

395 4902 695 4970 gratiarum
723 4897 986 4950 actiones.
1031 4891 1143 4946 Hoc
1176 4891 1424 4944 nimirum
1461 4903 1554 4957 per
1580 4889 1692 4940 haec
1722 4901 1838 4954 quae
1865 4903 1948 4941 se-

397 4998 634 5056 quuntur
648 4992 890 5055 apparet,
923 4982 1053 5036 dicit
1085 4994 1349 5047 namque:
1382 4977 1446 5030 Et
1467 4985 1671 5041 accepta
1691 4973 1791 5027 Job
1814 4984 1947 5029 testa

405 5077 614 5130 radebat
659 5075 860 5128 saniem
890 5086 1038 5125 suam
1065 5071 1131 5122 9‘.
1160 5067 1274 5122 Non
1324 5063 1532 5134 accepit
1561 5061 1721 5115 molle
1747 5062 1944 5130 aliquid

408 5176 463 5219 ut
487 5169 826 5234 abstergeret
865 5160 1114 5217 molliter.
1160 5158 1366 5219 leviter,
1405 5152 1618 5214 leniter,
1652 5150 1944 5205 artificiose

409 5257 730 5312 moderando
775 5262 940 5321 atque
983 5249 1303 5305 relevando:
1353 5247 1444 5301 sed
1503 5243 1706 5309 accepit
1755 5250 1944 5296 testam

412 5347 621 5406 duram,
675 5355 944 5410 asperam,
980 5347 1037 5391 ut
1077 5337 1288 5391 raderet
1331 5348 1451 5388 cum
1507 5329 1688 5383 dolore
1744 5331 1946 5383 saniem

412 5448 580 5497 suam,
613 5442 668 5486 et
699 5446 808 5485 non
841 5437 1138 5496 extergeret
1162 5425 1348 5480 blande
1373 5431 1532 5488 atque
1554 5419 1791 5472 modeste
1810 5418 1950 5473 miti-

415 5537 544 5592 gans
593 5532 756 5589 atque
804 5521 1046 5574 relevans
1088 5517 1449 5572 vehementem
1493 5507 1639 5564 illum
1679 5518 1838 5576 atque
1866 5510 1949 5565 in-

485 5701 524 5730 "
552 5697 648 5751 Job
687 5711 746 5760 ιι,
776 5692 827 5747 8.

2049 4534 2280 4589 traderet
2313 4535 2536 4589 formam
2570 4554 2581 4587 :
2623 4545 2681 4589 ut
2725 4549 2910 4588 omnes
2937 4535 3149 4589 dolores
3186 4544 3344 4602 atque
3391 4532 3573 4600 plagas

2047 4624 2158 4676 sive
2189 4623 2238 4676 in
2268 4637 2512 4692 corpore,
2545 4624 2656 4678 sive
2694 4631 2843 4677 extra
2883 4635 3095 4690 corpus,
3120 4622 3233 4674 sive
3273 4618 3572 4674 detrimenti

2049 4720 2201 4780 atque
2221 4712 2491 4779 languoris
2511 4725 2630 4766 cum
2658 4713 2951 4780 gratiarum
2981 4710 3281 4764 actionibus
3309 4707 3576 4764 sustinen-

2055 4810 2133 4855 tes
2158 4803 2422 4869 accipiant
2441 4818 2470 4853 a
2500 4803 2604 4856 Deo
2635 4811 2845 4856 aeternas
2874 4802 3050 4870 gloria:
3075 4798 3574 4860 remunerationem,

2053 4902 2210 4958 atque
2249 4893 2762 4946 immarcescibilium
2790 4905 3106 4945 coronarum
3155 4894 3464 4955 exspectent
3491 4896 3577 4938 re-

2051 4981 2389 5036 tributionem
2440 4998 2469 5034 a
2521 4983 2648 5036 Deo.
2693 4981 2843 5047 Quod
2881 4991 3055 5036 autem
3088 4979 3375 5034 secundum
3411 4977 3577 5043 ipsam

2051 5069 2325 5123 historiam
2347 5072 2495 5124 testis
2521 5071 2738 5124 lacerati
2767 5079 2923 5140 atque
2945 5068 3212 5138 pernecati
3236 5065 3436 5120 fuerint
3458 5076 3579 5122 san-

2049 5159 2122 5212 cti
2167 5155 2446 5229 martyres,
2515 5159 2846 5214 manifestum
2893 5169 2976 5214 est
3025 5169 3183 5224 atque
3229 5149 3580 5207 irrefutabile.

2050 5245 2180 5299 Nam
2205 5255 2324 5315 post
2357 5247 2601 5301 universa
2635 5256 2896 5302 tormenta
2913 5245 3235 5300 recludentes
3269 5251 3364 5290 eos
3387 5235 3442 5287 in
3467 5248 3584 5288 car-

2051 5350 2223 5399 ceres,
2262 5345 2316 5389 et
2351 5343 2512 5390 testas
2563 5335 2786 5402 pollinas
2835 5335 2886 5388 in
2930 5335 3008 5386 eis
3045 5330 3360 5383 sternentes.
3384 5326 3444 5372 el
3493 5332 3588 5386 ρετ

2054 5435 2282 5493 quatuor
2315 5433 2491 5494 partes
2515 5441 2608 5480 eos
2650 5426 2796 5495 impii
2846 5424 2942 5493 ipsi
2987 5414 3328 5474 extendentes
3381 5404 3592 5495 crudeli

2053 5486 2223 5568 ιὶιοιιθ
2243 5486 2334 5570 8οέ
2371 5486 2756 5582 ρετιιοοειδαηί.
2774 5511 2849 5568 [ta
2867 5486 3270 5566 consummatus
3288 5495 3378 5543 est
3400 5486 3601 5544 beatus
