3916 6452
404 372 497 423 471

406 494 559 551 atque
596 480 850 549 gloriosus
900 472 1178 529 Lucianus.
1214 470 1423 523 lucidus
1460 471 1588 533 vita,
1626 471 1829 524 lucidus
1858 478 1909 521 et
1938 471 1981 525 A

406 574 523 632 lide.
574 569 767 621 lucidus
818 564 973 616 etiam
1023 562 1312 615 tolerantia:
1342 562 1809 616 consummatione.
1833 563 1911 616 Oli

402 662 499 713 hoc
521 657 655 710 enim
687 653 943 705 Lucianus
965 650 1364 718 cognominatus
1382 657 1486 710 est,
1517 656 1763 715 tanquam
1794 649 1916 701 luci-

402 749 515 807 dus,
549 753 638 796 aut
690 740 899 809 proprio
944 739 1138 792 lumine
1165 738 1260 791 sibi
1293 737 1519 804 fulgens,
1554 747 1644 790 aut
1682 738 1795 791 aliis
1838 738 1910 790 lu-

401 848 541 885 cens.
585 830 679 883 llic
727 843 953 882 namque
994 827 1179 880 beatus
1212 826 1485 880 duodecim
1544 826 1724 879 diebus
1758 842 1912 892 supra

400 929 558 974 testas
585 919 807 987 polliuas
835 927 1085 972 extensus
1136 919 1287 971 tertia
1333 918 1536 970 decima
1572 917 1654 970 die
1681 927 1763 970 est
1790 933 1915 969 con-

395 1019 705 1073 summatus,
742 1009 932 1076 aliique
961 1009 1221 1062 innumeri
1254 1008 1423 1062 sancti
1446 1017 1709 1078 martyres
1730 1008 1915 1059 eodem

396 1094 548 1148 modo
581 1104 797 1148 mortem
828 1103 1157 1147 transeuntes
1183 1096 1529 1148 consummati
1554 1103 1695 1148 sunt.
1720 1094 1915 1148 Horum

396 1198 621 1251 namque
644 1184 872 1236 omnium
916 1193 1090 1252 typum
1121 1198 1308 1251 gerens
1341 1183 1460 1246 Job,
1491 1184 1695 1252 accepit
1724 1192 1915 1238 testam

396 1284 453 1326 ut
492 1275 700 1327 raderet
731 1274 933 1326 saniem
974 1273 1244 1327 vulnerum
1278 1288 1512 1327 suorum.
1546 1274 1703 1338 Ecce,
1731 1274 1915 1343 inquit,

395 1378 428 1415 ο
450 1363 676 1431 maligne
700 1361 924 1425 diabole,
954 1362 1207 1416 conculco
1230 1371 1300 1425 te,
1326 1363 1560 1416 del’ormo
1588 1372 1637 1416 te
1664 1372 1715 1416 et
1744 1364 1919 1417 humi-

398 1452 485 1516 lio,
515 1461 674 1519 atque
715 1465 921 1505 omnem
963 1451 1338 1520 malignitatem
1390 1461 1529 1504 tuam
1562 1461 1614 1506 et
1666 1452 1917 1505 malitiam

395 1543 839 1611 contemptibilem
868 1543 1111 1597 omnibus
1132 1544 1453 1597 demonstro.
1486 1542 1703 1610 Accepit
1733 1551 1918 1596 testam

397 1644 455 1686 ut
470 1634 676 1686 raderet
698 1634 893 1687 saniem
909 1632 1180 1686 vulnerum
1202 1647 1435 1685 suorum.
1454 1632 1633 1697 Testa,
1655 1633 1917 1701 inquiens,

400 1730 531 1775 testa
552 1725 781 1774 radendo
796 1721 1137 1790 corruptibile
1164 1730 1321 1789 atque
1348 1722 1559 1775 carnale
1576 1724 1673 1777 hoc
1694 1723 1917 1783 corium,

399 1820 606 1865 terrena
644 1820 797 1878 atque
830 1826 1014 1878 aspera
1039 1820 1191 1865 testa.
1226 1812 1443 1880 Accepit
1473 1822 1654 1866 testam
1688 1822 1745 1864 ut
1772 1813 1917 1865 rade-

400 1910 481 1953 ret
515 1901 710 1953 saniem
739 1901 1013 1954 vulnerum
1065 1918 1299 1956 suorum.
1334 1903 1529 1973 Typus,
1565 1904 1750 1970 inquit,
1802 1919 1918 1956 sum

400 1991 520 2044 sine
554 1998 767 2058 peccato
814 1991 908 2044 hos
940 1991 1244 2045 sustinendo
1272 1992 1502 2055 dolores,
1548 1992 1688 2045 illius
1720 1993 1809 2057 qui
1866 1993 1918 2045 in

401 2082 683 2135 novissimo
705 2091 938 2149 tempore
971 2082 1294 2136 descendens
1328 2084 1393 2135 de
1422 2083 1572 2138 caelis
1604 2084 1691 2138 Dei
1718 2083 1917 2154 Unige-

403 2172 540 2223 nitus
579 2172 772 2224 terreni
800 2173 1035 2240 corporis
1068 2181 1200 2226 testa
1243 2187 1307 2225 ex
1355 2171 1568 2242 Virgine
1607 2189 1666 2227 se
1698 2174 1918 2228 induens

402 2261 561 2315 totius
588 2262 762 2315 mundi
787 2263 1006 2325 saniem,
1025 2262 1405 2315 immunditiam
1430 2278 1635 2331 quoque
1653 2278 1713 2317 ac
1741 2274 1921 2332 putre-

404 2352 575 2404 dinem
604 2353 751 2415 rasit,
783 2361 940 2420 atque
965 2351 1238 2404 mundavit
1259 2352 1433 2405 omnia
1460 2363 1671 2421 peccata
1702 2368 1922 2422 suppor-

405 2442 580 2494 tando.
609 2439 945 2494 Postmodum
988 2455 1082 2508 pro
1108 2440 1461 2507 impietatibus
1494 2458 1675 2496 eorum
1707 2443 1756 2495 in
1782 2458 1920 2497 mor-

404 2536 508 2581 tem
542 2528 798 2583 deductus
839 2538 941 2589 est,
976 2528 1123 2595 cuius
1157 2526 1319 2582 livore
1343 2543 1526 2584 omnes
1564 2532 1733 2585 sanati
1764 2541 1921 2599 atque

402 2616 637 2667 mundati
664 2626 806 2677 sunt,
835 2617 920 2683 qui
947 2626 1219 2684 peccatum
1255 2631 1355 2668 non
1381 2616 1525 2680 fecit,
1551 2633 1645 2671 nec
1682 2619 1923 2674 inventus

401 2714 482 2755 est
517 2704 664 2758 dolus
689 2707 739 2758 in
770 2721 861 2760 ore
887 2708 1018 2774 eius.
1055 2706 1311 2762 Omnibus
1349 2707 1524 2774 itaque
1568 2709 1735 2762 modis
1774 2723 1921 2761 acce-

401 2793 496 2858 pit,
516 2793 705 2861 inquit,
737 2805 923 2849 testam
960 2806 1012 2849 ut
1044 2796 1252 2849 raderet
1284 2797 1486 2850 saniem
1515 2812 1686 2850 suam.
1725 2796 1789 2849 Et
1815 2799 1922 2865 ipse

399 2884 601 2936 sedebat
647 2901 799 2952 super
831 2902 1061 2939 acervum
1093 2888 1329 2939 stercoris
1376 2896 1520 2940 extra
1553 2889 1803 2941 civitatem
1832 2890 1919 2940 9".

398 2967 512 3023 Non
552 2972 690 3038 quod
734 2973 1110 3027 habitationem
1157 2974 1400 3027 deserere
1436 2974 1679 3037 voluerit,
1730 2974 1821 3028 sed
1858 2974 1922 3029 iis

402 3056 490 3123 qui
530 3057 580 3109 in
621 3059 835 3111 civitate
858 3070 1007 3113 erant
1041 3071 1199 3129 atque
1231 3060 1591 3115 mansionibus
1624 3062 1917 3115 molestiam
1945 3077 1990 3137 ο

403 3151 643 3219 ingerere
700 3167 799 3205 non
850 3161 929 3206 est
976 3168 1178 3221 passus.
1234 3150 1444 3206 Sedebat
1501 3168 1651 3219 super
1688 3168 1921 3205 acervum

401 3242 641 3293 stercoris
691 3250 833 3293 extra
877 3242 1151 3305 civitatem,
1196 3256 1280 3294 me
1304 3241 1496 3304 solum,
1541 3241 1802 3308 inquiens,
1827 3242 1923 3294 cir-

400 3332 649 3383 cumdant
678 3331 810 3381 mala
848 3345 982 3394 mea,
1006 3330 1131 3382 mihi
1157 3330 1253 3384 soli
1284 3330 1502 3385 molesta
1529 3343 1648 3384 sunt
1668 3346 1782 3385 mea
1812 3332 1925 3383 vul-

364 3432 553 3469 'nera.
604 3417 713 3469 Non
753 3417 969 3481 eﬂiciar,
1018 3418 1207 3485 inquit,
1255 3419 1412 3471 etiam
1444 3419 1560 3471 aliis
1606 3418 1922 3483 exsecratio,

408 3518 473 3556 ne
500 3505 597 3557 sim
626 3503 707 3557 his
735 3504 824 3571 qui
872 3505 1007 3557 intra
1038 3506 1308 3558 civitatem
1337 3515 1458 3558 sunt
1482 3506 1819 3569 abominatio,
1860 3520 1925 3560 ne

405 3592 792 3646 exacerbemur
812 3594 969 3645 etiam
1002 3595 1145 3647 cives
1167 3594 1395 3647 civitatis
1412 3603 1623 3660 propter
1648 3609 1793 3649 meos
1825 3596 1923 3648 do-

404 3683 566 3737 iores.
596 3682 826 3734 Sedebat
850 3690 995 3735 extra
1030 3683 1296 3736 civitatem
1332 3683 1440 3745 ille,
1466 3683 1552 3751 qui
1586 3693 1707 3737 ante
1739 3684 1922 3752 paulu-

404 3770 512 3823 lum
557 3769 826 3823 civitatum
873 3778 1031 3836 atque
1078 3770 1401 3823 mansionum
1441 3769 1612 3824 fuerat
1660 3772 1922 3835 dominus,

405 3867 582 3912 rector
613 3867 766 3925 atque
800 3858 1136 3926 gubernator.
1164 3858 1392 3912 Sedebat
1410 3872 1534 3928 ergo
1560 3868 1709 3914 extra
1739 3860 1923 3913 civita-

409 3957 534 4000 tem.
587 3945 799 4001 Certum
851 3955 934 3999 est
981 3947 1117 4013 quod
1150 3946 1371 4015 plurima
1409 3948 1545 4016 apud
1584 3948 1923 4015 semetipsum

406 4046 642 4091 tractans
667 4052 728 4089 ac
756 4037 971 4090 dicens:
998 4036 1105 4090 Cur
1129 4037 1182 4090 in
1209 4038 1422 4091 civitate
1454 4039 1724 4091 maneam?
1753 4054 1848 4092 cur
1873 4039 1923 4093 in

407 4126 647 4181 domibus
672 4127 916 4180 sedeam?
966 4127 1094 4180 Cum
1140 4142 1197 4181 re
1242 4142 1303 4181 ac
1331 4127 1471 4191 liliis,
1511 4137 1562 4181 et
1587 4128 1823 4194 civitate,
1875 4138 1928 4182 et

407 4217 645 4270 domibus
670 4218 835 4278 carui,
861 4232 980 4270 cum
1015 4232 1070 4270 re
1098 4216 1337 4270 familiari
1372 4232 1432 4270 ac
1461 4217 1639 4271 liberis
1661 4218 1803 4285 regni
1837 4232 1925 4271 co-

407 4320 533 4357 rona
556 4305 726 4357 ablata
770 4314 850 4359 est
892 4304 1042 4365 mihi,
1072 4319 1190 4357 cum
1217 4320 1272 4357 re
1312 4320 1373 4358 ac
1419 4306 1556 4358 natis
1582 4305 1702 4359 dedi
1761 4305 1921 4357 etiam

406 4402 606 4446 vestem
637 4404 793 4460 atque
819 4409 1020 4448 comam
1045 4395 1250 4463 capitis.
1294 4394 1439 4447 Nunc
1473 4410 1595 4447 vero
1615 4409 1731 4448 cum
1764 4409 1924 4461 regno
1957 4373 1998 4426 Ῑ)

408 4485 700 4551 relinquam
723 4485 881 4536 etiam
899 4485 1163 4538 civitatem
1193 4501 1256 4538 ac
1272 4486 1503 4538 domum.
1521 4485 1750 4538 Sedebat
1776 4494 1925 4537 extra

409 4576 677 4628 civitatem
696 4576 837 4627 solus
859 4578 1118 4631 sustinens
1140 4577 1370 4630 dolorem
1391 4576 1534 4628 illum
1558 4577 1924 4639 saevissimum,

408 4672 612 4717 certum
651 4669 732 4712 est
767 4663 902 4728 quod
932 4678 1129 4716 memor
1155 4663 1295 4716 illius
1327 4673 1482 4730 atque
1520 4662 1755 4716 imitatus
1783 4662 1924 4715 illum

410 4754 499 4819 qui
544 4751 686 4806 solus
729 4752 962 4806 dolorem
1011 4754 1241 4806 omnium
1276 4762 1423 4806 extra
1471 4752 1736 4806 civitatem
1767 4755 1926 4807 susti-

412 4842 546 4903 nuit,
586 4840 637 4893 id
664 4849 745 4892 est
788 4838 873 4892 Dei
903 4838 1233 4908 Unigenitus,
1262 4842 1402 4894 etde
1435 4841 1572 4895 illius
1609 4841 1778 4894 futura
1803 4858 1923 4912 pas—

411 4934 563 4984 sione
591 4929 820 4997 seipsum
851 4927 1145 4982 consolatus
1170 4937 1274 4992 est,
1309 4930 1521 4982 dicens:
1566 4929 1702 4995 Quid
1752 4930 1924 4997 magni

411 5036 509 5090 ego
529 5018 764 5074 sustineo
784 5032 900 5069 cum
936 5016 1035 5069 sim
1058 5017 1326 5083 bomopro
1359 5017 1654 5084 meipso,!'si
1688 5016 1778 5071 Dei
1802 5016 1929 5070 Uni-

412 5110 617 5175 genitus
645 5114 895 5158 venturus
923 5116 1003 5158 est
1034 5106 1098 5159 ad
1126 5115 1317 5168 terras,
1345 5118 1396 5160 et
1424 5122 1539 5159 cum
1567 5107 1636 5159 sit
1679 5106 1927 5159 Dominus

410 5216 508 5269 pro
532 5198 777 5252 omnibus
811 5195 1031 5263 plurima
1073 5197 1367 5264 passurus?
1400 5197 1600 5259 Brevis,
1634 5196 1826 5263 inquit,
1849 5205 1928 5249 est

411 5291 523 5344 hrec
551 5301 663 5341 mea
688 5287 885 5355 passio,
914 5295 968 5339 et
1002 5285 1301 5355 temporalis
1335 5287 1434 5341 erit
1459 5287 1543 5340 hic
1582 5300 1727 5338 mens
1759 5286 1926 5338 dolor.

411 5374 514 5433 Ant
538 5379 676 5433 enim
701 5391 839 5431 mors
853 5392 971 5431 eum
998 5378 1258 5441 excludet,
1289 5387 1376 5431 aut
1399 5387 1542 5431 certe
1570 5376 1766 5429 sanitas
1785 5374 1927 5427 illum

412 5470 655 5535 expellet,
681 5470 793 5523 sive
821 5469 897 5524 sic
921 5468 1039 5527 linis
1073 5469 1529 5541 appropinquabit.
1570 5466 1631 5520 Et
1660 5467 1764 5533 ipse
1787 5466 1930 5519 sede-

480 5644 541 5671 "‘
572 5642 664 5694 .lnh
704 5659 761 5703 Il,
785 5643 835 5697 8.

1445 354 1811 409 ANONYMUS
1847 354 1915 407 IN
1949 355 2086 407 JOB.
2127 383 2188 392 —
2226 352 2349 407 LIB.
2388 355 2451 408 il.

3646 377 3717 431 472

2010 473 2095 522 bat
2138 483 2290 535 super
2327 483 2560 520 acervum
2593 467 2856 521 stercoris
2903 469 3079 517 extra
3129 452 3438 547 cit-itarem,
3467 460 3708 543 5“!”

2009 574 2103 627 pro
2138 559 2261 613 sede
2306 556 2611 618 immutans,
2650 566 2709 611 et
2741 555 3077 610 sessionem
3122 556 3236 613 Ρτο
3266 549 3695 628 εθῆεωηῈάίί.

2010 626 2199 704 ferens.
2226 648 2355 703 Nam
2384 649 2427 701 is
2456 649 2544 715 qui
2585 647 2755 715 paulo
2795 652 2936 697 ante
2969 649 3156 704 supra
3200 626 3398 698 1⁵88³³⁸
3421 626 3687 712 smmi)

2010 740 2217 804 solium,
2259 753 2399 792 nunc
2447 738 2595 791 sedet
2650 748 2821 802 super
2858 725 3148 786 stercoris
3194 730 3463 774 acervum
3547 760 3565 793 ί
3589 744 3662 793 illo

2011 834 2100 900 qui
2154 841 2275 885 ante
2311 830 2576 899 paululum
2634 828 2795 896 regio
2850 822 3193 878 diademate
3244 823 3417 881 atque
3451 828 3643 896 δίαγε,

2012 930 2126 974 erat
2152 921 2386 981 indutus,
2409 932 2546 971 nunc
2566 918 2726 970 sedet
2753 915 2808 967 in
2839 907 3203 966 abundantia
3238 901 3610 971 putredimnn:

2014 1008 2100 1062 ille
2138 1009 2225 1076 qui
2257 1017 2377 1061 ante
2428 1006 2731 1075 paululum
2756 1004 2827 1057 ab
2861 996 3193 1055 innumeris
3233 994 3463 1049 catervis
3492 995 3605 1049 cir-

2015 1099 2383 1163 cumdaliatur,
2418 1112 2558 1150 nunc
2610 1110 2639 1148 a
2682 1090 3050 1147 multitudine
3081 1084 3362 1141 vermium
3382 1083 3605 1139 comedi-

2016 1196 2121 1240 tur.
2170 1188 2398 1242 Sedebat
2442 1200 2602 1253 super
2648 1196 2914 1236 acervum
2951 1175 3257 1234 stercoris.
3295 1173 3613 1243 condignam

2016 1287 2176 1347 atque
2227 1293 2511 1346 congruam
2554 1277 2695 1328 hanc
2730 1274 2921 1328 sedem
2955 1269 3093 1323 huic
3136 1266 3396 1335 judicans
3419 1264 3615 1333 plaga.

2017 1368 2288 1421 vermibus
2325 1376 2549 1430 stercus,
2582 1361 2867 1432 putredini
2897 1357 3293 1430 putredinem.
3325 1353 3624 1422 Suscipiat,

2017 1457 2203 1525 inquit,
2259 1456 2482 1524 putredo
2533 1453 2907 1523 putredinem,
2969 1448 3145 1515 hujus
3214 1444 3476 1499 stercoris
3520 1458 3627 1511 pu-

2017 1548 2185 1607 tredo,
2218 1545 2457 1614 corporis
2506 1544 2666 1612 hujus
2717 1552 2887 1610 atque
2919 1538 3209 1593 vermium
3252 1534 3631 1602 putredinem.

2017 1632 2231 1687 Sedebat
2254 1649 2405 1698 super
2444 1647 2684 1685 acervum
2708 1629 2988 1684 stercoris.
3026 1624 3271 1680 Stercus
3300 1636 3461 1689 supra
3486 1628 3637 1673 ster-

2020 1737 2135 1783 cus,
2191 1721 2416 1789 putredo
2454 1734 2613 1788 supra
2650 1718 3030 1787 putredinem.
3082 1711 3229 1766 Nam
3266 1711 3396 1780 quia
3446 1708 3639 1761 omnis

2023 1810 2181 1862 homo
2214 1809 2459 1876 putredo,
2500 1818 2554 1862 et
2583 1807 2727 1861 ﬁlius
2771 1806 3026 1860 hominis
3074 1803 3318 1867 vermis,
3356 1800 3559 1854 merito
3596 1799 3644 1851 is

2018 1901 2104 1966 qui
2136 1901 2187 1953 in
2218 1900 2556 1967 putredinem
2589 1898 2857 1951 vermium
2886 1906 2974 1950 est
3009 1909 3357 1958 conversus,
3388 1896 3557 1949 sedet
3589 1895 3645 1947 in

2018 1988 2291 2055 putredine
2322 1988 2595 2042 stercoris.
2616 1988 2769 2054 Quod
2787 1985 3119 2041 elﬁciuntur
3152 1999 3355 2040 omnes
3383 1984 3650 2037 homines

2018 2085 2133 2145 post
2165 2076 2360 2130 exitum
2383 2078 2577 2129 anima:
2610 2076 2866 2145 putredo,
2886 2084 2941 2128 et
2969 2088 3226 2135 vermes,
3262 2074 3401 2136 hmo,
3430 2072 3650 2139 inquit,

2017 2168 2341 2236 praeveniens
2398 2167 2571 2221 adhuc
2621 2169 2805 2220 anima
2852 2167 2907 2219 in
2964 2178 3217 2233 corpore
3263 2163 3483 2233 posita,
3544 2176 3650 2229 ego

2017 2257 2235 2312 elfectus
2274 2273 2409 2311 sum.
2454 2257 2656 2311 Idcirco
2686 2268 2953 2325 tanquam
2993 2255 3249 2325 putredo
3304 2264 3365 2308 et
3426 2262 3658 2307 stercus

2017 2347 2260 2410 ell‘ectus,
2293 2348 2449 2415 digne
2480 2347 2642 2400 sedeo
2672 2361 2835 2416 super
2862 2356 3117 2411 stercus,
3148 2358 3356 2398 omnes
3388 2342 3660 2397 homines

2021 2437 2305 2500 instruens,
2341 2438 2464 2504 quia
2501 2435 2681 2488 omnis
2724 2445 2945 2489 terrena
2974 2449 3187 2489 eorum
3213 2434 3404 2503 gloria
3450 2432 3513 2484 in
3565 2446 3669 2499 pn-

2021 2526 2297 2583 tredinem,
2317 2533 2369 2575 et
2388 2531 2597 2576 stercus
2616 2531 2780 2591 atque
2806 2538 3035 2577 vermes
3061 2533 3493 2578 convertetur.
3515 2522 3671 2577 Sedit

2020 2627 2176 2680 super
2214 2626 2459 2665 acervum
2486 2614 2766 2667 stercoris.
2796 2612 3108 2676 lntendite,
3134 2614 3460 2681 inquiens,
3480 2630 3676 2671 omnes

2021 2701 2110 2753 lilii
2138 2699 2427 2762 hominum,
2456 2701 2520 2751 ad
2549 2708 2813 2768 quantum
2861 2700 3162 2754 miseriam
3204 2711 3463 2758 terret-3
3496 2706 3667 2775 gloria

2021 2788 2338 2853 devolvitur,
2375 2788 2440 2841 ad
2475 2798 2732 2855 quantam
2760 2789 3151 2844 humilitatem
3202 2801 3443 2847 terrena
3476 2797 3647 2848 subli-

2021 2877 2178 2930 mitas
2217 2878 2548 2932 immutatur.
2598 2877 2794 2933 Merito
2850 2881 3161 2948 praesentia
3210 2882 3394 2937 nullus
3429 2884 3632 2953 aliquid

2019 2966 2265 3030 aestimet,
2290 2966 2382 3020 sed
2401 2966 2575 3019 futura
2604 2967 2829 3021 timeat:
2858 2969 3050 3023 nullus
3072 2971 3201 3025 ltazc
3228 2987 3353 3040 qua:
3379 2974 3633 3029 videntur

2020 3064 2237 3121 quaerat,
2283 3055 2373 3108 sed
2401 3070 2462 3108 ea
2494 3070 2611 3123 quae
2645 3071 2752 3109 non
2788 3057 3055 3112 videntur
3108 3062 3414 3116 sustineat.
3446 3060 3633 3117 Omnis

2020 3145 2159 3197 enim
2184 3145 2347 3212 gloria
2382 3145 2612 3200 hominis
2644 3155 2917 3227 tanquam‘
2937 3150 3248 3214 fenum,et
3273 3154 3450 3208 omnis
3473 3157 3631 3209 decor

2020 3233 2441 3300 corruptibilium
2490 3243 2747 3303 tanquam
2790 3236 2943 3291 olera
2979 3229 3312 3296 herbarum
3358 3254 3417 3296 et
3441 3258 3630 3300 omnes

2019 3321 2220 3388 species
2274 3329 2604 3377 terrenorum
2657 3334 2914 3394 tanquam
2966 3326 3078 3382 ﬂos
3150 3332 3444 3388 decidens.
3498 3336 3631 3400 Quid

2020 3408 2289 3475 pulchrius
2317 3409 2467 3464 sole?
2495 3421 2549 3463 et
2575 3413 2665 3467 hic
2691 3414 2928 3471 decidet.
2975 3417 3131 3483 Quid
3156 3424 3394 3476 suavius
3415 3422 3632 3478 acribus

2021 3497 2222 3565 campi?
2253 3507 2306 3550 et
2331 3498 2381 3552 hi
2421 3512 2667 3554 arescent
2704 3503 2981 3559 similiter.
3032 3509 3195 3573 Quid
3219 3511 3521 3580 gloriosius
3548 3525 3633 3568 aut

2020 3587 2323 3640 decorosius
2380 3588 2546 3657 gloria
2595 3602 2761 3662 atque
2814 3594 2991 3649 l‘orma
3044 3600 3344 3656 humana?
3390 3610 3450 3656 et
3512 3604 3633 3671 quid

2022 3675 2428 3731 abominabilius
2481 3688 2645 3747 atque
2708 3686 3146 3753 exsecrabilius,
3203 3705 3337 3746 cum
3370 3694 3633 3759 aruerint,

2021 3768 2252 3812 exeunte
2280 3761 2456 3814 anima
2475 3763 2501 3816 Y
2522 3763 2587 3816 Et
2611 3768 2741 3835 quid
2779 3769 3053 3826 humilius
3086 3774 3183 3830 his
3210 3780 3312 3847 qui
3349 3779 3405 3833 in
3435 3790 3637 3835 sterco-

2022 3864 2100 3912 ra,
2131 3857 2186 3902 et
2232 3864 2441 3907 vermes
2483 3864 2651 3923 atque
2701 3861 3058 3925 putredinem
3114 3867 3637 3927 immutanturllie

2024 3954 2126 4002 me,
2159 3940 2347 4007 inquit,
2389 3962 2423 3996 υ
2472 3943 2742 4011 homines,
2780 3958 2944 4016 atque
2973 3953 3049 4007 de
3087 3971 3219 4011 mea
3255 3959 3633 4018 immutatione

2025 4029 2075 4081 in
2104 4031 2183 4083 his
2211 4033 2456 4085 omnibus
2496 4034 2884 4095 informamini.
2916 4042 3169 4107 Qualem
3213 4066 3300 4106 me
3328 4064 3466 4108 ante
3507 4072 3635 4123 pan-

2026 4118 2187 4170 lulum
2228 4119 2454 4182 vidistis,
2510 4130 2563 4173 et
2622 4124 2837 4189 qualem
2894 4144 2986 4183 me
3051 4148 3215 4191 nunc
3268 4118 3635 4209 conspicitis?

2023 4212 2230 4279 qualem
2262 4228 2344 4266 me
2380 4222 2500 4267 ante
2534 4216 2806 4282 paululum
2842 4225 3287 4292 magniﬁcastis,
3325 4242 3389 4285 et
3420 4235 3634 4303 qualem

2025 4317 2107 4354 me
2137 4318 2275 4356 nunc
2298 4303 2646 4369 conspicitis?
2678 4305 2779 4361 Ubi
2826 4322 2957 4364 sunt
3003 4314 3087 4369 illi
3131 4319 3367 4386 plurimi
3408 4326 3506 4392 qui
3553 4341 3637 4379 me

2027 4393 2459 4448 circumdabant?
2486 4395 2591 4448 Pro
2628 4398 2825 4463 quibus
2867 4406 3143 4463 omnibus
3192 4413 3524 4479 multitudo,
3558 4417 3638 4470 iu-

2026 4486 2157 4553 qnit,
2183 4484 2459 4545 vermium,
2481 4495 2535 4536 et
2560 4489 2785 4553 putredo
2809 4505 2896 4545 me
2944 4494 3338 4556 circumdant.
3376 4504 3512 4560 Hac
3537 4508 3636 4559 ita-

2027 4590 2129 4643 que
2156 4585 2313 4640 atque
2341 4573 2422 4626 his
2439 4573 2634 4627 similia
2658 4579 3007 4638 admirabilis
3037 4584 3148 4642 Job
3169 4593 3240 4644 ad
3265 4603 3509 4649 cunctos
3534 4597 3635 4651 sibi

2027 4664 2454 4729 approximantes
2480 4662 2728 4731 loquens,
2765 4669 3061 4726 evidenter
3086 4680 3356 4736 omnibus
3389 4684 3633 4738 futuram

2030 4754 2425 4807 contestabatur
2452 4752 2905 4814 immutationem.
2932 4761 3002 4815 Et
3043 4766 3165 4835 ipse
3192 4771 3433 4827 sedebat
3469 4790 3636 4844 super

2029 4855 2275 4897 acervum
2294 4844 2565 4909 stercoris,
2598 4846 2715 4914 plus
2733 4849 2835 4902 sibi
2863 4850 2931 4904 de
2966 4852 3108 4922 ipsis
3143 4863 3438 4918 vermibus
3469 4877 3633 4935 atque

2031 4933 2330 5021 putredine,
2362 4948 2519 5003 quam
2574 4936 2701 4992 olim
2731 4938 2795 4993 de
2826 4943 2977 5009 regni
3023 4945 3199 5013 gloria
3238 4958 3418 5021 atque
3447 4933 3628 5013 multi-

2035 5020 2220 5111 tudine
2258 5024 2707 5084 circumdantium
2751 5046 2814 5086 se
2869 5036 3197 5101 populorum
3236 5020 3623 5111 complacens.

2032 5108 2165 5206 N-am
2205 5121 2443 5176 omnium
2500 5119 2714 5178 illorum
2746 5123 2903 5179 linem
2944 5137 3070 5194 post
3118 5128 3233 5183 ln-c
3269 5108 3467 5188 omnia
3504 5153 3624 5206 qum

2032 5199 2269 5267 Gloriosa
2299 5223 2441 5279 sunt,
2462 5217 2645 5274 carnis
2660 5234 2805 5275 mors
2825 5226 3137 5286 exspectat:
3166 5229 3370 5287 etpost
3398 5199 3617 5280 omnem

2032 5297 2377 5360 putredinem
2419 5314 2575 5377 atque
2609 5324 2869 5373 vermem,
2925 5308 3390 5365 resurrectionem
3429 5317 3616 5370 carnis

2030 5390 2362 5478 ixspectat;
2406 5400 2592 5460 mortis
2619 5419 2749 5463 vero
2774 5396 3112 5478 putredinem
3143 5406 3311 5463 atque
3342 5407 3610 5459 vermium

2035 5466 2204 5531 tinem
2241 5495 2617 5555 resurrectioa
2649 5466 2896 5561 moriuis.
2931 5487 3036 5543 Pro
3077 5488 3157 5541 his
3184 5500 3317 5556 ergo
3351 5496 3610 5558 ormtilms
