3916 6456
51 507 90 558 iii
242 493 442 575 iuver
481 520 813 590 εδει-νη,

64 553 152 660 ὧι
242 553 274 575 I
336 553 871 673 'magv;;um
960 562 1258 654 stercoris
1297 580 1448 625 extra
1500 576 1791 634 civitatem.
1822 587 1869 642 Α
1896 592 2201 638 monstrans
2235 581 2410 639 omnia
2435 597 2551 656 qua
2569 590 2701 644 sunt
2720 582 2971 662 numam,
2992 612 3055 655 ac
3076 607 3431 674 campum“.

65 591 310 740 “ml/3
331 687 360 727 ο
393 695 671 740 sane...
714 639 858 740 ,ξιξ
899 640 1118 740 ά¹8¹ῗθ
1152 655 1396 714 diem":
1430 663 1539 731 οἷον
1569 681 1601 720 0
1643 666 1795 723 beate
1891 680 2051 739 atque
2083 680 2323 736 terrena,
2362 674 2503 731 sicut
2521 684 2575 732 et
2602 676 2857 740 superius
2887 684 3296 740 demonstratum
3328 708 3427 740 εις-

65 640 303 773 ἐῖῑὲκῶ
331 687 360 773 «ξ
893 640 1396 773 ἓὶξρῗξέἶὶθῗίὶξξέ
1420 663 1795 773 Pisias

76 748 241 864 ὶὼξᾱιξ
260 748 295 851 ξ
313 767 366 822 ιὶὶ
412 748 859 864 constratu;

80 845 241 972 ἹΣᾹΪῙΪΪῘ
320 866 600 972 ἶ¹1ίῖ¹ἓβῖιί
667 894 849 972 mas

240 937 611 1056 apppli'cia

856 819 1084 917 Lsime,
1140 835 1229 901 qui
1276 840 1596 896 terribilibus
1630 855 1792 912 atque

858 916 1059 1005 Is‘in
1110 925 1253 979 nullo
1297 933 1644 997 succubuisti,
1701 939 1789 1005 qui

854 1010 898 1047 θ
940 999 1145 1064 fortes
1176 1012 1384 1068 dolores
1426 1019 1624 1089 absque
1648 999 1792 1079 mur-

196 1062 209 1063 77
1127 1062 1137 1064 -
1331 1062 1383 1068 --
1426 1062 1623 1089 ηυγ...
1648 1062 1786 1079 ...ιη-

117 1062 839 1182 ωτιῑωθδθῗέῗεθηδειῖ
856 1121 878 1148 ν
903 1102 1034 1148 cur
1057 1109 1214 1154 extra
1237 1104 1499 1160 civitatem
1522 1125 1786 1182 egressus,

144 1186 285 1240 Musei
322 1156 680 1260 ιξῗῗτ-νιιῐῐι
716 1177 1063 1260 flet-coris
1093 1200 1255 1260 atque
1286 1156 1584 1253 muranamu
1600 1157 1789 1260 seden;

144 1251 953 1363 ιέεξκξῗκιὲὶιῗῖηῑῗωθξῖρευηι
989 1282 1212 1336 cunctis
1244 1291 1637 1349 transeuntibus
1662 1309 1790 1363 prie-

160 1346 298 1397 bii‘ist‘i't
313 1342 572 1442 Games.
590 1346 787 1406 enim
826 1362 943 1427 qui
972 1366 1376 1444 ingrediuntur,
1400 1381 1480 1434 vel
1503 1342 1785 1452 egrediun-

162 1439 417 1537 \“‘Q‘tmue§
446 1439 577 1526 .qul
613 1443 981 1506 transeunt
1020 1459 1158 1525 vias,
1197 1473 1249 1517 et
1290 1439 1588 1537 diriguntur
1621 1475 1671 1528 iii
1694 1478 1785 1531 iti-

84 1896 234 1950 quiiin
272 1875 409 1935 ile
452 1881 732 1982 reg-ioue
766 1892 832 1947 in
895 1901 1191 1969 regionem.
1229 1875 1383 1962 Nam

72 1975 204 2038 lim,
238 1982 415 2030 ut,“
461 1971 842 2066 ﬂuentibus
882 1995 1219 2048 enarrabunt
1262 2013 1276 2050 :
1317 1999 1403 2066 qui
1430 1971 1558 2059 vero
1594 1971 1782 2062 audie-

75 2061 203 2123 rint,
254 2060 383 2113 ἦε
412 2056 547 2153 .qni
580 2058 775 2133 longe
834 2078 969 2123 sunt
999 2075 1157 2140 positi
1195 2056 1346 2133 istaiii
1374 2056 1777 2153 recognitionem

82 2164 227 2206 Nam
260 2141 757 2232 insinuabunt.
821 2156 932 2212 Sed
964 2166 1239 2231 respondit
1288 2141 1545 2228 mirabilis
1572 2141 1780 2232 Jobdi—i

78 2256 211 2295 cens
244 2258 262 2293 :
576 2254 620 2293 0
681 2242 804 2306 vir,
848 2262 970 2301 cum
1007 2251 1107 2304 sim
1150 2256 1292 2321 prior
1326 2269 1485 2328 atque
1512 2265 1779 2334 antiquior

89 2327 201 2381 “iis
251 2319 379 2395 qui
453 2317 528 2373 in
587 2330 921 2386 novissimo
956 2317 1191 2402 tempore
1221 2352 1377 2398 erunt
1399 2317 1669 2419 apostoli,
1696 2356 1778 2409 vel

95 2414 549 2484 esaugeﬁsm,
592 2430 737 2485 quae
778 2419 855 2473 illi
892 2424 1069 2479 verbis
1102 2428 1370 2498 dixerunt,
1403 2414 1540 2505 quod
1568 2414 1776 2510 specta-

129 2505 333 2554 cu\\t\\\
356 2502 519 2555 (acti
564 2516 720 2560 sunt
743 2518 803 2562 et
828 2513 1032 2578 angelis
1055 2524 1109 2569 et
1143 2502 1463 2589 hominibus,
1495 2502 1612 2583 haec
1628 2533 1778 2586 nimi-

138 2605 275 2643 rum
328 2605 452 2659 ego
489 2591 642 2661 ipsis
671 2598 940 2664 operibus
965 2603 1265 2674 anticipans
1295 2620 1539 2680 tanquam
1570 2618 1620 2671 in
1656 2630 1776 2690 typo

140 2680 477 2749 adimpleo,
524 2688 927 2753 spectaculum
980 2696 1187 2749 cunctis
1226 2698 1462 2767 effectus,
1495 2715 1548 2758 et
1575 2680 1776 2777 angelis

132 2784 193 2826 et
252 2774 673 2831 hominibus:
717 2788 777 2832 ut
823 2792 1066 2847 penetret
1112 2787 1225 2842 bzec
1273 2790 1456 2848 relatio
1508 2812 1622 2851 mea
1652 2774 1771 2856 ⁷υοη

134 2864 340 2916 solum
381 2879 416 2916 a
448 2868 768 2934 provincia
803 2870 853 2922 in
878 2874 1231 2941 provinciam,
1265 2880 1354 2933 sed
1381 2884 1552 2939 adhuc
1574 2886 1774 2957 longius

127 2970 245 3024 per
288 2971 512 3011 omnes
552 2969 763 3027 gentes
787 2970 839 3014 et
875 2977 974 3029 per
999 2979 1185 3019 omnes
1233 2968 1364 3026 lines
1405 2982 1576 3040 terrai,
1610 2994 1773 3047 usque

130 3049 209 3101 ad
238 3051 830 3105 consummationem
861 3055 1065 3109 saeculi.
1097 3057 1228 3112 Vere
1252 3063 1392 3116 enim
1418 3079 1557 3131 vere,
1583 3084 1615 3122 ο
1640 3072 1772 3124 ειιιιίο

128 3139 215 3201 ci,
254 3140 691 3207 spectaCulum
722 3141 900 3199 factus
951 3155 1035 3200 est
1075 3147 1257 3203 beatus
1280 3150 1378 3206 Job
1406 3164 1457 3208 et
1483 3159 1682 3227 angelis
1718 3170 1770 3213 et

132 3230 527 3287 hominibus.
574 3229 720 3284 Nam
773 3248 964 3289 omnes
996 3237 1237 3309 homines
1281 3222 1579 3311 stupentes,
1614 3258 1771 3318 atque
1797 3222 1840 3284 ο

129 3320 533 3374 admirantes
572 3320 781 3389 duplici
819 3323 871 3376 iii
903 3337 1022 3378 eum
1046 3328 1201 3382 modo
1226 3329 1588 3399 intendebant,
1612 3347 1769 3408 atque

129 3408 460 3475 geminam
519 3412 595 3463 de
636 3409 732 3464 illo
786 3412 1095 3478 opinionem
1128 3415 1648 3492 habentesiindique
1703 3430 1767 3482 ad

130 3511 285 3549 eum
348 3499 789 3567 respiciebant;
827 3503 1044 3569 quidam
1073 3505 1137 3560 de
1173 3511 1399 3574 peccatis
1436 3513 1578 3568 illuni
1610 3532 1767 3571 arcu-

128 3587 383 3641 sabant
413 3590 554 3644 sicut
587 3591 845 3659 Elipbaz,
887 3593 1196 3664 similesque
1235 3599 1351 3666 illi;
1385 3603 1471 3657 alii
1507 3607 1767 3663 nihilomi-

129 3689 257 3729 nus
295 3692 430 3730 non
451 3694 559 3749 pro
591 3682 842 3749 peccatis
871 3682 1019 3737 illum
1049 3689 1525 3758 reprehendebant,
1560 3697 1652 3750 sed
1677 3713 1767 3767 po-

125 3764 261 3818 tius
295 3767 534 3834 justum
574 3769 731 3823 illum
752 3782 1086 3840 reputantes,
1109 3777 1504 3836 mirabanturin
1522 3764 1767 3842 omnibus

120 3867 274 3920 quae
303 3872 345 3907 a
406 3856 646 3915 Domino
664 3860 715 3914 ei
748 3860 897 3915 illata
920 3863 1151 3921 fuerant.
1172 3865 1427 3923 Similiter
1454 3882 1506 3926 et
1530 3876 1764 3931 omnium

110 3945 503 4013 angelorum
535 3957 600 4005 et
634 3951 928 4019 spirituum
979 3956 1201 4023 geminat
1234 3968 1409 4027 partes
1439 3961 1490 4015 in
1532 3976 1650 4017 eum
1683 3965 1764 4019 in-

115 4038 500 4097 tendebant.
561 4043 761 4098 Sancti
814 4043 1031 4112 quidem
1085 4045 1256 4115 angeli
1306 4046 1398 4101 Dei
1431 4064 1549 4112 cum
1578 4067 1763 4123 magna

105 4126 558 4188 sollicitudine
614 4134 675 4187 in
720 4147 847 4187 eum
886 4134 1267 4204 respiciebant,
1307 4137 1597 4195 tolerantiae
1655 4143 1767 4211 ejus

106 4225 728 4279 consummationem
776 4236 1179 4293 exspectantes,
1208 4236 1265 4282 ut
1290 4230 1355 4284 de
1384 4230 1604 4287 victoria
1654 4234 1767 4303 ejus

100 4306 366 4362 devote
437 4315 738 4371 cmlestem
786 4313 985 4384 Regem
1049 4316 1429 4383 collaudarent,
1488 4321 1764 4400 victoriam

90 4394 271 4461 justi
321 4398 466 4471 Job,
527 4415 707 4475 atque
764 4406 977 4461 ruinam
1017 4406 1198 4474 injuSti
1240 4409 1434 4465 diaboli
1458 4394 1760 4467 cernentes.

90 4483 270 4541 Post
310 4490 431 4549 hos
472 4511 683 4552 omnes
713 4495 967 4550 nimirum
1017 4497 1323 4565 nequissimi
1357 4500 1571 4568 spiritus
1597 4504 1765 4572 respi-

90 4577 398 4633 ciebant
444 4588 502 4640 in
541 4601 676 4640 eum
714 4585 840 4638 ﬁxis
886 4586 1159 4640 obtutibus
1184 4602 1305 4642 eum
1346 4589 1761 4659 considerantes,

90 4674 413 4732 sollicite
490 4688 811 4749 sperantes,
886 4688 1050 4747 atque
1110 4688 1501 4747 exspectantes,
1554 4686 1765 4753 quando

93 4765 546 4833 blasphemiae
578 4770 809 4824 verbum
838 4772 905 4822 ab
943 4786 1006 4824 eo
1038 4770 1307 4834 audirent,
1357 4775 1566 4838 quando
1599 4777 1762 4830 male-

96 4856 481 4915 dictionem
515 4860 794 4916 sermonis
810 4859 879 4913 ab
911 4874 973 4913 eo
999 4861 1352 4929 susciperent.
1387 4858 1489 4914 Sed
1526 4864 1762 4920 infelices

102 4964 145 5001 a
183 4966 327 5019 spe
363 4968 464 5009 sua
496 4954 840 5018 deciderunt,
887 4968 1006 5007 cum
1039 4952 1138 5008 Job
1176 4954 1591 5009 benedictionem
1638 4971 1756 5010 cum

105 5056 493 5122 gratiarum
540 5057 855 5112 actionibus
901 5056 1045 5112 omni
1095 5066 1331 5126 tempore
1368 5058 1475 5113 Deo
1517 5059 1755 5117 referret.

111 5156 249 5209 Sic
298 5158 509 5228 itaque
539 5163 671 5230 ipsis
717 5162 882 5216 rebus
926 5161 1236 5228 adimplevit
1267 5163 1455 5216 beatus
1479 5162 1578 5218 Job
1618 5165 1754 5221 idem

109 5261 331 5325 quod
378 5274 497 5327 post
534 5266 634 5319 hoc
676 5279 707 5317 a
744 5264 946 5318 sanctis
984 5264 1187 5316 dictum
1229 5273 1352 5319 est:
1396 5264 1754 5333 Spectaculum

1891 680 2051 739 atque
2083 680 2323 736 terrena,
2362 674 2503 731 sicut
2521 684 2575 732 et
2602 676 2857 742 superius
2887 684 3296 747 demonstratum
3328 708 3430 753 est.

1892 759 2018 815 Post
2053 776 2171 829 quae
2216 762 2461 819 universa
2507 765 2687 822 dicit:
2739 766 2972 838 Pluriiiio
3005 785 3175 830 autem
3213 790 3433 850 tempore

1889 850 2189 917 interposito
2210 852 2342 907 dixit
2369 860 2436 908 ad
2455 872 2570 909 eum
2594 872 2730 910 uxor
2748 859 2861 927 ejus
2884 863 2946 921 ⁸³.
2973 863 3191 923 Diversa
3218 872 3431 943 plurimi

1889 940 1955 993 de
1990 942 2089 995 hoc
2119 951 2357 1012 tempore
2399 947 2537 1014 quod
2570 947 2689 1001 istic
2735 964 3084 1010 memoratum
3122 940 3233 1023 est,
3259 975 3313 1015 et
3342 964 3428 1016 in-

1892 1028 2233 1095 tellexerunt,
2291 1040 2345 1086 et
2402 1034 2559 1089 locuti
2587 1044 2734 1101 sunt,
2779 1039 2868 1095 alii
2900 1044 3109 1110 quidem
3140 1048 3299 1103 breve
3326 1050 3426 1107 hoc

1889 1126 2093 1187 tempus
2131 1118 2297 1176 fuisse
2343 1124 2719 1194 percipientes,
2751 1129 2839 1184 alii
2894 1133 3232 1192 nihilominus
3259 1141 3423 1209 pluri-

1886 1222 2029 1259 mum
2085 1219 2409 1278 astruentes,
2454 1215 2606 1282 quasi
2639 1218 2806 1273 tribus
2850 1225 3078 1278 anniset
3105 1227 3321 1285 dimidio
3369 1233 3421 1286 in

1886 1304 2063 1363 typum
2099 1296 2390 1356 Dominica:
2415 1305 2827 1373 praedicationis,
2854 1313 3010 1366 etiam
3041 1325 3088 1368 et
3117 1317 3271 1386 hujus
3300 1335 3422 1387 pas-

1884 1385 2046 1439 sionis
2093 1396 2305 1457 tempus
2355 1393 2494 1447 sicut
2538 1406 2591 1449 et
2640 1399 2692 1450 in
2724 1402 2932 1456 caeteris
2964 1385 3310 1463 ostenderent
3340 1413 3423 1466 di-

1883 1485 2080 1530 centes.
2130 1476 2360 1547 ldeoque
2395 1483 2484 1548 qui
2529 1484 2795 1541 voluerint
2826 1503 2893 1543 ex
2929 1492 3279 1557 auditoribus,
3346 1498 3419 1551 ita

1882 1565 2191 1632 percipiant.
2214 1565 2321 1623 Nos
2348 1583 2473 1625 vero
2494 1572 2781 1642 Scriptum
2805 1582 3196 1647 consentientes
3230 1585 3422 1641 intelli-

1879 1667 2086 1720 gamus,
2117 1664 2172 1708 et
2205 1656 2349 1712 sicut
2384 1658 2749 1731 intelligimus,
2779 1665 2850 1719 ita
2880 1676 3272 1736 etasseramus,
3320 1675 3420 1730 hoc

1880 1741 2106 1806 primum
2143 1743 2381 1800 dicentes
2408 1756 2462 1801 et
2494 1762 2811 1818 quaerentes,
2837 1767 2933 1811 cur
2954 1754 3258 1812 benedictus
3279 1758 3419 1813 Deus

1879 1829 2075 1884 diutius
2096 1842 2235 1886 esset
2269 1846 2653 1903 pernecaturus
2679 1838 2880 1906 justum
2920 1842 3090 1908 illum,
3125 1860 3245 1900 cum
3268 1847 3416 1902 suill-

1817 1906 1857 1959 Β
1885 1930 2023 1974 ceret
2076 1921 2447 1979 brevissimum
2499 1935 2711 1996 tempus
2742 1931 2808 1984 ad
2856 1906 3217 2001 superandum
3264 1936 3417 1991 mali-

1884 2009 2191 2075 gnissiniiim
2237 2013 2542 2069 diabolum?
2583 2017 2697 2072 Non
2737 2020 2877 2074 enim
2928 2023 3029 2078 hoc
3053 2023 3418 2081 delectabatur

1882 2096 2040 2163 Deus,
2065 2110 2120 2153 ut
2144 2100 2244 2156 Job
2275 2112 2638 2173 torqueretur;
2657 2109 2746 2163 sed
2773 2110 2873 2165 boc
2892 2113 3068 2180 potius
3092 2123 3150 2167 ut
3174 2115 3416 2175 diabolus

1882 2190 2295 2256 convinceretur,
2324 2203 2377 2246 et
2410 2196 2596 2250 beatus
2620 2195 2719 2252 Job
2740 2198 2915 2265 justus
2944 2205 3407 2270 comprobaretur.

1882 2273 2019 2328 Nihil
2062 2291 2188 2347 ergo
2226 2280 2367 2334 aliud
2406 2287 2729 2353 exspectavit
2761 2287 2919 2353 Deus,
2964 2292 3063 2347 nisi
3098 2293 3198 2348 hoc
3240 2295 3411 2350 solum

1879 2365 2089 2432 quando
2114 2366 2358 2423 diabolus
2393 2371 2692 2428 universam
2716 2376 3049 2445 iniquitatem
3074 2396 3224 2437 suam
3257 2386 3414 2452 perli-

1880 2464 2041 2518 ceret,
2078 2463 2132 2508 et
2169 2459 2378 2524 quando
2407 2457 2507 2514 Job
2545 2464 2845 2520 universam
2878 2467 3212 2524 tolerantiam
3260 2486 3412 2527 suam

1878 2542 2210 2611 adimpleret,
2242 2556 2299 2599 ut
2338 2548 2772 2609 inexcusabiliter
2798 2557 3206 2614 convinceretur
3225 2561 3410 2615 diabo-

1878 2628 1976 2689 lus,
2000 2633 2245 2697 etjiistus
2275 2648 2400 2688 vere
2433 2648 2715 2704 appareret
2736 2639 2856 2695 Job.
2893 2641 3000 2697 Hoc
3026 2645 3274 2700 nimirum
3305 2662 3411 2702 non

1878 2718 2125 2774 diuturno
2153 2735 2411 2776 annorum
2456 2726 2655 2792 spatio,
2682 2728 2773 2781 sed
2814 2729 3126 2786 brevissimo
3151 2736 3408 2789 mensium

1879 2817 2111 2878 tempore
2166 2811 2575 2870 irrefiitabiliter
2629 2830 3054 2876 consummatum
3099 2833 3200 2878 est.
3247 2824 3411 2893 Hujus

1878 2914 2105 2969 namque
2141 2902 2214 2956 rei
2248 2904 2396 2958 testis
2429 2908 2810 2974 comprobatur
2841 2911 3001 2964 etiam
3039 2913 3149 2980 ipse
3179 2912 3298 2979 Job,
3329 2916 3407 2969 di-

1875 3002 2046 3043 cetis:
2101 2990 2342 3044 Sustinui
2385 3009 2579 3047 meme:
2626 3011 2966 3060 supervacuos
2993 3000 3063 3063 ",
3105 3015 3209 3053 non
3238 3016 3408 3058 annos

1874 3078 1965 3130 sed
1984 3092 2211 3134 menses.
2239 3078 2371 3133 Nam
2404 3072 2541 3135 sicut
2570 3084 2636 3137 de
2659 3085 2931 3141 mensibus
2964 3101 3068 3140 non
3097 3087 3242 3142 siluit
3284 3088 3404 3155 Job,

1872 3166 1948 3219 sic
1990 3166 2152 3220 multo
2182 3167 2407 3236 amplius
2446 3170 2511 3224 de
2542 3172 2695 3226 annis
2727 3187 2829 3227 non
2859 3172 3095 3228 siluisset
3141 3176 3185 3230 si
3239 3190 3406 3231 annos

1869 3254 2222 3311 sustinuisset.
2248 3257 2399 3312 Nunc
2418 3273 2542 3314 vero
2562 3262 2684 3329 quia
2714 3277 2815 3317 non
2834 3278 3001 3318 annos
3025 3266 3293 3332 sustinuit,
3310 3268 3405 3321 sed

1867 3357 2094 3408 menses,
2116 3345 2302 3400 merito
2317 3360 2447 3400 sane
2471 3363 2642 3404 annos
2661 3365 2762 3405 ll0ll
2786 3361 3065 3414 memorat,
3084 3368 3294 3409 menses
3308 3371 3405 3409 au-

1867 3439 1972 3484 tem
1987 3432 2415 3490 nominatdiceus
2438 3452 2453 3489 :
2477 3435 2712 3492 Sustinui
2733 3455 2926 3494 menses
2942 3444 3406 3509 supervacuos.De-

1866 3525 2086 3595 buerant
2116 3541 2241 3596 ergo
2277 3527 2332 3582 bl
2377 3529 2467 3597 qui
2508 3538 2617 3584 tres
2650 3546 2817 3586 annos
2848 3542 2904 3587 et
2943 3533 3219 3588 dimidium
3242 3536 3407 3591 fuisse

1865 3615 2126 3683 passionis
2153 3614 2253 3672 Job
2281 3627 2545 3684 astruuiit,
2576 3629 2682 3675 tres
2709 3636 2921 3677 menses
2941 3631 2995 3677 et
3016 3622 3291 3677 dimidium
3320 3626 3402 3679 di-

1863 3719 2001 3768 cere,
2024 3716 2082 3760 ut
2111 3717 2256 3762 certe
2283 3707 2362 3762 vel
2382 3723 2446 3763 ex
2480 3721 2630 3779 parte
2652 3710 2863 3765 veritati
2893 3727 2996 3765 non
3014 3712 3406 3779 resisterent,et

1865 3789 2191 3846 Dominicum
2228 3795 2526 3863 exemplum
2576 3797 2704 3850 illud
2747 3798 3167 3855 consimilarent.
3212 3799 3404 3857 Tribus

1865 3897 2092 3952 namque
2144 3884 2298 3938 annis
2342 3894 2397 3939 et
2450 3886 2664 3941 dimidio
2712 3887 3019 3957 pradicavit
3062 3888 3316 3945 Dominus
3370 3908 3402 3944 a

1864 3969 2124 4039 baptismo
2151 3986 2317 4040 usque
2346 3972 2397 4025 in
2432 3973 2753 4040 passionem.
2796 3974 2887 4029 Sic
2928 3984 2983 4028 et
3025 3975 3137 4044 ipsa
3180 3977 3401 4032 historia

1864 4071 1966 4111 non
2005 4066 2112 4112 tres
2139 4073 2306 4113 annos
2335 4058 2617 4128 significat,
2648 4061 2740 4115 sed
2779 4062 2940 4116 breve
2975 4064 3230 4117 mensium
3269 4075 3404 4118 tein-

1864 4160 1981 4214 pus.
2027 4146 2263 4200 Primum
2297 4148 2508 4216 quidem
2557 4164 2651 4218 per
2699 4149 2798 4204 hoc
2836 4150 2975 4218 quod
3019 4153 3236 4221 contigit
3281 4168 3407 4207 cum

1863 4251 1986 4290 suas
2015 4235 2192 4304 plagas
2225 4237 2275 4291 ei
2311 4237 2493 4292 intulit
2520 4240 2802 4310 malignus.
2835 4240 2965 4294 Nam
2999 4254 3206 4310 semper
3230 4243 3405 4297 adhuc

1864 4324 2033 4392 primo
2058 4325 2308 4393 loquente
2339 4327 2475 4383 alius
2505 4331 2912 4398 superveniebat
2943 4332 3178 4386 nuntius.
3205 4331 3402 4386 Deinde

1864 4412 2040 4466 statim
2078 4414 2193 4469 sine
2229 4432 2376 4472 mora
2413 4419 2702 4474 saevissima
2737 4436 2799 4474 ac
2827 4421 3047 4476 terribili
3087 4422 3233 4479 illum
3278 4438 3399 4493 per-

1863 4501 2027 4555 cussit
2051 4502 2224 4572 plaga.
2256 4504 2386 4560 Item
2417 4522 2535 4560 mox
2571 4523 2663 4577 per
2687 4524 2904 4564 uxorem
2934 4509 3165 4573 seduxit,
3210 4510 3399 4567 deinde

1863 4603 2249 4661 consequenter
2293 4597 2344 4649 in
2390 4596 2634 4650 ordinem
2673 4612 2768 4665 per
2812 4600 3011 4654 amicos
3041 4600 3397 4668 reprehendit,

1860 4695 1978 4748 quae
2007 4682 2249 4736 universa
2276 4683 2326 4737 in
2359 4686 2543 4753 paucis
2576 4688 2845 4741 mensibus
2875 4688 3116 4757 perfecit.
3149 4689 3397 4745 Protinus

1857 4768 2239 4837 subsequenter
2271 4773 2526 4827 Dominus
2556 4774 2621 4826 ad
2650 4790 2768 4828 eum
2820 4776 3030 4831 locutus
3076 4786 3157 4831 est
3195 4779 3396 4847 justum

1857 4857 2000 4912 illuni
2039 4861 2284 4917 omnibus
2343 4865 2729 4928 demonstrans,
2768 4875 2925 4936 atque
2960 4882 3199 4924 sanctum
3248 4870 3395 4923 illiilli

1855 4951 2059 5004 cunctis
2125 4953 2459 5019 testificans,
2505 4958 2561 5009 et
2599 4955 2701 5008 illis
2755 4957 2843 5025 qui
2904 4966 3027 5011 tunc
3068 4961 3295 5023 fuerunt,
3343 4965 3398 5010 et

1862 5038 1981 5093 istis
2019 5041 2109 5108 qui
2180 5052 2338 5096 erunt
2403 5058 2571 5113 usque
2630 5044 2682 5098 in
2724 5055 3056 5113 perpetuum.
3090 5045 3212 5100 llaec
3243 5060 3393 5100 nam-

1864 5145 1967 5198 que
2010 5130 2148 5185 intra
2197 5146 2396 5200 paucos
2439 5148 2649 5189 menses
2696 5135 2877 5203 perlici
2922 5143 3227 5204 potuerunt.
3278 5132 3391 5186 Non

1858 5220 1998 5273 enim
2029 5228 2145 5274 erat
2177 5221 2379 5291 justum
2403 5260 2419 5287 ,
2451 5237 2624 5293 neque
2656 5225 2894 5294 amplexa
2926 5235 3007 5278 est
3035 5225 3121 5279 Dei
3164 5223 3390 5283 bonitas,

3336 495 3437 551 ωε

1857 5321 1914 5364 ut
1958 5311 2200 5380 plurimis
2255 5312 2410 5367 annis
2452 5312 2839 5369 lamentabilem
2887 5316 3030 5370 illam
3079 5313 3379 5381 passionem

1846 5398 2018 5467 justus
2055 5401 2440 5459 suilerretJob.
2473 5403 2731 5460 Omnibus
2768 5406 2942 5472 itaque
2974 5400 3390 5489 modisdemon-

1846 5491 2007 5545 strari
2045 5500 2235 5559 potest,
2276 5494 2397 5562 quia
2442 5508 2545 5548 non
2589 5493 2829 5562 plurimis
2858 5490 3050 5552 annis,
3080 5485 3172 5538 sed
3200 5485 3382 5548 paucis

1849 5583 2137 5653 mensibus,
2186 5585 2299 5644 huic
2351 5587 2600 5646 universa
2648 5585 2857 5654 impleta
2911 5587 3053 5636 sunt.
3103 5569 3382 5641 Quomodo

111 5360 322 5424 [acti
380 5374 550 5419 simius
567 5366 781 5428 mundo,
808 5376 856 5419 et
878 5364 1079 5432 angelis
1103 5364 1445 5418 ethominibus
1464 5368 1528 5420 ”.
1550 5367 1629 5422 οι)
1651 5370 1748 5427 hoc

111 5471 194 5513 et
228 5476 453 5529 super
470 5482 710 5521 acervum
744 5466 1003 5522 stercoris
1034 5474 1186 5517 extra
1209 5466 1462 5521 civitatein
1494 5472 1634 5526 sedit
1661 5474 1746 5531 hic

109 5564 421 5632 iustus,
453 5581 651 5627 stercus
675 5586 738 5626 ac
765 5568 1105 5637 putredinem
1134 5568 1435 5626 existimans
1456 5584 1617 5644 atque
1646 5577 1740 5635 de-

208 5738 286 5781 ’³
358 5735 386 5787 Ι
415 5739 527 5802 Cor.
568 5762 641 5811 iv,
676 5745 730 5798 9.
805 5744 848 5777 ”
874 5742 971 5797 Job
1008 5757 1065 5809 ti,
1093 5742 1145 5796 9.
1220 5742 1369 5799 "Job
1402 5760 1491 5810 vti,
1520 5747 1573 5802 3.
