3916 6452
712 384 815 439 475

1773 380 2146 436 ANONYMUS
2182 380 2246 435 IN
2283 378 2418 437 J08.
2456 413 2522 423 —
2558 380 2687 436 LIB.
2727 380 2793 434 ll.
3686 394 3755 450 liti

714 499 854 551 enim
883 493 1104 548 suﬂ‘erre
1128 502 1373 562 poterant
1398 508 1587 548 carnes
1610 494 1731 558 Job,
1764 495 1847 549 vel
1877 498 2112 548 membra
2135 534 2150 558 ,
2191 505 2247 547 ut
2275 500 2319 554 Α
2350 496 2521 550 minus
2568 494 2761 549 elliciet
2806 491 3071 547 suasionis
3114 490 3359 546 seductto.
3394 494 3673 567 Confugiam,
3703 508 3756 559 in.

715 589 881 641 tribus
912 586 1062 638 annis
1086 595 1138 639 et
1161 577 1381 639 diittidio
1403 600 1431 637 a
1458 588 1730 640 vermibus
1758 600 1819 638 ac
1853 586 2129 653 putredine
2159 600 2247 639 es-

711 686 831 730 sent
873 676 1150 728 comesta?
1195 675 1468 741 Quomodo
1506 686 1750 743 poterant
1798 675 2024 729 sufl’erre
2057 691 2247 731 carnes

713 767 828 831 eius
854 782 915 819 ac
939 781 1080 828 ossa,
1114 777 1170 818 ut
1201 766 1371 820 tribus
1399 767 1553 821 annis
1583 776 1637 820 et
1664 767 1888 822 dimidio
1915 769 2248 822 amarissimo

709 855 892 908 dolore
936 854 1125 907 fuisset
1172 855 1401 909 vexata?
1442 855 1496 908 In
1538 871 1641 924 qua
1687 856 2024 909 amarissima
2067 869 2245 923 pana,

707 944 883 997 omnis
923 946 1070 997 furor
1104 954 1159 997 et
1203 945 1498 1012 indignatio
1542 944 1755 1014 maligni
1800 945 1994 1000 diaboli
2040 956 2121 1000 est
2153 947 2245 1000 de-

708 1044 1025 1088 monstrata.
1070 1033 1198 1086 Post
1239 1036 1423 1088 horum
1466 1049 1691 1103 namque
1719 1035 1955 1088 omnium
1983 1034 2244 1104 approba-

709 1128 912 1181 tionem
937 1126 1101 1180 dicit:
1134 1126 1371 1179 Plurimo
1398 1136 1566 1178 autem
1603 1135 1827 1193 tempore
1859 1127 2159 1193 interposito
2175 1126 2242 1179 ’³.

709 1217 774 1271 Ει
796 1232 934 1270 unus
962 1216 1160 1268 mensis
1191 1224 1399 1283 tempus
1422 1225 1519 1279 est,
1561 1223 1615 1268 et
1644 1215 1747 1267 duo
1775 1215 1855 1269 vel
1895 1227 2006 1268 tres
2037 1230 2247 1270 menses

708 1306 994 1378 plurimum
1041 1316 1249 1371 tempus
1290 1314 1409 1358 est:
1470 1305 1671 1357 idcirco
1704 1320 1807 1358 non
1841 1306 1972 1359 dicit
2002 1305 2244 1374 plurimis

708 1402 832 1446 ante
859 1394 1041 1456 armis,
1076 1394 1170 1446 sed
1201 1392 1427 1458 plurimo
1447 1431 1463 1454 ,
1494 1392 1699 1459 inquit,
1730 1401 1985 1461 tempore.
2030 1392 2159 1445 Nam
2192 1403 2246 1448 et

711 1484 1022 1552 frequenter
1059 1483 1303 1550 proximo
1330 1482 1510 1549 aliquo
1536 1482 1830 1549 quemlibet
1868 1484 2166 1547 mittentes,
2200 1483 2245 1537 si

711 1573 1051 1641 tardigradus
1091 1571 1251 1624 fuerit
1284 1571 1329 1624 is
1357 1572 1446 1640 qui
1477 1572 1667 1626 missus
1690 1581 1806 1636 est,
1852 1582 2245 1627 murmurantes

711 1661 847 1714 soliti
876 1669 999 1714 sunt
1027 1661 1402 1725 dicerezQuid
1448 1661 1625 1715 fecisti
1670 1671 1818 1716 tanto
1860 1664 2135 1730 tempore?
2188 1664 2242 1718 Si

710 1767 835 1818 ergo
878 1753 989 1805 dies
1028 1759 1233 1820 tempus
1277 1753 1473 1805 dicitur
1519 1751 1782 1819 prolixum
1808 1792 1823 1817 ,
1864 1753 2030 1807 multo
2078 1757 2244 1822 magis

2347 584 2481 653 quit,
2531 585 2598 638 ad
2645 583 2865 651 antiqua
2908 596 3022 635 mea
3072 596 3234 647 arma,
3279 596 3367 650 per
3402 599 3502 652 quae
3538 588 3665 643 Adam
3699 609 3756 647 se.

2346 676 2561 727 ductum
2600 671 2959 742 supplantavi.
3010 669 3119 723 Illic
3152 681 3382 739 serpente
3418 688 3491 727 me
3527 675 3757 736 induensad

2345 761 2506 817 Evam
2536 763 2744 814 locutus
2777 774 2917 824 sum,
2953 757 3139 811 deinde
3166 772 3255 825 per
3283 757 3430 811 Evam
3457 759 3626 816 locutus
3645 765 3756 822 Adam

2344 855 2552 910 seduxi.
2594 852 2762 906 Habet
2796 852 2959 905 etiam
2991 847 3088 902 Job
3119 861 3329 902 uxorem
3351 887 3365 910 ,
3392 864 3481 916 qua
3509 866 3580 904 me
3605 852 3761 913 illde

2345 943 2614 999 subtiliter
2638 957 2734 1011 per
2759 940 2903 994 illam
2936 953 3056 993 eum
3091 939 3347 1001 seducam,
3379 948 3520 1008 atque
3544 941 3759 1000 fraudulen-

2347 1046 2427 1088 ter
2455 1033 2829 1103 persuadeam.
2860 1030 2993 1084 Cum
3024 1030 3134 1083 haec
3166 1028 3295 1097 apud
3319 1042 3372 1082 se
3396 1032 3635 1097 cogitaret,
3659 1043 3759 1104 atque

2346 1126 2698 1179 meditaretur
2738 1121 3116 1189 nequissimus,
3157 1119 3327 1174 statim
3365 1136 3485 1174 uxor
3516 1136 3567 1177 os
3603 1123 3653 1175 ad
3682 1140 3759 1193 per-

2343 1213 2672 1267 suadendum
2721 1212 2933 1280 aperire
2976 1210 3291 1280 preperavit.
3320 1208 3458 1275 Quod
3489 1211 3760 1268 demonstrant

2346 1304 2459 1357 haec
2491 1302 2768 1371 Scriptura
2800 1301 2927 1355 dicit
2954 1317 2968 1354 :
3009 1300 3234 1354 Plurima
3265 1312 3426 1352 autem
3453 1310 3635 1368 tempore
3658 1302 3760 1355 inter-

2343 1392 2544 1460 posito,
2606 1391 2741 1443 dixit
2787 1390 2857 1442 ad
2909 1405 3026 1442 eum
3091 1404 3222 1441 uxor
3273 1388 3377 1457 ejus
3399 1389 3458 1441 ".
3497 1388 3763 1443 Plurimuaa-

2345 1490 2448 1535 tem
2500 1489 2740 1548 tempore
2800 1480 3147 1550 interposito,
3183 1494 3297 1532 eum
3352 1477 3443 1532 Job
3480 1490 3761 1548 perseveraret,

2344 1580 2399 1624 et
2446 1586 2548 1624 non
2596 1570 3000 1634 immutaretur,
3045 1584 3164 1623 cum
3193 1567 3287 1621 Joh
3319 1569 3366 1621 in
3412 1568 3503 1622 fide
3539 1570 3762 1633 firmaretur,

2344 1667 2401 1712 et
2453 1660 2505 1711 in
2541 1660 2767 1712 veritate
2803 1659 3181 1719 roboraretur,
3227 1659 3515 1712 fundaretur
3547 1658 3589 1711 in
3626 1659 3763 1726 pietate,

2347 1758 2507 1816 atque
2551 1749 2603 1801 in
2649 1749 2857 1817 justitia
2906 1748 3364 1812 constabiliretur,
3400 1749 3447 1801 in
3484 1748 3690 1803 charitate
3719 1750 3766 1803 in-

710 1816 968 1896 mensium
1031 1816 1239 1911 tempus
1295 1816 1557 1912 prolixum
1607 1852 1765 1910 atque
1808 1816 2090 1909 plurimum
2143 1816 2245 1898 dici
2277 1816 2318 1869 Β
2347 1848 2672 1901 strueretur.
2717 1846 2771 1892 ct
2815 1838 2870 1891 in
2915 1839 3208 1906 gratiarum
3250 1837 3523 1891 actionibus
3555 1838 3767 1907 persisteret

707 1943 901 2001 potest.
946 1933 1025 1987 Ob
1074 1935 1172 1987 hoc
1215 1950 1342 2002 ergo
1388 1935 1517 1987 dicit
1553 1934 1778 2003 plurimo
1818 1942 2052 2001 tempore
2082 1935 2248 1988 inter-

707 2023 899 2092 posito.
940 2021 1229 2076 Plurimum
1262 2040 1491 2093 namque
1519 2031 1845 2076 memoratur
1881 2022 1981 2075 hoc
2018 2031 2246 2089 tempus,

708 2127 811 2166 non
840 2115 906 2166 ob
935 2114 1033 2166 hoc
1058 2113 1224 2166 solum
1253 2115 1390 2179 quod
1417 2113 1697 2181 plurimutn
1725 2110 1889 2165 fuerit
1917 2110 2247 2179 longitudine

709 2203 984 2269 temporis,
1028 2204 1109 2257 vel
1146 2204 1303 2270 spatii
1344 2203 1679 2271 prolixitate,
1713 2202 1805 2255 sed
1849 2202 2077 2254 maxime
2122 2218 2246 2270 pro-

707 2306 824 2362 pter
863 2295 1145 2362 plurimum
1186 2294 1439 2357 dolorem,
1480 2293 1763 2361 plurimum
1807 2291 1999 2345 dicitur
2023 2303 2075 2345 et
2107 2294 2247 2346 testi-

707 2395 885 2440 matur
916 2387 1014 2438 hoc
1054 2393 1261 2452 tempus
1292 2384 1476 2437 fuisse.
1505 2383 1757 2445 Plurimo,
1784 2384 1977 2452 inquit,
2009 2393 2246 2451 tempore

708 2474 1041 2542 interposito,
1080 2483 1297 2541 pr0pter
1341 2471 1624 2540 plurimam
1663 2472 1987 2539 passionem,
2030 2482 2247 2540 propter

707 2566 1030 2618 acerrimum
1054 2565 1320 2627 dolorem,
1345 2572 1562 2631 propter
1590 2562 2117 2617 vehementissimum
2144 2562 2248 2615 vul-

705 2671 824 2718 nus,
862 2666 1075 2724 propter
1106 2654 1493 2707 amarissimain
1524 2667 1762 2723 pmnam.
1802 2651 2039 2707 Plurimo
2071 2664 2243 2708 autem

704 2755 941 2812 tempore
972 2745 1305 2811 interposito,
1339 2753 1558 2812 propter
1585 2744 1863 2812 plagarum
1894 2743 2244 2808 nimietatem,

705 2846 924 2904 propter
974 2835 1250 2888 humorem
1300 2848 1492 2900 corpus
1537 2844 1695 2900 atque
1738 2834 1975 2886 membra
2023 2832 2246 2898 liquefa-

704 2927 968 2987 cientem,
1019 2939 1113 2991 pro
1163 2922 1459 2976 innumeris
1513 2922 1782 2975 vermibus
1838 2936 2031 2975 nervos
2085 2931 2245 2989 atque

702 3031 823 3069 ossa
868 3014 1264 3068 devorantibus.
1329 3010 1432 3064 Pro
1495 3011 1577 3063 his
1623 3010 1872 3063 omnibus
1922 3010 2127 3077 magnis
2183 3024 2244 3062 ac

702 3105 947 3173 plurimis
1000 3103 1250 3171 gravibus
1308 3109 1466 3166 atque
1498 3098 1822 3152 terribilibus
1861 3097 2242 3151 exsistentibus
2269 3128 2311 3182 ε

702 3195 987 3263 plurimum
1033 3192 1201 3243 fuisse
1242 3192 1341 3243 hoc
1366 3196 1573 3255 tempus
1613 3195 1959 3239 memoratur.
2002 3184 2237 3240 Plurimo

703 3293 881 3335 autem
914 3292 1149 3348 tempore
1180 3280 1495 3346 interposito
1516 3316 1530 3341 ,
1572 3291 1692 3330 cum
1729 3274 1827 3328 Job
1859 3290 1962 3326 non
1995 3289 2243 3327 succum-

702 3370 873 3433 beret,
903 3383 1072 3436 neque
1107 3367 1494 3429 debilitaretur,
1531 3379 1702 3431 neque
1729 3362 2088 3417 delassaretur
2107 3401 2122 3426 ,
2152 3379 2244 3417 ne-

703 3473 807 3527 que
850 3459 1135 3517 deficeret,
1167 3456 1258 3509 sed
1292 3455 1344 3508 in
1386 3456 1585 3509 eisdem
1628 3453 1919 3522 gratiarum
1951 3454 2246 3509 actionibus

703 3556 863 3613 atque
896 3544 1321 3600 confessionibus
1350 3551 1708 3611 permaneret.
1736 3542 1885 3597 Unde
1906 3544 2046 3596 enim
2060 3545 2242 3611 etrapit,

706 3636 813 3689 illic
842 3646 896 3687 et
928 3634 1312 3703 perseveravit,
1346 3633 1395 3684 in
1430 3633 1725 3699 gratiarum
1758 3632 2059 3685 actionibus
2087 3643 2245 3698 atque

704 3715 1183 3779 benedictionibus.
1223 3720 1336 3785 Sit,
1384 3723 1588 3790 inquit,
1625 3737 1809 3774 nomen
1845 3721 2049 3774 Domini
2094 3721 2241 3773 bene-

702 3815 897 3868 dictum
939 3815 994 3866 in
1022 3812 1213 3866 sarcula
1235 3810 1303 3864 ".
1335 3810 1464 3863 Cum
1492 3811 1543 3862 in
1572 3810 1689 3863 iStis
1722 3824 1849 3877 ergo
1884 3818 2247 3878 perseveraret

702 3905 822 3971 Job,
856 3905 1214 3974 nequissimus
1250 3901 1493 3955 diabolus
1534 3900 1828 3969 obstupuit,
1875 3901 2109 3966 expavit,
2155 3900 2247 3953 de-

703 3998 966 4064 speravit,
1004 4006 1164 4064 atque
1202 3992 1549 4060 semetipsum
1590 4004 1907 4045 consumens
1943 3990 2110 4043 dixit:
2140 3991 2239 4045 Ubi

702 4096 780 4140 est
834 4089 1174 4155 praesumptio
1244 4084 1400 4138 mea?
1453 4083 1543 4137 ubi
1595 4092 1679 4137 est
1726 4082 1991 4135 audacia?
2028 4082 2120 4135 ubi
2164 4092 2247 4136 cst

701 4182 850 4236 labor
886 4184 1068 4236 meus?
1100 4182 1320 4237 Omnem
1349 4178 1760 4232 sollicitudinem
1798 4179 2048 4243 exercui,
2090 4187 2144 4232 et
2188 4179 2241 4233 in

701 4273 799 4326 Job
824 4272 950 4325 nihil
983 4272 1103 4337 feci;
1131 4271 1310 4326 omnia
1343 4277 1654 4336 argumenta
1682 4268 1909 4334 ostendi,
1942 4277 1995 4322 et
2030 4268 2245 4322 fortitu-

702 4362 878 4415 dinem
907 4362 1003 4416 Job
1026 4379 1128 4416 non
1166 4360 1373 4428 deieci;
1410 4373 1597 4413 omnes
1639 4357 1863 4425 sagittas
1903 4359 2243 4426 nequissimae

2346 1929 2568 1982 devotus
2612 1939 2772 1998 atque
2813 1929 3100 1993 sollicitus,
3134 1945 3251 1983 cum
3281 1929 3331 1983 in
3365 1930 3623 1998 hujusmodi
3650 1945 3767 1983 conso-

2346 2018 2527 2071 nantia
2564 2018 2665 2073 Job
2698 2020 3038 2087 persisteret,
3078 2022 3209 2074 dixit
3238 2022 3300 2074 ad
3339 2033 3449 2073 eum
3482 2036 3593 2073 uxor
3615 2019 3707 2088 ejus.
3731 2019 3768 2072 Et

2345 2123 2533 2163 revera
2561 2125 2665 2162 non
2701 2126 2840 2165 uxor
2865 2111 3033 2177 dixit,
3069 2112 3161 2165 sed
3194 2111 3427 2165 diabolus
3447 2112 3526 2179 qui
3551 2125 3625 2178 per
3645 2125 3687 2163 os
3704 2109 3770 2175 eius

2342 2206 2424 2250 est
2453 2196 2684 2262 locutus,
2714 2200 2806 2267 qui
2846 2198 3158 2268 frequenter
3189 2199 3451 2252 consuevit
3477 2197 3596 2266 loqui
3619 2198 3667 2249 ad
3687 2200 3770 2249 viros

2342 2300 2439 2354 per
2477 2302 2538 2341 os
2576 2289 2889 2351 mulierum,
2936 2290 3025 2359 qui
3070 2303 3208 2358 saepe
3247 2289 3426 2342 solitus
3463 2298 3535 2342 est
3560 2288 3770 2340 subvertere

2344 2378 2487 2432 viros
2522 2394 2619 2447 per
2644 2395 2707 2433 os
2733 2382 3024 2450 coniugum
3049 2421 3065 2446 ,
3092 2391 3250 2450 atque
3280 2381 3342 2432 ad
3373 2379 3496 2433 mala
3523 2379 3721 2432 concitare
3742 2389 3771 2429 et

2344 2468 2482 2520 mala
2512 2470 2729 2532 docere,
2775 2473 3016 2538 rapinas,
3058 2470 3367 2533 calumnias,
3394 2468 3668 2531 violentiam,
3689 2467 3771 2533 cupi-

2344 2561 2590 2623 ditatem,
2619 2561 2921 2615 alienorum
2956 2561 3334 2630 appetentiam,
3360 2569 3505 2628 atque
3525 2560 3665 2611 odium
3686 2557 3770 2609 circa

2344 2651 2637 2717 proximos.
2695 2651 3043 2720 Frequenter
3094 2651 3235 2704 enim
3296 2650 3532 2703 invidiam
3575 2646 3771 2701 accendunt

2345 2741 2487 2794 inter
2536 2742 2717 2805 viros,
2772 2743 2918 2796 sicut
2967 2742 3197 2797 invicem
3252 2752 3458 2809 propter
3495 2736 3771 2806 improbitatem

2344 2847 2494 2885 suam
2523 2832 2899 2901 litigaverunt.
2942 2832 3212 2887 Continuo
3247 2832 3345 2884 illis
3374 2832 3423 2884 in
3457 2827 3656 2884 infelices
3688 2823 3771 2875 viros

2343 2922 2464 2975 odia
2491 2930 2655 2988 atque
2682 2921 3068 2974 contentiones
3095 2919 3388 2970 adinvicem
3417 2916 3617 2970 excitare
3638 2918 3773 2964 conten-

2344 3011 2495 3062 dunt.
2530 3010 2677 3074 Quos
2720 3024 2844 3063 cum
2877 3011 2986 3064 sint
3020 3010 3229 3078 paciﬁci
3272 3020 3423 3077 atque
3449 3004 3687 3065 unanimes,
3704 3012 3773 3051 Cum

2344 3100 2664 3153 adversariis
2706 3102 2823 3154 suis
2864 3100 2979 3154 sive
3023 3101 3107 3154 his
3148 3101 3237 3168 qui
3272 3100 3411 3153 intus
3448 3105 3582 3155 sunt,
3614 3093 3695 3146 sive
3723 3087 3773 3155 εἶσί

2344 3189 2475 3244 foris
2520 3200 2645 3244 sunt
2667 3230 2683 3254 ,
2719 3193 3021 3246 concordes
3063 3200 3207 3246 stare
3240 3194 3531 3259 oportuerat
3555 3194 3600 3239 et
3629 3196 3671 3237 se
3696 3178 3774 3231 inri-

2343 3295 2458 3333 cem
2487 3280 2781 3336 defendere
2804 3321 2818 3345 ,
2853 3292 3020 3350 atque
3050 3282 3281 3335 invicem
3316 3280 3572 3347 adjuvare,
3595 3272 3662 3327 isti
3681 3266 3774 3322 nimi.

2344 3387 2460 3424 rum
2490 3372 2899 3441 compelluntur
2932 3384 3156 3442 propter
3184 3373 3441 3439 nequitias
3463 3379 3646 3422 uxorum
3664 3362 3776 3414 adter-

2342 3476 2459 3513 sum
2490 3461 2718 3513 invicem
2753 3462 3041 3531 insurgere
3078 3472 3131 3516 et
3172 3478 3230 3516 se
3271 3463 3485 3515 invicem
3519 3457 3620 3511 odio
3642 3450 3776 3507 haben.

2342 3565 2448 3618 quo
2478 3551 2687 3619 possint
2724 3551 3040 3619 iniquarum
3072 3562 3301 3604 uxorum
3327 3548 3526 3603 malitia:
3553 3538 3775 3598 satisfacere.

2342 3637 2680 3706 Frequenter
2702 3642 2851 3693 enim
2879 3656 2976 3709 per
3000 3642 3285 3710 coniugum
3310 3656 3370 3694 os
3392 3640 3495 3692 hinc
3518 3634 3619 3689 talia
3634 3626 3779 3696 loquitur

2343 3728 2585 3782 diabolus
2618 3730 2685 3782 ad
2727 3730 2901 3793 viros,
2941 3731 3253 3799 frequenter
3282 3730 3409 3783 dicit
3444 3727 3502 3780 ad
3528 3724 3643 3776 viros
3671 3726 3780 3786 peroS

2341 3817 2626 3887 cetrjugutn
2661 3819 2872 3874 :Existi
2904 3820 3054 3876 foras
3078 3862 3092 3886 ,
3132 3832 3184 3875 et
3220 3822 3349 3875 nihil
3377 3823 3507 3873 intro
3530 3810 3715 3869 attulisti.
3743 3804 3780 3855 De

2341 3907 2427 3960 via
2458 3909 2675 3973 venisti,
2699 3920 2759 3963 et
2784 3913 2970 3966 vacuis
2998 3913 3246 3966 manibus
3275 3914 3480 3966 domum
3510 3900 3706 3961 introisti.
3724 3894 3781 3947 Alii

2340 4006 2490 4063 eunt,
2519 4008 2573 4052 et
2607 4004 2819 4054 reversi
2847 4000 3084 4055 all'erunt
3111 4021 3123 4055 :
3161 4002 3250 4055 alii
3291 4000 3656 4069 proficiscuntur
3678 3998 3780 4040 σιτε-

2342 4085 2551 4139 trientes
2591 4089 2992 4155 perducuntur.
3039 4090 3120 4144 Tu
3166 4106 3290 4145 vero
3315 4091 3532 4150 deterior
3557 4080 3781 4139 (steteris.lu

2341 4185 2518 4229 autem
2543 4177 2777 4231 debilior
2804 4181 2958 4247 viris,
3002 4182 3248 4235 inutilior
3290 4182 3506 4241 cunctis,
3537 4166 3782 4239 aliaqueill-

2345 4264 2475 4317 rima
2510 4280 2634 4333 quae
2678 4271 2858 4325 solita:
2901 4273 3086 4341 impia:
3130 4272 3383 4326 mulieres
3430 4270 3558 4339 loqui
3594 4264 3691 4320 viris
3720 4255 3784 4311 suis

2343 4365 2595 4420 cegentes
2642 4370 2738 4410 eos
2785 4360 2852 4413 ad
2904 4362 3079 4426 mala,
3122 4370 3284 4430 atque
3326 4363 3521 4416 animas
3566 4358 3735 4410 virorum
3753 4345 3783 4396 ἱυ

705 4453 967 4519 pharetrae
1013 4467 1141 4505 meae
1190 4451 1467 4513 evacuavi,
1517 4457 1573 4501 et
1603 4446 1833 4499 animam
1864 4446 1962 4501 Job
1994 4463 2097 4500 non
2128 4449 2242 4501 vul-
2270 4450 2317 4507 ι)
2345 4446 2606 4499 modicum
2643 4462 2917 4516 quaestum
2956 4455 3348 4517 venundantes,
3377 4453 3456 4507 vel
3480 4450 3625 4520 potius
3642 4440 3785 4512 perdere

707 4542 909 4593 neravi.
939 4540 1122 4605 Filios,
1153 4542 1343 4609 inquit,
1375 4541 1488 4609 ejus
1517 4539 1720 4608 perdidi
1751 4548 1803 4591 et
1828 4552 2039 4591 sensum
2068 4538 2180 4605 ejus
2209 4554 2240 4592 a

706 4631 815 4683 Deo
845 4645 945 4681 non
984 4631 1350 4697 praevaricavi.
1387 4629 1520 4683 Rem
1565 4628 1881 4682 familiarem
1924 4628 2039 4694 ejus
2068 4639 2243 4682 exter-

676 4714 932 4778 ⁸ιιιὶηιινί,
964 4716 1054 4766 sed
1083 4716 1396 4769 charitatem
1426 4716 1543 4783 ejus
1571 4731 1727 4784 quam
1770 4716 1930 4769 habet
1967 4716 2111 4769 circa
2142 4718 2242 4769 Do-

705 4803 904 4855 minum
931 4802 1093 4855 Deum
1143 4820 1245 4858 non
1293 4806 1545 4859 exstinxi.
1582 4805 1809 4859 Carnem
1860 4816 1914 4857 et
1958 4819 2078 4858 ossa
2125 4803 2242 4871 ejus

701 4892 972 4945 vermibus
1011 4901 1167 4960 atque
1195 4895 1474 4960 putredine
1496 4897 1825 4964 consumpsi,
1857 4896 1947 4949 sed
1973 4896 2128 4951 fidem
2161 4907 2242 4949 at-

701 5000 805 5055 que
835 4984 1194 5038 sinceritatem
1229 4987 1420 5040 animis
1448 4984 1561 5052 eius
1589 5002 1695 5039 non
1726 4987 1944 5040 violavi.
1976 4986 2112 5053 Quid
2142 4989 2243 5055 igi-

702 5090 787 5133 tur
824 5075 1012 5129 faciam
1054 5075 1127 5127 illi
1167 5077 1345 5135 adhuc
1384 5077 1525 5147 quod
1569 5093 1672 5131 non
1714 5078 1857 5133 feci?
1906 5080 2042 5145 Quid
2090 5080 2143 5134 in
2179 5096 2244 5134 eo

698 5181 979 5223 exerceam
1008 5164 1180 5219 adhuc
1209 5173 1350 5237 quod
1381 5181 1485 5221 non
1528 5168 1786 5221 exercui?
1819 5168 1957 5238 Ergo
1994 5168 2116 5236 quia
2151 5184 2245 5237 per

696 5262 944 5316 universa
979 5256 1237 5324 supplicia
1287 5276 1451 5338 atque
1498 5268 1763 5313 tormenta
1809 5275 2001 5330 cogere
2030 5274 2152 5313 eum
2187 5273 2246 5314 ut

694 5355 858 5409 Deum
889 5348 1214 5418 relinqueret
1249 5374 1351 5417 non
1383 5352 1566 5428 potui,
1597 5352 1869 5405 conferam
1893 5390 1908 5414 ,
1940 5350 2129 5418 inquit,
2156 5364 2242 5403 me

691 5439 755 5492 ad
779 5435 1161 5505 seductionem,
1193 5452 1479 5511 conferam
1515 5439 1582 5491 ad
1617 5440 2035 5507 persuasionem.
2062 5436 2241 5493 Forsi-

680 5524 780 5586 tan
806 5527 945 5585 enitn
968 5531 1103 5597 quod
1129 5549 1238 5600 non
1267 5542 1439 5608 valuit
1468 5544 1639 5604 pinna:
1661 5530 1890 5593 coactio,
1917 5528 2018 5579 hoc
2045 5526 2240 5582 nihilo-

706 5742 711 5757 τ
752 5707 912 5767 “Job
940 5726 995 5779 tt,
1035 5714 1086 5774 9.
1161 5727 1209 5762 θα
1239 5738 1334 5806 Job
1375 5754 1416 5804 ι,
1447 5719 1544 5782 τῃ.
1620 5712 1874 5778 "John,
1911 5712 1981 5803 9.,

2341 4545 2455 4590 les:
2487 4536 2682 4604 quibus
2718 4555 2870 4595 cura:
2905 4560 3012 4598 non
3051 4554 3134 4599 est
3162 4548 3302 4601 unde
3340 4546 3596 4615 acquirant
3627 4535 3698 4589 viri
3724 4540 3785 4581 tam

2339 4642 2405 4681 ex
2443 4627 2645 4692 νθνίηίε
2692 4643 2861 4697 quam
2917 4635 3084 4687 etiam
3125 4650 3191 4688 ex
3221 4636 3431 4704 praedis,
3466 4642 3633 4686 tamex
3662 4619 3786 4674 violen-

2341 4717 2428 4771 tiis
2479 4731 2641 4784 quam
2702 4734 2775 4773 ex
2818 4723 3017 4790 furtis,
3062 4735 3269 4779 tantum
3301 4735 3357 4779 ut
3397 4726 3446 4778 in
3484 4733 3620 4775 unum
3656 4720 3788 4767 coacti

2340 4815 2532 4861 vantes
2574 4808 2680 4862 illis
2727 4809 2984 4868 aﬂ‘erant.
3035 4816 3157 4869 lstze
3199 4831 3339 4870 verre
3370 4823 3487 4870 sunt
3522 4801 3787 4866 subversiooes

2340 4896 2596 4951 virorum.
2636 4895 2761 4951 Istae
2794 4911 2923 4955 sunt
2955 4906 3290 4971 perditiones
3332 4906 3580 4965 virorum,
3616 4896 3787 4963 peril“

2337 5001 2453 5039 rum
2481 5001 2544 5041 os
2573 4987 2642 5042 ad
2669 4987 2939 5057 plurimos
2970 4994 3213 5063 loquitur
3239 4995 3493 5059 diabolus,
3520 4996 3619 5059 post
3641 4984 3786 5063 quam?l

2336 5078 2495 5131 verba
2536 5080 2784 5133 conversi
2820 5061 3065 5150 plurimi,
3110 5088 3291 5141 miseri
3334 5084 3498 5138 eﬂ‘ecti
3540 5086 3640 5134 sunt
3664 5061 3788 5125 elem‘

2336 5165 2573 5229 ciuntur,
2604 5176 2658 5219 et
2676 5180 2844 5235 super
2878 5179 3081 5226 terram
3114 5185 3165 5227 et
3200 5176 3249 5228 in
3272 5176 3417 5244 |coelo
3440 5182 3488 5225 et
3511 5166 3625 5236 apud
3647 5160 3786 5244 super"?

2338 5269 2393 5313 et
2425 5261 2563 5327 apud
2608 5258 2841 5314 inferos.
2889 5262 2984 5317 Sic
3025 5264 3203 5320 locuta
3242 5239 3323 5321 est
3350 5260 3577 5323 Jezahel,
3608 5263 3650 5307 et
3670 5239 3787 5301 Achab

2343 5348 2595 5415 perdidit.
2647 5346 2738 5401 Sic
2784 5348 2965 5404 locuta
3011 5364 3097 5407 est
3128 5355 3387 5409 Herodias
3417 5364 3467 5407 et
3492 5342 3699 5404 Herodem
3724 5332 3787 5382 [η’

2348 5452 2481 5495 trem
2518 5439 2746 5509 philippi
2784 5440 3090 5501 interfecit.
3136 5448 3230 5503 Sic
3267 5447 3453 5503 locutte
3492 5448 3597 5498 sunt
3629 5425 3786 5509 ριυτί¹¹¹³

2346 5545 2465 5599 Quae
2500 5507 2862 5587 multismala
2896 5531 3264 5602 ingesserunt,
3296 5536 3384 5593 Sic
3409 5535 3572 5602 utique
3601 5535 3644 5582 et
3662 5519 3708 5575 ad
3724 5507 3785 5565 Job
