3916 6456
1376 485 1744 542 ANONYMUS
1781 485 1845 539 ΙΝ
1886 484 2020 540 J08.
2056 511 2122 523 —
2152 470 2293 541 LIB.
2331 467 2397 529 ll.

1911 484 2020 540 OB.
2056 511 2122 523 —
2152 470 2293 541 LIB.
2331 467 2397 529 Il.
3355 495 3457 554 ιη

84 550 602 705 Σαξρββξῖδῃέἒτ
627 574 850 705 fxim
891 604 978 705 (:1
1015 600 1284 661 diabolus
1307 621 1402 677 per
1421 624 1483 662 os
1504 608 1661 671 illius,
1687 607 1826 661 sicut
1852 612 1899 668 Α
1926 605 2101 657 tierent
2130 602 2168 655 ί.
2198 598 2517 705 ISerpIen-tem
2550 599 2693 705 dixit
2728 596 2947 675 dixisse,
2986 610 3078 667 sed
3112 626 3213 666 non
3243 626 3456 683 serpens

87 652 426 795 ἔξει
465 652 1393 795 ἳῖἶῼῖιὶῗῗνιορξῶζῖξιῖί
1852 652 1899 668 η
2116 652 2211 748 sed
2242 652 2484 795 diabolus
2514 695 2603 761 qui
2638 706 2749 795 per.
2776 652 3077 795 serpeittein

484 744 501 752 -
1084 744 1171 750 η-
1217 744 1295 752 ---
1339 744 1389 752 ν-
1426 744 1475 753 ,ν
1518 744 1672 754 _.-_..
1722 744 1824 753 ν--
1929 744 2080 757 νη.
2254 744 2257 745 ν
2336 744 2481 749 ﬁ---
2520 744 2602 761 γ-
2638 744 2659 761 ,ν
2780 744 3075 766 η-ν-....,...
3116 744 3318 758 ...-.....-
3351 744 3452 760 ...η

98 744 663 874 Ἒὶῦξέἓξῶἒηέῗ
696 771 1199 874 .rationabiles
1235 786 1399 840 Deum
1437 744 1698 853 timentes,
1734 788 1825 857 qui
1928 786 2017 842 Sic
2040 798 2093 841 et
2122 799 2265 839 nunc
2302 784 2421 839 istic
2442 800 2665 839 uxorem
2700 783 2827 838 dicit
2854 790 3069 855 dixisse,
3094 794 3182 847 sed
3207 809 3329 847 vere
3352 812 3452 849 non

116 839 225 952 ἓξὲξ
267 839 523 967 atri:
562 851 1033 967 2:?“eﬂdas
1078 886 1271 939 poenas
1310 872 1592 928 formidant
1626 889 1827 929 memo-
1926 892 2063 931 uxor
2098 877 2253 937 dixit,
2286 877 2378 930 sed
2410 875 2752 930 adversarius
2786 879 2874 944 qui
2907 896 3000 948 per
3030 897 3244 935 uxorem
3269 893 3351 937 est
3381 885 3454 937 lo-

136 924 261 1040 :‘g
277 924 717 1040 έῗιηξξ-Ξοὶδ
740 958 926 1040 ’που
980 962 1231 1015 audivit.
1269 962 1380 1018 Cur
1421 974 1596 1017 autem
1646 979 1826 1032 repre-
1924 973 2097 1017 cutus.
2128 963 2272 1016 Dixit
2297 964 2364 1016 ad
2386 980 2498 1017 eum
2525 980 2657 1017 uxor
2684 964 2831 1032 ejus:
2862 924 3133 1037 Quousque
3158 974 3377 1025 sustines
3395 972 3456 1027 '2

133 1018 260 1111 Qui
282 1018 619 1127 θῖἓτξξῖὶι
642 1022 1156 1127 qhfil-tanquam
1195 1053 1576 1106 deservientem
1612 1018 1821 1121 nequitis.
1927 1052 2063 1118 Quid
2089 1055 2448 1122 superamus?
2482 1054 2610 1122 quid
2649 1018 3453 1127 suspicamur?anidwtesiima;

166 1145 249 1193 timo
264 1105 773 1216 u‘g‘figiabf’h
797 1125 831 1178 ἳ
892 1130 1307 1204 Reprehensio
1345 1158 1579 1211 namque
1603 1105 1827 1198 est'hmc
1924 1143 2090 1197 mus?
2123 1158 2230 1212 quo
2264 1152 2478 1212 aspectu
2507 1186 2522 1210 ,
2570 1160 2603 1198 ο
2632 1146 2729 1197 viri
2760 1185 2775 1207 ,
2816 1147 2899 1200 vel
2944 1105 3229 1216 quajfacie
3276 1151 3448 1209 locuta

169 1224 317 1286 ingens,
626 1199 1052 1307 Silerepatio.
1098 1227 1336 1282 Primum
1374 1199 1583 1298 quidem
1623 1232 1691 1284 ob
1730 1232 1827 1285 hoc
1924 1233 2092 1288 estad
2113 1199 2213 1289 Job
2236 1199 2371 1289 uxor
2395 1199 2555 1304 ejus?
2579 1199 2920 1290 Manifestum
2943 1199 3451 1306 estnaiqueevideus'

189 1284 271 1399 ciu
300 1284 714 1399 παντεξιεξιᾶίι
762 1284 983 1376 utique
1030 1316 1303 1386 objurgat,
1341 1284 1407 1372 ut
1439 1320 1617 1373 norint
1645 1334 1828 1373 omnes
1923 1324 2172 1377 omnibus
2198 1363 2213 1384 ,
2265 1284 2539 1391 quod‘illa
2576 1341 2688 1379 'non
2745 1326 2914 1379 locuta
2958 1337 3039 1380 est
3083 1284 3239 1383 hilari
3280 1330 3447 1395 vultu,

195 1391 411 1484 «venisse
454 1379 624 1484 (ιιιξει
680 1401 830 1484 non
878 1411 985 1455 est
1022 1379 1369 1472 persotiarum
1398 1418 1644 1475 acceptor
1667 1408 1822 1469 Deus.
1926 1424 2096 1478 neque
2146 1379 2554 1479 leto-aspectu,
2601 1413 2693 1465 sed
2738 1414 2911 1475 tristi,
2953 1416 3201 1479 imbrido,
3249 1418 3447 1478 nubilo.

208 1473 492 1579 siquia-mn
525 1473 857 1579 despicit,
893 1506 1089 1561 neque
1114 1497 1236 1550 silet
1260 1512 1356 1565 pro
1379 1473 1595 1551 suorum
1618 1500 1827 1553 delictis
1924 1498 2093 1562 ﬂenti,
2136 1502 2283 1553 omni
2328 1502 2673 1557 nihilominus
2712 1506 2927 1557 miseria
2964 1506 3198 1560 referto:
3243 1515 3297 1559 et
3335 1508 3447 1573 ipsa

212 1566 351 1660 #9330
378 1567 769 1665 luto-tentiis,
815 1593 1019 1647 neque
1055 1585 1262 1652 magnis
1291 1599 1458 1653 neque
1487 1587 1705 1652 pusillis,
1734 1601 1826 1639 ne-
1923 1604 2055 1643 voce
2083 1589 2409 1655 lacrymabili
2438 1594 2714 1648 commista
2742 1594 3137 1650 lamentatione.
3167 1597 3255 1650 Sic
3276 1597 3451 1665 itaque

176 1663 268 1722 4⁸⁸
281 1654 618 1754 Ῐπ-γθτῦῖξτ
662 1675 891 1733 neque
927 1672 986 1724 in
1015 1673 1194 1726 factis.
1230 1674 1309 1729 Ob
1336 1676 1437 1728 hoc
1470 1677 1609 1728 enim
1650 1686 1701 1728 et
1729 1674 1826 1729 Sa-
1923 1677 2277 1732 miserabilem
2303 1694 2360 1732 se
2385 1679 2645 1735 exhibens
2671 1681 2885 1749 iniquus
2910 1693 3069 1751 atque
3091 1683 3314 1737 callidus
3338 1654 3452 1737 dia-

134 1764 245 1805 nnt
279 1740 471 1803 olim
517 1749 865 1811 ridentem
918 1777 987 1816 ac
1021 1766 1424 1833 promissionem
1458 1783 1606 1821 suam
1647 1783 1825 1836 asper-
1921 1762 2073 1817 bolns
2095 1767 2441 1835 aperiensque
2473 1783 2532 1822 os
2554 1785 2729 1831 suum,
2763 1772 2893 1825 dicit
2921 1773 2982 1826 ad
3003 1772 3141 1826 Job:
3177 1772 3451 1841 Quousque

121 1850 401 1899 nantem
429 1840 803 1913 redarguit.
852 1852 942 1906 Ob
977 1854 1078 1906 hoc
1103 1855 1264 1908 etiam
1291 1871 1430 1910 nunc
1459 1857 1578 1910 istic
1608 1872 1821 1911 uxorem
1852 1913 1891 1926 n
1923 1852 2142 1905 sustines
2166 1854 2191 1906 ?
2223 1854 2264 1905 0
2298 1855 2620 1921 nequissime
2647 1855 2867 1919 Satana,
2896 1861 3158 1926 quomodo
3186 1840 3451 1913 subtiliter

122 1936 220 1993 Job
266 1930 531 1996 a‘guit
566 1943 775 2003 atque
822 1943 1215 2008 reprehendit,
1250 1952 1307 1996 ut
1342 1953 1544 1998 cuncta:
1575 1944 1822 1999 mulieres
1852 1913 1893 1968 Β
1920 1940 2162 2003 seducis,
2195 1913 2459 2008 quomodo
2499 1944 2689 1997 callide
2730 1913 2991 2012 loqueris.
3036 1961 3069 1999 ο
3107 1947 3450 2001 callidissime

113 2029 425 2085 εενεειιι
480 2036 563 2076 ne
606 2025 962 2097 cuiuspiam
1007 2046 1189 2086 earum
1230 2035 1391 2086 corda
1429 2033 1668 2086 diabolus
1700 2038 1823 2087 sub.
1920 2028 2146 2083 diabole.
2189 2032 2505 2099 Quousque,
2552 2034 2831 2101 inquiens,
2865 2035 3136 2088 sustines?
3177 2049 3451 2103 quousque

118 2130 384 2180 ποι-ιρι,
422 2125 509 2164 ne
546 2128 626 2169 os
672 2132 890 2173 earnm
924 2121 1154 2176 Satanas
1201 2123 1426 2189 aperiat,
1465 2138 1531 2177 ne
1566 2123 1824 2198 malignus
1918 2117 2151 2172 suﬁ‘ers?
2195 2135 2470 2189 quousque
2510 2124 2785 2190 protelas?
2832 2140 3109 2193 quousque
3140 2135 3450 2179 constanter

118 2212 408 2281 spiritus
460 2218 588 2270 per
638 2206 808 2262 labia
859 2224 1049 2265 earum
1096 2211 1379 2277 loquatur,
1424 2227 1488 2265 ne
1523 2212 1824 2267 deserviant
1918 2212 2168 2276 perstas?
2212 2211 2476 2277 Quandin,
2520 2214 2711 2280 inquit,
2752 2216 2861 2269 eris
2889 2216 3152 2284 lapidibus
3184 2216 3449 2271 robustior

134 2301 401 2356 diabolo
453 2308 583 2360 pro
653 2298 1035 2354 subversione
1088 2301 1385 2355 animarum
1431 2304 1659 2356 virorum
1700 2319 1823 2358 suo.
1918 2312 1973 2350 et
1994 2300 2137 2353 saxis
2160 2302 2361 2365 durior,
2388 2312 2442 2355 et
2467 2304 2611 2357 omni
2644 2303 2785 2359 ferro
2817 2306 3051 2359 ﬁrmior?
3075 2306 3294 2359 Ferrum
3326 2322 3445 2359 cum

137 2407 308 2445 mm,
339 2379 448 2443 ΕΛ
501 2386 588 2437 ad
636 2387 756 2441 hoc
788 2388 1139 2456 reprehendit
1165 2404 1384 2443 uxorem
1413 2389 1530 2455 Job,
1562 2406 1677 2459 qua:
1711 2393 1822 2445 diu-
1919 2383 1972 2437 in
2011 2386 2182 2454 ignem
2223 2389 2441 2442 missum
2486 2389 2646 2445 fuerit
2676 2392 2942 2459 liquescit,
2986 2404 3040 2446 tu
3074 2410 3200 2448 vero
3240 2395 3291 2447 in
3329 2397 3447 2463 igne

163 2480 313 2531 nam
351 2476 848 2545 deservivit‘pro
880 2479 1230 2532 subversione
1258 2480 1392 2546 ejus,
1424 2491 1479 2534 ut
1519 2482 1709 2535 noveri;

1917 2475 2221 2540 putredinis’
2244 2485 2404 2544 atque
2432 2479 2689 2532 vermium
2728 2481 2967 2546 positus,
3009 2482 3191 2535 animo
3235 2499 3336 2537 non
3383 2484 3446 2534 Ii-

188 2581 308 2620 nos
360 2563 694 2629 plurimam
733 2578 902 2635 atque
943 2567 1291 2635 multiplicem
1344 2570 1537 2623 diaboli
1583 2571 1822 2637 maligni.
1918 2564 2172 2628 quescis?
2201 2563 2475 2632 Quousque
2494 2568 2757 2621 sustines?
2786 2569 3089 2638 Quousque,
3118 2571 3310 2638 inquit,
3344 2586 3444 2627 non

189 2664 391 2708 tatem
427 2663 485 2707 et
521 2657 832 2711 astutiam.
863 2656 967 2710 Per
1003 2658 1182 2711 omnia
1214 2658 1353 2711 enim
1387 2659 1699 2721 insidiatur.
1729 2674 1822 2728 per
1916 2648 2164 2715 Πεοῑθῐίες
2198 2668 2473 2722 (limusque
2508 2670 2608 2709 non
2643 2656 2843 2720 deﬁcis,
2872 2673 3149 2726 quousque
3174 2676 3277 2713 non
3303 2661 3447 2713 dehi—

182 2744 411 2798 Omnia
444 2744 802 2798 subvertere
830 2754 1081 2810 conatur,
1105 2755 1159 2797 et
1185 2760 1278 2813 per
1299 2746 1518 2811 amicos,
1546 2756 1599 2801 et
1624 2762 1716 2815 per
1735 2761 1820 2800 so-
1917 2740 2128 2795 lilal'iS?
2157 2742 2233 2793 Ᾱο
2261 2742 2303 2794 εί
2328 2743 2528 2797 diceret
2552 2761 2565 2795 ³
2600 2744 2711 2813 Εεο
2735 2746 2942 2809 dendo.
2973 2762 3007 2799 0
3030 2746 3147 2810 ³01),
3181 2758 3234 2801 ει
3262 2759 3313 2801 ιιι
3342 2764 3445 2802 non

184 2834 401 2897 dales,
439 2843 499 2885 et
546 2848 665 2902 per
699 2848 936 2888 uxores:
972 2849 1090 2902 qtne
1132 2835 1184 2887 in
1212 2834 1310 2887 Job
1352 2836 1635 2903 adimpleta
1675 2846 1817 2898 sunt,
1917 2828 2141 2894 deﬁcis;
2179 2843 2275 2896 ego
2316 2829 2569 2898 fatigatus
2605 2846 2742 2897 sum,
2769 2842 2822 2885 et
2859 2841 2910 2885 tu
2949 2849 3051 2887 non
3090 2849 3149 2887 es
3179 2833 3445 2903 fatigatus.

180 2939 386 2992 quem
418 2924 601 2975 amici
642 2923 1148 2989 reprehenderunt,
1184 2938 1319 2976 uxor
1354 2938 1479 2977 vero
1509 2927 1820 2978 subvertere
1918 2915 2240 2970 Deiecerunl
2260 2932 2289 2970 a
2319 2932 2402 2971 me
2430 2919 2607 2973 omnia
2633 2930 2964 2988 θνειιῐηθηιθν
2991 2937 3021 2975 ³
3052 2932 3105 2977 ιθ
3132 2933 3310 2981 utilem
3339 2939 3445 2979 non

186 3016 335 3068 nisa
382 3021 494 3066 est.
529 3012 755 3063 Ilorum
785 3012 995 3066 scilicet
1012 3014 1170 3065 etiam
1195 3014 1519 3080 posteriores
1546 3016 1732 3083 propht

1917 3003 2094 3056 deﬁcit
2117 3005 2346 3071 devotio,
2376 3014 2534 3073 atque
2578 3008 2853 3074 patientia.
2885 3008 3158 3079 Quousque
3187 3011 3446 3069 sustines?

190 3117 513 3156 memores
570 3102 877 3154 dixerunt:
942 3101 1123 3154 Nolite
1172 3102 1376 3155 credere
1419 3105 1719 3168 sodalibus,
1769 3116 1816 3158 et
1919 3090 3448 3169 Quaudiulunasellarismuandiuametorqueriselcun-

188 3209 341 3245 cum
384 3193 593 3245 amicis
633 3192 719 3245 vel
744 3192 1001 3259 fratribus
1030 3192 1188 3244 nolite
1212 3193 1484 3246 cunsiliare
1504 3232 1517 3256 ,
1543 3210 1574 3246 α
1603 3194 1734 3261 conj:

1916 3193 1999 3234 cla
2016 3181 2633 3250 sustines,etsupportas
2664 3185 3120 3246 universa,etnon
3152 3188 3317 3242 solum
3340 3199 3446 3244 ιαμ

178 3290 308 3332 κικα
345 3293 412 3332 ιε
435 3282 668 3334 abun-,1
695 3281 763 3331 οε,
807 3279 913 3332 pro
968 3279 1051 3332 his
1089 3294 1215 3347 ergo
1248 3282 1493 3335 omnibus
1533 3297 1809 3345 accusans,
1843 3273 1881 3286 "
1913 3280 2251 3339 mentaatque
2266 3273 3058 3341 supplicia,sedetseductiones
3082 3293 3143 3331 ac
3165 3281 3445 3334 verborum

190 3380 408 3438 atque
438 3371 865 3439 reprehendens
892 3383 1115 3421 uxorem
1155 3384 1303 3423 suam
1332 3369 1447 3432 Job,
1479 3372 1630 3426 dixit,
1672 3371 1813 3423 Dixit
1911 3361 2250 3427 snbtilitates,
2270 3373 2456 3417 cuncta
2471 3364 2718 3429 sustines,
2732 3378 2917 3421 cuncta
2931 3367 3139 3435 δυσϐΐε,
3155 3371 3288 3424 seda
3304 3371 3447 3426 nullo

193 3471 425 3514 autem
453 3476 606 3513 uxor
630 3459 756 3525 ejus
787 3473 999 3521 vecors,
1023 3459 1303 3524 vertibilis,
1341 3459 1621 3524 instabilis,
1653 3476 1739 3529 qu:

1911 3448 2185 3503 ﬂecteris?
2217 3451 2518 3520 Quousque,
2565 3453 2757 3521 inquit,
2804 3455 3057 3519 sustines,
3093 3470 3126 3509 ο
3155 3456 3298 3510 Job?
3344 3458 3443 3523 Qui

194 3550 407 3603 facile
441 3550 660 3604 diaboli
704 3548 900 3602 ﬂuctus
947 3548 1237 3610 subvertit,
1282 3550 1332 3602 in
1380 3550 1531 3617 cujus
1574 3550 1802 3603 animam
1911 3539 2242 3604 δυειίιιεὺθι,
2285 3542 2378 3609 (illi
2422 3543 2793 3610 torquebatur.
2841 3560 2944 3598 non
2999 3555 3080 3599 est
3124 3546 3444 3608 debilitatus.

195 3640 574 3707 nequissimi
623 3639 887 3692 illecebra
929 3638 1085 3691 facile
1127 3638 1357 3706 irrepsit.
1411 3637 1534 3693 Haec
1575 3639 1741 3693 videlit

1913 3642 2081 3695 neque
2116 3629 2183 3682 ad
2226 3630 2586 3682 sustinendum
2643 3642 3016 3687 consternatus
3053 3651 3068 3687 :
3112 3643 3282 3689 tortor
3323 3650 3447 3690 vero

188 3740 379 3778 uxor
413 3728 529 3795 ejus
563 3728 716 3779 dixit
738 3727 807 3778 ad
837 3740 983 3786 cum,
1013 3739 1171 3792 quam
1203 3725 1318 3778 ideo
1359 3725 1524 3778 solam
1553 3727 1616 3780 de
1642 3741 1734 3779 om:

1911 3715 2023 3781 ejus
2063 3717 2307 3771 diabolus
2333 3720 2650 3783 delassatus,
2701 3735 2765 3774 ac
2808 3721 3076 3787 deﬁciens,
3107 3724 3233 3779 dicit
3262 3742 3275 3777 :
3305 3723 3440 3788 Quo-

188 3814 331 3867 lius
382 3815 775 3885 nequissimus
811 3812 1055 3867 diabolus
1093 3826 1370 3879 superesse
1400 3814 1583 3877 voluit,
1622 3826 1678 3868 ut
1716 3816 1816 3870 hac
1912 3821 2070 3873 πίθηκε
2096 3808 2357 3861 “Win”?
2386 3808 2503 3862 N0“
2537 3810 2781 3865 ἀίείιδοι)
2802 3812 2891 3877 (ιυί
2921 3814 3287 3880 ιοιηιιειιτιιυτν
3316 3830 3447 3883 ιιυο·

184 3904 547 3958 novissima
581 3912 843 3955 uteretur
867 3916 963 3969 pro
978 3899 1077 3954 Job
1101 3901 1429 3963 seductione,
1450 3911 1608 3970 atque
1630 3904 1817 3957 aninne
1915 3911 2077 3963 usque
2106 3898 2416 3963 sustineam.
2439 3914 2713 3967 quousque
2744 3903 3028 3971 torquear?
3053 3904 3298 3958 Diabolus
3321 3921 3447 3960 vero

181 3994 348 4061 ejus
383 3996 785 4050 aubversione.
817 3992 942 4045 Sive
964 3993 1104 4044 enim
1131 3991 1269 4045 Deus
1295 3993 1543 4060 praecepit
1570 3994 1706 4047 hanc

1912 3986 2001 4051 qui
2034 3999 2134 4037 non
2166 3986 2463 4039 sustinebat
2500 3987 2708 4042 dolores
2728 4029 2741 4051 .
2767 3990 2859 4042 sed
2888 3990 3273 4053 confusionem,
3304 3993 3446 4047 dice-

180 4090 473 4153 εει-γεηί,
506 4088 671 4141 sicut
701 4096 757 4137 ει
784 4084 1057 4153 praecl)“,
1088 4083 1156 4134 ob
1182 4083 1284 4136 hoc
1312 4092 1368 4136 ιιι
1394 4083 1507 4151 ejus
1534 4086 1815 4138 secundam
1912 4072 2002 4125 bili
2037 4075 2101 4124 ad
2136 4074 2421 4139 patientem
2453 4085 2613 4144 atque
2641 4078 2987 4132 sustinentem
3013 4097 3025 4132 :
3053 4081 3327 4148 Quousque
3352 4097 3447 4135 88η

178 4189 462 4232 uxorem
493 4178 697 4245 justus
726 4174 820 4227 ille
845 4171 945 4227 Job
976 4173 1221 4239 accipere
1247 4188 1382 4240 opus
1408 4187 1511 4227 nou
1556 4174 1774 4228 bauer-ei
1800 4193 1813 4228 ε
1912 4163 2067 4214 stines
2087 4165 2112 4215 ?
2140 4161 2239 4216 Job
2273 4164 2360 4230 qui
2394 4166 2709 4229 sustinebat,
2752 4183 2855 4220 non
2887 4168 3299 4221 succumbebat:
3337 4170 3453 4221 dia-

179 4260 345 4314 sive
387 4262 473 4319 ille
504 4265 772 4318 diabolus
807 4262 946 4315 banc
974 4262 1316 4314 conservavit
1344 4270 1576 4329 tractans
1600 4271 1655 4316 ut
1684 4263 1725 4316 h:

1915 4252 2067 4306 bolus
2111 4267 2237 4305 vero
2280 4254 2370 4321 qui
2430 4269 2532 4307 non
2581 4257 2912 4321 sustinebat,
2976 4258 3273 4311 deﬁciebat.
3329 4256 3452 4313 Non

178 4350 561 4411 ministram
599 4352 913 4420 iniquitatis
943 4366 1054 4405 suae
1077 4351 1329 4416 haberet,
1364 4362 1420 4405 ut
1448 4354 1584 4407 hanc
1600 4353 1724 4406 habe

1915 4343 2057 4395 enim
2096 4343 2193 4397 hoc
2222 4346 2361 4411 quod
2387 4346 2535 4409 dicit,
2568 4346 2841 4415 Quousque
2880 4349 3144 4402 sustines?
3180 4348 3443 4403 fortitudi-

178 4454 321 4507 pro
356 4445 684 4500 novissimo
716 4442 821 4497 Job
851 4442 1073 4510 laqueo,
1102 4451 1159 4493 ut
1185 4450 1461 4509 postquam
1494 4458 1585 4511 per
1607 4457 1815 4496 omnem
1917 4446 2033 4485 nem
2063 4433 2391 4488 demonstrat
2426 4436 2773 4500 sustinentis,
2803 4438 2894 4491 sed
2926 4437 3188 4491 defectum
3216 4439 3449 4493 ostendit

180 4543 347 4581 rem
387 4534 755 4604 desperaret,
787 4540 915 4584 tunc
951 4545 1045 4598 per
1070 4545 1285 4584 uxorem
1321 4530 1520 4597 justum
1548 4532 1814 4600 perderet,
1848 4538 1891 4590 ι)
1917 4523 2279 4590 percutientis.
2325 4526 2679 4594 Conqueritur
2718 4528 2806 4595 qui
2844 4528 3033 4592 cmdit,
3080 4537 3133 4583 et
3170 4542 3275 4582 non
3317 4542 3446 4583 con-

178 4618 388 4672 sicut
414 4624 541 4693 ipse
568 4622 952 4674 arbitrabatur
978 4620 1175 4683 infelix,
1197 4620 1494 4673 aestimabat
1518 4630 1676 4689 atque
1698 4636 1819 4688 spe-
1917 4614 2155 4679 queritur
2199 4616 2288 4682 qui
2332 4617 2567 4683 vapulat.
2610 4618 2853 4682 Quamliu
2875 4656 2891 4681 ,
2939 4618 3142 4686 inquit,
3177 4619 3398 4673 sustines
3420 4619 3446 4672 2

184 4710 421 4769 tabat.
476 4714 558 4766 De
612 4712 777 4779 longe
820 4710 961 4762 enim
1003 4709 1138 4763 oculi
1186 4710 1301 4777 ejus
1345 4710 1706 4774 considerant,
1751 4713 1817 4764 de
1919 4702 2241 4770 Liquefactaa
2275 4715 2418 4767 sunt,
2456 4707 2648 4774 inquit,
2695 4721 2883 4761 carnes
2924 4717 3043 4771 une,
3085 4722 3118 4760 o
3154 4706 3281 4770 Job,
3317 4722 3434 4761 cou-

186 4793 411 4862 longe
441 4799 725 4868 iniquitas
764 4796 879 4862 ejus
918 4796 1247 4863 prospiciens
1277 4796 1652 4861 circumvenit,
1693 4798 1821 4852 insi-
1917 4803 2125 4858 sumpta
2158 4803 2282 4846 sunt
2317 4809 2439 4848 ossa
2468 4803 2554 4847 tua
2575 4804 2625 4847 et
2657 4795 2825 4858 nervi,
2856 4794 3146 4863 putrefacta
3180 4803 3262 4847 est
3282 4795 3446 4847 etiarn

192 4885 377 4938 dias
400 4902 595 4941 omnes
617 4895 824 4953 captat,
849 4884 1294 4952 quemadmodum
1318 4884 1672 4949 subintroeat,
1696 4899 1820 4950 quo-
1920 4888 2061 4932 terra
2091 4880 2199 4947 ipsa
2230 4882 2327 4933 sub
2353 4892 2423 4943 te.
2449 4891 2502 4938 et
2528 4882 2699 4935 adhuc
2722 4884 2977 4945 sustines,
3002 4899 3034 4937 o
3064 4883 3203 4937 Job?
3227 4883 3446 4939 Locutio

198 4975 426 5027 modo
452 4977 675 5044 dejiciat
697 5016 714 5039 ,
744 4975 1010 5043 quomodo
1038 4973 1162 5024 Adae
1206 4971 1570 5027 familiaritate
1614 4987 1815 5040 pmva-
1920 4968 2242 5036 linguarum,
2268 4978 2320 5024 et
2344 4984 2521 5023 sermo
2540 4971 2824 5035 viatorum,
2848 4983 2902 5025 et
2926 4974 3143 5027 mmtius
3167 4983 3441 5026 transeun-

206 5066 482 5119 ricaret.
525 5066 607 5121 0b
644 5065 747 5118 hoc
783 5078 910 5131 ergo
937 5061 1236 5116 reservavit
1264 5069 1422 5128 atque
1451 5061 1663 5129 reliquit
1687 5078 1816 5117 uxo-
1922 5060 2074 5123 tium,
2104 5067 2158 5111 et
2178 5059 2534 5126 spectaculum
2578 5061 2661 5114 bis
2689 5063 2775 5129 qui
2814 5062 2967 5133 longe
3010 5073 3154 5128 sunt,
3190 5073 3243 5117 et
3279 5060 3438 5116 decli-

186 5167 395 5204 -rem
414 5152 535 5217 Job,
567 5155 710 5208 sicut
746 5162 801 5205 et
837 5152 956 5205 illos
993 5150 1206 5202 nuntios
1242 5150 1328 5214 qui
1371 5149 1615 5203 dicebant
1656 5169 1669 5203 :
1704 5151 1814 5219 Ego
1921 5150 2066 5202 natio
2108 5150 2191 5203 his
2220 5149 2308 5216 qui
2352 5164 2516 5218 prope
2555 5162 2675 5204 sunt
2711 5152 2885 5207 factus
2920 5167 3012 5218 es,
3056 5162 3108 5206 et
3147 5153 3316 5205 adhuc
3354 5166 3455 5204 su-

216 5244 497 5294 remansi
539 5242 706 5303 solus,
745 5250 800 5292 ut
840 5240 1137 5291 nuntiarem
1171 5237 1262 5289 tibi
1283 5239 1346 5289 ".
1391 5237 1469 5290 0b
1507 5240 1606 5292 hoc
1644 5241 1811 5293 solmn
1918 5240 2115 5302 stiues,
2152 5254 2183 5291 ο
2212 5237 2349 5293 Job?
2376 5238 2720 5294 Transierunt
2762 5253 2942 5296 noctes
2978 5251 3032 5295 et
3068 5242 3180 5296 dies
3209 5250 3262 5295 et
3299 5254 3449 5293 metu-

220 5325 411 5377 illos
436 5331 747 5391 reservavit,
782 5339 836 5381 ut
877 5336 1274 5393 consequenter
1303 5326 1512 5381 dolores
1553 5330 1815 5383 subeuar-
1914 5344 2002 5383 ses
2040 5329 2093 5381 in
2130 5328 2397 5385 doloribus
2431 5330 2568 5393 tuis,
2601 5332 2775 5385 adhuc
2809 5330 3079 5384 sustines?
3116 5328 3327 5390 Defeci,
3359 5328 3443 5377 in-

224 5428 317 5464 ea
334 5426 477 5469 rent.
499 5419 607 5473 Hoc
628 5419 835 5473 scilicet
856 5416 1237 5470 demonstrans
1256 5416 1408 5469 dicit:
1437 5416 1577 5469 Dixit
1601 5417 1669 5469 ad
1694 5435 1810 5472 eum
1920 5420 2058 5488 quit,
2099 5420 2256 5472 etiam
2295 5428 2351 5474 et
2386 5433 2484 5487 ego
2508 5421 2758 5474 assistens
2789 5421 2902 5482 tibi,
2944 5417 3217 5485 invigilans
3244 5424 3293 5466 ct
3317 5426 3441 5477 spe-

224 5516 421 5551 uxor
444 5508 567 5574 ejus.
603 5508 834 5563 Uxorem
863 5505 999 5559 dixit
1027 5504 1263 5567 dixisse,
1303 5507 1390 5559 sed
1418 5521 1539 5560 vere
1568 5508 1812 5564 diabolus
1920 5523 2045 5563 rans
2093 5509 2138 5563 si
2186 5524 2291 5578 quo
2328 5510 2482 5564 modo
2522 5509 2769 5564 deﬁciens
2814 5510 3224 5576 blasphemares,
3271 5498 3350 5551 vel
3393 5499 3442 5553 si

224 5591 307 5641 di
327 5592 436 5643 ιίι-
461 5597 545 5650 Sic
577 5609 809 5662 namque
834 5603 888 5647 et
916 5592 1043 5647 olim
1072 5592 1178 5645 ait;
1210 5592 1344 5646 Dixit
1367 5610 1573 5661 serpens
1605 5599 1675 5650 ad
1701 5615 1817 5652 mu-
1916 5597 2181 5665 quomodo
2211 5599 2562 5655 succumbens
2588 5599 2896 5654 detraheres
2926 5613 2939 5649 :
2976 5602 3029 5647 et
3061 5600 3115 5643 tu
3155 5602 3258 5642 non
3290 5583 3447 5653 defe-

335 5822 393 5855 ’⁸
410 5830 563 5889 ΜὶεΙι.
604 5849 699 5898 ιλιι,
853 5830 894 5862 ”
924 5829 1021 5884 Job
1055 5844 1093 5896 Ι,
1129 5830 1203 5883 15.
1280 5833 1439 5888 ‘ch.
1479 5850 1562 5901 2n,
1602 5840 1651 5893 1.
1732 5843 1748 5873 ³
1783 5841 1877 5900 Job
1913 5860 1971 5909 ιι,
1998 5847 2049 5899 9,
