3916 6442
478 415 580 471 ιτς)

1552 399 1924 459 ANONYMUS
1960 397 2023 453 IN
2059 398 2196 454 JOB.
2235 427 2301 441 -—
2336 394 2568 455 ΜΒ..ιῇ

3726 412 3816 469 480

475 527 616 589 cisti,
664 534 833 590 neque
882 518 1238 583 succubuisti,
1292 518 1387 571 sed
1434 517 1605 572 adhuc
1651 527 1922 579 sustines,
1968 532 2001 570 ο
2028 522 2073 579 Α
2102 513 2555 582 tnagnii'uerunta
2588 509 2916 603 seculnam
2939 504 3336 603 plerulfqlff
3380 521 3802 580 eorumnum

474 616 613 672 Job?
660 589 977 666 Deiecerunt
1004 609 1221 673 divitiae,
1268 608 1577 662 defecerunt
1616 608 1734 672 ﬁlii,
1782 622 1999 675 compu-
2098 602 2174 657 ria
2193 597 2910 671 permanet,autinverbls.
2931 602 3041 648 aut
3063 592 3127 644 in
3150 589 3403 655 faelis.
3430 603 3596 655 autin
3616 605 3802 670 liberis.-

477 706 716 752 trnerunt
740 711 952 758 carnes,
994 695 1264 762 liquefaeti
1302 707 1425 749 sunt
1471 696 1641 762 nervi,
1679 706 1735 748 et
1776 710 1895 749 ossa
1946 697 1997 750 in

2098 702 2182 747 tua
2207 701 2380 745 autem
2413 690 2682 743 memoria
2722 687 2924 741 omnis
2957 681 3180 738 subito
3217 687 3644 746 exterminata
3675 712 3792 756 εει,

471 796 705 837 stercora
749 785 962 838 redacta
1001 792 1149 845 sunt,
1189 792 1328 836 terra
1357 784 1843 838 eonealescentibus
1878 800 1997 838 car-
2097 788 2467 847 terra,~neque,
2489 777 2694 845 inquit,
2716 775 2962 829 verbum
2983 778 3131 840 P03l
3151 778 3237 831 ιθο
3268 781 3510 839 nenae
3534 778 3703 849 ﬁlius,
3728 805 3802 842 ue-

469 872 624 926 nihus
664 872 768 925 tuis
795 873 1072 926 cortimista
1097 912 1113 935 ,
1140 881 1194 926 et
1217 874 1391 927 adlmc
1415 874 1687 941 sustines?
1713 874 1861 938 Quod
1887 874 2000 927 elﬁ-

466 962 680 1013 ciuntur
715 962 907 1014 mortui
954 962 1005 1014 in
1050 962 1293 1029 sepulcro
1337 973 1452 1031 post
1482 971 1727 1028 mortem,
1775 965 1999 1030 putredo

464 1057 521 1102 et
547 1063 752 1101 vermes
784 1058 946 1116 atque
990 1058 1146 1103 terra:
1183 1051 1482 1115 commisti,
1528 1051 1629 1105 hoc
1661 1052 1905 1106 videlicet
1942 1062 1996 1106 ιιι

464 1135 688 1189 etii-ctus
730 1137 905 1189 adhue
935 1138 1116 1191 vivens
1161 1138 1375 1202 videris,
1408 1147 1462 1192 et
1489 1153 1648 1207 super
1675 1139 1787 1193 haec
1820 1143 1998 1194 omnia

466 1223 640 1277 adhuc
653 1224 907 1288 sustines,
927 1241 961 1279 ο
980 1224 1082 1279 Job
1095 1263 1111 1289 ,
1139 1226 1327 1281 suﬁ‘ers
1344 1227 1641 1296 hujusmodi
1673 1230 1995 1296 passionem,

466 1313 676 1381 qualem
707 1330 811 1368 non
836 1317 1092 1370 sustinuit
1121 1319 1267 1385 prior
1298 1326 1347 1370 te
1373 1321 1541 1383 alter,
1578 1335 1748 1388 neque
1773 1322 1999 1374 sustine-

466 1402 545 1457 bit
569 1403 703 1457 alius
727 1421 894 1475 usque
928 1408 979 1459 in
1008 1410 1386 1477 sempiternum
1417 1419 1534 1478 post
1568 1412 1658 1463 te?
1696 1412 1995 1481 Quousque,

466 1492 660 1562 inquit,
694 1498 915 1550 sustines
938 1500 964 1551 Ρ
996 1497 1256 1553 Deﬁciens
1278 1501 1386 1568 jam
1422 1502 1720 1570 requiesce,
1751 1511 1809 1556 ut
1838 1504 1998 1557 etiam

466 1599 553 1639 me
589 1586 921 1652 requiescere
955 1590 1121 1643 facias
1156 1605 1185 1642 a
1225 1591 1362 1644 bello
1389 1600 1445 1646 et
1480 1593 1792 1657 certamine,
1839 1604 2000 1663 atque

466 1674 839 1732 colluctatione
865 1694 1022 1747 quam
1047 1680 1218 1734 habeo
1240 1681 1382 1735 circa
1412 1692 1480 1736 te.
1519 1681 1624 1747 Sed
1652 1682 1718 1735 ad
1745 1683 1858 1736 haec
1881 1684 1999 1735 uui-

2094 881 2197 935 que
2217 866 2340 929 ﬁlia,
2361 879 2536 933 neque
2558 866 2795 925 factum,
2820 875 2930 930 per
2952 872 3097 926 quae
3123 854 3322 923 possit
3402 868 3564 916 stare
3595 882 3797 933 prater.

2098 957 2213 1012 iens
2230 956 2486 1011 memoria
2513 966 2633 1010 tua.
2662 954 2812 1023 Ergo
2835 951 2975 1020 quia
3010 947 3256 1003 nullum
3285 945 3399 999 de
3432 948 3527 1005 his
3548 966 3673 1021 post
3697 965 3802 1019 ιεῖη

2096 1044 2785 1109 memoriaremansit,ideo
2816 1040 3244 1096 exterminata
3275 1047 3417 1091 εει
3444 1050 3710 1104 memoria
3732 1064 3807 1110 tu.

2096 1155 2125 1193 a
2163 1149 2321 1193 terra.
2353 1136 2469 1192 Non
2498 1136 2675 1191 solum
2711 1134 3091 1193 oblitterata,
3129 1143 3244 1183 seu
3286 1128 3595 1198 sublata,
3612 1141 3707 1195 sed
3729 1159 3815 1200 ex-

2110 1226 2410 1292 terminata,
2442 1234 2704 1293 tanquam
2730 1222 3003 1277 delavata
3038 1226 3238 1285 atque
3263 1230 3349 1270 ex
3378 1226 3561 1275 tersa
3582 1233 3817 1297 tanquam

2098 1317 2233 1372 ultra
2266 1331 2369 1371 non
2395 1317 2466 1370 sit
2509 1316 2598 1369 cui
2632 1315 2804 1384 digne
2848 1309 3327 1380 respondeatur
3407 1323 3424 1357 :
3473 1307 3547 1362 In
3582 1324 3824 1377 ιιιιηιυτίι

2096 1418 2288 1461 eterna
2324 1408 2421 1461 erit
2461 1406 2649 1475 justus
2673 1404 2718 1468 ⁸,
2777 1412 2836 1457 et
2875 1399 3195 1455 memoria
3251 1397 3462 1466 justi
3502 1416 3641 1458 cum
3668 1407 3827 1469 laude.

2100 1496 2298 1551 Deinde
2324 1496 2613 1549 identidem
2648 1491 3029 1547 abscondens
3065 1486 3337 1542 diabolu
3362 1499 3431 1539 ε
3463 1497 3646 1560 atque
3664 1505 3837 1570 tegens

2099 1586 2432 1656 iniquitatem
2489 1599 2678 1647 suam,
2734 1581 3048 1636 convertit
3112 1579 3291 1632 hunc
3374 1590 3746 1645 sermonem
3787 1598 3842 1650 ad

2098 1677 2283 1730 uxoris
2307 1691 2589 1746 personam
2620 1691 2635 1727 :
2672 1682 2728 1727 et
2758 1683 3052 1741 tanquam
3094 1684 3181 1725 ex
3222 1666 3460 1727 illit-s
3499 1688 3748 1744 persona
3778 1686 3847 1744 lo-

466 1779 620 1819 versa
665 1782 772 1820 uno
812 1768 974 1821 verbo
1017 1769 1290 1836 respondit
1327 1770 1549 1825 dicens:
1592 1771 1648 1825 Si
1702 1772 1996 1840 interrogas
2025 1838 2067 1858 ﬁ
2096 1782 2267 1837 quens
2293 1806 2310 1830 ,
2347 1767 2478 1858 dicit
2509 1785 2523 1858 ς
2558 1765 2683 1858 Filii
2719 1766 2793 1819 tui
2832 1777 3001 1858 quos
3041 1761 3247 1816 ﬁdem
3298 1760 3642 1858 ἀφρώδη
3669 1819 3687 1847 ,
3736 1798 3855 1858 quos

466 1869 574 1917 me,
598 1869 630 1908 o
662 1856 890 1920 inimice,
918 1873 1195 1927 quousque
1232 1861 1544 1922 sustineam,
1575 1861 1718 1915 audi.
1753 1838 1993 1926 Quamdiu
2025 1838 2068 1896 Β
2097 1858 2349 1924 pietatem
2379 1856 2624 1918 ίηάυίειίν
2656 1869 2798 1924 QUOS
2827 1855 3221 1947 ςδὲιιξίξῆηθφ
3274 1849 3700 1939 θίιίιὶνὶοθω
3726 1838 3857 1947 εἶτα

466 1944 723 2008 percutis,
766 1944 856 1997 illo
901 1960 1203 2014 usqueego
1243 1949 1506 2013 sustineo;
1537 1949 1768 2016 quandiu
1806 1958 1857 2002 tu
1888 1960 1996 2004 lora

464 2046 614 2098 ques,
652 2033 741 2086 illo
765 2049 932 2102 usque
968 2050 1065 2104 ego
1102 2035 1330 2100 suffero;
1376 2039 1606 2105 quandiu
1643 2047 1695 2091 tu
1739 2037 1993 2108 ﬂagellas,

466 2121 558 2174 illo
582 2137 750 2191 usque
770 2138 868 2192 ego
897 2137 1179 2191 exspecto;
1218 2127 1447 2194 quandiu
1475 2142 1579 2181 non
1609 2128 1861 2183 defecerit
1888 2145 1999 2182 ma-

464 2211 680 2280 lignitas
711 2216 1063 2281 quam'habes
1089 2216 1230 2270 circa
1260 2230 1364 2279 me,
1403 2217 1490 2271 illo
1527 2232 1696 2286 usque
1730 2233 1835 2273 non
1860 2220 1994 2273 deﬁ-

464 2302 572 2354 ciet
607 2302 886 2356 tolerantia
911 2318 1071 2371 quam
1106 2304 1274 2358 habeo
1310 2305 1450 2359 circa
1484 2316 1557 2360 te.
1605 2306 1873 2372 Delusisti,
1912 2308 1993 2360 in-

462 2390 621 2458 quit,
671 2393 1048 2460 temetipsutn,
1094 2410 1129 2447 ο
1187 2394 1433 2461 diabole,
1474 2412 1593 2451 cum
1647 2385 1801 2466 putas
1854 2401 1994 2467 quod

463 2480 631 2534 Adam
667 2482 938 2537 incautum
970 2484 1257 2549 inveneris,
1293 2494 1348 2539 et
1380 2488 1595 2542 nescisti
1624 2488 1764 2557 quod
1805 2491 1994 2544 adver-

464 2587 581 2626 sum
608 2571 708 2626 Job
751 2585 1084 2630 constantem
1125 2578 1224 2630 hoc
1266 2578 1538 2635 habueris.
1576 2579 1680 2634 Sed
1716 2581 1889 2634 adlme
1929 2585 1993 2634 ad

463 2659 694 2729 priorem
716 2677 930 2717 sensum
953 2672 1112 2732 atque
1133 2680 1427 2720 sermonem
1455 2680 1800 2725 revertamur.
1826 2669 1998 2734 Quan-

461 2752 578 2817 diu,
616 2754 805 2822 inquit,
841 2757 1060 2809 sustines
1083 2757 1108 2809 ?
1148 2755 1352 2810 Deinde
1384 2765 1634 2827 tanquam
1667 2760 1998 2829 cogitationi-

463 2840 563 2895 bus
601 2842 718 2908 ejus
758 2852 919 2912 atque
957 2846 1151 2913 spebus
1193 2848 1563 2916 compendium
1605 2848 1807 2903 faciens
1838 2859 1997 2918 atque

464 2933 822 2998 respondens,
874 2933 1129 3000 adjiciens
1170 2936 1299 2991 dicit
1336 2955 1349 2990 :
1387 2936 1520 2989 Ecce
1560 2948 1795 3005 exspecto
1829 2941 1997 2991 adhuc

461 3037 682 3086 paucam
714 3034 926 3090 tempus,
959 3042 1169 3093 sperans
1216 3043 1353 3094 spem
1400 3030 1587 3081 salutis
1625 3046 1749 3083 mere
1772 3031 1811 3082 ³.
1857 3029 1996 3083 Tan-

460 3126 620 3178 quam
664 3113 710 3167 si
760 3114 1003 3168 diceret:
1041 3116 1282 3181 Quandiu
1328 3120 1562 3173 snstines
1608 3120 1710 3173 hoc
1758 3129 1996 3175 tractans

460 3210 515 3253 et
568 3202 669 3254 hoc
709 3204 971 3270 cogitans,
1016 3214 1178 3272 atque
1216 3207 1371 3260 istam
1420 3224 1566 3275 spem
1616 3209 1808 3274 habes,
1854 3211 1997 3279 quod

458 3290 635 3343 adhuc
666 3292 929 3344 modicum
964 3303 1170 3360 tempus
1214 3299 1478 3362 sustines,
1513 3299 1737 3352 salutem
1772 3309 1825 3352 et
1868 3294 1998 3353 libe-

459 3377 747 3441 rationem,
788 3390 944 3446 atque
979 3382 1215 3447 requiem
1262 3396 1608 3452 eaSpeetans,
1645 3387 1867 3455 teipsum
1906 3387 1998 3441 de-

461 3464 618 3528 ludis,
650 3479 680 3519 o
703 3464 822 3520 Job.
862 3466 979 3521 Non
1009 3470 1150 3523 enim
1191 3471 1259 3524 ita
1293 3488 1352 3528 es
1380 3474 1763 3543 deprehensus,
1804 3487 1861 3529 ut
1885 3493 1997 3531 mo-

461 3552 582 3608 dico
613 3557 882 3609 sustinens
924 3566 1161 3625 tempore
1196 3563 1407 3618 evadas.
1456 3564 1569 3618 Non
1618 3567 1765 3633 talia,
1801 3567 1993 3637 inquit,

460 3648 515 3693 te
564 3643 701 3694 mala
735 3643 1103 3711 circumdant,
1146 3663 1179 3701 ο
1217 3649 1406 3715 Ιιοιιιο,
1455 3660 1513 3705 ιιι
1561 3667 1679 3707 cum
1733 3656 1994 3709 modicum

463 3731 718 3797 temporis
761 3733 871 3786 haec
907 3740 1343 3806 supportaveris,
1376 3740 1599 3795 salutem
1630 3757 1846 3810 sperare
1871 3760 1995 3814 pos-

460 3815 576 3870 sis:
615 3819 709 3872 sed
762 3823 1051 3889 sustinens,
1104 3823 1297 3894 inquit,
1346 3832 1655 3898 sustinebis,
1695 3840 1750 3887 et
1788 3835 1996 3902 patiens

460 3908 707 3974 patieris,
763 3920 818 3965 et
860 3912 979 3968 ﬁnis
1024 3918 1283 3983 passionis
1323 3930 1484 3988 atque
1532 3923 1730 3977 doloris
1777 3926 1848 3978 tui
1890 3941 1993 3980 non

459 3998 583 4051 erit.
609 3999 760 4066 Quod
796 4004 937 4057 enim
966 4004 1202 4061 facturus
1227 4024 1286 4063 es
1308 4010 1358 4063 in
1389 4011 1592 4077 ultimo,
1620 4029 1737 4066 cum
1768 4014 1993 4084 plurima

459 4101 648 4153 passus
677 4090 875 4158 fueris,
916 4110 978 4148 ac
1010 4098 1356 4162 sustinueris,
1397 4110 1455 4153 ut
1484 4101 1827 4170 blasphemes
1849 4143 1864 4166 ,
1895 4105 1995 4159 hoc

418 4186 585 4232 ‘sane
629 4195 725 4234 cur
758 4199 861 4238 non
903 4184 1035 4240 facis
1071 4189 1337 4254 celeriter,
1381 4202 1439 4244 ιιι
1474 4191 1660 4245 saltem
1709 4193 1789 4247 vel
1832 4210 1992 4249 unum

456 4282 522 4323 ex
566 4271 694 4339 ipsis
728 4274 999 4332 doloribus
1026 4279 1286 4348 cﬁugiens
1315 4283 1638 4351 requiescas.
1672 4284 1795 4339 Haec
1819 4286 1994 4355 itaque

459 4360 706 4415 universa
745 4374 903 4433 atque
934 4368 1017 4423 his
1042 4369 1190 4438 plura
1220 4372 1576 4441 nequissimus
1598 4374 1842 4429 diabolus
1870 4376 1992 4431 licet

2022 3158 2064 3215 C

2093 1961 2282 2001 omnes
2310 1947 2511 2001 habere
2533 1946 2847 2001 instruxisti
2886 1964 2904 1999 :
2952 1944 3068 1998 ﬁlii
3111 1943 3207 2009 tui,
3244 1954 3411 2034 ρι’τῆ
3440 1976 3683 2033 quibus
3700 1943 3855 2034 cmi;

2096 2034 2239 2087 fuisti
2255 2035 2519 2089 sollicitus
2536 2044 2591 2088 et
2608 2034 2793 2087 animo
2812 2032 3113 2103 cegitasti
3136 2041 3206 2087 et
3230 2031 3599 2108 sinum/‘3”;
3609 2031 3811 2109 επ.ηῇ

2094 2122 2174 2175 cia
2196 2122 2590 2184 immolasti,de
2607 2122 2811 2192 quibus
2829 2123 2989 2190 apud
3021 2122 3430 2190 temetipsum
3454 2131 3705 2188 dixisti:
3728 2138 3803 2191 Νι

2095 2210 2229 2278 forte
2246 2210 2345 2278 ﬁlii
2366 2211 2467 2264 mei
2488 2212 2543 2264 in
2568 2212 2889 2278 prcecordiis
2913 2212 3087 2263 mala
3115 2212 3523 2279 cogitauerim
3548 2223 3803 2279 adversus

2094 2299 2259 2354 Deum
2288 2302 2328 2354 ⁸.
2361 2301 2452 2355 Isti
2485 2316 2616 2370 ergo
2646 2301 2927 2371 ﬁliiquos
2986 2301 3087 2355 tui
3154 2302 3437 2359 haeredes
3505 2308 3646 2365 fore
3682 2328 3801 2381 spe.

2096 2389 2247 2453 rasti,
2278 2405 2309 2444 a
2335 2391 2533 2459 quibus
2560 2390 2909 2459 sepulturam
2936 2399 3348 2461 accepturum
3389 2403 3461 2449 te
3499 2412 3811 2468 exspecta-

2094 2480 2184 2546 8ti,
2218 2494 2313 2548 per
2356 2495 2490 2548 quos
2541 2496 2742 2536 nomen
2780 2490 2944 2536 tuum
3009 2497 3093 2537 ac
3158 2485 3546 2540 memoriam
3585 2500 3724 2558 post
3764 2502 3814 2547 te

2096 2585 2313 2625 manere
2351 2571 2658 2625 credidisti.
2693 2571 2788 2626 lsti
2818 2586 2966 2641 ergo
2998 2571 3119 2625 ﬁlii
3162 2574 3390 2642 quibus
3426 2576 3607 2631 inter
3644 2581 3815 2636 homi-

2095 2676 2191 2715 nes
2221 2660 2454 2715 nihilest
2480 2662 2717 2725 dulcius,
2746 2663 2964 2730 quibus
2996 2663 3169 2717 nihil
3222 2673 3305 2719 est
3339 2664 3531 2721 inter
3558 2671 3821 2727 carnales

2095 2751 2330 2804 charius.
2362 2749 2452 2805 isti
2472 2751 2565 2805 lilii
2598 2753 2675 2805 tui
2707 2767 2955 2821 quorum
2982 2753 3299 2809 visionem
3334 2770 3482 2811 non
3516 2770 3820 2829 exspecta-

2094 2841 2177 2894 bis
2223 2840 2474 2910 amplius,
2507 2858 2743 2911 quorum
2780 2842 2994 2897 ﬁtciem
3056 2859 3194 2899 nou
3255 2844 3514 2903 videbis
3554 2851 3823 2916 ulterius,

2096 2944 2327 2997 quorum
2366 2931 2736 2984 reversionem
2769 2945 2879 2984 non
2910 2945 3143 3000 speras
3168 2932 3481 3002 amplius.
3513 2935 3657 2991 Non
3682 2940 3826 2990 enim

2098 3018 2149 3070 in
2188 3018 2578 3086 profectionem
2615 3029 2909 3074 terrenam
2952 3030 3397 3091 perrexerunt
3421 3064 3443 3087 ,
3512 3035 3590 3080 ut
3644 3026 3831 3082 denuo

2099 3108 2462 3161 reversionem
2500 3123 2688 3176 speres
2724 3124 2955 3176 eorum,
2988 3126 3217 3182 neque
3257 3114 3306 3168 in
3338 3114 3643 3171 navibus
3678 3118 3833 3170 navi-

2096 3206 2281 3268 gantes
2319 3198 2386 3251 ad
2422 3208 2645 3253 exteras
2670 3200 3004 3268 provincias
3034 3206 3493 3271 transierunt,
3529 3218 3604 3262 ut
3648 3208 3836 3266 denuo

2096 3288 2160 3340 ad
2187 3297 2396 3356 tempus
2431 3298 2743 3345 remeantes
2790 3293 3145 3362 suscipere,
3221 3308 3418 3367 atque
3461 3302 3689 3356 videre
3742 3315 3833 3355 eos

2095 3376 2290 3446 possis.
2319 3377 2487 3432 Terra
2531 3379 2653 3435 illos
2710 3382 2900 3436 subito
2948 3390 3321 3455 cooperuit,
3379 3400 3458 3444 et
3496 3406 3680 3446 mors
3716 3392 3835 3447 illos

2095 3474 2317 3521 cunctos
2361 3469 2566 3537 pariter
2598 3474 2878 3541 perdidit;
2920 3473 3167 3533 domus
3248 3479 3443 3535 ruina
3517 3499 3832 3539 commune

2094 3556 2399 3625 sepulcrum
2427 3559 2534 3613 illis
2555 3562 2770 3616 cunctis
2801 3562 3027 3623 elfecit.
3100 3567 3257 3637 Isti,
3295 3571 3554 3641 inquit,
3595 3574 3707 3629 ﬁlii
3757 3572 3829 3627 tui

2092 3653 2146 3699 et
2176 3662 2279 3701 non
2300 3647 2469 3702 solum
2492 3650 2589 3704 ﬁlii
2621 3654 2714 3708 sed
2731 3659 2787 3706 et
2814 3653 2969 3708 ﬁliae.
3006 3655 3080 3711 Si
3108 3663 3294 3716 enim
3314 3663 3545 3718 solum
3570 3665 3679 3717 ﬁlii
3714 3680 3829 3734 per-

2095 3735 2310 3800 iissent,
2368 3738 2491 3793 lilia:
2533 3756 2666 3796 vero
2718 3758 3157 3815 superessent,
3236 3752 3570 3808 diminuta
3636 3756 3829 3810 fuisse:

2093 3827 2328 3891 miseria,
2375 3829 2789 3902 diminutusque
2839 3836 3157 3895 nefandus
3232 3844 3454 3902 dolor.
3536 3846 3818 3902 Filiarutn

3736 4044 3818 4083 re-

2100 4096 2392 4151 stituerent
2435 4099 2534 4153 tibi
2586 4101 2825 4157 liliarum
2859 4107 2987 4160 nati
3044 4110 3342 4171 ﬁiiorum
3385 4119 3817 4190 direptionem.

2093 4184 2240 4240 Nunc
2264 4201 2392 4241 vero
2421 4199 2475 4242 et
2517 4190 2612 4244 ﬁlii
2658 4194 2738 4246 tui
2784 4203 2840 4250 et
2879 4196 3019 4254 ﬁlia:
3057 4218 3309 4265 omnes
3374 4184 3631 4280 pariter
3692 4229 3812 4284 per—

2092 4275 2486 4343 ierunt,omnes
2517 4282 2620 4335 sub
2647 4298 2757 4337 una
2792 4285 2939 4342 hora
2981 4292 3188 4352 deleti
3225 4275 3413 4366 sunt,
3453 4275 3812 4359 omnes-uno

2094 4375 2330 4433 tempore
2360 4366 2414 4420 in
2444 4380 2621 4423 morte
2647 4382 2915 4444 tanquam
2952 4379 3012 4434 in
3050 4387 3307 4461 pelago
3334 4393 3624 4450 demersi
3652 4404 3806 4451 sunt:

459 4463 562 4500 non
608 4451 1025 4512 evidentiorilms
1066 4461 1241 4514 verbis
1277 4462 1664 4515 sermocinatus
1708 4462 1808 4530 sit,
1853 4474 1988 4517 atta-
2019 4472 2065 4529 ι)
2090 4455 2348 4509 omnes“!
2388 4473 2492 4510 ulla
2526 4461 2691 4517 domo
2743 4474 3020 4536 tanquam
3052 4451 3065 4452 ί
3091 4474 3164 4531 in
3218 4451 3373 4537 ima
3408 4486 3563 4540 navi
3594 4502 3627 4539 a
3656 4495 3813 4540 terra:

457 4551 578 4589 men
612 4540 833 4596 occultis
855 4548 1272 4615 cogitationibus
1301 4550 1364 4603 ad
1387 4550 1485 4605 Job
1517 4550 1724 4606 locutus
1755 4562 1837 4606 est
1865 4555 1991 4609 sub-

458 4628 620 4681 tiliter
657 4633 904 4686 seducere
942 4639 1125 4694 volens
1166 4641 1422 4695 famulum
1460 4642 1556 4697 Dei
1606 4643 1986 4700 inviolabilem.

455 4714 627 4783 Super
665 4734 783 4785 quze
836 4723 1078 4779 universa
1139 4729 1399 4799 adjiciens
1458 4731 1632 4787 dicit:
1673 4730 1805 4785 Ecce
1854 4737 1989 4787 enim

452 4809 791 4862 exterminata
832 4823 905 4865 est
940 4821 1182 4872 memoria
1212 4830 1303 4873 tua
1332 4837 1364 4873 a
1395 4829 1532 4874 terra
1549 4821 1590 4875 ‘.
1634 4822 1770 4888 Quid
1796 4837 1989 4893 exspe-

451 4896 606 4948 ctas?
635 4900 758 4965 quid
785 4904 1052 4959 sustines?
1078 4911 1204 4978 quid
1233 4913 1450 4981 speras?
1491 4912 1617 4981 quid
1666 4923 1874 4982 tempus
1900 4927 1989 4967 sa-

452 4983 576 5039 lutis
630 4993 945 5057 exspectas?
1004 4996 1364 5054 Exterminata
1410 5010 1482 5053 est
1528 5001 1776 5054 memoria
1823 5011 1915 5053 tua
1958 5018 1992 5054 α

440 5082 611 5129 terra.
658 5076 1014 5138 Exterminata
1041 5100 1123 5144 est
1150 5094 1295 5148 enim
1317 5131 1332 5157 ,
1368 5091 1612 5158 sublata,
1646 5090 1815 5144 ﬁnita.
1858 5090 1990 5144 Pro-

445 5164 623 5234 jectus
652 5183 792 5233 esse,
831 5173 1016 5243 inquit,
1055 5184 1272 5250 videris,
1310 5192 1364 5236 et
1401 5190 1656 5250 tanquam
1690 5197 1792 5236 non
1819 5182 1894 5235 sis
1921 5180 1989 5234 ab

448 5257 692 5311 omnibus
723 5267 1005 5330 reputaris.
1050 5271 1410 5336 Deseruerant
1446 5285 1671 5339 namque
1703 5279 1755 5323 te
1782 5284 2009 5335 omnes,

446 5346 803 5406 discesserunt
830 5358 1027 5425 cuncti,
1055 5368 1206 5427 Obliti
1232 5369 1365 5425 sunt
1405 5360 1659 5424 universi.
1678 5359 1992 5428 ἀθειιθηνθ·

450 5452 571 5538 runt
603 5453 652 5497 te
690 5444 807 5509 toti,
835 5456 888 5501 et
915 5453 1004 5520 qui
1037 5471 1221 5538 prope,
1263 5465 1324 5516 et
1359 5452 1447 5520 qui
1486 5452 1643 5522 longe
1678 5460 1823 5514 sunt,
1862 5451 1989 5519 quia

434 5528 618 5585 deleta
661 5542 744 5587 est
792 5545 1045 5605 memoria
1094 5528 1255 5620 ιιληέ
1318 5546 1486 5602 terra.
1534 5540 1747 5609 Quanti,
1794 5540 1987 5608 inquit,

512 5701 529 5729 ³
556 5698 652 5755 Job
684 5718 741 5769 tt,
772 5705 820 5761 9.
898 5716 919 5748 ⁸
946 5720 1075 5792 ibid.
1157 5747 1173 5781 ι
1206 5725 1363 5804 νέαι.
1397 5731 1505 5782 CII,
1536 5712 1585 5767 7.
1675 5712 1693 5740 ⁶
1731 5707 1825 5766 Job
1851 5725 1888 5774 l,
1912 5709 1963 5763 5.

2094 4546 2280 4648 pelago
2305 4546 2549 4648 alisorpti
2582 4562 2713 4606 sunt
2742 4575 2757 4610 :
2791 4565 2847 4611 et
2880 4564 3042 4617 sicut
3082 4565 3172 4624 iis
3205 4576 3327 4642 qui
3366 4574 3434 4628 in
3476 4578 3691 4648 pelago
3722 4578 3806 4631 de-

2093 4637 2254 4691 mersi
2303 4637 2506 4694 fuerint
2542 4647 2898 4706 ascensionis
2937 4654 3034 4709 vel
3096 4637 3358 4723 salutis
3394 4637 3547 4737 spes
3579 4637 3811 4723 ulterius

2063 4742 2202 4786 ,non
2237 4736 2340 4796 est,
2386 4732 2468 4786 sic
2510 4732 2770 4804 ﬁliorum,
2807 4739 3023 4812 inquit,
3068 4757 3362 4813 tuorum
3397 4732 3464 4813 et
3502 4760 3749 4814 ﬁliarum
3779 4772 3807 4811 ι

2094 4821 2321 4921 mortuis
2364 4821 2701 4921 iamentabili
2736 4833 3029 4900 profundo
3086 4845 3585 4921 absorptorum
3634 4866 3813 4906 rever-

2093 4910 2265 5005 sionis
2299 4912 2384 4968 vel
2433 4918 2799 4985 reparationis
2848 4940 2980 4994 spes
3045 4910 3369 5005 ampliu's
3431 4954 3561 4995 non
3605 4950 3709 5003 est,
3758 4946 3809 4993 ut

2093 4998 2232 5102 diem
2264 5007 2537 5061 memoriae
2563 5013 2673 5062 tua:
2708 5013 3043 5089 celebrent,
3091 4998 3178 5081 ut‘
3224 5040 3524 5102 tempus
3559 4998 3815 5090 recorda-

2095 5092 2259 5148 tionis
2286 5103 2393 5152 tua:
2415 5108 2595 5170 agant.
2626 5100 2745 5167 Sic,
2775 5106 3033 5182 inquam,
3081 5118 3204 5177 ﬁlii
3256 5092 3503 5185 tui-et
3538 5126 3671 5181 ﬁlia:
3700 5132 3817 5179 ante

2093 5190 2303 5288 tempus
2331 5191 2635 5261 perierunt,
2670 5210 2871 5256 omnes
2920 5212 3058 5262 ante
3095 5218 3412 5289 tempus
3445 5230 3481 5269 ι
3520 5224 3709 5272 morte
3743 5217 3819 5270 di-

2094 5282 2231 5343 repti
2258 5289 2429 5349 sunt,
2470 5293 2529 5340 ut
2566 5301 2671 5342 non
2706 5292 3196 5368 derelinquerent
3237 5282 3739 5383 ᾖφδιετὶιθῑεω,
3769 5314 3822 5360 υι

2095 5378 2218 5418 cum
2240 5383 2485 5461 ξ’θνθιθδ
2514 5394 2619 5434 "0“
2657 5396 2989 5457 ευυθτευηι,
3031 5396 3131 5452 avi
3163 5414 3205 5455 a
3237 5378 3303 5461 ’ῃ
3320 5400 3476 5459 11/10
3504 5403 3793 5461 nonI/Zeno

2095 5462 2204 5555 tur.
2236 5457 2345 5518 Sed
2382 5471 2493 5525 noli
2517 5479 2729 5543 putare,
2764 5478 2938 5550 oJob,
2962 5489 3123 5555 quod
3158 5457 3760 5555 ιιιίέοιίθιῶἇιὲιοε

2095 5544 2375 5624 ι¹¹³Ὶ)ιιῐειιιι,
2404 5564 2499 5620 sud
2535 5566 2663 5624 mihi
2689 5572 2876 5643 potius
2911 5544 3757 5662 tie-puto,qsedv
