3916 6412
661 391 760 446 383
1704 383 2072 439 ANONYMUS
2112 383 2174 436 ΙΝ

660 505 886 561 civitatis
917 502 1168 556 transitus
1189 502 1391 571 ignara.
1419 499 1548 553 Nam
1577 501 1716 555 intra
1736 501 1929 570 palatia
1958 503 2180 568 nutrita,

658 595 784 650 etin
813 604 975 659 regno
999 590 1203 652 vivens,
1231 597 1285 642 et
1311 590 1361 642 in
1392 589 1690 658 principatu
1726 600 1885 658 atque
1911 591 2178 658 opulentia

659 683 873 748 degens,
923 680 1157 732 omnium
1189 679 1317 732 foris
1361 694 1509 733 eram
1548 680 1752 747 ignara.
1811 679 1888 734 Ob
1922 681 2176 748 hocego,

658 769 845 834 inquit,
875 777 932 820 ut
959 783 1086 836 vaga
1145 769 1432 832 circumeo,
1483 776 1643 836 atque
1682 783 1823 832 erro,
1856 779 2035 836 utpote
2064 785 2178 822 om-

655 860 798 913 nium
827 859 992 912 inscia
1022 869 1075 912 et
1108 859 1314 912 viarum
1343 867 1396 911 et
1431 861 1675 912 itinerum
1703 869 1754 912 et
1795 860 2096 914 incessuum
2125 869 2180 914 et

653 947 1059 1016 colloquiorum,
1091 957 1145 1002 et
1178 965 1279 1001 non
1310 949 1476 1001 solum
1523 964 1680 1018 vaga,
1722 951 1812 1002 sed
1849 950 2028 1002 habittt
2079 965 2178 1002 an-

655 1037 792 1090 cillze
837 1047 1087 1104 tanquam
1147 1039 1503 1102 mercenaria,
1561 1050 1720 1106 atque
1749 1038 1870 1091 aliis
1917 1039 2176 1105 indigens,

653 1136 904 1192 tanquam
983 1127 1163 1180 infelix
1230 1135 1284 1180 et
1356 1129 1656 1180 otnnimode
1727 1128 1898 1195 inops.
1987 1127 2177 1183 Habitu

653 1217 877 1278 ancillae,
909 1226 1086 1284 utpote
1107 1232 1331 1284 operans
1369 1232 1432 1271 ac
1479 1218 1722 1272 laborans
1754 1228 1807 1272 et
1839 1233 2176 1272 mercennnm

655 1306 888 1371 faciens;
943 1317 997 1360 et
1045 1308 1291 1360 omnibus
1341 1309 1667 1377 supplicans,
1717 1320 1879 1378 atque
1933 1311 2178 1365 omnibus

654 1396 888 1460 humilis,
924 1407 1102 1465 utpote
1153 1399 1402 1452 omnibus
1449 1400 1706 1467 subjecta,
1767 1401 1845 1454 sic
1892 1402 2066 1468 itaque
2121 1409 2180 1454 ut

653 1498 806 1552 vaga,
849 1485 1013 1553 inquit
1039 1525 1060 1557 ,
1099 1495 1154 1539 et
1199 1487 1382 1539 habitu
1433 1489 1664 1542 ancillae.
1703 1488 1968 1544 lnnumeri
2015 1491 2177 1556 servi,

653 1587 812 1642 atque
860 1575 1155 1629 innumera:
1199 1576 1404 1630 ancillae
1453 1577 1576 1629 olim
1617 1580 1922 1632 servierunt
1955 1579 2084 1632 mihi
2126 1589 2181 1634 et

653 1664 1084 1718 ministraverunt
1120 1674 1174 1718 et
1207 1667 1507 1720 detulerunt
1545 1676 1598 1720 et
1633 1669 1864 1733 requiem
1897 1671 2177 1732 dederunt,

653 1765 705 1809 et
731 1756 964 1824 undique
994 1772 1115 1810 cum
1147 1758 1449 1812 reverentia
1497 1758 1851 1813 adoraverunt
1876 1773 1959 1813 me
1991 1775 2004 1810 :
2040 1775 2177 1814 nunc

649 1862 778 1901 vero
806 1847 871 1900 ad
905 1856 1101 1901 tantam
1135 1847 1498 1902 infelicitatem
1524 1849 1766 1902 devoluta
1801 1864 1940 1913 sum,
1972 1850 2036 1901 ad
2060 1859 2177 1902 tan-

649 1944 756 1988 tam
800 1936 1064 1989 miseriam
1102 1936 1340 2003 perveni,
1377 1942 1434 1988 ut
1465 1938 1579 2002 ipsa
1621 1950 1718 2003 ego
1760 1949 1888 2003 vaga
1921 1935 2039 1988 aliis
2069 1951 2180 1989 ser-

649 2023 862 2086 vierim,
899 2024 1143 2078 omnibus
1179 2024 1440 2092 indigens,
1468 2024 1711 2078 omnibus
1736 2025 1997 2093 subjecta.
2043 2026 2174 2096 Ego,

652 2115 842 2182 inquit,
865 2130 982 2182 quae
1003 2115 1312 2170 immensum
1334 2130 1608 2169 numerum
1636 2116 1847 2185 inopum
1878 2124 2036 2184 atque
2049 2131 2177 2184 pau-

653 2218 856 2271 perum,
879 2203 1163 2258 infelicium
1178 2219 1411 2272 quoque,
1429 2219 1492 2258 ac
1509 2206 1764 2259 nudorum
1786 2195 2179 2275 sitientiumque

644 2291 776 2344 olim
801 2306 865 2344 ex
905 2292 1007 2346 tuis
1048 2301 1101 2346 et
1129 2293 1262 2346 meis
1304 2293 1574 2347 laboribus
1616 2303 1778 2362 atque
1828 2294 2174 2350 facultatibus

651 2379 905 2441 saturavi,
923 2379 1130 2444 vestiri,
1155 2379 1414 2444 benefeci,
1436 2381 1691 2448 requievi,
1713 2380 2043 2450 refrigeravi,
2060 2396 2178 2448 ego,

653 2469 845 2536 inquit,
872 2469 937 2522 ad
973 2478 1146 2523 tantos
1173 2469 1383 2524 dolores
1411 2479 1464 2522 et
1509 2470 1770 2532 miserias,
1807 2481 1964 2539 atque
2009 2471 2183 2526 infeli-

653 2559 865 2612 citatem
891 2560 1129 2626 perveni,
1170 2568 1227 2612 ut
1254 2569 1504 2628 tanquam
1537 2574 1668 2628 vaga
1701 2561 2038 2625 circumiens,
2062 2561 2179 2614 aliis

653 2658 870 2717 propter
916 2649 1145 2717 inopiam
1189 2649 1438 2714 serviam,
1468 2657 1526 2702 ut
1570 2649 1692 2712 tibi,
1745 2649 1936 2718 inquit,
1978 2664 2013 2704 o
2059 2649 2178 2712 Job,

657 2737 1022 2804 quotidianam
1071 2752 1250 2791 escam
1301 2752 1585 2792 merceuno
1637 2739 1930 2806 acquiram,
1980 2749 2036 2792 ttt
2090 2738 2178 2792 tibi

653 2827 1019 2896 quOtidianum
1059 2828 1257 2881 victum
1295 2827 1584 2881 inveniam.
1614 2827 1692 2882 Ob
1730 2830 1857 2890 hoc,
1903 2829 2092 2896 inquit,
2125 2837 2181 2880 ut

655 2931 786 2987 vaga
807 2926 860 2970 et
890 2917 1071 2971 habitu
1098 2916 1305 2970 ancillae
1332 2916 1399 2970 de
1433 2917 1550 2970 loco
1583 2919 1648 2970 ad
1689 2916 1858 2970 locum
1891 2916 2179 2982 circumeo,

654 3013 708 3059 et
738 3007 804 3060 de
823 3007 980 3059 domo
1020 3007 1072 3059 in
1105 3006 1338 3069 domum,
1371 3006 1536 3060 sicubi
1565 3019 1870 3073 exposcam,
1896 3012 1950 3058 et
1979 3005 2182 3059 mendi-

637 3111 792 3161 ~cem,
837 3105 1106 3165 expetam,
1143 3095 1312 3148 velut
1343 3095 1503 3149 etiam
1547 3108 1828 3149 mercenno
1857 3093 2083 3162 exigam,
2119 3094 2183 3146 de

655 3186 772 3239 loco
804 3186 868 3236 ad
898 3186 1093 3246 locum,
1142 3185 1206 3238 de
1233 3187 1388 3237 domo
1429 3185 1482 3236 in
1510 3184 1720 3238 domum
1757 3184 2044 3236 circumeo.
2071 3181 2177 3235 Ali-

654 3274 797 3338 cubi,
819 3275 1009 3341 inquit,
1027 3273 1310 3340 suscipior,
1342 3273 1534 3326 alicubi
1569 3283 1744 3326 autem
1772 3286 1874 3326 non
1898 3272 2181 3341 suscipior,

655 3361 846 3414 alicubi
878 3361 1113 3413 defertur
1158 3359 1310 3423 mihi,
1338 3359 1531 3412 alicubi
1562 3367 1739 3410 autem
1768 3373 1875 3411 non
1922 3358 2182 3413 defertur.

653 3450 860 3502 Alieubi
905 3449 1252 3510 honorificor,
1298 3447 1491 3501 alicubi
1537 3448 1882 3501 nihilominus
1920 3461 2184 3502 exsecror.

655 3535 787 3590 Nam
818 3545 1008 3600 praeter
1042 3534 1091 3586 id
1129 3533 1269 3601 quod
1313 3549 1416 3587 non
1443 3535 1759 3604 suscipiunt,
1791 3537 2006 3604 insuper
2031 3550 2186 3590 exse-

655 3632 900 3686 crantur,
935 3622 1224 3686 declinant,
1255 3623 1629 3677 abominantur
1650 3635 1886 3680 nostram
1910 3626 2186 3682 infelicita-

663 3723 792 3774 tem,
827 3711 1190 3780 unusquisque
1217 3712 1317 3766 sibi
1345 3721 1603 3780 metuens,
1637 3725 1690 3769 et
1718 3722 1969 3784 tanquam
2003 3718 2068 3771 ab
2093 3735 2188 3771 au-

660 3799 813 3868 gurio
841 3815 1014 3854 meum
1044 3815 1312 3855 accessum
1337 3810 1497 3871 atque
1539 3806 1806 3859 introitum
1859 3819 1966 3873 prae
1998 3806 2189 3860 timore

655 3888 903 3954 declinat,
938 3903 1004 3942 ne
1027 3887 1164 3942 forte
1198 3902 1318 3943 cum
1343 3901 1526 3944 neStra
1565 3891 1778 3946 miseria
1809 3901 2075 3962 tangatur.
2108 3891 2187 3947 Ob

657 3977 778 4042 hoc,
815 3979 1004 4048 inquit,
1036 3995 1070 4032 o
1111 3979 1230 4047 Job,
1259 3981 1324 4036 de
1364 3981 1484 4035 loco
1509 3980 1563 4034 in
1594 3981 1764 4034 locum
1803 3980 2091 4046 circumeo,
2136 3991 2190 4035 et

654 4069 722 4122 de
773 4069 1005 4124 domoin
1031 4071 1266 4128 domum.
1291 4072 1417 4140 Ego,
1453 4072 1548 4136 ait,
1578 4087 1693 4141 quas
1730 4071 1854 4125 olim
1879 4070 2020 4126 foras
2053 4087 2190 4125 nun-

657 4175 818 4227 quam
851 4161 1015 4226 exivi,
1038 4177 1156 4230 qua:
1182 4163 1326 4217 foras
1355 4178 1620 4232 nunquam
1645 4165 1874 4232 respexi,
1901 4180 2040 4220 nunc
2065 4181 2190 4221 vero

657 4252 722 4304 de
745 4251 859 4304 loco
891 4253 942 4304 in
973 4252 1146 4306 locum
1177 4253 1518 4319 circumiens,
1543 4264 1599 4308 et
1628 4255 1693 4309 de
1719 4257 1875 4310 domo
1906 4256 1954 4309 in
1976 4257 2187 4312 domutn

657 4337 724 4390 ab
753 4341 995 4394 omnibus
1030 4343 1348 4410 conspicior,
1377 4343 1444 4396 ab
1463 4343 1712 4398 omnibus
1754 4346 2099 4414 contemplor,
2137 4357 2190 4402 et

657 4440 688 4478 a
713 4427 864 4481 malis
885 4437 940 4482 et
961 4444 988 4482 a
1013 4430 1184 4494 bouis,
1210 4433 1548 4502 etacognitis
1567 4441 1620 4486 et
1634 4433 1700 4486 ab
1729 4433 2026 4501 incognitis.
2060 4434 2190 4488 Nam

659 4516 717 4578 ii,
759 4517 951 4586 inquit,
995 4521 1082 4587 qui
1116 4521 1242 4575 olim
1287 4537 1387 4578 nec
1436 4521 1677 4578 viderunt
1723 4538 1828 4588 me,
1867 4538 1966 4577 nec
2002 4524 2186 4580 videre

657 4614 966 4675 potuerunt,
1023 4609 1111 4663 isti
1153 4626 1300 4666 nunc
1328 4622 1385 4666 ut
1416 4627 1597 4681 vagam
1649 4627 1734 4665 me
1763 4613 2184 4669 circumeuntem

659 4709 779 4748 cum
809 4696 1102 4763 ignominia
1134 4701 1334 4764 vident,
1389 4710 1550 4770 atque
1585 4708 1890 4770 contemptu
1945 4713 2184 4756 contem-

661 4782 890 4852 plantur.
930 4784 1009 4839 Ob
1044 4787 1163 4855 hoc,
1199 4790 1388 4856 inquit,
1423 4792 1489 4843 de
1518 4789 1632 4845 loco
1654 4791 1718 4842 ad
1745 4790 1923 4844 locum
1951 4791 2182 4844 circum-

629 4889 725 4930 ‘eo
766 4880 822 4924 et
867 4875 936 4928 de
977 4875 1131 4930 domo
1169 4878 1220 4930 in
1249 4878 1457 4931 domum
1482 4879 1658 4947 operis
1688 4879 1883 4946 gratia,
1919 4891 1973 4934 et
1995 4894 2182 4947 exspe-

661 4979 812 5021 ctans
839 4967 1050 5035 quando
1086 4965 1165 5020 sol
1208 4969 1412 5031 subeat,
1442 4979 1500 5022 ut
1527 4968 1758 5037 requiem
1791 4969 2010 5024 habeam
2045 4968 2186 5022 labo-

660 5075 780 5114 rum
803 5067 961 5126 atque
977 5057 1282 5127 gemituum,
1303 5059 1391 5126 qui
1419 5075 1556 5114 nunc
1578 5075 1661 5114 me
1681 5060 2138 5129 apprehenderunt
2167 5078 2180 5113 :

660 5152 749 5221 qni
783 5164 923 5204 nunc
944 5158 1336 5215 occupaverunt
1366 5159 1473 5206 tam
1504 5167 1598 5221 pro
1620 5161 1706 5205 tua
1737 5152 2004 5220 passione,
2027 5167 2184 5218 quam

659 5243 818 5297 etiam
849 5252 946 5309 pro
983 5250 1102 5291 mea
1146 5239 1442 5307 vagatione,
1492 5251 1598 5296 tam
1630 5257 1724 5310 pro
1763 5241 1867 5294 tuis
1917 5239 2186 5294 laboribus

659 5329 1020 5400 quam‘etiam
1063 5340 1157 5396 pro
1185 5329 1317 5383 meis
1367 5330 1817 5396 tribulationibus,
1868 5339 2184 5398 exspectans

661 5423 870 5491 quando
895 5421 973 5475 sol
1000 5421 1201 5475 subeat.
1231 5419 1313 5478 0b
1351 5439 1510 5494 quam
1532 5425 1688 5481 rem?
1719 5423 1802 5478 οι)
1834 5423 1956 5483 hoc,
1988 5423 2180 5490 inquit,

659 5525 716 5568 ut
771 5512 1006 5582 requiem
1062 5512 1280 5569 habeam
1335 5516 1572 5576 laborum
1646 5531 1710 5573 ae
1785 5510 2182 5568 tribulationum

729 5688 769 5717 “
799 5685 981 5740 Matth.
1010 5698 1107 5751 xu,
1139 5685 1228 5746 43.

2211 383 2344 438 JOB.
2378 411 2441 422 --
2479 382 2605 436 LIB.
2644 383 2709 436 ll.
3659 395 3732 450 liii

2205 507 2250 562 Α
2278 514 2534 554 mearum.
2567 498 2700 552 Nam
2730 512 2858 552 cum
2909 497 3012 558 sol,
3057 497 3248 567 inquit,
3274 499 3527 564 ceciderit,
3545 517 3630 556 nox
3672 520 3728 573 ap‘

2276 588 2681 655 prepinquat,et
2717 585 2956 639 tenebra:
2978 584 3248 649 oriuntur,
3273 597 3327 640 et
3348 592 3733 656 supervenitsom-

2275 692 2396 738 nus,
2433 678 2521 747 qui
2553 692 2740 730 omnes
2785 675 3002 729 dolores
3034 675 3262 745 mitigat,
3306 678 3393 745 qui
3421 692 3562 733 omne
3594 684 3737 740 vulnus

2275 769 2444 829 sedat,
2489 766 2580 835 qui
2614 780 2828 818 omnem
2888 764 3163 816 tristitiam
3197 765 3350 832 sepit.
3383 764 3457 821 0b
3498 769 3585 824 hoc
3617 787 3738 842 ergo,

2275 856 2366 918 ait,
2400 866 2653 924 tanquam
2685 853 2929 922 requiem
2956 862 3013 906 et
3039 854 3278 907 omnium
3308 856 3658 914 tribulationum
3675 865 3740 918 de-

2275 944 2590 1011 positionem
2617 944 2695 996 sic
2710 951 2971 1009 exspecto
2994 943 3206 1010 quando
3230 943 3308 996 sol
3332 947 3524 1011 subeat,
3544 952 3740 1006 utsaltem

2275 1031 2357 1083 vel
2393 1030 2540 1084 brevi
2565 1030 2740 1082 noctis
2771 1039 3017 1098 tempore
3052 1044 3081 1081 a
3120 1029 3546 1094 tribulationibus,
3568 1051 3661 1104 qua:
3686 1056 3742 1093 me

2279 1133 2419 1171 nunc
2447 1119 2926 1186 apprehenderttnt
2957 1118 3308 1186 requiescam.
3339 1121 3614 1178 Sicuteniin
3641 1126 3745 1184 locus

2277 1209 2393 1264 loco
2409 1224 2493 1264 me
2521 1207 2717 1272 reddit,
2750 1215 2806 1262 et
2831 1209 3031 1262 domus
3068 1209 3271 1273 domui,
3291 1212 3471 1279 stipem
3495 1229 3745 1282 quaerentem

2276 1310 2324 1351 et
2374 1299 2802 1366 eleemosynam,
2837 1305 3004 1366 atque
3056 1299 3440 1354 humanitatem
3483 1316 3640 1368 vagam
3680 1307 3746 1359 cir-

2278 1397 2639 1448 cumeuntem,
2668 1386 2749 1440 sic
2789 1386 3049 1440 similiter
3070 1386 3199 1442 dies.
3219 1389 3319 1442 diei
3345 1403 3428 1443 me
3457 1394 3596 1445 tradit
3621 1404 3746 1450 etnot

2281 1480 2442 1540 nocti,
2474 1478 2714 1547 requiem
2742 1477 3166 1533 tribulationum
3199 1489 3355 1549 atque
3379 1481 3596 1535 dolorum
3611 1499 3746 1538 conso-

2280 1568 2525 1622 lationem
2551 1578 2893 1637 quzerentem
2913 1571 3276 1638 exspectando
3292 1572 3494 1638 quando
3519 1573 3584 1626 sol
3602 1577 3744 1637 subeat,

2279 1670 2336 1712 ut
2367 1660 2606 1728 requiem
2663 1661 2894 1713 habeam
2955 1661 3358 1714 tribulationum
3387 1676 3498 1730 quae
3544 1678 3614 1717 me
3650 1681 3742 1718 nunc

2279 1750 2764 1818 apprehenderunt.
2791 1749 2929 1802 Nam
2961 1749 3092 1803 solis
3118 1765 3337 1804 occasus
3364 1750 3589 1804 omnibus
3615 1752 3742 1805 bum:-

2211 1812 2252 1871 Β
2287 1812 2368 1893 nis
2392 1839 2665 1892 laboribus
2688 1853 2753 1892 ac
2793 1838 3208 1906 fatigationibus
3238 1839 3391 1892 finem
3424 1839 3634 1908 imponit,
3658 1841 3744 1895 solis

2280 1943 2503 1982 occasus
2527 1929 2796 1984 universis
2825 1929 3079 1984 humanis
3103 1931 3304 1984 naturis
3331 1929 3551 2000 requiem
3577 1943 3743 1999 βαρειῃ.

2280 2024 2334 2070 et
2359 2017 2707 2084 pauperibus,
2741 2026 2795 2070 et
2825 2033 2936 2071 non
2971 2017 3315 2077 habentibus.
3337 2027 3388 2072 et
3413 2018 3567 2072 servis
3593 2030 3632 2072 et
3656 2020 3742 2072 libe-

2284 2108 2358 2161 ris
2386 2123 2398 2157 :
2429 2116 2483 2161 et
2519 2121 2708 2160 omnes
2736 2123 3028 2176 vesperum
3053 2116 3216 2176 atque
3249 2109 3372 2163 solis
3394 2123 3630 2173 occasum,
3653 2109 3746 2162 velut

2283 2195 2582 2249 libertatem
2626 2206 2679 2250 et
2722 2198 3120 2267 indulgentiam
3173 2207 3332 2267 atque
3365 2199 3581 2265 requiem
3616 2214 3746 2266 exspe-

2282 2295 2448 2341 Ctant.
2477 2287 2610 2339 Cum
2636 2287 2835 2354 quibus
2864 2289 3121 2341 omnibus
3146 2326 3162 2350 ,
3200 2287 3387 2356 inquit,
3421 2303 3509 2358 ego
3539 2288 3666 2342 etiam
3687 2303 3746 2342 ex-

2287 2387 2472 2445 specto
2503 2379 2721 2445 quando
2759 2377 2842 2430 sol
2872 2381 3091 2440 subeat,
3128 2389 3190 2431 ut
3231 2379 3463 2448 requiem
3487 2377 3670 2430 habeam
3688 2377 3748 2428 tri-

2284 2466 2648 2527 bulationutn,
2685 2481 2809 2534 quae
2852 2482 2942 2521 me
2993 2483 3140 2539 nunc
3197 2466 3644 2538 apprehenderunt.
3681 2466 3747 2518 νο-

2285 2555 2500 2606 luerunt
2551 2555 2776 2622 quidatn
2829 2565 2887 2609 et
2942 2556 3102 2610 aliter
3145 2558 3257 2610 haec
3303 2558 3494 2620 dicere,
3525 2557 3652 2626 quasi
3683 2571 3747 2608 non

2285 2644 2454 2711 possit
2487 2658 2580 2710 per
2610 2644 2751 2698 diem
2794 2659 2906 2713 prae
2964 2647 3286 2701 verecundia
3329 2658 3481 2716 atque
3517 2645 3750 2701 confusione

2285 2748 2381 2801 per
2403 2733 2588 2787 domos
2621 2733 2722 2798 ire,
2759 2744 2815 2790 et
2851 2737 3052 2806 stipem
3087 2739 3329 2806 recipere
3367 2753 3460 2808 pro
3486 2736 3750 2791 cernentibus

2285 2833 2340 2878 et
2387 2823 2783 2879 declinantibus
2826 2836 3055 2894 propter
3093 2828 3376 2893 augurium
3423 2841 3486 2882 ne
3510 2825 3553 2879 ei
3577 2836 3752 2877 occurre-

2287 2920 2424 2977 rent,
2445 2913 2526 2966 vel
2545 2915 2596 2966 in
2617 2913 2841 2968 domum
2867 2916 3231 2985 susciperent,
3247 2926 3532 2970 metuentes
3558 2929 3612 2967 ne
3629 2912 3751 2965 eadem

2289 3011 2596 3070 paterentur
2645 3002 2811 3057 etiam
2845 3018 3041 3058 omnes
3068 3007 3135 3058 ad
3166 3021 3304 3074 quos
3346 3005 3651 3064 accessisset,
3696 2999 3748 3052 vel

2208 3132 2250 3188 ο
2289 3090 2479 3158 quibus
2495 3091 2952 3158 approximasset.
2984 3094 3067 3148 Ob
3087 3095 3192 3148 hoc
3215 3110 3342 3164 ergo
3365 3097 3502 3158 dicit,
3522 3102 3755 3161 exspectans

2283 3182 2495 3249 quando
2524 3181 2602 3235 sol
2635 3183 2852 3249 subeat,
2881 3195 2943 3240 ut
2970 3188 3023 3239 in
3058 3188 3293 3242 tenebris
3316 3189 3569 3241 nocturnis
3591 3183 3752 3251 requiei;

2285 3269 2569 3323 inveniam.
2608 3269 2713 3325 Sed
2743 3288 2881 3328 vere
2939 3277 3192 3343 superior
3223 3277 3482 3345 expositio
3523 3289 3628 3327 vera
3652 3282 3756 3336 atque

2283 3358 2630 3414 irrefutabilis
2657 3370 2758 3416 est.
2816 3363 2927 3418 Sed
2965 3375 3090 3433 post
3127 3365 3243 3420 haec
3295 3366 3531 3419 universa
3571 3363 3625 3417 ad
3658 3360 3754 3413 illum

2283 3461 2581 3502 sermonem
2631 3463 3028 3508 convertamus
3058 3495 3076 3521 ,
3126 3454 3280 3523 cujus
3329 3455 3480 3510 etiam
3525 3454 3620 3507 haec
3651 3450 3756 3504 verba

2283 3534 2521 3601 fuerunt,
2551 3539 2603 3592 id
2629 3547 2710 3594 est
2740 3541 2816 3595 ad
2845 3542 3147 3597 diabolum.
3179 3542 3310 3598 Nam
3333 3545 3417 3598 hic
3435 3543 3653 3614 gloriatur
3669 3535 3756 3605 quod

2283 3627 2347 3679 de
2373 3626 2490 3680 loco
2523 3627 2574 3680 in
2607 3629 2790 3684 locum
2820 3633 3125 3688 circumeat
3156 3645 3212 3688 et
3240 3638 3306 3689 de
3339 3636 3490 3689 domo
3517 3635 3563 3686 in
3593 3633 3757 3686 domum,

2283 3725 2336 3768 ut
2368 3717 2604 3782 seducat,
2629 3728 2687 3772 ut
2709 3724 3023 3788 perturbet,
3055 3733 3114 3778 ut
3141 3726 3499 3788 commisceat,
3517 3717 3757 3787 utdecipial.

2285 3814 2420 3859 utea
2445 3820 2563 3872 qua:
2595 3812 2884 3866 contraria
2911 3826 3044 3867 sunt
3072 3825 3300 3870 cunctos
3325 3817 3526 3876 doceat,
3561 3820 3606 3864 et
3632 3819 3757 3874 exspe

2284 3905 2392 3950 ctat
2415 3897 2626 3964 quando
2656 3899 2737 3952 sol
2759 3903 2989 3971 subeat,
3023 3914 3083 3959 ut
3115 3906 3352 3971 requiem
3381 3906 3563 3959 habeat
3589 3901 3757 3952 laborum

2285 4001 2348 4040 ac
2374 3988 2812 4055 tribulationum.
2850 3993 2991 4050 Nam
3012 3997 3102 4052 ubi
3125 3996 3218 4051 Sol
3235 3997 3454 4065 iustitia:
3481 4010 3572 4049 non
3589 3987 3759 4045 subierit,

2286 4076 2372 4129 ubi
2410 4076 2495 4130 lux
2523 4079 2782 4134 veritatis.
2815 4098 2925 4138 non
2958 4086 3179 4154 luxerit,
3215 4089 3304 4143 ubi
3355 4086 3624 4142 obseuritas
3648 4074 3762 4133 inlcli-

2287 4167 2464 4222 citatis
2489 4177 2542 4222 et
2586 4171 2806 4228 erroris
2836 4187 3004 4246 atque
3055 4179 3349 4249 impietatis
3379 4179 3548 4243 fuerit,
3577 4173 3663 4229 illic
3687 4182 3760 4221 ma-

2292 4252 2465 4322 lignus
2497 4258 2816 4328 requiescit,
2861 4265 2976 4321 illic
3016 4281 3233 4322 omnem
3274 4268 3480 4338 iniquus
3507 4277 3632 4320 suum
3667 4255 3760 4310 labo-

2289 4359 2399 4397 rem
2433 4345 2676 4413 deponit.
2707 4348 2928 4410 Idcirco
2963 4357 3031 4412 de
3060 4358 3177 4413 loco
3228 4359 3281 4412 in
3328 4359 3496 4414 locum
3524 4349 3692 4411 circuit,
3729 4352 3759 4395 ει

2222 4443 2266 4500 ο
2293 4435 2356 4489 de
2383 4435 2615 4488 domoin
2651 4438 2908 4510 domum,
2941 4455 3130 4516 utp0te
3177 4464 3366 4503 aereus
3395 4446 3596 4517 spiritus
3627 4445 3757 4494 cuncla

2291 4535 2577 4592 penetrans
2600 4536 2769 4598 atque
2785 4537 3099 4605 pervolans,
3121 4549 3178 4596 et
3197 4541 3376 4596 omnia
3396 4530 3757 4601 circumspicieﬂsi

2292 4623 2346 4668 et
2377 4614 2570 4682 ubique
2603 4621 2793 4674 omnia
2821 4623 3136 4693 inquirens,
3173 4627 3350 4682 sicubi
3386 4641 3488 4681 sua:
3515 4620 3684 4677 malitia:
3705 4628 3760 4665 nc-

2289 4705 2511 4774 quttiatn
2568 4709 2929 4770 requiescere
2983 4717 3172 4774 faciat.
3206 4709 3355 4784 Quod
3409 4728 3569 4770 autem
3610 4710 3664 4762 ita
3699 4702 3757 4758 sit.

2285 4797 2446 4848 etiam
2471 4797 2581 4864 ipse
2604 4796 2872 4857 Dominus
2897 4806 2950 4858 in
2981 4806 3292 4877 Evangeliis
3310 4809 3638 4862 demonstrans
3655 4792 3753 4846 dicit.

2287 4885 2417 4940 Cum
2453 4887 2754 4943 immundus
2809 4895 3032 4959 spiritus
3087 4899 3271 4950 exierit
3307 4897 3368 4950 ab
3413 4893 3594 4947 homine
3630 4879 3755 4938 circuit

2288 4993 2522 5045 querens
2553 4978 2785 5047 requiem
2813 4983 2880 5036 “.
2915 4984 3009 5040 Sic
3040 4987 3224 5057 itaque
3280 5000 3333 5042 et
3374 4988 3486 5041 istic
3525 4977 3677 5035 circuit
3714 4973 3755 5020 de

2287 5067 2471 5120 1000i“
2498 5065 2764 5130 ίοειιιιιςθι
2785 5071 2854 5126 de
2883 5072 3052 5128 domo
3072 5075 3123 5128 in
3153 5077 3388 5141 domum,
3414 5070 3564 5128 sicubi
3589 5065 3754 5118 subeun-

2292 5164 2397 5208 tem
2430 5153 2663 5207 inveniat
2691 5156 2867 5210 solem
2897 5167 2953 5212 ct
2994 5163 3249 5216 tenebras
3279 5172 3332 5216 et
3375 5159 3698 5216 obscuritatem
3719 5155 3753 5196 ει

2256 5251 2520 5306 ,ηοειθιιῃ
2553 5243 2948 5312 itnpudieitias,
3004 5256 3060 5302 et
3105 5250 3368 5306 adulteria
3409 5260 3460 5305 et
3486 5240 3748 5317 pertinacius.

2262 5339 2348 5393 ,ut
2377 5332 2483 5386 illic
2507 5332 2849 5400 requiescere
2872 5337 3122 5404 perficiat
3144 5341 3441 5395 universam
3462 5350 3591 5393 suam
3615 5324 3749 5393 ini‘l"i‘

2289 5430 2472 5487 tatem,
2505 5433 2663 5491 atque
2701 5437 2923 5479 omnem
2969 5427 3213 5488 laborem
3244 5445 3413 5486 suum.
3467 5427 3546 5482 Sic
3588 5424 3747 5480 mutii"e

2289 5513 2577 5583 requiescit
2610 5523 2776 5582 caput
2808 5517 3122 5587 hujnsmodi
3153 5533 3214 5578 ut
3239 5523 3373 5578 ultra
3402 5533 3524 5590 opus
3562 5525 3642 5566 non
3681 5504 3741 5556 ηδ’
