3916 6460
39 531 124 649 ξὴδι
159 629 240 649 LA
335 559 543 618 borare
593 575 662 621 ut
714 585 822 631 eos
875 585 1150 649 sedncat

46 634 130 682 (γα
280 673 308 682 Α
345 651 426 682 ‘na
485 663 537 682 Α.
565 655 621 682 ξ..
648 658 759 682 2119-
804 629 818 631 ἡ
879 629 1179 682 ‘vruvu..

66 651 314 764 ibi?
345 651 462 765 ἶῖῗῖ
485 655 767 765 ῗὲῗίὲίίῗ
789 674 1166 741 ’θαιιίθεεῖιο
1207 651 1520 764 ιιίεπινεηςο
1540 651 1777 748 diutius

82 743 264 845 ἓῖῖἐὲι
317 750 467 850 ῗητ
492 743 1006 850 Ρίτσνίυὶοπξηετη
1046 779 1294 844 τετε-ατη.
1324 791 1374 834 ει
1407 743 1676 850 peiuras
1714 797 1776 835 ea

214 837 543 940 ξξιὼξαίίξ
573 844 798 940 ⁸ξιηι¹¹ο
856 847 1024 910 Idem
1062 860 1200 930 ipse
1227 837 1417 922 etiam.
1441 837 1580 924 nunc
1617 870 1774 932 dixit,

141 959 255 1023 9m
267 955 360 1006 te:
393 929 515 984 ὶοεο
529 929 590 1023 in
608 932 830 1002 locum,
851 950 912 995 et
933 946 1013 1000 de
1042 929 1227 1010 domo
1249 957 1302 1011 in
1321 961 1529 1012 domum
1547 929 1776 1012 circum;

139 1022 274 1094 iam.
319 1023 508 1088 \dem
553 1022 678 1094 ipse
712 1027 890 1086 etiam
948 1037 1156 1097 adhuc
1223 1047 1545 1101 circumiens
1586 1047 1777 1116 quierit

172 1125 435 1191 requiem.
467 1116 580 1173 Sed
610 1131 741 1172 cum
771 1123 1111 1186 universam
1145 1135 1404 1189 malitiam
1427 1151 1574 1190 suam
1601 1137 1776 1204 perle-

160 1214 294 1270 cerit
322 1209 619 1277 diabolus,
641 1221 812 1282 atque
856 1232 1092 1276 omnem
1130 1225 1466 1294 iniquitatem
1499 1242 1646 1281 suam
1682 1227 1774 1280 de-

157 1302 588 1365 monstraverit.
627 1303 872 1359 ostendit
903 1308 960 1362 in
987 1310 1103 1366 fine
1131 1315 1261 1383 quid
1293 1317 1622 1384 cogitaverit,
1644 1317 1772 1384 quid

140 1394 469 1465 quasierit,
513 1395 732 1464 quidve
772 1400 1013 1469 cupierit
1047 1405 1244 1459 dicens
1273 1425 1285 1459 :
1329 1406 1421 1459 Dic
1442 1407 1650 1476 aliquod
1671 1424 1775 1461 uer-

136 1491 256 1542 bum
295 1485 360 1538 in
411 1483 739 1542 Dominum
783 1501 831 1544 et
869 1495 1160 1548 morere".
1194 1493 1238 1548 Ο
1268 1497 1519 1564 iniquitas
1546 1507 1598 1551 et
1623 1497 1774 1550 ntali-

122 1581 224 1642 tia,
251 1575 518 1631 fallacia
561 1594 800 1652 quoque
835 1599 899 1637 ac
931 1586 1176 1639 versutia
1208 1596 1318 1652 tua,
1349 1586 1576 1648 diabole,
1605 1603 1773 1655 quan-

122 1681 243 1723 tum
282 1669 701 1738 percurristi,
755 1683 810 1727 et
841 1684 1108 1743 quantum
1145 1675 1403 1740 circuisti,
1438 1687 1491 1730 et
1516 1687 1769 1745 quantum

122 1759 245 1814 tuis
307 1760 725 1815 sermonibus
774 1772 938 1832 atque
967 1765 1179 1820 callidis
1228 1766 1578 1822 locationibus
1623 1782 1770 1820 com-

104 1851 335 1918 plexns
364 1861 467 1910 es,
513 1864 664 1904 cum
690 1855 1122 1909 eommonefacis
1155 1871 1274 1910 eum
1307 1855 1566 1920 dolorum,
1595 1857 1772 1925 plaga-

103 1953 282 2000 rum,
319 1937 673 2004 vermium,
717 1942 1087 2006 putredinum,
1139 1944 1366 1996 Iiliorum
1397 1951 1556 2006 atque
1587 1944 1768 1997 uxoris

100 2026 513 2097 vagationis.
573 2026 656 2080 Et
697 2038 988 2098 postquam
1022 2045 1118 2098 per
1146 2032 1255 2085 haec
1287 2031 1533 2085 universa
1561 2041 1766 2101 raptum

104 2119 324 2181 ullum,
345 2123 555 2184 atque
587 2126 725 2186 post
759 2133 820 2174 se
859 2135 1175 2174 conversum
1204 2121 1402 2177 habere
1427 2131 1598 2190 putat,
1650 2133 1768 2189 post

105 2208 248 2261 haec
281 2204 708 2261 nihilominus
737 2209 918 2262 omnia
952 2209 1101 2277 quasi
1136 2211 1362 2276 gratiam
1393 2221 1554 2280 atque
1595 2211 1768 2264 since-

111 2297 367 2349 ritatent
450 2295 554 2348 illi
614 2297 985 2360 demonstret,
1035 2307 1090 2351 et
1137 2306 1385 2367 tanquam
1418 2299 1644 2353 sollicite
1693 2301 1764 2355 illi

113 2383 454 2440 consilium
496 2384 792 2452 praebeat,
827 2385 904 2438 ait
933 2385 1063 2438 :Dic
1102 2386 1315 2456 aliquod
1345 2391 1547 2442 verbum
1583 2391 1633 2442 in
1663 2391 1768 2444 Do-

116 2475 352 2526 minum
401 2482 469 2525 et
517 2489 769 2527 morere.
811 2473 1020 2540 Melior,
1048 2475 1238 2544 inquit,
1266 2485 1349 2529 est
1393 2491 1556 2540 mors,
1588 2493 1620 2532 o
1643 2477 1763 2542 Job,

120 2577 317 2631 quam
343 2561 474 2616 vita
518 2577 753 2628 amara,
783 2571 837 2615 et
873 2564 1088 2631 requies
1115 2573 1316 2618 aeterna
1341 2580 1497 2632 quam
1523 2581 1768 2634 perseve-

126 2669 276 2707 rans
309 2653 668 2709 inﬁrmitas.
697 2655 820 2708 Ideo
836 2657 920 2708 dic
950 2657 1159 2725 aliquod
1191 2659 1392 2709 uerbum
1412 2659 1466 2709 in
1491 2658 1764 2712 Dominum

129 2753 182 2796 et
210 2757 470 2806 morere,
505 2753 577 2796 ut
605 2743 830 2796 inanem
850 2745 1012 2797 vitam
1028 2748 1164 2798 hanc
1190 2745 1436 2810 finias,ut
1464 2748 1763 2801 Itarcamara

131 2843 438 2888 tormenta
477 2833 807 2902 relinquas,
841 2843 898 2886 ut
919 2836 986 2888 ab
1019 2834 1137 2888 istis
1160 2835 1642 2889 vehementioribus
1665 2837 1758 2887 do-

133 2921 366 2974 loribus
414 2931 727 2975 transeas.
762 2920 844 2974 0b
870 2921 972 2974 hoc
1003 2935 1131 2990 ergo
1167 2921 1254 2974 dic
1301 2922 1516 2990 aliquod
1545 2923 1762 2978 verbum

135 3011 197 3062 in
234 3010 574 3063 Dominum
606 3019 667 3063 et
717 3023 949 3064 morere.
991 3009 1085 3064 Dic
1107 3010 1320 3080 aliquod
1349 3013 1570 3066 verbum
1619 3015 1762 3081 quod

137 3101 559 3168 irritet,quod
587 3100 908 3164 exacerbet,
939 3101 1082 3168 quod
1105 3109 1402 3169 exasperet.
1434 3102 1526 3156 Dic
1553 3102 1761 3169 aliquod

136 3191 386 3244 verbum
429 3190 502 3243 in
559 3190 879 3242 Dominum.
909 3190 1116 3242 Accusa
1162 3189 1225 3244 de
1251 3190 1526 3257 iniustitia,
1573 3192 1758 3246 crimi-
1786 3221 1827 3277 ο

139 3284 550 3346 nare,irride
587 3283 658 3337 de
707 3282 934 3346 malitia,
977 3283 1306 3351 reprehende
1351 3283 1418 3337 de
1469 3284 1756 3352 impietate.

148 3375 258 3428 Dic
288 3375 546 3443 aliquod
578 3371 812 3426 verbum
841 3373 984 3440 quod
1013 3381 1172 3438 neget
1202 3370 1369 3435 illum,
1400 3381 1454 3425 et
1478 3373 1753 3441 providen-

145 3465 296 3518 tiam
319 3465 449 3534 ejus
495 3471 680 3530 atque
715 3462 1104 3526 provisionem,
1135 3462 1522 3529 praascientiam
1551 3477 1759 3532 quoque

147 3570 220 3610 ac
259 3557 556 3608 virtutem
583 3563 754 3620 atque
776 3551 1192 3618 magnitudinem
1225 3551 1384 3604 illius.
1416 3552 1502 3605 Sic
1521 3568 1646 3621 ergo
1675 3554 1758 3607 dic

147 3644 376 3711 aliquod
438 3643 695 3695 verbum
744 3641 795 3693 in
843 3639 1124 3692 Dominum
1175 3649 1226 3692 et
1252 3655 1475 3694 morere.
1522 3641 1579 3694 Si
1616 3643 1757 3694 enim

147 3733 360 3801 aliquid
399 3731 750 3801 hujuSuiodi
786 3730 1009 3790 dixeris,
1045 3729 1296 3781 continuo
1325 3730 1586 3796 morieris,
1630 3745 1759 3784 con-

151 3824 322 3877 tinuo
350 3825 434 3877 de
502 3820 775 3875 erunibus
823 3818 1180 3886 prmsentibus
1219 3817 1493 3872 laboribus
1539 3835 1758 3876 securus

147 3920 326 3978 atque
366 3910 627 3964 alienus
679 3905 940 3968 redderis,
992 3904 1242 3957 continuo
1291 3920 1460 3974 neque
1488 3906 1758 3962 confusio.

151 4015 316 4063 nem,
341 3998 584 4068 inquit,
643 3995 956 4056 sustinebis,
987 4007 1158 4061 neque
1192 3993 1505 4062 improperia
1549 3998 1754 4062 audies,

153 4104 336 4157 neque
391 4087 678 4141 dolorem
735 4082 982 4150 patieris,
1039 4095 1211 4148 neque
1248 4096 1456 4149 plenam
1510 4082 1755 4147 suﬂ‘eres.

152 4181 262 4232 sed
305 4185 535 4233 cuncta
598 4172 845 4241 protinus
893 4169 1168 4236 deponens
1227 4170 1364 4222 inter
1410 4181 1647 4226 mortuos
1674 4187 1758 4226 re-

152 4270 455 4338 quiesces.
511 4263 646 4326 Dic,
671 4261 868 4326 inquit,
900 4259 1116 4320 aliquod
1139 4259 1344 4312 uerbum
1374 4259 1426 4311 in
1457 4259 1754 4324 Dominum,

154 4368 211 4411 et
237 4372 486 4412 morere.
515 4352 666 4412 Hoc,
698 4349 893 4418 inquit,
916 4357 1186 4416 exspecto,
1222 4349 1321 4400 hoc
1353 4351 1631 4412 sustineo,
1657 4349 1757 4404 hoc

158 4449 459 4512 desidero,
500 4445 618 4498 hoc
663 4455 868 4509 quam),
903 4447 960 4492 ut
990 4439 1138 4493 dicas
1180 4439 1392 4508 aliquod
1439 4439 1657 4494 verbum
1701 4440 1754 4493 in

1305 491 1676 550 ANONYMUS
1713 491 1776 546 IN
1815 491 1950 547 JOB.
1975 522 2040 534 -ο
2078 486 2206 544 LIB.
2248 482 2314 541 ﬂ.

1213 629 1228 642 ο
1247 601 1509 674 Proprios
1552 620 1778 672 namque
1805 611 1850 664 Α
1877 599 2182 657 mutabilem
2226 609 2372 654 tuam
2413 592 2714 666 passionem
2743 611 2800 657 et
2831 613 3009 658 nectes
3042 605 3276 661 dolorum
3301 625 3414 678 per-

3317 499 3418 552 486

1873 707 2035 761 agens
2073 699 2292 761 propter
2323 687 2562 742 animam
2601 692 2748 743 tuam
2783 691 2834 745 in
2864 693 3129 747 doloribus
3156 709 3258 747 non
3292 713 3412 753 suc-

1872 783 2228 836 cumbeutem.
2255 780 2371 834 Non
2418 777 2561 834 enim
2614 784 2666 832 te
2714 779 2809 847 ita,
2849 798 2882 835 o
2911 780 3040 845 Job,
3085 783 3169 836 isti
3205 784 3412 840 dolores

1873 869 2140 939 afﬂigunt,
2186 871 2326 925 sicut
2376 885 2461 922 me
2513 876 2599 921 tua
2654 869 2934 924 tolerantia
2999 882 3268 940 pernecat.
3309 874 3412 930 Pro

1875 961 1957 1015 his
1983 976 2111 1030 ergo
2133 960 2380 1014 omnibus
2407 958 2494 1012 dic
2525 957 2738 1024 aliquod
2769 960 2984 1013 verbum
3019 961 3068 1012 in
3107 961 3409 1028 Dominum,

1871 1061 1924 1102 et
1957 1064 2182 1102 morere.
2227 1048 2329 1102 Sed
2373 1048 2476 1101 tale
2510 1047 2728 1101 verbum
2763 1049 2866 1111 dic,
2919 1057 2980 1101 ut
3008 1050 3260 1103 continuo
3313 1053 3406 1107 tibi

1871 1147 2091 1191 mortem
2125 1148 2396 1207 procuret,
2426 1140 2520 1191 sed
2553 1138 2685 1191 bene
2715 1139 2848 1191 dixit
2880 1141 3214 1206 postmodmn
3247 1141 3290 1192 is
3315 1140 3406 1207 qni

1872 1227 1944 1280 ait
1974 1241 1990 1279 :
2025 1229 2169 1295 Aqua
2209 1227 2370 1280 niulla
2401 1243 2504 1280 non
2541 1231 2830 1294 exslinguet
2864 1227 3192 1289 cbaritatem,
3223 1237 3272 1284 et
3301 1229 3408 1296 ﬂu-

1871 1317 2010 1369 mina
2041 1333 2142 1370 uon
2189 1318 2513 1387 inundabunt
2545 1333 2680 1370 eam.
2712 1317 2752 1349 ¹⁴⁵
2790 1316 2978 1370 Omnia
3019 1318 3157 1370 enim
3188 1317 3406 1372 flumina

1868 1415 1921 1458 et
1945 1408 2119 1461 omnis
2145 1408 2391 1474 impetus,
2418 1415 2472 1460 et
2493 1407 2668 1460 omnis
2698 1407 2970 1460 inundatio
2997 1406 3212 1474 maligni
3246 1417 3408 1475 atque

1868 1495 2066 1549 malitia
2112 1495 2340 1558 diaboli,
2385 1496 2718 1563 exstinguere
2766 1496 2850 1548 vel
2897 1495 3160 1549 inundare
3214 1510 3402 1561 puram

1868 1583 2007 1637 illius
2037 1585 2347 1638 cbaritatem
2379 1583 2478 1638 Job
2516 1599 2675 1653 quam
2705 1585 2848 1638 circa
2903 1584 3180 1637 Dominum
3235 1584 3403 1639 Deum

1869 1673 2048 1727 habuit
2081 1688 2182 1727 nou
2220 1682 2522 1740 petnerunt.
2567 1674 2822 1728 Indicium
2870 1673 3025 1741 hujus
3067 1673 3142 1726 rei
3188 1688 3248 1726 ea
3284 1689 3404 1742 quae

1860 1761 2172 1829 jampridem
2217 1763 2357 1817 dicta
2407 1773 2562 1826 sunt,
2614 1773 2668 1817 et
2716 1778 2777 1818 ea
2827 1779 2945 1830 quae
2995 1763 3166 1816 adhuc
3213 1765 3402 1818 subse-

1837 1860 2088 1926 ‘quenter
2121 1852 2480 1918 proferuntur,
2524 1855 2910 1909 demonstrant.
2940 1853 3070 1907 Nam
3121 1872 3238 1910 mox
3281 1854 3404 1910 istic

1799 1921 1840 1974 Β
1870 1941 1920 1994 in
1970 1941 2418 2008 subsequentibus
2461 1942 2635 1997 dicit:
2669 1942 2790 2007 Ipse
2839 1960 2955 1996 vero
3007 1947 3282 2012 respiciens
3331 1944 3402 1998 ad

1864 2045 1977 2084 eam
2007 2031 2174 2082 dicit:
2203 2031 2378 2093 Quare
2399 2041 2452 2082 ut
2483 2047 2585 2083 una
2615 2047 2676 2084 ex
2706 2032 3062 2098 insipientibus
3101 2034 3401 2087 mulieribus

1863 2121 1936 2172 ita
1968 2119 2138 2173 locuta
2175 2135 2228 2172 es
2265 2120 2347 2172 “'7
2379 2121 2492 2188 Ipse
2521 2135 2646 2174 vero
2680 2122 2967 2189 respiciens
2995 2124 3060 2176 ad
3091 2139 3228 2176 eam.
3263 2121 3398 2191 Ipse.

1864 2208 2025 2275 Quis?
2060 2209 2158 2263 Job
2189 2210 2302 2277 ipse
2334 2209 2564 2277 respexit
2587 2224 2703 2263 eam
2744 2211 2832 2279 qui
2867 2221 2990 2264 ante
3019 2214 3083 2264 ad
3119 2213 3280 2265 Deum
3316 2227 3402 2266 re-

1863 2298 2135 2364 spiciebat,
2179 2298 2269 2365 qui
2308 2299 2536 2366 primum
2591 2299 2869 2354 Dominum
2917 2301 3400 2369 contemplabatur,

1861 2387 1950 2454 qui
1987 2387 2180 2441 dudum
2215 2387 2280 2440 ad
2325 2397 2577 2442 aeternam
2623 2389 3071 2457 incorruptionem
3117 2389 3400 2443 sinceriter

1864 2475 2190 2530 intendebat.
2233 2476 2347 2542 Ipse
2373 2490 2502 2545 ergo
2529 2478 2781 2545 respexit.
2813 2478 2926 2544 Ipse
2965 2478 3052 2531 ille
3089 2478 3397 2542 immobilis,

1863 2564 2275 2628 indeclinabilis,
2343 2565 2792 2629 insubvertibilis,
2833 2567 3239 2620 inseductibilis.
3285 2567 3402 2635 Ipse

1861 2653 1948 2721 qui
1985 2654 2374 2708 circumventus
2399 2669 2501 2706 non
2535 2665 2636 2718 est,
2679 2657 2766 2722 qui
2800 2671 2828 2708 a
2873 2655 2980 2711 Deo
3025 2672 3128 2710 non
3165 2668 3246 2710 est
3279 2660 3401 2713 abs-

1863 2751 2080 2797 tractus.
2130 2743 2244 2810 Ipse
2277 2744 2510 2810 respexit
2541 2745 2607 2797 ad
2644 2759 2782 2800 eam.
2814 2745 2893 2798 Ad
2932 2760 3090 2812 quam
3119 2747 3274 2798 eam?
3318 2748 3400 2800 Ad

1862 2844 2099 2894 uxorem,
2131 2833 2196 2884 ad
2239 2831 2480 2892 insidias,
2527 2833 2592 2885 ad
2642 2832 3022 2899 muscipulani,
3071 2835 3135 2886 ad
3177 2835 3402 2889 subver-

1860 2921 2083 2983 sionem,
2127 2920 2192 2973 ad
2240 2921 2466 2975 ruinam.
2516 2921 2646 2974 Nam
2694 2922 2782 2974 illa
2831 2938 2986 2990 quam
3035 2939 3251 2976 uxorem
3281 2939 3401 2980 esse

1859 3010 2154 3076 oportebat,
2185 3018 2240 3064 et
2271 3012 2504 3064 omnium
2559 3012 2820 3065 bonorum
2867 3012 3272 3066 consiliatricem
3317 3023 3401 3066 at-

1859 3111 1962 3165 que
1987 3097 2431 3168 sufi‘ragatricem,
2457 3099 2643 3153 eIIecta
2677 3110 2758 3154 est
2797 3100 2872 3153 illi
2905 3100 3133 3162 insidiae,
3167 3100 3298 3154 retia
3345 3110 3400 3156 et
3485 3153 3498 3166 κ

1859 3185 2003 3241 fraus
2046 3201 2108 3240 ac
2137 3189 2299 3242 totius
2328 3189 2614 3256 impietatis
2659 3190 2992 3243 consiliatrix
3043 3191 3124 3243 vel
3169 3188 3398 3258 fautrix,

1858 3290 2161 3344 quanquam
2189 3276 2369 3342 justus
2410 3277 2509 3332 Job
2557 3278 2698 3332 illam
2745 3294 2846 3332 non
2879 3279 3128 3332 audierit.
3174 3279 3278 3333 Sed
3319 3281 3398 3334 in-

1860 3367 2013 3420 terim
2047 3382 2166 3421 cum
2200 3381 2259 3421 se
2288 3368 2390 3420 ista
2422 3369 2722 3422 ministram
2754 3369 2986 3438 maligno
3010 3367 3205 3431 ellecit,
3236 3385 3399 3436 quan-

1857 3465 2073 3523 tumque
2111 3457 2176 3509 ad
2206 3457 2372 3525 ipsam
2419 3457 2811 3511 circumvenire
2860 3468 3019 3525 atque
3053 3458 3394 3525 supplantare

1856 3542 2066 3597 beatum
2114 3544 2213 3600 Job
2255 3548 2488 3609 studuit,
2527 3548 2715 3600 merito
2741 3547 2920 3613 justus
2973 3525 3060 3601 ille
3100 3549 3396 3616 respiciens

1855 3634 1919 3686 ad
1946 3647 2092 3697 eam,
2127 3633 2358 3702 primum
2397 3636 2464 3688 ad
2507 3650 2625 3689 eum
2661 3637 2750 3705 qui
2784 3638 2834 3690 in
2881 3651 2942 3691 ea
2977 3636 3310 3705 loquebatur,
3347 3640 3398 3692 id

1855 3731 1936 3776 est
1971 3724 2034 3775 ad
2073 3723 2358 3790 diabolum,
2386 3725 2654 3792 respexit:
2680 3725 2908 3794 primum
2941 3725 3212 3780 inimicum
3252 3727 3397 3782 illum

1853 3812 1943 3879 qui
1971 3827 2063 3880 per
2090 3827 2150 3866 os
2176 3812 2290 3880 ejus
2316 3813 2662 3868 insidiabatur
2690 3814 2966 3874 intellexit,
2992 3825 3152 3883 atque
3177 3816 3397 3869 malitiae

1855 3900 1968 3968 ejus
2009 3915 2294 3956 occurrens
2326 3901 2547 3966 restitit,
2589 3911 2644 3957 et
2678 3907 2775 3971 per
2810 3903 2950 3956 illam
3003 3919 3125 3973 qua:
3171 3906 3237 3959 ad
3276 3920 3397 3960 eum

1856 3989 2026 4044 locuta
2057 3999 2139 4046 est
2173 3992 2366 4046 diaboli
2401 3993 2733 4060 iniquitatem
2786 3993 3060 4062 redarguit
3094 4003 3256 4060 atque
3297 3996 3397 4046 de-

1851 4078 1996 4147 iecit.
2021 4078 2169 4145 Quod
2198 4080 2566 4135 demonstrans
2599 4080 2870 4150 Scriptura
2907 4083 3068 4146 dicit;
3125 4083 3236 4150 ipse
3271 4097 3398 4136 vero

1857 4171 2086 4235 respexit
2116 4169 2180 4222 ad
2213 4183 2329 4222 eam
2381 4169 2594 4223 turbido
2627 4181 2846 4238 aspectu
2869 4209 2884 4231 ,
2932 4172 3204 4224 immutata
3238 4170 3393 4236 facie,

1854 4256 2095 4312 frementi
2127 4259 2412 4324 locutione,
2446 4259 2759 4328 perturbato
2789 4262 2954 4314 vultu.
2994 4257 3111 4338 Ipse
3152 4274 3278 4313 vero
3307 4245 3393 4314 re-

1851 4346 2080 4414 spiciens
2122 4348 2187 4401 ad
2225 4363 2340 4402 eam
2384 4363 2506 4402 cum
2549 4348 2628 4402 ira
2657 4363 2721 4402 ac
2755 4347 2956 4412 furore,
2997 4363 3117 4402 cum
3153 4349 3396 4418 indigna-

1857 4435 1996 4488 tione
2046 4446 2205 4504 atque
2258 4445 2587 4504 contemptu.
2638 4436 2903 4507 Cognovit
2967 4453 3198 4506 namque
3250 4440 3393 4508 quod

163 4535 486 4591 Dominum
540 4541 605 4585 et
657 4529 936 4583 moriaris.
971 4525 1050 4582 0b
1104 4529 1225 4592 hoc,
1283 4529 1476 4597 inquit,
1528 4530 1754 4597 plurimo
1787 4526 1829 4579 D
1857 4523 2065 4592 maligni
2096 4535 2248 4579 erant
2277 4527 2388 4580 haec
2412 4526 2721 4591 seminaria,
2749 4527 2873 4594 quia
2907 4525 3171 4580 maledicti
3212 4541 3392 4581 semen

167 4639 432 4694 tempore
471 4619 776 4688 advigilavi
806 4620 924 4683 tibi,
947 4619 1240 4674 observans
1267 4627 1425 4687 atque
1448 4619 1498 4671 in
1529 4618 1755 4687 speculis

168 4718 373 4769 sedens
428 4711 672 4781 quando
728 4709 1130 4770 succumberes,
1189 4707 1400 4774 quando
1445 4705 1754 4771 ﬂectereris,

174 4805 402 4872 quando
420 4800 723 4859 deﬁceres,
736 4795 950 4861 quando
975 4793 1025 4846 in
1046 4793 1127 4846 his
1150 4792 1423 4846 doloribus
1439 4790 1755 4861 defatigatus

176 4904 345 4960 atque
371 4893 437 4945 in
475 4888 619 4957 ipsis
651 4885 934 4938 tormentis
956 4884 1255 4937 delassatus
1285 4883 1351 4935 ad
1380 4883 1755 4949 reprehensio-

178 4996 315 5034 nem
329 4975 632 5034 Creatoris
659 4971 974 5034 llectercris,
991 4972 1218 5040 atquein
1246 4970 1402 5023 factis
1422 4969 1512 5022 Dei
1530 4969 1594 5022 ad
1617 4969 1758 5023 blas-

183 5068 476 5138 phemiam
514 5075 569 5117 te
593 5071 959 5115 converteres.
997 5059 1126 5113 Cum
1155 5076 1271 5128 ego,
1291 5059 1482 5127 inquit,
1509 5059 1620 5111 haec
1639 5060 1760 5112 uni-

181 5171 353 5212 versa
383 5151 726 5226 perfecerim
753 5159 913 5217 atque
943 5150 1264 5216 peregerim,
1296 5162 1457 5198 unum
1487 5146 1614 5199 mihi
1640 5161 1761 5200 ver-

187 5249 327 5302 bum
341 5243 796 5303 condona,unum
813 5238 1034 5290 verbum
1052 5251 1132 5288 me
1145 5236 1354 5300 exaudi,
1369 5250 1528 5288 unum
1544 5235 1758 5288 verbum

191 5337 368 5390 dicito
385 5336 440 5388 in
470 5331 788 5390 Dominum,
801 5338 857 5380 et
879 5339 1108 5377 morere.
1127 5323 1274 5388 Quod
1291 5324 1432 5378 enim
1453 5331 1508 5374 tu
1523 5322 1760 5377 dicturus

192 5445 268 5482 es
300 5437 415 5496 post
445 5421 750 5496 paululum,
789 5433 823 5470 ο
863 5416 985 5479 Job,
1035 5428 1240 5468 menses
1269 5428 1463 5468 vacuos
1495 5423 1548 5466 et
1577 5424 1759 5468 noctes

194 5519 451 5572 dolorum
495 5513 728 5568 sustinui
769 5528 782 5561 :

195 5609 475 5669 sustineo,
521 5614 734 5656 menses
768 5609 968 5649 vacuos
1013 5595 1368 5658 pertransiens
1405 5601 1616 5661 propter
1655 5595 1756 5649 im-

289 5784 448 5840 ηιοι)
481 5795 520 5844 ι,
550 5777 602 5832 7.
680 5773 724 5805 ’³
746 5769 842 5826 Job
869 5781 929 5829 It,
954 5765 1011 5818 9.
1087 5765 1130 5797 “
1167 5767 1317 5823 Cant.
1361 5785 1478 5834 viti,
1509 5769 1555 5823 7.

827 5509 966 5568 hoc,
1013 5505 1212 5571 inquit,
1259 5519 1354 5571 ego
1395 5504 1504 5571 jam
1555 5518 1619 5556 ex
1659 5506 1784 5574 boc_

1639 5770 1682 5804 "
1721 5772 1820 5831 Job
1863 5791 1934 5839 II,
1988 5776 2070 5832 l0.

1858 4612 1958 4666 hoc
1986 4612 2174 4678 fuerat,
2203 4616 2324 4683 quia
2367 4615 2544 4682 injusti
2586 4625 2702 4668 erat
2734 4616 2822 4670 ille
2865 4615 3097 4680 fructus,
3128 4615 3253 4683 quia
3296 4631 3394 4670 ne-

1857 4703 2096 4770 quissimi
2137 4703 2234 4757 fuit
2267 4705 2378 4758 haec
2408 4705 2712 4758 concitatio.
2753 4705 2954 4759 Idcirco
2998 4705 3286 4774 respiciens
3325 4707 3390 4759 ad

1857 4807 1971 4846 eam
2005 4793 2214 4859 quidem
2267 4795 2531 4858 respexit,
2575 4795 2670 4847 sed
2717 4797 2783 4846 ad
2818 4794 3082 4849 diabolum
3120 4795 3291 4862 dixit,
3325 4796 3393 4849 ad

1859 4882 2120 4935 diabolum
2158 4883 2362 4936 locutus
2397 4891 2498 4936 est.
2537 4881 2666 4945 Cur,
2717 4883 2908 4950 inquit,
2941 4899 2974 4937 ο
3012 4883 3242 4948 diauole,
3291 4884 3390 4937 ini-

1859 4972 1992 5025 mice
2021 4971 2241 5040 iustitia:
2279 4982 2436 5039 atque
2483 4973 2720 5026 omnium
2755 4972 3015 5026 bonorum
3062 4971 3388 5037 atlversarie,

1857 5075 1953 5113 cur
1997 5075 2322 5128 supervacue
2371 5060 2593 5128 speras?
2658 5076 2753 5114 cur
2795 5061 2954 5116 stulte
3005 5061 3247 5131 cogitas?
3298 5075 3392 5114 cur

1859 5148 2191 5202 humiliatum
2237 5151 2570 5218 temetipsum
2618 5149 2734 5219 plus
2775 5151 3044 5214 humilius,
3075 5166 3194 5204 cum
3237 5157 3391 5218 putas

1859 5240 1999 5307 quod
2050 5239 2216 5291 Adam
2271 5240 2567 5303 inveneris,
2618 5239 2859 5294 nesciens
2918 5240 3057 5308 quod
3107 5239 3390 5290 adversum

1859 5327 1958 5382 Job
2001 5343 2107 5381 rem
2158 5329 2396 5383 habeas?
2461 5328 2639 5397 Neque
2685 5339 2733 5383 te
2787 5331 2889 5383 hoc
2947 5327 3213 5382 revocavit
3250 5323 3390 5392 quod

1857 5419 2109 5484 praascitts
2156 5419 2389 5474 omnium
2447 5421 2697 5474 Dominus
2763 5419 2896 5473 dixit
2944 5431 2961 5468 :
3015 5413 3134 5466 Non
3185 5420 3263 5462 est
3316 5410 3391 5461 illi

1855 5510 2123 5577 quicquam
2166 5511 2349 5564 similis
2397 5526 2549 5578 super
2597 5522 2786 5564 terram
2825 5505 2920 5558 “‘2’
2957 5501 3137 5566 Neque
3188 5497 3291 5548 hoc
3345 5505 3398 5548 te

1857 5601 2142 5664 revocavit,
2183 5601 2322 5670 quod
2358 5603 2660 5655 universam
2693 5597 3020 5666 iniquitatem
3063 5596 3209 5638 tuam
3260 5596 3406 5638 nunc

2178 5777 2219 5809 “
2258 5777 2353 5833 Job
2392 5792 2447 5839 I,
2497 5775 2548 5829 8.
