3916 6456
422 419 527 474 l9?

1480 402 1851 460 ANONYMUS
1887 405 1951 458 IN
1988 404 2124 457 JOB.
2164 431 2227 441 --
2267 401 2392 456 LIB.
2433 402 2498 455 ll.

2279 401 2392 456 LIB.
2433 402 2498 455 u.
3738 426 3825 481 ιη,

422 524 718 583 ostendens.
745 527 797 572 et
828 516 1004 572 omnia
1034 514 1170 569 bella
1212 514 1383 569 tua'et
1422 515 1598 569 omnia
1644 513 1822 583 pradia
1866 522 1953 566 tua
1981 520 2026 575 Α
2054 521 2315 583 potestate
2365 522 2531 577 atque
2579 505 2946 577 operatione.
3003 495 3135 552 Sed
3222 492 3411 554 ius
3430 512 3689 581 ipientior
3726 531 3815 586 nm

422 618 692 671 adversum
733 622 818 661 me
858 606 1147 667 suscitans,
1194 604 1449 659 confusus
1495 605 1546 657 in
1583 604 1831 658 omnibus
1872 618 1956 657 re-

420 717 621 763 versus,
661 698 986 752 deformatus
1013 697 1064 750 in
1104 695 1355 749 omnibus
1397 694 1670 748 convictus
1709 694 1799 748 es?
1829 693 1955 747 Post

419 793 503 847 illa
531 789 704 843 omnia
741 788 878 841 sicut
909 786 1033 840 olim
1065 784 1227 838 etiam
1280 783 1344 836 ad
1382 783 1547 836 Adam
1572 822 1587 845 ,
1631 784 1701 835 ita
1755 784 1819 835 ad
1871 797 1955 835 me

417 895 633 934 uxorem
668 892 838 931 meam
880 875 1093 939 misisti,
1135 889 1354 941 sperans
1401 872 1606 937 infelix,
1648 873 1771 941 quia
1815 873 1953 941 quod

414 970 497 1023 ve!
536 970 617 1023 his
647 967 924 1021 tormentis
974 981 1080 1019 non
1116 963 1419 1033 perfecisti,
1468 965 1569 1017 hoc
1608 963 1954 1017 nihilominus

414 1060 590 1114 verbis
635 1057 961 1112 seductionis
1015 1056 1333 1123 perficeres,
1382 1054 1609 1123 teipsum
1662 1054 1950 1116 deludens,

414 1161 575 1220 atque
622 1146 1064 1203 circumveniens.
1113 1146 1231 1199 Eva-
1277 1145 1416 1198 enim
1475 1143 1743 1212 exemplar
1801 1144 1952 1197 inve-

413 1241 575 1303 nisti,
620 1239 711 1292 sed
758 1237 963 1290 ruinam
1007 1251 1111 1289 non
1162 1236 1441 1298 invenisti,
1481 1235 1575 1288 sed
1609 1234 1659 1286 in
1702 1248 1820 1287 eum
1862 1233 1952 1301 qni

414 1344 468 1383 in
504 1338 554 1381 te
592 1328 715 1381 Ada:
748 1325 987 1378 fraudem
1027 1325 1313 1379 ulciscatur
1352 1324 1672 1387 occurristi,
1721 1323 1814 1375 sed
1857 1323 1952 1375 ad-

412 1433 600 1471 versus
661 1432 779 1470 eum
846 1415 1176 1469 insurrexisti
1230 1416 1318 1484 qui
1378 1425 1557 1486 typum
1608 1413 1749 1482 gerit
1811 1411 1954 1465 illius

413 1508 503 1577 qni
565 1507 617 1560 in
677 1506 965 1559 novissimo
1020 1504 1241 1559 veniens
1315 1513 1553 1573 tempore
1620 1503 1954 1556 conculcabit

413 1607 572 1666 caput
615 1606 779 1660 tuum,
814 1595 1138 1650 comminuet
1168 1596 1416 1649 virtutem
1463 1603 1627 1655 tuam,
1660 1592 1953 1647 confundet

414 1687 776 1742 fortitudinem
826 1695 1005 1752 tuam,
1047 1684 1343 1738 humiliabit
1390 1683 1725 1737 altitudinem
1769 1692 1947 1746 tuam,

414 1787 469 1830 et
504 1776 714 1845 dejiciet
737 1776 1018 1830 elationem
1048 1783 1214 1835 tuam,
1246 1773 1537 1826 vindicabit
1562 1772 1688 1824 Adae
1716 1771 1945 1838 priorem

414 1865 893 1935 supplantationem
942 1865 1066 1918 vitae
1113 1862 1253 1917 illius
1301 1862 1511 1915 ruinam
1552 1860 1855 1925 excitando,
1899 1869 1954 1913 et

417 1965 558 2009 tuam
593 1956 871 2008 elationem
923 1953 1239 2022 dejiciendo.
1287 1949 1409 2004 Haec
1454 1950 1632 2017 itaque
1682 1950 1950 2013 universa,

413 2057 573 2116 atque
599 2046 701 2099 alia
744 2045 828 2098 his
872 2043 1017 2112 plura
1064 2042 1128 2096 ad
1163 2055 1440 2111 personam
1485 2039 1687 2105 uxoris,
1731 2040 1796 2093 ad
1842 2038 1956 2091 dia-

413 2138 591 2192 bolum
630 2135 775 2187 illum
807 2134 1012 2187 locutus
1041 2140 1143 2195 est,
1183 2131 1463 2198 increpans
1498 2128 1647 2182 illum
1677 2138 1835 2198 atque
1870 2132 1957 2186 de-

415 2226 670 2279 formans.
698 2223 828 2276 Nam
873 2223 1014 2277 sicut
1060 2220 1300 2275 diabolus
1340 2234 1434 2286 per
1461 2233 1681 2273 uxorem
1713 2234 1833 2273 eum
1879 2234 1957 2275 se-

416 2316 594 2377 duxit,
640 2314 709 2366 ita
757 2313 918 2366 etiam
953 2311 1066 2379 ipse
1117 2323 1211 2377 per
1259 2324 1376 2363 eam
1426 2308 1635 2362 demum
1688 2307 1953 2363 diabolum

417 2403 729 2457 deformavit
755 2413 912 2468 atque
939 2399 1227 2467 redarguit.
1258 2397 1362 2452 Sed
1392 2407 1569 2452 tamen
1595 2407 1647 2451 et
1682 2400 1749 2452 ad
1784 2398 1955 2467 ipsam

417 2507 638 2546 uxorem
668 2492 800 2546 dixit
826 2507 840 2545 :
874 2489 1046 2555 Quare
1069 2491 1199 2541 sicut
1233 2504 1331 2540 una
1362 2503 1425 2541 ea:
1463 2487 1818 2555 insipientibus
1849 2503 1958 2540 mu-

416 2583 626 2637 lieribus
687 2583 761 2634 ita
824 2580 996 2633 locuta
1046 2580 1148 2633 es?
1196 2578 1337 2641 Cur,
1409 2577 1577 2645 inquit
1598 2578 1627 2645 ,|
1674 2579 1955 2631 maximam

416 2673 773 2742 insipientiam
827 2669 1094 2737 arripuisti
1139 2677 1300 2735 atque
1334 2680 1581 2735 aggressa
1629 2666 1725 2720 es?
1753 2681 1850 2721 cur
1879 2676 1956 2720 te-

416 2763 584 2832 ipsam
620 2777 714 2814 vas
748 2759 940 2814 diaboli
978 2757 1232 2812 effecisti!
1282 2772 1381 2810 cur
1412 2756 1634 2825 teipsam
1675 2756 1959 2810 habitatio-

416 2869 538 2908 nem
584 2851 795 2920 maligni
831 2848 1179 2919 praaparasti?
1208 2862 1303 2901 cur
1340 2847 1583 2900 diabolus
1627 2847 1834 2901 locutus
1876 2857 1959 2901 est

414 2958 510 3014 per
562 2956 623 2996 os
678 2953 867 3004 tuum,
920 2939 1189 2993 infatuans
1243 2938 1469 3006 primum
1526 2944 1755 2990 mentem
1814 2945 1956 2989 tuam

415 3044 577 3103 atque
621 3033 811 3085 anima:
847 3039 949 3083 tua:
981 3028 1351 3083 intellectum?
1400 3024 1569 3079 Tanta
1617 3026 1774 3093 digna
1814 3040 1957 3089 eras,

414 3138 449 3178 o
486 3122 696 3185 mulier,
737 3118 1110 3174 maledictione
1147 3130 1209 3170 ac
1249 3114 1602 3179 devotatione,
1649 3116 1723 3169 ita
1752 3131 1959 3184 quoque

414 3223 575 3281 atque
626 3210 985 3279 indignatione
1032 3207 1116 3261 vel
1168 3206 1541 3270 deformitate,
1594 3214 1848 3273 quantam
1901 3216 1957 3258 ut

415 3302 582 3356 Deum
612 3300 1035 3367 blasphemarem
1065 3310 1129 3349 ac
1158 3295 1627 3364 reprehenderem,
1671 3304 1832 3360 atque
1857 3295 1957 3349 cri-

417 3393 651 3445 niinarer
697 3388 829 3442 mihi
873 3385 1108 3450 suasisti,
1137 3396 1192 3439 et
1230 3400 1325 3452 per
1369 3386 1535 3455 ipsam
1572 3384 1954 3457 blasphemiam

416 3490 639 3535 mortem
672 3492 832 3545 super
870 3491 955 3530 me
983 3476 1233 3530 inducere
1255 3491 1470 3545 operam
1498 3474 1689 3529 dedisti
1719 3493 1732 3529 :
1764 3475 1955 3542 quibus

417 3585 516 3624 nec
545 3568 830 3638 quidquam
854 3574 937 3620 est
968 3564 1277 3619 sceleratius
1303 3580 1366 3619 ac
1390 3565 1683 3634 nequitias,
1717 3564 1955 3620 illicitius

417 3672 626 3728 quoque
667 3666 825 3726 atque
880 3654 1290 3724 imprudentius,
1319 3654 1369 3708 id
1395 3663 1472 3708 est
1502 3655 1591 3707 Dei
1624 3655 1952 3722 blasphemia

417 3760 473 3803 et
502 3758 671 3802 morte
711 3756 1021 3813 spontanea.
1057 3744 1231 3810 Quare
1263 3754 1316 3797 ut
1356 3761 1461 3797 una
1500 3760 1564 3797 ea:
1599 3745 1953 3811 insipientibus

416 3837 718 3891 mulieribus
744 3838 819 3890 ita
842 3836 1016 3889 locuta
1062 3836 1154 3889 es?
1194 3834 1400 3902 Quare,
1446 3834 1656 3903 inquit,
1703 3848 1811 3888 non
1840 3850 1954 3890 me-

418 3927 614 3982 ministi
647 3942 778 3981 mea:
824 3927 1100 3987 doctrinm,
1144 3939 1176 3978 o
1208 3924 1433 3979 mulier?
1470 3924 1648 3990 Quare
1690 3924 1851 3979 oblita
1895 3941 1954 3981 es

417 4031 534 4070 mea
576 4017 841 4080 mandata,
866 4031 900 4071 o
930 4015 1160 4069 femina?
1204 4013 1433 4069 Hoccine
1476 4014 1669 4070 audisti
1698 4030 1727 4069 a
1768 4030 1853 4070 me
1897 4025 1955 4069 ut

415 4106 642 4162 Creator
684 4106 1113 4175 blasphemetur?
1163 4104 1395 4159 Hoccine
1447 4105 1638 4159 audisti
1685 4120 1715 4158 a
1766 4121 1852 4160 me
1896 4114 1953 4159 ut

419 4199 556 4253 Deus
600 4196 947 4250 criminetur?
990 4193 1182 4248 Vocem
1221 4203 1394 4257 tuam,
1428 4195 1633 4261 inquit,
1670 4210 1949 4265 cognosco,

416 4303 451 4341 ο
487 4287 699 4352 mulier,
731 4287 867 4341 sicut
892 4295 947 4342 et
983 4284 1109 4339 olim
1141 4283 1287 4339 Isaac
1342 4283 1525 4349 Jacob,
1567 4285 1658 4339 sed
1691 4285 1954 4341 seductio—

418 4392 541 4431 nein
584 4387 724 4429 tuam
771 4392 875 4430 non
907 4390 1191 4446 cognosco,
1235 4384 1290 4429 et
1317 4374 1609 4428 doctrinam
1653 4384 1795 4428 tuam
1847 4390 1949 4428 non

2059 605 2158 657 hac
2181 603 2414 656 obscena
2450 599 2542 653 illa
2575 596 2844 666 Egyptia
2884 586 3222 646 meretrix.
3261 596 3313 649 (ι
3348 609 3499 655 ιιιθ
3536 614 3811 673 maximam

2054 694 2383 761 impietatem
2424 701 2709 757 aggressa,
2755 685 2827 738 ad
2878 677 3399 772 castissimum)
3462 694 3619 749 illum
3668 713 3804 772 atque

2047 783 2401 851 justissimum
2455 777 2659 846 Joseph
2716 775 2909 829 dicit:
2960 770 3152 824 Mane
3203 780 3520 833 mecum
3569 788 3636 842 ³⁸.
3694 770 3811 847 lnsi-

2055 874 2205 940 piens
2254 872 2354 924 fuit
2389 887 2530 924 uxor
2581 867 2798 928 Tobiae,
2850 877 2989 931 qua!
3044 856 3285 924 ίηεῖυεῑθ
3421 870 3568 925 dicit
3610 879 3679 929 ad
3712 881 3800 934 το.

2054 963 2237 1017 biant:
2272 960 2374 1014 Ubi
2428 968 2551 1013 sunt
2592 957 2832 1026 justitite
2888 962 3011 1005 tua:
3050 958 3111 1001 et
3156 946 3280 999 elee
3298 967 3625 1026 ratosyme
3673 974 3807 1024 ινιτ)

2055 1052 2187 1105 Ecce
2213 1068 2330 1122 qua:
2372 1050 2568 1119 pateris
2613 1046 2868 1100 omnibus
2917 1038 3167 1110 cognita
3210 1051 3283 1088 lu
3308 1053 3419 1094 tu
3452 1047 3527 1099 ³ο.
3568 1051 3679 1106 Sed
3727 1059 3801 1111 in-

2053 1143 2335 1211 sipicutior
2385 1141 2489 1195 hac
2540 1139 2682 1201 fuit,
2722 1136 2858 1205 quia
2912 1143 2977 1187 el
3017 1126 3377 1193 ηεαιιῐοβτ
3436 1146 3812 1206 exsecrabilis

2055 1234 2140 1287 illa
2171 1242 2226 1287 et
2257 1231 2535 1285 immunda
2584 1240 2754 1298 atque
2801 1223 3122 1279 luxuriosa
3180 1217 3323 1271 θυι
3364 1220 3476 1282 ila,
3513 1243 3647 1293 qua;
3674 1235 3808 1291 ειη,

2053 1324 2174 1377 culo
2216 1324 2481 1377 seducens
2523 1321 2759 1374 Samson
2814 1330 2966 1384 pure
3020 1327 3089 1367 se
3121 1309 3588 1381 diligentem,
3630 1318 3695 1375 in
3724 1323 3818 1381 de.

2056 1415 2311 1467 risionetn
2354 1421 2526 1480 atque
2559 1412 2610 1464 in
2644 1418 2886 1463 mortem
2932 1405 3440 1469 imparcenI-el'
3484 1411 3738 1469 tradidit
3758 1421 3821 1476 ἰ,

2052 1501 2183 1555 Alia:
2213 1502 2470 1555 nimirum
2506 1502 2815 1556 innumerae
2858 1513 2930 1552 ex
2970 1494 3383 1561 Scriptura
3437 1503 3693 1562 ostendi
3716 1525 3837 1580 pos.

2052 1603 2175 1645 sunt
2228 1592 2544 1661 insipientes
2596 1590 2895 1652 mulieres,
2942 1600 3108 1655 quas
3162 1597 3301 1636 οηιι
3326 1596 3471 1643 ‘es
3516 1607 3689 1656 nunc
3729 1605 3846 1667 istic

2052 1695 2158 1735 uno
2197 1682 2361 1735 verbo
2396 1681 2773 1750 perstringens
2820 1676 2952 1769 που-
2981 1675 3145 1769 dicit
3177 1690 3194 1727 :
3234 1670 3286 1737 Ω
3340 1697 3534 1741 mare
3589 1701 3855 1769 tanquam

2052 1786 2155 1823 una
2182 1786 2247 1823 ea:
2291 1770 2660 1838 insipientibus
2686 1766 3047 1859 mulieribus
3096 1764 3383 1859 locu-tta
3429 1796 3499 1839 ε,
3523 1786 3555 1843 γ
3607 1787 3691 1850 Ex
3716 1764 3857 1859 'insi-

2054 1861 2358 1929 pientibus,
2411 1860 2623 1928 inquit,
2682 1856 3055 1947 inutilibus,
3134 1854 3293 1947 stult
3360 1875 3479 1947 is.
3546 1854 3804 1947 “unca;

2054 1949 2532 2014 irrationabilibus,
2565 1949 2753 2019 impiis
2786 1958 2971 2016 atque
3016 1909 3600 2039 injustis\':;ur:u

2311 1909 2359 1963 ’ἶ
2475 1909 2622 1961 ’¹”ζ’
3016 1909 3053 1958 .'
3228 1944 3242 1955 .
3368 1909 3428 1935 ιδ
3458 1924 3479 1948 ν
3547 1909 3838 1965 Imperitis

2312 1950 2532 2014 btltbus,
2565 1963 2753 2041 tmpus
2786 1958 2971 2041 atque
3018 1951 3349 2041 ιηιιιξιιξιρχ
3401 1977 3569 2039 cur,
3622 1945 3857 2041 inquit)

2519 2005 2531 2014 .
2644 2005 2661 2049 ἵ
2736 2037 2747 2048 ,
2798 2037 2810 2049 .
2867 2005 2885 2016 -
2927 2037 2941 2048 δ
3082 2005 3105 2015 ν
3246 2032 3257 2045 ,
3307 2005 3349 2019 V
3401 2005 3569 2039 uur,
3622 2005 3818 2051 luga/1

2056 2050 2308 2109 tanquam
2358 2053 2465 2092 una
2519 2053 2587 2092 ex
2643 2036 3076 2104 msrptenttbus
3154 2034 3567 2108 hlljlhsnzodi
3612 2033 3833 2119 lacula’

2053 2131 2149 2184 es?
2180 2130 2281 2184 Sed
2324 2130 2451 2197 quia
2501 2143 2607 2181 non
2646 2127 2781 2181 dicit
2818 2136 3130 2195 tanquam
3173 2131 3479 2194 quaedam
3526 2153 3611 2193 ex
3664 2145 3804 2201 insi-

2054 2220 2319 2289 pientibus
2363 2219 2705 2282 mulieribus,
2752 2219 2851 2271 sed
2908 2227 3212 2284 tauquam
3250 2232 3428 2288 una,
3472 2240 3803 2299 ρι-οριοι-ε,

2055 2310 2396 2378 quaerendum
2427 2319 2535 2373 est,
2566 2325 2690 2377 qua:
2722 2307 2813 2362 vel
2852 2307 3069 2378 qualis
3130 2308 3208 2361 sit
3253 2308 3417 2365 haec
3482 2330 3621 2370 una
3668 2322 3808 2377 insi-

2054 2402 2223 2471 piens.
2264 2398 2485 2467 Oportet
2526 2399 2674 2451 enim
2727 2412 2857 2452 esse
2913 2397 3092 2450 illam
3159 2396 3607 2465 singulariter
3668 2410 3809 2464 insi-

2056 2492 2307 2561 pientem,
2343 2501 2399 2543 et
2430 2504 2597 2558 super
2635 2504 2857 2551 omnes,
2905 2498 3106 2556 atque
3144 2486 3265 2557 plus
3311 2495 3691 2562 omnibus,
3726 2510 3811 2553 ιιι-

2056 2591 2177 2650 pote
2218 2581 2424 2634 caeteris
2471 2579 2730 2633 omnibus
2784 2578 3165 2632 mulieribus
3201 2578 3652 2648 insipientior
3691 2590 3812 2644 hac

2056 2670 2164 2723 sola
2225 2678 2442 2723 ostensa
2503 2679 2667 2735 atque
2711 2668 3168 2721 demonstrata.
3215 2667 3385 2730 Quae
3449 2686 3571 2730 est
3648 2677 3819 2732 hac?

2056 2758 2163 2812 Eva
2193 2760 2363 2829 prima
2410 2757 2607 2812 mulier
2634 2758 2817 2825 prima
2855 2758 2915 2811 in
2960 2758 3376 2826 insipientia,
3423 2768 3730 2821 maxima
3764 2771 3819 2823 in

2057 2848 2537 2914 lrrationahilitate,
2568 2850 2727 2917 inops
2759 2863 2942 2903 sensu
2980 2858 3183 2919 atque
3216 2851 3559 2917 scientia,
3609 2873 3826 2914 exsors

2056 2943 2349 3011 prudentiae
2382 2952 2436 2995 et
2476 2941 2821 3006 intellectus,
2870 2958 3011 3011 quin
3074 2944 3449 3001 maximam
3519 2951 3827 3020 insipien-

2058 3033 2184 3085 tiam
2217 3032 2308 3085 toti
2339 3031 2537 3084 mundo
2568 3031 2810 3095 invexit,
2843 3047 2983 3101 qua:
3017 3034 3436 3102 singularem
3488 3040 3834 3097 irrationa-

2058 3121 2313 3175 bilitatem
2353 3122 2596 3174 omnium
2648 3121 2982 3176 mortalium
3039 3126 3272 3180 saeculo
3322 3127 3661 3198 induxit,
3712 3144 3832 3187 tum

2055 3221 2270 3281 peccata
2299 3221 2462 3280 atque
2500 3223 2707 3267 mortes
2752 3228 2999 3283 semper
3036 3232 3155 3285 per
3192 3218 3742 3280 inobedientiam
3779 3228 3832 3280 in

2054 3301 2251 3355 mundo
2281 3302 2557 3370 produxit.
2589 3301 2762 3370 Hujus
2791 3319 2953 3359 nunc
2988 3308 3338 3361 evidenter
3382 3327 3668 3368 meumr
3700 3315 3835 3379 Job,

2052 3403 2107 3447 et
2134 3393 2199 3447 de
2225 3393 2323 3447 hac
2348 3394 2499 3447 uxori
2528 3409 2993 3451 commemorans
3029 3401 3201 3453 dixit
3234 3400 3321 3454 ad
3369 3417 3542 3458 eam
3579 3425 3597 3461 :
3642 3406 3839 3473 Quare

2054 3493 2296 3547 tanquam
2328 3500 2433 3537 una
2461 3499 2526 3536 ea:
2553 3484 2937 3553 insipientibus
2985 3489 3382 3546 mulieribus
3433 3493 3675 3551 locuta
3734 3500 3835 3552 es.’

2054 3572 2119 3626 Et
2148 3588 2251 3626 non
2283 3574 2376 3637 ita,
2401 3575 2494 3627 sed
2525 3575 2648 3643 plus
2675 3590 2743 3628 ac
2773 3576 3050 3631 deterius
3077 3588 3269 3650 atque
3314 3588 3653 3652 gravius.
3691 3587 3833 3643 Nam

2053 3672 2343 3716 memorata
2376 3663 2485 3715 Eva
2523 3679 2647 3719 cum
2701 3665 2873 3733 olim,
2929 3668 3197 3738 inquit,
3248 3672 3316 3725 in
3373 3678 3732 3749 principio
3768 3682 3837 3734 ad

2051 3752 2217 3806 Adam
2260 3752 2433 3809 locuta
2469 3764 2636 3818 esset,
2670 3764 2727 3809 et
2758 3759 3123 3814 mandatum
3186 3762 3291 3816 Dei
3355 3766 3838 3841 derelinquere

2051 3857 2170 3895 eum
2212 3843 2427 3897 doceret
2469 3853 2633 3912 atque
2667 3846 2978 3902 seduceret
3005 3890 3025 3915 ,
3068 3857 3571 3920 persuasionis
3625 3877 3834 3924 causa.

2052 3931 2179 4001 ligni
2236 3934 2465 4001 speciem
2518 3942 2575 3987 et
2628 3935 2849 3991 fructus
2908 3938 3334 4000 dulcedinem
3415 3954 3701 4018 protulit
3758 3954 3835 4008 illi

2052 4034 2210 4092 atque
2239 4023 2491 4076 ostendit.
2524 4023 2605 4076 'l‘u
2651 4039 2817 4090 vero,
2853 4041 2889 4081 ο
2941 4032 3225 4102 mulier,
3271 4036 3471 4095 foris
3530 4045 3621 4099 ab
3673 4045 3831 4099 omni

2051 4112 2347 4175 occasione,
2393 4113 2601 4165 detecta
2647 4113 2975 4182 impietate,
3040 4120 3256 4179 Deum
3317 4142 3663 4187 sanctum
3714 4132 3835 4187 hla-

2054 4202 2334 4270 sphemare
2360 4210 2411 4253 et
2451 4202 2581 4294 mihi
2622 4202 2723 4294 ipsi
2776 4216 3041 4263 mortem
3084 4212 3347 4272 inferre
3370 4221 3618 4289 doces,
3655 4237 3827 4294 atque

2052 4301 2173 4344 ante
2202 4303 2398 4386 omnes.
2414 4290 2605 4386 merito
2631 4292 2797 4361 digne
2829 4308 2864 4348 a
2897 4312 2998 4352 me
3037 4306 3287 4361 audis:
3342 4308 3499 4364 Cur
3547 4290 3828 4386 tanquam

2052 4395 2156 4476 una
2198 4393 2260 4432 ea:
2298 4377 2660 4476 insipientibus
2704 4381 3061 4444 mulieribus
3100 4393 3331 4453 locuta
3374 4418 3448 4457 es
3478 4405 3512 4459 3
3558 4377 3693 4476 Tu;
3733 4410 3818 4462 in-

419 4465 672 4532 snscipio.
702 4466 902 4534 Agnovi
947 4467 1088 4520 enim
1117 4468 1259 4534 quod
1305 4463 1613 4532 nequissimi
1664 4464 1952 4518 adversarii
1986 4458 2028 4511 D
2053 4468 2190 4535 quit,
2217 4481 2249 4519 o
2275 4466 2487 4533 mulier,
2518 4466 2660 4523 facta
2692 4484 2755 4523 es
2784 4470 3062 4532 deterior
3100 4482 3245 4540 Eva
3290 4488 3365 4544 in
3420 4458 3812 4566 insipientia.

421 4554 580 4609 letale
610 4569 872 4610 venenum
900 4566 1001 4610 est.
1030 4556 1203 4619 Quare
1226 4556 1355 4608 sicut
1379 4570 1481 4606 una
1508 4569 1571 4606 ex
1598 4554 1955 4622 insipientibus

419 4643 723 4697 mulieribus
777 4646 851 4696 ita
882 4644 1052 4697 locuta
1081 4646 1172 4699 es?
1197 4646 1241 4698 A
1269 4659 1372 4714 quo
1416 4659 1628 4698 sensum
1661 4653 1714 4697 et
1748 4645 1957 4713 sapien-

422 4734 551 4787 tiam
596 4733 879 4801 accepisti,
926 4735 1065 4789 hunc
1100 4735 1371 4788 criminari
1426 4748 1527 4788 non
1578 4734 1880 4802 perpecisti.
1909 4734 1949 4787 Α

422 4837 531 4893 quo
581 4822 914 4890 prudentiam
974 4833 1027 4877 et
1090 4824 1409 4880 intellectum
1475 4825 1757 4894 accepisti,
1818 4813 1965 4876 hunc'

422 4914 791 4982 blaspliemare
836 4928 939 4967 non
986 4914 1231 4971 timuisti.
1283 4916 1388 4970 Cur
1433 4926 1680 4985 tanquam
1739 4932 1842 4968 una
1894 4930 1957 4967 ea:

420 5002 779 5072 insipientibus
806 5002 1102 5058 mulieribus
1127 5004 1300 5058 locuta
1339 5004 1431 5059 es?
1462 5005 1732 5069 Plurimae,
1765 5005 1954 5074 inquit,

422 5112 456 5150 o
485 5094 699 5156 mulier,
733 5106 761 5143 a
799 5092 1320 5160 sarculo-insipientes
1346 5097 1698 5149 ostenduntur
1725 5095 1954 5159 feminae,

421 5195 476 5241 et
505 5186 799 5240 innumera:
827 5183 894 5237 ab
922 5182 1075 5238 initio
1108 5184 1500 5240 irrationabiles
1526 5186 1958 5241 demonstrantur

420 5273 698 5339 mulieres,
737 5271 854 5326 alia:
886 5274 1099 5340 minus,
1142 5275 1259 5332 alia:
1293 5282 1470 5329 autem
1516 5276 1668 5345 plus,
1717 5278 1953 5345 quaedam

420 5366 726 5428 carnaliter,
757 5364 999 5431 quaedam
1047 5376 1219 5424 autem
1271 5365 1641 5436 spiritualiter.
1687 5366 1953 5435 lnsipiens

420 5459 517 5512 fuit
543 5455 740 5511 Rachel
766 5459 978 5525 quando
1005 5461 1128 5519 dicit
1155 5464 1220 5521 ad
1241 5455 1409 5517 Jacob
1432 5472 1445 5510 :
1472 5456 1553 5511 Da
1583 5456 1704 5509 mihi
1731 5456 1864 5523 filios
1883 5454 1950 5508 ’⁸.

418 5546 529 5603 Non
557 5547 696 5600 enim
730 5546 783 5600 in
819 5560 1080 5617 potesiaie
1118 5552 1287 5618 Jacob
1319 5556 1442 5604 erat
1484 5544 1604 5613 hoc,
1636 5546 1726 5602 sed
1769 5545 1821 5598 in
1856 5545 1951 5599 Dei

488 5699 599 5742 t1."
634 5700 761 5756 σω,
790 5718 917 5783 χιχ,
949 5716 996 5775 ι.
1074 5719 1113 5755 η
1151 5721 1288 5786 Gen.
1330 5716 1517 5766 xxxix,
1561 5700 1610 5755 7.
1685 5698 1729 5730 ³⁸
1767 5696 1900 5753 τοι).
1932 5715 2006 5770 ιι,
2048 5703 2138 5761 ‘22.

2057 4557 2149 4610 sed
2170 4570 2287 4625 ego,
2326 4556 2421 4620 ait,
2449 4570 2556 4609 non
2582 4556 2812 4613 effectus
2843 4578 2981 4618 sum
3016 4577 3094 4623 ut
3129 4572 3352 4633 Adam
3401 4581 3472 4640 in
3520 4556 3803 4644 εἶυιιίιίες

2058 4646 2344 4747 Pr0pterea
2374 4645 2479 4699 tuis
2509 4646 2938 4747 seductionibus
2983 4672 3116 4714 non
3148 4664 3439 4737 obedio,
3481 4689 3804 4747 propterea

2059 4751 2162 4790 non
2213 4735 2439 4788 seducor
2488 4737 2557 4789 ab
2608 4753 2673 4793 eo
2712 4742 2809 4809 qui
2865 4743 2925 4798 in
2989 4754 3056 4805 te
3116 4735 3434 4825 loquitur
3481 4735 3793 4828 diabolus.

2059 4829 2231 4891 Quare
2260 4837 2509 4916 tanquam
2550 4844 2657 4882 una
2696 4847 2765 4884 ea:
2814 4834 3253 4905 insipientibus
3293 4856 3678 4916 mulierum;
3714 4865 3795 4915 ιο.

2057 4925 2178 5015 cata
2204 4915 2559 5015 es?_Fortiori
2601 4922 2793 4990 praelio
2821 4923 2942 4992 jam
2976 4935 3315 5006 confecto,
3383 4950 3785 5015 ρει-εςιιιοείο,

2061 5007 2208 5060 ribus
2247 5007 2527 5064 doloribus
2555 5010 2667 5080 jam
2699 5022 3111 5090 supportatis,
3169 5007 3668 5095 amarioribus

2062 5098 2253 5197 utentis
2278 5098 2387 5197 jam
2420 5098 2700 5197 b‘ajulatis,
2729 5108 2974 5165 terribili
3020 5117 3281 5195 pelago
3336 5120 3483 5187 ~ram
3518 5141 3810 5197 superato.

2056 5189 2551 5286 vehementioribus
2597 5197 2862 5265 periculis
2905 5202 3033 5272 jam
3086 5189 3665 5286 consatmmati-s,
3702 5236 3820 5275 cum

2212 5280 2403 5335 salutis
2439 5297 2566 5352 spes
2599 5292 2779 5358 palam
2815 5292 2925 5359 sit,
2977 5312 3120 5355 cum
3185 5307 3389 5376 ja‘n
3434 5277 3820 5366 intimarcesci-

2058 5369 2191 5466 biles
2214 5385 2428 5427 coronae
2457 5378 2751 5437 evidenter
2785 5388 3151 5448 ostendantu
3165 5369 3233 5466 1:,
3272 5410 3483 5459 nunc
3509 5419 3612 5461 me
3642 5420 3787 5461 cam-

2060 5460 2239 5528 pellis,
2277 5478 2311 5519 o
2346 5465 2568 5538 mulier,
2622 5474 2793 5531 Deum
2844 5460 3287 5551 blasphemare-
3334 5508 3404 5555 el
3445 5502 3654 5558 mori:
3684 5460 3756 5555 ut

2062 5562 2179 5617 post
2205 5566 2267 5607 ea
2293 5557 2475 5614 omnia
2506 5569 2858 5625 amarissima
2887 5586 2956 5629 ac
2992 5577 3419 5659 miserabilia,
3453 5606 3635 5666 atque
3668 5596 3745 5648 la-

2233 5710 2274 5742 ³⁸
2316 5713 2490 5772 Jtttlit'.
2527 5740 2642 5791 XVI,
2683 5726 2871 5783 “3|.
