3916 6466
79 511 135 562 iil‘i

1366 862 1484 922 sim,
1517 872 1698 930 utpote
1742 866 1830 932 qui

125 917 360 1026 iga-"sine
379 917 626 1026 nauln'e
685 923 924 994 iniuste
981 955 1244 999 sanctum
1279 950 1438 1001 Deum
1490 917 1827 1019 blasphemia-

1281 999 1305 1001 ί
1331 999 1343 1000 ,
1490 999 1794 1019 _-__r-______

379 999 545 1059 905‘
577 1005 715 1065 δὮο
753 1021 1080 1092 universa,
1111 1049 1144 1085 o
1177 1036 1385 1098 mulier,
1423 1039 1738 1094 maledicere
1766 1057 1828 1096 ac

135 1099 381 1194 negat/6
416 1099 1079 1194 au‘1“:_"‘35l‘ltt3tt1:trta
1115 1137 1200 1175 me
1228 1124 1388 1176 Deum
1419 1127 1722 1194 compellis?
1749 1128 1828 1183 Ob

165 1155 283 1207 es“,
344 1155 353 1156 ,
504 1155 517 1165 ,
637 1192 652 1204 ⁸
698 1155 1079 1206 ,ί-τΓ--νιυιηιίλ
1116 1155 1199 1175 um
1231 1155 1388 1176 ucum
1419 1155 1718 1194 υυιιιμειιιδτ
1749 1155 1825 1183 υυ

164 1243 276 1280 “am
387 1187 548 1241 rem?
585 1189 810 1252 Dicm).
844 1202 940 1258 Ob
977 1207 1110 1273 hoe,
1155 1212 1344 1280 inquit,
1375 1223 1430 1267 ut
1473 1217 1732 1280 moriaris,
1769 1228 1825 1273 ut

127 1244 276 1292 «(‘Rm
643 1244 810 1252 ή---νι-
850 1244 939 1258 νυ
982 1244 1110 1273 nu»,
1155 1244 1344 1280 ιιιιιιι-ιι,
1376 1244 1430 1267 ιη
1473 1244 1732 1280 "tonans,
1769 1244 1819 1273 ut

172 1311 305 1359 Ἕω
388 1293 513 1349 quae
557 1291 617 1337 te
671 1301 828 1344 nunc
890 1294 1409 1364 circumdederunt,
1463 1304 1819 1374 derelinquas.

208 1387 376 1436 »εκ
420 1372 558 1427 Audi
591 1373 830 1432 iterum.
875 1383 1058 1440 Porro
1093 1389 1138 1443 si
1170 1406 1270 1444 non
1303 1392 1558 1458 placuerit
1590 1372 1697 1448 Deo
1727 1398 1818 1464 qui

215 1471 389 1524 habet
431 1465 558 1520 vitae
591 1483 661 1521 ac
699 1473 909 1527 mortis
964 1487 1303 1543 potestatem,
1335 1490 1390 1533 nt
1425 1492 1700 1550 postquam
1738 1501 1819 1538 re-

235 1570 505 1626 negavero
540 1557 696 1610 illum
726 1575 795 1614 ac
829 1565 1170 1621 maledixero
1195 1578 1353 1635 atque
1387 1571 1818 1638 blasphemavero

221 1647 494 1698 continuo
535 1650 769 1711 moriar,
821 1655 920 1706 sed
971 1658 1131 1709 etiam
1189 1658 1274 1712 hic
1325 1661 1374 1711 in
1425 1661 1539 1716 istis
1591 1665 1816 1718 terrenis

218 1735 515 1789 doloribus
547 1739 766 1794 diutius
812 1740 1050 1810 allligat,
1094 1755 1271 1814 utpote
1321 1764 1470 1802 suum
1525 1763 1812 1820 apostatam

201 1835 266 1879 et
322 1825 440 1878 illis
493 1830 731 1884 aeternis
785 1834 966 1899 ptenis
1003 1835 1196 1898 tradat,
1239 1847 1420 1905 utpote
1465 1855 1522 1892 se
1566 1842 1810 1910 blasphe-

1404 474 1768 532 ANONYMUS
1805 477 1871 531 ΙΝ
1906 477 2038 532 JOB.
2078 507 2147 519 -—
2187 466 2312 525 LIB.
2354 467 2417 530 Π.

3366 533 3462 556 ’συ

92 533 250 672 mit?
269 535 470 679 a
513 557 856 680 ξξηδιηῖςῖει
906 588 1052 643 qua!
1106 590 1382 658 sustinui,
1409 596 1724 649 beatissimis
1753 613 1838 651 re-
1866 605 1914 662 Α
1940 598 2109 666 Super
2138 597 2253 650 haec
2288 601 2468 652 autem
2517 605 2690 656 omnia
2741 619 2910 675 neque
2942 608 3044 663 hoc
3082 612 3462 680 considerasti,

92 638 162 678 Νι*
294 652 359 680 Α
402 645 530 680 tam
586 658 661 680 ηρ
729 667 875 680 η--.
945 669 961 680 .
1166 679 1176 680 ,

3366 500 3472 556 490

1935 703 1998 741 ne
2046 686 2182 739 forte
2211 690 2331 754 post
2371 686 2751 758 blasphemiam
2799 697 2842 749 si
2889 697 2965 751 sic
3015 699 3462 769 blasphemaveri-

1933 792 2067 840 mus,
2095 777 2357 831 deteriora
2397 782 2503 844 pati
2537 783 2870 850 incipiamus.
2897 786 3068 850 Quare
3092 798 3332 858 tanquam
3357 811 3459 849 una

1928 880 1992 916 ex
2017 866 2370 933 insipientibus
2399 870 2694 924 mulieribus
2723 873 2892 927 locuta
2921 892 2972 928 es
2991 879 3016 929 ?
3042 879 3153 946 Ego
3185 883 3378 948 patior,
3407 896 3462 938 et

1927 963 1980 1007 tu
2023 970 2107 1007 me
2151 956 2518 1025 blasphemare
2560 964 2852 1030 compellis.
2900 967 3007 1036 Ego
3044 968 3266 1039 afﬂigar,
3303 982 3356 1026 et
3402 983 3456 1028 tu

1928 1054 1984 1098 ut
2017 1055 2237 1100 mortem
2287 1057 2457 1115 petam
2497 1065 2579 1104 me
2613 1056 2774 1122 cogis.
2804 1056 2910 1123 Ego
2943 1058 3073 1112 tales
3100 1061 3308 1116 dolores
3337 1079 3458 1120 sus-

1925 1133 2094 1198 tineo,
2145 1144 2196 1188 et
2263 1144 2319 1189 tu
2392 1153 2474 1191 me
2521 1153 2690 1193 meum
2738 1144 3040 1201 Creatorem
3090 1150 3454 1219 blasphemare

1922 1221 2104 1287 doces,
2134 1233 2189 1278 ut
2218 1226 2352 1279 mala
2393 1229 2564 1292 malis,
2592 1241 2748 1299 atque
2775 1235 2983 1291 dolores
3017 1239 3288 1295 doloribus
3317 1246 3448 1298 meis

1922 1310 2160 1376 adiicias,
2186 1329 2218 1367 o
2247 1315 2455 1382 mulier,
2488 1319 2567 1371 vel
2617 1311 2790 1387 potius
2821 1324 2863 1377 is
2907 1327 2993 1394 qui
3043 1329 3094 1380 in
3140 1340 3211 1393 te,
3242 1332 3322 1384 vel
3355 1348 3450 1401 per

1922 1407 1972 1451 te
2005 1399 2235 1468 loquitur
2283 1404 2527 1459 inimicus
2561 1408 2819 1466 diabolus.
2849 1413 3020 1478 Quare
3049 1431 3174 1487 ergo
3207 1399 3447 1489 tanquam

1917 1503 2020 1540 una
2075 1505 2139 1542 ea:
2194 1493 2550 1558 insipientibus
2601 1500 2898 1556 mulieribus
2945 1504 3115 1558 locuta
3188 1511 3290 1562 es?
3361 1511 3450 1565 Sic

1919 1577 2090 1632 locuta
2137 1592 2218 1634 est
2263 1594 2381 1651 post
2415 1587 2544 1651 hate,
2572 1589 2664 1653 ait,
2707 1589 2920 1646 .lezabel
2967 1596 3032 1648 ad
3061 1596 3243 1652 Achab
3269 1602 3336 1666 “,
3371 1602 3448 1656 sic

1915 1665 2084 1720 locuta
2121 1679 2202 1724 est
2234 1671 2486 1729 Herodias
2531 1679 2596 1730 ad
2645 1678 2901 1734 Herodem
2932 1683 2998 1748 ³³,
3036 1699 3152 1739 cum
3185 1687 3270 1741 illa
3318 1705 3447 1744 sane

1914 1754 2082 1810 Eliam
2115 1760 2432 1826 interﬁcere,
2466 1765 2565 1819 ista
2602 1783 2727 1822 vero
2752 1768 3004 1826 Joannem
3040 1777 3283 1832 occidere
3321 1795 3446 1833 sua-

1912 1845 2090 1908 deret,
2133 1859 2186 1902 et
2229 1861 2448 1908 caeteras
2477 1872 2661 1912 omnes
2709 1860 3008 1929 impietates
3041 1880 3130 1920 eos
3165 1869 3435 1925 docerent.

198 1927 499 1997 titantem.
557 1917 618 1971 Si
676 1920 848 1988 igitur
897 1924 1141 1978 serviens
1193 1925 1264 1977 illi
1317 1936 1370 1980 et
1421 1929 1601 1984 colens
1651 1942 1815 2000 atque
1846 1927 1884 1981 Β
1915 1934 2030 2001 Sic,
2062 1939 2250 2007 inquit,
2275 1951 2326 1995 et
2355 1951 2430 2010 tu,
2460 1961 2492 1998 ο
2525 1948 2972 2013 mulier,mortem
3010 1956 3134 2009 mihi
3166 1969 3323 2026 atque
3360 1963 3442 2014 in-

182 2005 441 2072 gratias
475 2021 676 2076 agens.
711 2009 851 2062 tales
881 2013 1121 2064 sustineo
1155 2013 1382 2078 dolores,
1428 2019 1602 2084 qualia
1653 2022 1814 2075 susti-

182 2109 394 2147 neam
415 2099 570 2164 apud
609 2098 824 2153 inferos
857 2101 1135 2168 supplicia,
1163 2119 1194 2155 ο
1226 2104 1432 2165 mulier,
1459 2107 1500 2159 si
1538 2109 1811 2163 discedens

172 2183 260 2237 ab
308 2184 415 2238 illo
455 2201 751 2256 negavero
795 2201 844 2242 et
886 2204 1113 2242 renucro
1144 2202 1300 2258 atque
1339 2193 1809 2262 blasphemavero?

168 2269 350 2326 tiam
393 2275 642 2328 istorum
684 2279 1122 2331 brevissimorum
1155 2279 1395 2333 dolorum
1448 2297 1579 2350 quos
1608 2285 1658 2337 in
1692 2301 1810 2338 cor-

166 2366 479 2432 ruptione
529 2367 792 2420 sustineo
818 2368 922 2420 erit
959 2369 1112 2429 linis,
1154 2379 1205 2420 et
1238 2384 1354 2422 cum
1401 2373 1684 2439 gratiarum
1716 2389 1805 2428 ac-

166 2453 465 2507 tionibus
503 2455 620 2508 Itos
658 2470 832 2524 usque
863 2457 913 2508 in
947 2459 1103 2508 linem
1140 2459 1408 2511 sustinens
1440 2469 1650 2514 teternte
1687 2463 1806 2516 bea-

165 2543 472 2599 titudinis
527 2561 562 2596 a
613 2546 730 2598 Deo
779 2559 935 2613 Spero
978 2546 1104 2598 mihi
1157 2549 1655 2602 remunerationem.
1703 2550 1805 2606 Illis

163 2644 396 2688 autem
428 2635 536 2702 qui
604 2634 778 2687 Deum
837 2634 1312 2702 blasphemaverint
1373 2637 1566 2691 diutius
1623 2640 1801 2694 viven-

163 2723 361 2776 tibus
392 2724 443 2778 in
478 2739 772 2800 _corpore,
802 2738 880 2777 va:
909 2723 1036 2776 erit.
1083 2724 1206 2778 Plus
1240 2737 1412 2780 autem
1457 2728 1560 2780 erit
1590 2730 1801 2786 vm.illis

158 2814 354 2881 apud
409 2812 670 2873 inferos,
721 2829 844 2866 cum
900 2812 954 2866 in
1009 2823 1260 2880 perpetuo
1316 2815 1697 2882 torquebantur
1747 2820 1797 2871 in

155 2901 422 2957 lamina
463 2904 634 2973 ignis
682 2903 1156 2969 inexstinguihilis.
1187 2902 1360 2966 Quare
1394 2919 1521 2973 ergo
1553 2915 1795 2975 tauquam

155 3009 304 3045 una
378 3007 438 3046 επ.
495 2992 885 3060 insipientibus
940 2991 1240 3044 mulieribus
1266 2991 1434 3044 locuta
1457 3011 1508 3046 es
1531 2995 1556 3046 .9
1587 3010 1702 3047 cum
1746 3005 1797 3051 et

154 3080 375 3135 Deum
419 3083 837 3150 bsaspbemare
887 3082 1102 3146 suades,
1142 3091 1194 3135 et
1238 3083 1367 3135 mihi
1424 3083 1520 3151 ipsi
1569 3095 1792 3140 mortem

153 3183 371 3240 atque
415 3172 879 3227 internecionem
929 3180 988 3222 ut
1041 3185 1314 3238 procurem
1369 3171 1558 3236 doces,
1603 3175 1792 3242 quibus

150 3265 432 3330 nequius
493 3272 684 3331 atque
739 3262 1060 3315 sceleratius
1115 3261 1245 3314 nihil
1294 3269 1392 3315 est.
1435 3260 1602 3318 Omne
1649 3267 1790 3320 enim

151 3364 495 3419 peccatum
543 3367 652 3420 per
686 3350 1063 3419 paenitentiam
1116 3349 1494 3417 indulgentiam
1530 3353 1786 3422 accipiet,

147 3450 219 3494 et
280 3458 502 3496 omnes
540 3442 640 3510 qui
680 3439 971 3494 sinceriter
1021 3440 1395 3506 poenituerint,
1429 3441 1787 3498 remissionem

147 3540 219 3584 et
267 3531 756 3588 misericordiatn
806 3543 836 3582 a
872 3528 982 3581 Deo
1030 3539 1417 3596 consequentur
1447 3539 1608 3598 atque
1641 3532 1788 3586 inve-

148 3622 365 3676 nient.
415 3623 495 3676 lli
559 3634 701 3674 vero
745 3619 839 3687 qui
907 3618 1217 3685 semetipsos
1278 3617 1660 3685 interfecerint,
1689 3622 1784 3689 qui

3413 108 3440 111 -γ
3477 110 3820 120 -ὴ-Ϊ---τη-σ--τ-ν-
3833 112 3853 116 -—
3865 113 3902 120 σς

1912 2028 2260 2082 ternecionem
2291 2047 2384 2099 per
2413 2033 2502 2087 Dei
2566 2036 2945 2106 blasphemiam
2989 2046 3200 2112 suades,
3229 2057 3286 2100 ut
3318 2064 3435 2104 cum

1907 2113 2006 2166 hoc
2036 2118 2172 2184 quod
2205 2120 2341 2174 male
2371 2123 2586 2188 morior,
2628 2141 2744 2180 cum
2776 2129 2872 2184 boc
2902 2131 3016 2198 ipso
3063 2135 3255 2203 injuste
3321 2139 3433 2192 bla-

1911 2201 2205 2266 Sphemem.
2236 2206 2338 2260 Sed
2357 2209 2530 2277 vigilo,
2561 2211 2753 2282 inquit,
2786 2216 2835 2270 in
2866 2221 3046 2286 prtelio
3077 2201 3214 2290 quod
3245 2226 3433 2280 adver-

1903 2301 2014 2340 sum
2047 2301 2096 2344 te
2127 2308 2272 2361 gero,
2299 2310 2331 2349 ο
2357 2298 2585 2364 diabole,
2613 2304 2705 2357 sed
2737 2320 2836 2359 non
2873 2308 3147 2364 obdormio
3178 2313 3227 2366 in
3261 2315 3431 2369 stadio

1902 2380 2042 2444 quod
2074 2380 2210 2433 circa
2247 2392 2296 2436 te
2327 2385 2513 2450 habeo,
2545 2403 2578 2442 ο
2612 2393 2931 2459 nequissime
2958 2399 3280 2456 adversarle.
3313 2403 3426 2458 Non

1899 2465 2039 2516 enim
2082 2468 2514 2527 obdormitantem
2549 2477 2804 2544 invenies,
2843 2488 3286 2551 quemadmodum
3321 2491 3428 2559 jam

1901 2565 2236 2621 memoratos,
2266 2573 2432 2627 neque
2460 2564 2810 2624 dormientem
2841 2573 2979 2627 sicut
3013 2577 3128 2631 illos
3157 2579 3207 2632 in
3239 2584 3432 2650 quibus

1899 2651 2015 2704 post
2050 2642 2146 2694 hoc
2193 2642 2348 2699 facile
2384 2647 2584 2703 zizauia
2638 2652 2985 2711 lnseminasti.
3035 2661 3129 2727 Te,
3162 2642 3350 2732 inquit,
3397 2683 3431 2723 ο

1899 2727 2130 2797 inimice,
2175 2747 2267 2798 per
2297 2738 2475 2790 uxoris
2503 2755 2778 2807 personam
2811 2746 3040 2816 increpo.
3073 2751 3149 2804 Tu
3181 2755 3320 2807 enim
3351 2759 3429 2810 itt-

1896 2816 2096 2885 sipiens
2123 2831 2181 2872 es
2213 2831 2370 2888 atque
2405 2827 2568 2880 totius
2615 2829 2903 2896 impietatis
2945 2848 3130 2892 auctor
3161 2849 3216 2894 et
3257 2854 3421 2909 pater,

1898 2915 1947 2958 te
1974 2909 2136 2962 etiam
2165 2925 2258 2977 per
2286 2913 2383 2966 hoc
2413 2917 2580 2969 sancti
2609 2919 2751 2973 velut
2778 2921 3111 2990 insipientem
3142 2942 3424 2998 arguentes

1894 2997 2068 3051 dicent
2092 3016 2104 3052 :
2131 2999 2269 3053 Dixit
2291 3003 2537 3070 insipiens
2561 3006 2612 3059 in
2639 3010 2788 3062 corde
2813 3027 2940 3065 suo:
2961 3013 3078 3069 Non
3099 3028 3175 3070 est
3202 2997 3338 3074 Deus
3355 3023 3416 3076 “.

1892 3087 1990 3150 Tu,
2037 3089 2222 3156 inquit,
2252 3105 2284 3143 ο
2317 3091 2542 3156 diabole,
2574 3096 2623 3149 in
2662 3100 3028 3168 antiquis‘sima
3075 3106 3165 3158 illa
3198 3110 3417 3165 muliere

1892 3179 2180 3232 maximam
2213 3181 2569 3249 insipientiam
2600 3186 2947 3252 inseminasti,
2980 3202 3030 3246 et
3071 3194 3120 3248 in
3156 3196 3254 3250 ista
3282 3215 3424 3255 nunc

1895 3266 2118 3322 muliere
2172 3269 2386 3338 impiam
2453 3271 2806 3341 insipientiam
2872 3281 3187 3347 produxisti.
3235 3287 3422 3344 Merito

1894 3356 2012 3410 dice
2044 3357 2108 3410 ad
2140 3357 2279 3411 illam
2305 3377 2318 3413 :
2354 3360 2526 3426 Quare
2567 3368 2811 3434 tanquam
2840 3385 2943 3422 una
2972 3387 3034 3423 ea;
3065 3373 3420 3438 insipientibus

1892 3445 2190 3500 mulieribus
2215 3447 2385 3502 locuta
2415 3455 2508 3508 es?
2541 3453 2613 3509 Te
2646 3457 2962 3520 recolentes,
2992 3475 3024 3514 ο
3056 3465 3263 3530 mulier,
3301 3478 3420 3534 post

1893 3534 1991 3588 hoc
2021 3536 2308 3604 prophetae,
2339 3548 2391 3593 et
2426 3543 2617 3596 malum
2646 3554 2802 3613 atque
2831 3548 3088 3616 insipiens
3115 3561 3260 3608 tuum
3287 3571 3417 3611 con-

1889 3621 2063 3676 silium
2088 3625 2290 3680 duriter
2321 3629 2642 3686 detestantes
2675 3634 2921 3688 dixerunt
2948 3656 2960 3690 :
2993 3640 3032 3690 Α
3077 3643 3294 3711 conjuge
3325 3656 3418 3699 tua

143 3711 578 3783 sibimetipsis
622 3719 856 3762 mortem
890 3706 1196 3770 intulerint,
1247 3721 1516 3774 nunquam
1547 3711 1783 3776 requiem

144 3801 478 3857 habebunt
545 3799 646 3854 isti
704 3798 755 3850 in
813 3797 1016 3850 inlinita
1058 3795 1282 3858 sze’cula,
1322 3811 1590 3863 nunquam
1635 3798 1782 3851 inve-

140 3892 342 3946 nient
381 3889 810 3959 refrigerium,
857 3888 948 3940 sed
994 3886 1182 3937 animae
1237 3899 1415 3937 eorum
1452 3900 1568 3937 mox
1618 3895 1673 3938 ut
1719 3887 1782 3940 de

139 3996 409 4050 corpore
491 3978 791 4036 exierint,
845 3976 894 4028 in
949 3975 1201 4027 tenebras
1267 3972 1646 4027 deducentur:
1693 3975 1778 4026 ubi

137 4086 305 4126 cum
344 4071 498 4126 Juda
563 4076 625 4122 et
683 4062 1001 4130 Achitophel
1058 4071 1311 4130 perpetuo
1375 4062 1775 4130 torquebantur,

141 4163 261 4228 qui
325 4172 446 4228 post
510 4159 667 4210 alias
719 4152 1023 4220 impietates
1072 4150 1414 4218 sibimetipsis
1463 4165 1646 4205 manus
1691 4154 1775 4205 ln-

141 4249 334 4304 l'erre
363 4250 502 4305 ausi
572 4246 823 4298 fuerunt.
870 4239 1055 4293 Nullus
1106 4253 1232 4308 ergo
1291 4253 1354 4291 ex
1403 4239 1533 4292 bene
1587 4240 1777 4293 intelli-

142 4341 437 4409 gentihus
496 4337 596 4390 vel
655 4335 822 4387 Deum
878 4330 1188 4383 timentibus
1243 4328 1542 4381 hominibus
1592 4331 1774 4383 mortis

143 4444 398 4486 causam
440 4427 570 4484 sibi
627 4424 796 4477 debet
825 4423 1081 4480 invenire,
1112 4433 1212 4470 non
1245 4417 1412 4469 debet.
1430 4418 1769 4486 semetipsum

144 4520 540 4579 ξηιετίίρετε,
596 4526 780 4579 neque
823 4511 1041 4562 omnino
1087 4506 1220 4558 nllus
1270 4506 1428 4557 Deum
1479 4506 1770 4560 timentium

145 4599 685 4664 debelsemetipsi
725 4605 951 4649 mortem
984 4602 1189 4659 optare.
1217 4591 1363 4656 Quod
1392 4593 1433 4644 si
1476 4595 1635 4646 verbo
1667 4609 1774 4646 om-

144 4692 328 4747 nino
364 4706 538 4747 mors
590 4686 833 4755 optanda
873 4699 980 4734 non
1015 4690 1116 4744 est,
1150 4682 1316 4732 multo
1349 4679 1518 4748 magis
1551 4692 1773 4735 mortem

152 4780 352 4835 factis
388 4780 604 4836 nullus
652 4775 756 4829 sibi
805 4773 962 4825 debet
1002 4771 1226 4836 inferre,
1271 4785 1335 4823 ne
1379 4785 1497 4823 cum
1546 4770 1777 4837 praelatis

152 4874 410 4926 etenus
463 4867 627 4937 apud
683 4863 888 4918 inferos
924 4861 1165 4916 tradatur
1213 4856 1510 4912 tormentis.
1551 4858 1628 4913 Ob
1677 4863 1775 4915 hoc

151 4976 336 5030 ergo
362 4962 506 5016 dicit
555 4955 664 5010 Job
712 4955 780 5007 ad
815 4953 1105 5012 diabolum,
1169 4950 1257 5017 qui
1309 4949 1496 5002 mortis
1541 4949 1611 5002 illi
1660 4951 1773 5002 bla-

150 5051 512 5120 sphemiam
566 5043 837 5100 suadebat
871 5060 886 5095 :
921 5041 1093 5106 Quare
1123 5049 1364 5106 tanquam
1640 5039 1766 5089 insi-

148 5142 460 5211 pientibus
493 5134 820 5191 mulieribus
862 5131 1035 5182 locuta
1065 5131 1153 5183 es?
1197 5131 1271 5182 Ac
1319 5129 1476 5181 veluti
1522 5129 1763 5182 diceret:

144 5231 379 5297 Quare
415 5238 693 5294 tanquam
742 5236 807 5275 ex
859 5220 1229 5288 insipientibus
1263 5219 1540 5270 animabus
1588 5216 1762 5278 fatuis,

144 5319 505 5380 sceleratis,
535 5313 745 5379 impiis,
781 5309 890 5365 Deo
919 5310 1220 5374 odibilibus,
1254 5309 1359 5361 Deo
1389 5307 1758 5407 resistentibus

144 5411 264 5466 ita
312 5406 484 5461 locuta
520 5404 622 5460 es?
667 5401 804 5467 Quia
837 5415 935 5452 nec
965 5401 1126 5452 Deum
1163 5401 1337 5460 times,
1377 5410 1546 5464 neque
1588 5401 1754 5447 virum

141 5497 426 5553 vereris.
472 5506 662 5560 neque
719 5489 939 5556 teipsam
990 5486 1297 5540 cenl'usione
1337 5485 1562 5544 induis,.
1590 5497 1758 5582 neque

135 5583 738 5645 vehementioribus,
789 5585 880 5628 aut
930 5577 1058 5628 meis
1105 5575 1370 5629 doloribus
1417 5575 1755 5639 compateris.

1887 3718 1936 3763 te
1966 3713 2191 3776 observa,
2231 3718 2450 3785 nequid
2494 3719 2684 3772 dixeris
2729 3723 2806 3776 illi
2833 3724 2900 3788 ’⁸,
2949 3736 3002 3780 et
3031 3729 3137 3782 alia
3189 3733 3412 3800 plurima

1887 3798 1970 3854 his
2009 3801 2218 3856 similia.
2252 3804 2375 3858 Post
2418 3823 2534 3874 qua:
2578 3810 2821 3865 universa
2867 3815 3061 3882 adjecit
3096 3798 3275 3876 dicens
3309 3842 3322 3877 :
3356 3823 3415 3878 Si

1885 3890 2015 3942 bona
2052 3894 2366 3959 suscepimus
2394 3897 2456 3948 de
2487 3913 2644 3950 manu
2688 3900 2923 3967 Domini,‘
2943 3907 3079 3959 mala
3119 3925 3279 3978 quare
3310 3929 3410 3966 non

1885 3979 2155 4032 toleremus
2181 3981 2257 4034 "1'
2295 3983 2541 4049 Adverte,
2591 3989 2786 4056 inquit,
2835 4006 2866 4045 ο
2911 3994 3183 4062 insipiens,
3236 4004 3415 4054 consi-

1884 4065 2007 4118 dera
2063 4067 2294 4134 deposita
2342 4070 2586 4133 stultitia,
2621 4092 2652 4128 υ
2704 4078 2910 4133 mulier.
2960 4080 3020 4134 Si
3060 4084 3190 4136 bona
3235 4103 3404 4142 susce-

1879 4154 2045 4220 pimus
2099 4156 2161 4207 de
2200 4173 2354 4210 manu
2403 4159 2633 4224 Domini,
2687 4167 2823 4218 mala
2875 4180 3044 4222 autem
3093 4189 3253 4240 quare
3306 4193 3408 4230 non

1880 4241 2196 4297 toleremus?
2242 4245 2466 4312 Gloriaa,
2514 4251 2733 4316 divitiae,
2784 4255 3128 4324 iucunditas,
3182 4262 3402 4328 deliciae,

1878 4331 2195 4395 sublimitas,
2229 4335 2413 4400 honor,
2443 4338 2591 4404 regni
2637 4340 2809 4403 sedes,
2855 4346 3182 4412 principatus
3212 4361 3264 4404 et
3314 4369 3404 4421 po-

1879 4427 2112 4485 testates,
2149 4432 2391 4476 natorum
2423 4427 2668 4493 gaudlum
2697 4438 2853 4498 atque
2897 4435 3186 4490 amicorum
3229 4443 3407 4496 multi-

1876 4510 2018 4569 tudo,
2067 4510 2177 4563 lucc
2221 4511 2434 4567 fuerunt
2461 4516 2617 4581 bona,
2645 4533 2762 4584 quas
2787 4521 2850 4572 de
2888 4535 3044 4575 manu
3079 4526 3280 4593 Domini
3316 4550 3403 4584 ac-

1873 4598 2125 4663 cepimus,
2171 4613 2284 4665 qnae
2329 4601 2394 4654 de
2444 4617 2603 4655 manu
2653 4604 2854 4659 Domini
2893 4609 3010 4661 data
3059 4624 3181 4665 sunt
3227 4617 3397 4670 nobis.

1870 4683 2000 4736 Mala
2038 4695 2212 4739 autem
2249 4689 2492 4753 luerunt,
2535 4691 2610 4744 rei
2641 4690 2922 4750 familiaris
2953 4701 3210 4766 perditio,
3263 4704 3397 4759 libe-

1871 4787 2046 4826 rorum
2101 4776 2340 4840 amissio,
2397 4781 2684 4844 putredinis
2737 4781 3094 4851 abundantia,
3140 4795 3396 4845 vermium

1871 4862 2169 4927 multitudo,
2219 4879 2373 4932 paena
2408 4867 2860 4938 insupportabilis,
2912 4877 3275 4934 intolerabiles
3303 4884 3397 4935 do-

1879 4949 2038 5014 lores,
2083 4952 2320 5006 seductio
2364 4965 2523 5024 atque
2573 4960 2848 5014 subversio
2903 4965 3144 5034 maligni,
3192 4969 3396 5024 insidiae

1873 5049 2033 5106 atque
2069 5044 2386 5097 tentationes
2435 5047 2654 5102 inimici.
2707 5049 2829 5106 llaec
2867 5057 3108 5109 universa
3145 5060 3277 5112 mala
3316 5062 3392 5113 vi-

1868 5128 2056 5179 dentur
2082 5138 2136 5179 et
2167 5129 2301 5182 mala
2333 5132 2601 5198 dicuntur,
2635 5146 2791 5204 atque
2825 5141 2958 5194 mala
2986 5144 3052 5196 ab
3083 5145 3387 5200 hominibus

1864 5216 2223 5284 aestimantur,
2268 5237 2370 5274 non
2405 5225 2542 5290 quod
2593 5227 2728 5280 mala
2779 5231 2887 5283 sint
2940 5234 3072 5298 haec,
3119 5236 3209 5286 sed
3267 5244 3389 5288 sunt

1862 5311 2055 5354 aeterna
2113 5304 2248 5359 bona
2314 5315 2681 5377 procurantia,
2733 5330 2996 5386 perpetua:
3045 5321 3389 5372 nihilominus

1861 5391 2040 5461 gloriae
2104 5395 2154 5448 in
2210 5413 2368 5468 regno
2415 5401 2778 5459 hwreditatem
2846 5409 3219 5476 praeparantia.
3279 5407 3387 5458 Hoc

1860 5482 2063 5537 sciebat
2105 5484 2225 5550 Job,
2268 5499 2321 5542 et
2361 5495 2554 5546 merito
2585 5509 2701 5545 cum
2748 5496 3036 5562 gratiarum
3087 5493 3385 5546 actionibus

1861 5587 1919 5626 ea
1951 5575 2209 5632 sustinere
2249 5595 2460 5649 operam
2500 5586 2681 5638 dabat.
2712 5585 2820 5640 Hoc
2855 5585 3389 5657 scierungpropbem

252 5743 328 5776 ”
358 5743 415 5798 HI
454 5741 599 5806 Reg.
635 5748 753 5787 six.
831 5733 876 5762 “
915 5732 1092 5785 Matth.
1119 5749 1222 5789 xiv.
1298 5736 1341 5767 υ
1379 5731 1518 5788 Psal.
1551 5745 1668 5795 xm,
1704 5731 1753 5785 1.

527 5831 820 5888 ΡΑτιιοι..
863 5823 971 5881 Gtt.
1002 5824 1192 5884 XVII.

1831 5735 1874 5768 ’⁸
1913 5737 2069 5794 Micb.
2114 5755 2207 5810 vn,
2242 5743 2293 5798 5.
2386 5744 2429 5775 ³⁸
2467 5744 2564 5798 Job
2591 5760 2652 5809 tt,
2681 5744 2762 5797 10.

3042 5823 3110 5882 16
