3916 6428
647 395 740 448 ιρι
1699 377 2070 432 “omnes
2109 375 2171 426 IN
2209 374 2347 428 JOB.
2388 406 2451 414 _
2489 373 2617 426 LIB.
2661 371 2724 425 ιι.
3657 379 3736 432 ωε

646 519 700 562 et
725 503 941 574 apostoli
976 509 1134 568 atque
1172 498 1348 554 cuncti
1398 507 1682 567 martyres.
1714 496 1998 562 Propterea
2031 509 2170 547 ama-
2197 497 2240 552 Α
2270 502 2353 545 est
2396 493 2483 560 qui
2536 491 2673 544 hanc
2733 503 2945 556 pinnam
2994 485 3242 554 ingessit,
3291 487 3638 545 satisfaciamus
3681 496 3734 545 mi

647 591 954 650 ram,vitam
988 589 1037 639 in
1069 589 1166 640 hoc
1217 587 1411 640 mundo
1445 594 1848 650 transegerunt,
1891 593 2169 650 propterea
2269 591 2517 649 tanquam
2570 579 2935 632 misericordi.
2990 576 3046 629 Si
3099 587 3274 630 autem
3322 577 3447 630 alius
3490 580 3654 647 aliquis
3676 595 3737 637 est

643 682 815 736 omnia
859 688 1118 733 tormenta
1166 679 1301 746 ignis
1329 687 1383 731 et
1425 677 1583 746 gladii
1630 675 2020 727 sustinuerunt.
2061 672 2167 724 lln-
2265 673 2352 739 qui
2377 673 2480 724 hoc
2509 671 2704 722 bellum
2737 670 3026 721 adversum
3069 683 3168 720 nos
3199 667 3461 730 excitavit,
3508 669 3576 722 sic
3615 672 3735 724 etiam

641 785 794 823 mana
820 784 944 835 ergo
982 769 1363 822 consuetudine
1402 769 1538 820 bona
1583 775 1636 818 et
1680 765 1816 817 mala
1845 780 1905 817 ea
1941 764 2166 832 appellat
2263 762 2614 828 deprecemur
2647 759 2797 810 illum
2835 757 3214 809 auxiliatorem
3263 767 3416 823 atque
3446 769 3738 824 proutiguato-

640 859 814 912 dicens
841 875 855 910 :
892 855 951 911 Si
988 859 1116 909 bona
1147 857 1434 921 accepimus
1465 857 1526 906 de
1563 871 1717 906 manu
1758 852 1984 913 Domini,
2025 851 2165 903 mala
2266 866 2394 912 rem,
2429 859 2608 916 utpote
2637 847 2996 900 fortissimum
3021 861 3082 898 ac
3110 846 3537 912 potentissimum.
3559 844 3608 898 Si
3632 851 3738 901 enim

637 955 806 997 autem
833 962 989 1012 quare
1028 962 1125 997 non
1161 945 1473 997 toleremus?
1497 944 1647 1006 Cum,
1681 943 1872 1009 inquit,
1901 943 1994 994 tibi
2027 951 2166 994 esset
2263 941 2393 992 bona
2417 941 2712 1006 accepimus
2743 938 2807 988 de
2839 952 3000 987 manu
3035 935 3260 997 Domini,
3299 935 3431 986 mula
3453 944 3602 986 autem
3621 953 3739 1003 quare

637 1035 854 1088 honoris
899 1035 1212 1096 sublimitas,
1256 1049 1376 1087 cum
1429 1032 1592 1101 gloria
1637 1032 1914 1096 Iretareris,
1957 1047 2075 1084 cum
2112 1032 2162 1084 in
2263 1048 2361 1082 non
2387 1029 2707 1082 toleremus?
2741 1027 2838 1081 Ubi
2871 1027 3018 1079 enim
3046 1025 3246 1077 fuerint
3269 1025 3471 1088 laztitiaa,
3509 1024 3600 1077 illic
3619 1027 3738 1078 etiam

635 1123 840 1176 deliciis
869 1123 1088 1189 degeres
1111 1160 1126 1184 ,
1170 1136 1289 1174 cum
1323 1121 1600 1176 multitudo
1647 1131 1696 1173 te
1741 1131 1862 1172 ante
1906 1131 1959 1172 et
1999 1131 2159 1182 retro,
2261 1120 2628 1172 tribulationis
2664 1116 3020 1182 exspectatio.
3049 1115 3147 1168 Ubi
3174 1113 3601 1178 jucunditas.illic
3617 1117 3738 1168 etiam

639 1221 824 1280 utpote
853 1211 917 1264 de
955 1211 1150 1277 palatio
1177 1219 1477 1271 exeuntem,
1524 1220 1577 1262 et
1623 1211 1904 1262 identidem
1944 1211 2030 1262 illo
2081 1223 2161 1260 re-
2261 1208 2489 1259 miserim
2520 1215 2834 1274 sperantur.
2870 1203 3007 1256 Nam
3039 1204 3166 1272 quid
3195 1202 3403 1254 obvenit
3434 1202 3585 1263 nobis,
3613 1218 3639 1254 ο
3661 1220 3740 1255 mu.

635 1308 926 1352 Vertentem
974 1314 1091 1350 cum
1126 1299 1323 1352 honore
1371 1301 1607 1352 exaltans
1637 1300 2008 1360 circumdaret,
2040 1315 2156 1350 cum
2259 1296 2375 1360 Iier,
2404 1311 2466 1349 ex
2499 1298 2584 1350 his
2613 1311 2733 1363 quae
2768 1296 2820 1347 in
2862 1297 2962 1348 hoc
2995 1293 3198 1346 szeculo
3237 1308 3339 1343 non
3379 1293 3561 1344 fuerint
3588 1294 3738 1360 gesta?

637 1387 728 1438 filii
782 1395 904 1438 ante
955 1386 1134 1438 oculos
1201 1386 1388 1453 gaudio
1435 1394 1484 1438 te
1536 1389 1825 1453 replerent,
1879 1397 2000 1439 tunc
2055 1403 2156 1440 non
2256 1384 2443 1438 Nonne
2471 1386 2644 1438 omnis
2673 1400 2799 1437 caro
2835 1384 3130 1452 aliquando
3158 1380 3368 1450 quidem
3425 1395 3542 1433 sana
3566 1381 3738 1446 est,ali-

635 1475 845 1536 dixisti,
879 1490 910 1527 ο
950 1475 1133 1528 mulier
1159 1498 1170 1528 ;
1201 1477 1290 1527 Dic
1323 1476 1528 1537 aliquod
1578 1479 1809 1540 verbum,
1841 1484 1888 1528 et
1917 1493 2111 1529 morere
2138 1491 2156 1526 :
2257 1472 2473 1540 quando
2497 1480 2868 1538 paupertatem
2907 1471 3132 1536 patitur,
3181 1468 3459 1534 aliquando
3493 1477 3645 1521 autem
3672 1470 3733 1521 di-

635 1571 760 1614 tunc
798 1572 1016 1616 mortem
1067 1564 1280 1616 omnino
1347 1580 1442 1617 nec
1495 1566 1799 1626 nominare,
1842 1580 1937 1617 nec
1976 1565 2156 1617 audire
2257 1563 2412 1615 vitias
2445 1562 2643 1614 habet?
2671 1562 2798 1626 Qua:
2826 1563 2991 1629 igitur
3020 1568 3146 1611 sunt
3178 1558 3316 1624 apud
3347 1573 3522 1610 omnes
3553 1559 3736 1611 homines

632 1666 786 1719 passa
833 1667 909 1706 es.
962 1652 1107 1707 Nunc
1152 1665 1321 1708 autem
1351 1656 1472 1722 quia
1508 1669 1589 1706 res
1624 1654 1894 1709 familiaris
1927 1656 2148 1720 interiit,
2257 1653 2306 1705 in
2340 1651 2555 1712 mundo,
2588 1652 2728 1714 hazc,
2759 1652 2959 1716 inquit.
2990 1651 3155 1703 etiam
3188 1649 3326 1716 apud
3352 1663 3445 1700 nos
3471 1660 3599 1715 gesta
3619 1658 3733 1700 sunt:

629 1750 686 1792 et
738 1740 826 1792 lilii
891 1742 1204 1808 perierunt,
1256 1743 1375 1810 quia
1429 1743 1594 1812 gloria
1647 1744 1810 1812 fugit,
1864 1754 1918 1796 et
1962 1745 2154 1796 divitim
2184 1809 2213 1812 λγ
2253 1751 2306 1793 et
2341 1756 2446 1794 non
2474 1741 2648 1794 solum
2685 1742 2735 1793 in
2765 1741 3021 1793 omnibus
3055 1739 3392 1797 hominibus,
3417 1738 3572 1789 sedet
3599 1738 3640 1788 in
3663 1754 3737 1788 om-

635 1830 899 1893 abierunt,
927 1831 1048 1898 quia
1085 1832 1219 1884 mala
1253 1847 1350 1885 nos
1391 1833 1718 1894 invenerunt,
1751 1843 1802 1885 et
1833 1833 2038 1886 dolores
2071 1849 2154 1901 ap-
2184 1809 2225 1862 Β
2256 1832 2410 1884 nibus
2443 1831 2604 1900 hujus
2635 1831 2816 1883 mundi
2852 1831 3143 1883 clementis
3199 1830 3332 1881 fiunt
3377 1827 3658 1893 aliquando;
3682 1829 3735 1878 sic

631 1919 1050 1986 prehenderunt,
1101 1921 1260 1973 Deum
1299 1937 1393 1974 nos
1443 1922 1806 1990 blasphemare
1845 1922 2151 1988 compellis,
2255 1919 2543 1987 aliquando
2611 1934 2734 1980 ver,
2801 1920 2880 1972 sic
2930 1917 3223 1986 aliquando
3282 1927 3456 1978 aestas,
3515 1915 3736 1983 aliquando

629 2009 696 2060 ob
745 2008 847 2061 hoc
901 2023 996 2062 nos
1051 2010 1434 2076 reprehendere
1486 2012 1679 2075 doces,
1732 2021 2004 2079 propterea
2060 2026 2154 2065 nos
2253 2011 2443 2069 hiems,
2471 2010 2761 2076 aliquando
2791 2009 2988 2076 frigus,
3022 2007 3312 2074 aliquando
3342 2021 3464 2058 vero
3491 2004 3739 2064 arstus,ali-

629 2106 850 2150 mortem
885 2109 1064 2166 petere
1091 2099 1256 2166 cogis,
1295 2109 1348 2152 et
1380 2100 1478 2154 hoc
1525 2115 1626 2151 non
1653 2100 1790 2166 juste
1819 2103 1914 2153 sed
1965 2101 2154 2168 injuste
2252 2101 2463 2168 quando
2494 2100 2763 2162 viriditas,
2801 2099 3098 2166 aliquando
3128 2112 3257 2151 vero
3284 2096 3518 2150 siccitas.
3560 2095 3606 2148 Si
3642 2109 3736 2162 ergo

627 2202 722 2255 per
754 2188 842 2241 Dei
887 2189 1265 2256 blasphemiam
1295 2208 1309 2243 :
1345 2199 1398 2243 et
1426 2191 1566 2258 quod
1596 2200 1676 2244 est
1705 2192 2012 2254 maximum,
2049 2208 2150 2245 non
2253 2189 2323 2240 ita
2357 2196 2440 2240 est
2486 2188 2623 2253 apud
2672 2189 2856 2241 omnia
2887 2187 3288 2254 corruptibilia,
3317 2187 3438 2254 quid
3481 2202 3688 2254 magnum
3709 2186 3737 2235 si

630 2275 721 2328 tibi
767 2291 998 2329 amaram
1051 2287 1272 2330 mortem
1304 2279 1494 2346 poscis,
1544 2278 1633 2331 sed
1685 2279 1847 2331 mihi:
1886 2289 1940 2331 ut
1985 2280 2152 2343 possis
2250 2285 2304 2328 et
2336 2290 2432 2328 nos
2464 2277 2576 2342 qui,
2599 2277 2738 2328 sicut
2765 2277 2952 2328 omnia
2981 2276 3642 2344 corruptibilia,floruimus
3664 2275 3740 2343 pri-

627 2373 749 2432 post
786 2365 989 2418 obitum
1026 2366 1076 2418 in
1112 2366 1291 2434 requie
1323 2369 1518 2430 vivere,
1562 2368 1696 2419 sicut
1731 2378 1781 2418 tu
1825 2383 2026 2435 speras,
2062 2384 2153 2422 ne-
2251 2366 2366 2418 dem
2391 2380 2522 2418 sane
2550 2365 2753 2418 divitiis
2786 2375 2840 2417 et
2875 2367 3092 2418 caneris
3123 2366 3299 2429 bonis,
3338 2381 3470 2416 nunc
3507 2380 3616 2417 vero
3637 2363 3738 2415 arui-

626 2453 796 2507 scieas
826 2469 998 2522 neque
1045 2457 1264 2509 credens
1309 2455 1398 2508 Dei
1433 2457 1686 2509 bonormn
1722 2458 2153 2524 promissionibus
2251 2470 2366 2506 mus
2388 2455 2561 2522 inopia
2597 2465 2757 2522 atque
2784 2455 3164 2508 concaluimus
3193 2455 3243 2507 in
3275 2454 3737 2508 iulirmitate?Sicut

626 2544 822 2610 qtttede
850 2543 1002 2611 longe
1019 2546 1156 2597 videt
1181 2544 1293 2612 ejus
1314 2544 1677 2598 aeternitas.Si
1715 2546 1840 2597 bona
1870 2548 2150 2605 accepimus
2249 2557 2374 2610 ergo
2398 2542 2447 2594 iu
2483 2543 2588 2595 illis
2620 2543 2872 2596 delectati
2912 2559 3126 2607 sumus,
3163 2560 3304 2596 nunc
3331 2553 3383 2596 et
3414 2545 3505 2596 ista
3529 2544 3736 2596 sustinea-

626 2632 688 2684 de
718 2649 873 2684 manu
907 2633 1131 2697 Domini,
1164 2635 1300 2685 mala
1329 2644 1497 2686 autem
1526 2651 1685 2702 quare
1715 2650 1814 2686 non
1845 2636 2154 2688 toleremus?
2251 2632 2564 2716 mus..Sicut
2595 2633 2681 2685 illa
2718 2633 2958 2686 libenter
2989 2636 3323 2701 accepimus,
3372 2635 3442 2687 ita
3476 2644 3524 2686 et
3548 2633 3630 2684 ista
3654 2645 3735 2682 cntr.

627 2719 684 2774 Si
733 2722 986 2776 honorum
1043 2725 1203 2776 etiam
1256 2724 1522 2776 fastidium
1577 2740 1840 2792 nunquam
1897 2726 2148 2792 cepimus,
2248 2721 2536 2789 gratiarum
2562 2721 2871 2774 actionibus
2903 2733 3312 2789 supportemus.
3341 2721 3398 2776 Si
3439 2722 3558 2773 bona
3593 2719 3737 2781 accepi-

626 2826 797 2878 neque
837 2813 996 2866 finem
1042 2828 1222 2866 eorum
1265 2829 1493 2880 unquam
1541 2813 1652 2866 fieri
1702 2813 1960 2876 volumus,
2013 2814 2147 2868 mala
2249 2826 2360 2862 mus
2387 2811 2448 2861 de
2473 2826 2630 2862 manu
2651 2810 2890 2874 Domini,
2918 2811 3063 2863 mala
3096 2821 3268 2864 autem
3309 2827 3465 2878 quare
3497 2807 3738 2863 nantolm-

625 2911 800 2954 autem
851 2917 1016 2970 quare
1064 2919 1164 2956 non
1227 2903 1546 2956 toleremus?
1596 2901 1982 2956 Tribuiationes
2031 2921 2149 2958 cum
2249 2898 2540 2950 mus?Nuu
2565 2901 2704 2965 quod
2731 2900 2802 2951 de
2838 2916 3002 2954 manu
3036 2901 3248 2955 Domini
3283 2901 3559 2968 procedant
3582 2901 3684 2951 bona
3703 2905 3736 2946 et

625 2991 920 3056 gratiarum
989 2992 1290 3045 actionibu:
1351 3006 1512 3058 quare
1576 3007 1677 3043 non
1755 2994 2151 3048 sustineamus?
2250 2989 2408 3051 mala,
2439 2990 2528 3040 sed
2555 2989 2739 3040 omnia
2774 2989 2946 3042 bona.
2984 2991 3060 3042 lix
3098 2992 3238 3043 bono
3287 2992 3426 3044 enim
3455 2989 3607 3041 omnia
3641 2987 3737 3038 bona

624 3077 919 3132 Praesertim
943 3096 1060 3132 cum
1089 3082 1414 3140 noverimus,
1437 3079 1556 3145 quia
1583 3079 1719 3130 sicut
1745 3079 2000 3132 bonorum
2032 3083 2150 3136 linis
2177 3114 2218 3169 ϐ
2253 3077 2564 3145 procedunt.
2594 3075 2723 3129 Nam
2754 3079 2903 3132 sicut
2936 3081 3016 3132 sol
3073 3083 3328 3134 tenebras
3376 3093 3614 3146 nunquam
3651 3090 3736 3141 pro-

622 3167 746 3230 crit,
777 3170 844 3219 ita
872 3179 924 3219 et
965 3168 1219 3220 malorum
1251 3168 1506 3219 citissime
1534 3169 1916 3220 consummatio
1956 3170 2146 3224 aderit.
2186 3165 2216 3169 ⁷
2254 3165 2376 3228 fert,
2407 3165 2484 3218 sic
2519 3165 2768 3218 similiter
2805 3168 2984 3221 bonus
3025 3168 3170 3224 Deus
3222 3185 3485 3237 nunquam
3519 3165 3634 3219 mala
3653 3177 3740 3231 pro-

625 3256 690 3310 Et
734 3258 944 3325 quidem
994 3258 1283 3316 bonorum,
1335 3258 1434 3309 hoc
1483 3267 1596 3320 est,
1649 3257 1950 3310 divitiarum
1997 3271 2152 3328 atque
2253 3254 2421 3316 ducit,
2475 3253 2569 3306 sed
2615 3254 2797 3305 omnia
2858 3257 3000 3308 bona
3041 3268 3207 3324 atque
3247 3258 3463 3325 oplitlla-
3492 3255 3737 3320 Ο¹¹³¹¹ί1¹¹²¹¹¹¹

623 3344 903 3411 opulentiae
953 3343 1072 3396 linis
1125 3343 1323 3396 inutilis
1369 3345 1504 3404 erit,
1555 3344 1652 3396 nisi
1703 3344 1892 3412 aliquis
1940 3357 2152 3415 propter
2249 3348 2394 3400 enim
2419 3348 2485 3398 ab
2517 3347 2690 3412 impiis
2731 3355 2905 3414 atque
2941 3349 3367 3417 indisciplinatis
3409 3348 3670 3402 hominibus
3697 3357 3738 3393 ea

621 3433 880 3500 justitiam
911 3445 1070 3498 atque
1115 3431 1504 3500 eleemosynam
1545 3447 1830 3499 pauperum
1873 3433 2016 3500 juste
2063 3452 2152 3492 eas
2253 3450 2367 3502 quae
2397 3450 2492 3503 pro
2528 3436 2761 3487 vindicta
2801 3449 2857 3490 et
2887 3439 3256 3500 conversione
3289 3450 3448 3506 atque
3487 3434 3740 3506 pmnilcnlim

621 3523 931 3591 cxpenderit
957 3539 969 3574 :
1003 3521 1396 3576 tribulationum
1430 3531 1602 3576 autem
1637 3523 1909 3576 tolerantia
1940 3526 1992 3578 in
2028 3527 2147 3592 fide,
2251 3526 2762 3580 commemoratione
2792 3542 2825 3578 a
2851 3527 2965 3581 Deo
2995 3529 3344 3598 ingeruntur,
3390 3543 3488 3580 non
3514 3527 3646 3584 bona,
3675 3520 3739 3572 sed

623 3621 785 3678 atque
825 3610 1064 3663 dolorum
1109 3611 1438 3678 supportatio
1469 3627 1587 3664 cum
1641 3613 1930 3679 gratiarum
1981 3618 2149 3672 actio-
2249 3614 2384 3669 mala
2435 3614 2844 3680 existimantur,
2911 3626 3094 3671 tamen
3143 3619 3282 3671 bona
3340 3628 3466 3672 sunt
3505 3629 3629 3673 vere,
3653 3611 3738 3678 quia

622 3699 779 3751 nibus
831 3707 1041 3751 interna:
1088 3698 1266 3766 gloriae
1323 3699 1686 3752 [nereditatem
1743 3714 2040 3769 praeparant
2094 3707 2145 3760 in
2245 3719 2364 3759 cum
2399 3704 2462 3757 ad
2495 3706 2879 3773 pmnitentiam
2916 3710 3314 3773 converterint,
3343 3718 3529 3762 :eterna
3574 3707 3680 3757 bona
3704 3701 3736 3748 in

622 3801 784 3856 regno
806 3787 1080 3841 caelorum.
1102 3786 1159 3840 Si
1184 3789 1314 3840 bona
1345 3791 1630 3855 accepimus
1649 3790 1710 3842 de
1737 3807 1890 3843 ntanu
1919 3793 2144 3859 Domini,
2245 3811 2406 3865 regno
2441 3795 2696 3848 etelorum
2730 3811 3039 3864 procurare
3081 3801 3444 3868 reperiuntur.
3491 3797 3570 3850 Sic
3601 3801 3739 3854 nempe

622 3874 759 3927 mala
786 3885 953 3928 autem
972 3892 1131 3944 quare
1152 3893 1252 3928 non
1276 3876 1583 3930 toleremus?
1607 3877 1851 3946 Nunquid
1879 3881 2146 3937 fastidium
2245 3895 2299 3940 et
2324 3885 2497 3938 omnis
2527 3885 2777 3937 doctrina
2828 3897 2999 3957 atque
3025 3891 3310 3957 disciplina
3343 3891 3408 3943 ab
3432 3879 3738 3940 irrationabili-

621 3963 878 4016 bonorum
905 3979 1057 4032 passa
1082 3978 1207 4028 es,o
1229 3964 1448 4017 mulier?
1471 3965 1716 4032 Nunquid
1742 3978 2148 4025 consternanter
2243 3973 2343 4027 bus
2369 3972 2661 4027 infantibus
2706 3989 2819 4028 non
2873 3978 2927 4030 in
2978 3979 3204 4043 bonum,
3249 3981 3340 4033 sed
3371 3980 3418 4033 in
3451 3976 3622 4030 malum
3641 3967 3739 4023 msti-

621 4047 786 4102 tulisti
814 4049 1046 4115 requiem
1070 4059 1122 4102 et
1147 4048 1385 4116 gloriam,
1421 4067 1452 4103 υ
1481 4050 1678 4104 femina
1708 4055 1730 4105 7
1769 4053 1916 4117 Quod
1949 4057 1991 4110 si
2024 4057 2145 4111 illo-
2243 4071 2419 4114 matur
2464 4061 2544 4114 vel
2597 4062 2823 4115 ducitur
2857 4082 2870 4116 :
2920 4065 3016 4118 sed
3061 4083 3249 4120 revera
3301 4070 3604 4134 cognoscunt
3625 4061 3665 4110 in
3686 4053 3740 4106 ulc

621 4152 737 4190 mm
763 4137 988 4206 Ριυτίηιο
1021 4147 1254 4206 "mpm"2
1298 4139 1564 4193 [δίειίάίυιιι
1616 4157 1721 4194 ηοη
1768 4145 1979 4211 ceplSli.
2014 4161 2147 4212 qno-
2244 4152 2391 4212 timo,
2425 4152 2548 4218 quia
2577 4151 2742 4203 totius
2785 4153 2938 4218 boni,
2969 4156 3054 4208 vel
3093 4158 3282 4222 gratiae
3315 4157 3419 4209 illis
3455 4167 3597 4208 causa
3620 4143 3739 4200 exsti-

622 4224 778 4277 modo
811 4239 951 4277 nunc
981 4224 1198 4277 modica:
1241 4225 1610 4279 tribulationes
1648 4238 1697 4280 te
1747 4232 1972 4283 dellcere
2000 4233 2144 4286 fece-
2245 4239 2304 4289 tit
2333 4237 2630 4305 disciplina,
2683 4255 2812 4306 quin
2859 4243 2912 4294 in
2963 4246 3268 4310 primordio
3318 4246 3413 4297 fuit
3444 4233 3737 4296 exsecrabilis.

621 4313 792 4365 ttuntil
826 4314 1096 4376 Quomodo
1116 4315 1308 4366 uberes
1336 4315 1544 4368 dolores
1569 4325 1618 4367 te
1649 4332 1791 4369 nunc
1820 4319 2144 4387 det'atigave-
2243 4322 2487 4376 Humano
2537 4326 2716 4401 itaque
2759 4343 2936 4393 more,
2975 4343 3140 4401 atque
3192 4333 3585 4391 consuetudine,
3604 4335 3647 4378 et
3674 4323 3736 4373 hu-

621 4412 766 4464 runt,
813 4403 900 4470 qui
950 4417 1035 4456 me
1082 4413 1313 4457 atterunt
1357 4413 1410 4458 et
1462 4420 1561 4456 non
1599 4404 1698 4458 te?
1740 4405 1818 4459 Me
1863 4409 2142 4462 comedunt
2173 4449 2214 4502 Β
2246 4425 2402 4462 mano
2431 4408 2528 4462 Job
2562 4427 2687 4464 usus
2730 4419 3056 4482 proverbio,
3099 4422 3237 4472 mala
3291 4430 3344 4473 et
3376 4421 3506 4471 bona
3545 4414 3740 4467 memora!

621 4504 851 4550 vermes,
875 4499 936 4542 et
969 4501 1020 4542 tu
1057 4491 1316 4545 delassata
1353 4507 1430 4545 es.
1461 4491 1587 4544 Meae
1615 4506 1799 4544 carnes
1831 4501 2140 4558 putrescunt
2173 4491 2210 4502 ”
2245 4501 2463 4554 dicens;
2497 4501 2556 4554 Si
2590 4502 2721 4554 bona
2759 4510 3074 4573 accepimus
3111 4512 3175 4563 de
3203 4528 3364 4564 manu
3405 4507 3608 4566 Domini,
3641 4497 3740 4552 mala

621 4585 676 4630 et
703 4585 758 4628 tu
791 4577 1018 4630 delibata
1046 4594 1122 4631 es.
1153 4579 1213 4632 Si
1245 4581 1380 4636 bona
1427 4581 1712 4647 accepimus
1746 4581 1805 4632 de
1838 4597 1992 4632 manu
2035 4582 2142 4634 Do-
2245 4602 2414 4642 autem
2462 4607 2622 4654 quare
2673 4610 2780 4646 non
2831 4597 3119 4653 toleremus
3154 4602 3178 4653 ?
3228 4602 3352 4654 Post
3395 4614 3506 4668 qua:
3557 4594 3739 4648 unin

623 4666 771 4728 mini,
801 4665 938 4718 mala
975 4676 1144 4720 autem
1174 4685 1332 4736 quare
1355 4685 1456 4721 non
1484 4669 1801 4723 toleremus?
1855 4667 1944 4722 Sic
1968 4679 2140 4737 putas,
2247 4675 2564 4742 prwcipuam
2596 4686 2758 4745 atque
2797 4683 3103 4748 perfectam
3135 4688 3322 4756 gloria:
3354 4665 3592 4740 coronam
3615 4673 3742 4732 conle-

623 4756 815 4822 iuquit,
855 4771 886 4806 ο
919 4757 1126 4817 mulier,
1162 4757 1300 4823 quod
1349 4771 1453 4809 non
1509 4771 1535 4807 a
1584 4757 1688 4810 Deo
1737 4757 1886 4810 nobis
1931 4758 2002 4808 sit
2033 4758 2142 4810 Ιιωρ
2247 4776 2371 4814 rens
2397 4761 2570 4816 Moses
2605 4766 2760 4817 beato
2817 4767 2944 4836 Job,
2971 4773 3112 4826 dicit
3147 4777 3199 4827 in
3236 4759 3740 4841 subsequentibuthl

621 4855 803 4929 poma,
839 4841 928 4929 sed
960 4843 1025 4893 ab
1057 4844 1158 4895 alio
1189 4843 1384 4910 aliquo.
1446 4843 1500 4929 Si
1535 4859 1661 4912 ergo
1711 4860 1813 4898 non
1845 4854 1926 4898 est
1953 4860 1980 4896 a
2017 4845 2143 4908 Deo,
2248 4851 2352 4902 illis
2378 4861 2548 4904 autem
2576 4855 2820 4909 omnibus
2844 4875 2966 4926 qua:
2999 4862 3081 4915 illi
3123 4867 3444 4929 acciderunt,
3475 4863 3588 4915 nihil
3611 4867 3741 4923 prmo

623 4929 716 4982 sed
753 4927 817 4981 ab
845 4926 964 4987 alio,
1017 4928 1139 4994 quid
1188 4929 1412 4982 ulciscar
1467 4928 1632 4981 Deum
1687 4939 1758 5006 ut‘
1793 4929 2144 4996 blasphemem
2248 4941 2316 4991 υξι
2348 4939 2447 4992 Job
2478 4943 2532 4992 in
2559 4941 2707 4994 ιαωίε
2733 4948 2877 5009 δαίς,
2915 4967 3088 5018 neque
3111 4956 3168 5006 ίη
3203 4926 3471 5022 compca“
3511 4937 3740 5002 Domini".

626 5018 797 5080 illum,
834 5031 952 5068 cum
985 5018 1119 5069 alius
1142 5019 1209 5071 sit
1236 5022 1321 5087 qui
1340 5035 1421 5073 me
1455 5019 1820 5071 tribulaverit?
1848 5019 1995 5084 Quod
2023 5019 2065 5071 si
2099 5035 2128 5070 a
2247 5026 2291 5080 0
2321 5027 2451 5089 laus,
2479 5044 2511 5082 ο
2537 5030 2727 5095 honor,
2753 5048 2790 5086 ο
2819 5036 2996 5104 εισι-εει
3024 5050 3080 5094 ει
3111 5018 3444 5112 ευσηεέιηη,
3469 5055 3498 5094 ο
3524 5025 3741 5090 delectatio

624 5107 736 5161 Deo
761 5114 846 5199 est
878 5115 1114 5199 certum,
1155 5111 1293 5177 quod
1339 5109 1575 5164 forsitan
1625 5119 1724 5175 est,
1778 5124 1874 5176 pro
1915 5111 2145 5177 peccatis
2249 5127 2408 5184 atque
2439 5119 2680 5184 praelatio
2708 5123 2858 5176 beati
2891 5126 3030 5181 Joh!
3074 5132 3215 5196 Quid
3251 5107 3473 5199 primum
3501 5120 3738 5194 magniﬁce-

625 5197 822 5290 nostris
847 5196 1118 5290 estiAQuid
1151 5199 1326 5268 itaque
1350 5209 1432 5253 est
1459 5200 1668 5262 melius,
1697 5214 1850 5252 orare
1871 5214 1934 5252 ac
1961 5202 2145 5266 depre-
2249 5217 2334 5259 tur
2357 5207 2486 5274 justi
2516 5209 2693 5262 illius?
2724 5213 2806 5267 An
2841 5217 2991 5281 justa
3025 5237 3088 5274 ac
3121 5226 3207 5290 pia
3238 5196 3344 5276 vita
3381 5221 3489 5290 ejus
3525 5217 3583 5268 ab
3611 5206 3736 5263 initio,

623 5287 734 5342 cari
773 5285 1066 5339 terribilem
1096 5287 1283 5343 faciem
1317 5292 1430 5354 Dei,
1457 5306 1522 5342 an
1554 5289 1926 5356 blasphemare
1960 5299 2011 5340 et
2037 5289 2146 5342 cri-
2244 5306 2299 5349 et
2327 5298 2634 5354 misericors
2665 5313 2829 5370 atque
2854 5307 2999 5363 bona
3028 5312 3052 5363 ν
3081 5285 3162 5364 Ᾱ-ιι
3203 5285 3482 5366 tolerati-tia
3507 5305 3735 5358 vehemen-

626 5376 815 5429 minari
846 5390 926 5428 ‘ac
962 5375 1260 5446 detrahere,
1306 5390 1362 5434 ut
1414 5378 1866 5432 vehementiorem
1901 5378 2032 5429 iram
2063 5387 2145 5428 at-
2244 5387 2376 5439 unm
2427 5389 2672 5442 dolorum
2720 5409 2843 5445 cum
2909 5402 3215 5467 gratiarum
3265 5390 3614 5454 actionibus?
3664 5383 3736 5436 Δυι

623 5479 727 5536 que
755 5465 1162 5534 indignationem
1187 5472 1238 5526 in
1274 5487 1372 5526 uos
1405 5467 1737 5526 excitemus?
1767 5467 1820 5520 Si
1847 5467 2006 5534 igitur
2033 5467 2144 5534 ipse
2245 5471 2405 5523 etiam
2435 5473 2535 5527 hoc
2563 5476 2701 5543 quod
2745 5493 2871 5532 cum
2906 5465 3108 5540 callide
3160 5489 3503 5542 seduceretur
3530 5496 3556 5534 a
3580 5468 3735 5532 (Ιίειιοίο

685 5641 733 5670 ³⁷
754 5639 851 5693 Job
881 5654 938 5703 ιι,
973 5639 1049 5696 10.
