3916 6470
1358 451 1722 508 ANONYMUS
1759 453 1823 506 IN
1860 453 1995 508 JOB.
2030 479 2094 490 —
2135 441 2264 500 LIB.
2304 435 2366 495 11.

492 815 804 908 omnibus
845 841 991 893 qua:
1019 833 1072 884 ei
1103 839 1405 890 acciderunt
1442 839 1570 890 nihil
1593 841 1818 905 peccavit

381 892 566 1004 lilii“
624 909 785 1004 δυξξι
829 892 1028 986 "reque
1089 925 1148 978 in
1198 934 1466 991 conspectu
1496 892 1724 980 Domini.
1760 928 1815 980 In

157 996 519 1086 ’ίηαιιιις
552 997 858 1056 omnibus
899 1008 1190 1078 plurimis,
1223 1015 1516 1081 magnis'ac
1559 1017 1818 1069 mirabili-

129 1090 211 1181 bu;
576 1090 1001 1183 terribilibus.
1061 1102 1488 1158 lamentabilibus
1514 1121 1721 1173 quoque
1754 1121 1818 1160 ac

133 1172 616 1270 ᾎὲὲεκδῦῐὶὶῦιιδ
645 1182 874 1248 Quibus
912 1191 1128 1246 similia
1153 1204 1299 1264 gesta
1335 1209 1435 1247 non
1469 1172 1614 1258 sunt,
1640 1172 1695 1248 in
1723 1197 1822 1248 mi-

165 1287 366 1349 πίχᾴ
417 1277 592 1337 atque
641 1273 703 1327 in
759 1275 1222 1346 infelicitatibus,
1266 1288 1316 1338 in
1349 1286 1592 1354 omnibus
1636 1301 1750 1353 qua:
1789 1301 1817 1338 a

212 1363 426 1427 nmio
444 1371 577 1414 sunt
609 1360 794 1428 facta,
833 1378 896 1422 et
932 1372 1068 1426 bent
1098 1389 1263 1442 usque
1291 1375 1342 1426 in
1382 1384 1656 1437 aeternum,
1695 1376 1817 1441 qui-

219 1458 325 1510 bus
366 1449 579 1508 similia
643 1451 767 1506 visa
830 1470 949 1509 non
982 1467 1130 1524 sunt,
1170 1475 1337 1526 neque
1374 1462 1549 1514 audita
1581 1462 1676 1513 sub
1711 1461 1818 1513 sole

241 1545 308 1594 ab
345 1540 507 1594 initio
537 1540 730 1594 saeculi
763 1553 822 1597 et
849 1560 1025 1614 usque
1080 1549 1131 1600 in
1179 1550 1685 1602 consummationem
1723 1565 1816 1601 sae-

235 1629 515 1682 culorum.
544 1627 604 1680 lu
631 1629 758 1683 istis
797 1646 934 1700 ergo
973 1634 1225 1687 omnibus
1253 1633 1382 1687 nihil
1418 1636 1655 1699 peccavit
1698 1633 1816 1697 Job,

240 1719 508 1786 nequein
545 1721 740 1774 verbis
789 1721 1086 1790 labiorum,
1129 1738 1295 1791 neque
1334 1727 1384 1775 in
1429 1725 1536 1778 oris
1576 1725 1815 1792 eloquiis,

221 1810 501 1879 nequein
536 1813 731 1865 cordis
767 1814 1208 1882 cogitatioaibus,
1242 1829 1410 1882 neque
1444 1815 1495 1867 in
1518 1816 1676 1868 animi
1713 1831 1818 1868 me-

218 1900 638 1954 ditationibus.
696 1901 858 1966 Quod
910 1913 1086 1954 autem
1124 1903 1191 1954 ita
1240 1903 1331 1964 sit,
1365 1904 1592 1957 ostendit
1615 1917 1731 1956 mox
1764 1905 1814 1956 in

208 1991 725 2056 subsequentibus
753 1992 944 2045 dicens
970 2009 983 2044 :
1019 1990 1197 2061 Neque
1224 1995 1275 2045 in
1303 1993 1453 2046 labiis
1493 1995 1622 2058 suis,
1661 2010 1816 2061 neque

205 2080 283 2130 in
319 2089 627 2146 conspectu
666 2080 906 2144 Domini,
928 2089 980 2134 et
1011 2096 1113 2134 non
1143 2075 1420 2136 suffecerat
1491 2094 1546 2136 ut
1596 2085 1814 2147 diceret,

201 2183 408 2236 neque
425 2169 488 2219 in
528 2179 825 2235 conspectu
857 2169 1086 2234 Domini,
1115 2172 1204 2224 sed
1237 2181 1288 2223 et
1336 2171 1436 2224 hoc
1469 2173 1618 2237 dixit,
1662 2189 1817 2236 neque

197 2256 269 2308 in
308 2255 484 2310 labiis
512 2261 662 2310 suis.
697 2259 838 2323 Quid
891 2267 968 2312 est
1026 2261 1144 2323 hoc,
1187 2275 1342 2329 neque
1391 2261 1443 2311 in
1489 2260 1639 2313 labiis
1670 2264 1817 2314 suis?

199 2347 312 2399 vel
347 2347 490 2414 quid
527 2348 642 2400 hoc
674 2356 777 2409 est,
830 2363 990 2414 neque
1015 2349 1068 2399 in
1113 2359 1379 2416 conspectu
1442 2349 1681 2402 Domini?
1708 2352 1816 2403 Au-

199 2437 378 2498 dite,
407 2453 442 2490 ο
490 2439 698 2500 amici,
733 2438 1027 2491 veridicum
1064 2439 1470 2504 expositionem.
1495 2438 1642 2502 Quod
1673 2440 1814 2500 dicit,

199 2527 273 2578 in
307 2538 629 2592 conspectu
662 2527 898 2590 Domini,
931 2527 1031 2579 hoc
1060 2536 1160 2589 est,
1199 2528 1374 2580 cordis
1401 2529 1738 2595 cogitatione,
1767 2539 1819 2580 et

201 2617 439 2667 anima:
481 2614 776 2682 profundo
813 2625 1040 2667 tractatu
1073 2617 1326 2668 adversus
1375 2615 1538 2667 Deum
1575 2617 1700 2668 nihil
1727 2631 1818 2669 co-

200 2703 416 2769 gitans
453 2704 519 2756 in
560 2704 991 2771 reprehensione
1019 2715 1072 2756 et
1102 2708 1151 2757 in
1179 2705 1502 2772 blasphemia
1531 2716 1692 2772 atquc
1718 2708 1820 2758 cri-

202 2792 564 2846 minatione
621 2807 746 2860 qua:
791 2793 845 2844 in
891 2801 1181 2859 conspectu
1237 2793 1326 2845 Dei
1377 2793 1696 2860 deprimunt,
1731 2795 1817 2860 qui

199 2881 478 2948 inquirit
511 2896 686 2934 renes
739 2891 793 2934 et
831 2883 1014 2941 corda,
1067 2882 1152 2947 qui
1202 2881 1350 2933 novit
1386 2881 1590 2934 occulta
1622 2883 1817 2946 cordis,

201 2971 385 3024 sicut
417 2972 579 3024 dicit
635 2969 940 3037 Scriptura.
988 2970 1160 3023 Verba
1211 2980 1384 3022 autem
1433 2970 1689 3022 labiorum
1720 2971 1819 3022 ali-

201 3063 464 3127 quando
502 3075 581 3113 ex
614 3061 779 3112 corde
810 3060 1082 3124 dicuntur,
1113 3059 1391 3126 aliquando
1429 3069 1602 3112 autem
1633 3061 1819 3112 incon-

201 3152 576 3206 sideranter
599 3149 953 3218 proferuntur
981 3164 1048 3202 ex
1096 3148 1378 3211 incautela,
1409 3157 1460 3202 et
1490 3164 1592 3201 non
1614 3164 1679 3202 ex
1714 3149 1817 3200 ini-

202 3242 475 3306 quilate,
543 3254 729 3307 neque
769 3253 835 3291 ex
889 3239 1256 3292 malevolentia
1299 3256 1311 3290 :
1364 3240 1454 3292 sed
1517 3238 1821 3305 frequenter

200 3345 332 3385 ore
368 3331 640 3400 loquitur
673 3332 860 3391 homo,
893 3331 1032 3396 quod
1073 3329 1287 3382 omnino
1340 3328 1499 3382 corde
1536 3341 1703 3395 neque
1734 3343 1822 3381 co-

202 3423 457 3489 gitavit,
499 3436 615 3474 nec
655 3422 880 3488 cogitat.
912 3420 1054 3484 Ergo
1093 3418 1212 3486 quia
1259 3417 1588 3470 admirabilis
1626 3431 1687 3469 ac
1724 3431 1817 3483 pa-

203 3511 632 3567 tientissimus
656 3509 780 3572 Job,
811 3523 934 3562 cum
966 3509 1019 3561 in
1060 3517 1230 3560 tantas
1264 3507 1625 3560 tribulationes
1649 3515 1820 3558 trans-

201 3603 446 3667 iret,et
481 3613 692 3655 tantos
723 3600 940 3653 dolores
994 3597 1248 3651 nefandos
1272 3597 1579 3659 sustineret,
1619 3604 1814 3650 tantas-

199 3704 346 3759 que
366 3691 752 3747 seductiones
783 3696 1099 3755 superaret:
1134 3700 1309 3752 neque
1332 3686 1384 3737 in
1419 3685 1572 3738 corde
1626 3686 1817 3737 malum

201 3783 294 3834 de
339 3782 482 3845 Deo,
535 3795 730 3846 neque
760 3781 1019 3830 adversus
1061 3776 1224 3827 Deum
1269 3775 1537 3841 cogitavit,
1575 3789 1741 3840 neque
1767 3775 1816 3826 in

205 3869 388 3925 labiis
431 3875 576 3927 suis
609 3883 714 3937 per
752 3867 1013 3920 incuriam
1063 3864 1225 3916 ullum
1278 3878 1494 3930 parvum
1522 3877 1818 3915 sermonem

199 3965 496 4029 protulit,
557 3967 858 4027 propterea
913 3954 1258 4019 magniﬁcans
1316 3951 1463 4003 illum
1505 3962 1557 4003 et
1604 3951 1822 4006 laudans

201 4061 386 4122 atque
487 4047 798 4118 perferens
851 4043 1012 4096 dicit:
1053 4041 1116 4092 In
1158 4041 1238 4092 his
1313 4039 1547 4091 omnibus
1619 4055 1732 4106 quae
1774 4041 1820 4092 ei

201 4143 573 4197 acciderunt
616 4151 725 4187 non
773 4132 996 4199 peccavit
1037 4129 1158 4192 Job,
1200 4144 1358 4196 neque
1408 4130 1460 4180 in
1504 4129 1652 4180 labiis
1692 4131 1818 4193 suis,

203 4247 386 4299 neque
427 4233 500 4284 in
533 4233 826 4292 conspectu
861 4221 1083 4274 Domini.
1118 4221 1196 4272 Ac
1223 4219 1266 4270 si
1301 4219 1532 4270 diceret:
1563 4219 1606 4270 0
1634 4233 1817 4285 magna

205 4321 390 4387 aitque
421 4319 762 4372 vehemens
799 4310 1102 4372 admiratio,
1143 4323 1175 4361 ο
1202 4321 1386 4373 magna
1428 4315 1586 4373 atque
1638 4308 1820 4375 ingens

207 4411 518 4477 patientia
561 4404 700 4464 viri,
732 4409 792 4452 ut
829 4399 881 4451 in
915 4397 1160 4450 omnibus
1188 4405 1292 4447 tam
1345 4394 1530 4448 validis
1555 4395 1820 4448 doloribus

208 4507 392 4564 atque
426 4499 496 4550 in
533 4491 798 4545 omnibus
825 4487 1036 4553 iugibus
1069 4485 1259 4552 poenis,
1306 4483 1376 4536 ita
1419 4498 1477 4537 se
1510 4485 1696 4536 beatus
1733 4485 1817 4536 ille

211 4587 608 4644 observaret,
669 4588 728 4630 ut
772 4577 994 4629 omnino
1035 4589 1133 4627 nec
1182 4574 1232 4626 in
1277 4574 1426 4626 labiis
1463 4574 1574 4626 suis
1616 4589 1714 4627 nec
1763 4575 1814 4626 in

211 4677 397 4732 corde
423 4688 549 4730 suo
593 4671 748 4721 circa
780 4668 942 4718 Deum
981 4665 1325 4731 delinqueret.
1353 4661 1482 4714 Nam
1517 4664 1654 4715 sicut
1695 4678 1813 4716 coro

215 4765 338 4820 dis
357 4767 438 4820 sui
473 4757 857 4828 cogitationes
903 4764 1063 4821 atque
1108 4753 1268 4805 animi
1325 4753 1404 4804 sui
1447 4752 1812 4805 meditationes

223 4867 427 4910 castas
459 4863 677 4907 omnes
700 4861 764 4897 ac
795 4846 1023 4896 mundas
1051 4842 1407 4905 conservavit,
1435 4850 1489 4893 et
1516 4857 1619 4894 non
1660 4855 1815 4908 prave

223 4948 388 5000 circa
415 4949 611 5000 Deum
651 4937 946 5003 cogitavit:
980 4935 1045 4985 ita
1074 4949 1100 4984 a
1136 4933 1309 4986 verbis
1359 4932 1618 4984 labiorum
1653 4940 1811 4997 atque

226 5038 369 5093 oris
397 5031 658 5101 eloquiis
690 5025 1016 5087 observavit,
1047 5034 1104 5075 ut
1135 5035 1231 5074 nec
1265 5022 1424 5075 corde
1452 5021 1815 5085 delinqueret,

231 5141 428 5194 neque
459 5127 522 5176 in
564 5131 824 5173 sermone
855 5123 1118 5182 peccaret,
1150 5112 1244 5166 sed
1270 5121 1433 5164 totum
1477 5109 1811 5174 semetipsum

226 5225 314 5271 ει
347 5215 528 5269 cordis
554 5206 788 5264 consilia
823 5214 875 5258 et
917 5219 1176 5258 sermonis
1218 5201 1422 5270 eloquia
1451 5209 1504 5252 ct
1545 5196 1705 5250 verba
1731 5196 1808 5249 la-

343 5386 409 5419 πθ
433 5386 458 5442 1
486 5386 624 5440 Cor.
675 5396 750 5443 ri,
780 5378 870 5432 20.

3329 457 3436 512 494

1918 659 2198 713 fessionem
2232 653 2317 708 Dei
2345 667 2695 712 converteret.
2730 660 3011 714 Evidenter
3043 658 3268 726 implevit
3307 660 3425 716 bea-

1918 757 2000 800 tus
2025 747 2120 799 ille
2153 747 2311 799 homo
2353 750 2490 814 quod
2518 757 2637 816 post
2682 749 2781 801 hoc
2829 749 2896 800 ab
2939 747 3187 814 Apostolo
3225 747 3420 801 dictum

1917 849 1996 891 est
2021 858 2031 890 :
2067 837 2362 903 Glori/icate
2385 837 2548 893 Deum
2583 841 2633 890 in
2665 855 2876 907 corpore
2897 849 3060 891 vestro
3089 849 3133 891 et
3164 839 3216 890 in
3243 840 3425 906 spiritu

1917 937 2079 980 vestro
2124 929 2219 982 '7‘.
2258 926 2398 994 Ergo
2432 929 2551 994 quia
2587 941 2615 979 a
2646 928 2817 980 verbis
2846 927 3108 980 labiorum
3149 942 3315 994 usque
3365 929 3427 980 ad

1918 1017 2089 1069 cordis
2114 1016 2458 1085 cogitationes
2490 1015 2877 1070 immaculatum
2929 1029 2985 1068 se
3035 1025 3088 1066 et
3122 1015 3423 1068 inviolatum

1918 1115 2074 1172 atque
2130 1105 2592 1157 incontaminatum
2645 1104 2978 1157 conservavit
3032 1104 3083 1155 in
3136 1110 3423 1170 conspectu

1920 1193 2147 1257 Domini,
2187 1203 2432 1260 tanquam
2460 1193 2503 1245 si
2539 1193 2760 1256 diceret,
2788 1207 2955 1258 neque
2987 1192 3085 1245 hoc
3109 1192 3271 1258 gessit
3291 1193 3424 1258 quod

1920 1281 2158 1347 plurimis
2185 1282 2398 1344 accidit,
2449 1291 2508 1334 ut
2558 1282 2834 1335 labascunt
2876 1282 2928 1334 in
2962 1283 3120 1334 verbo
3146 1292 3197 1334 ct
3227 1296 3328 1334 non
3363 1297 3424 1334 ex

1918 1371 2094 1424 corde.
2135 1369 2246 1421 Non
2292 1370 2429 1422 enim
2479 1370 2653 1437 lapsus
2689 1379 2769 1421 est
2795 1369 2846 1420 in
2882 1382 3125 1420 sermone
3153 1369 3424 1430 labiorum,

1913 1461 2062 1526 juxta
2093 1460 2191 1510 hoc
2217 1460 2355 1525 quod
2383 1460 2578 1510 dictum
2602 1466 2681 1509 est
2707 1457 2928 1523 quodam
2961 1457 3010 1508 in
3045 1458 3162 1510 loco
3189 1457 3239 1509 in
3283 1456 3429 1510 Scri-

1916 1558 2067 1616 ptura
2097 1562 2112 1599 :
2142 1548 2232 1599 Est
2266 1548 2352 1614 qui
2379 1547 2594 1598 labascit
2625 1547 2678 1596 in
2695 1545 2858 1608 verba,
2892 1546 2962 1596 vel
2990 1546 3042 1598 in
3059 1562 3142 1598 ore
3167 1557 3210 1598 et
3245 1563 3342 1599 non
3367 1562 3428 1598 ea:

1917 1636 2084 1688 corde.
2133 1635 2268 1702 Ergo
2314 1636 2433 1700 quia
2488 1636 2670 1687 beatus
2721 1634 2817 1687 Job
2865 1635 3006 1688 nullo
3054 1635 3207 1688 modo
3250 1635 3428 1702 lapsus

1917 1734 2020 1786 est,
2055 1739 2224 1792 neque
2269 1726 2319 1776 in
2364 1738 2476 1786 ore,
2509 1739 2676 1791 neque
2702 1725 2750 1776 in
2780 1738 3044 1788 sermone,
3073 1737 3240 1790 neque
3267 1724 3316 1775 in
3349 1724 3422 1776 la-

1919 1815 2040 1875 biis,
2071 1829 2238 1881 neque
2283 1815 2333 1866 in
2383 1815 2560 1876 corde,
2594 1823 2868 1882 propterea
2903 1813 3243 1882 magniﬁcans
3279 1813 3422 1866 illum

1850 1885 1888 1939 Β
1922 1919 2141 1972 magnus
2180 1903 2264 1957 ille
2290 1905 2446 1956 homo
2485 1903 2573 1956 Dei
2602 1903 2791 1964 Moses,
2831 1903 3095 1956 admirans
3129 1917 3332 1970 quoque
3366 1918 3430 1956 ac

1922 1994 2135 2046 laudans
2161 2007 2280 2044 eum
2307 1992 2470 2044 dicit:
2503 1991 2568 2042 In
2593 1991 2670 2043 his
2707 1993 2958 2057 omnibus,
2990 2007 3102 2060 quin
3136 1993 3428 2044 acciderunt

1917 2086 1984 2146 ei,
2004 2101 2102 2135 non
2129 2085 2349 2150 peccavit
2373 2084 2469 2136 Job
2491 2085 2545 2136 in
2575 2083 2722 2135 labiis
2749 2085 2874 2145 suis,
2906 2099 3059 2150 neque
3081 2085 3133 2134 in
3166 2095 3429 2147 conspectu

1921 2172 2144 2225 Domini.
2191 2172 2298 2236 Sic,
2341 2173 2530 2240 inquit,
2579 2173 2819 2225 transivit
2860 2173 3182 2226 admirabilis
3211 2175 3310 2227 θοι)
3334 2188 3432 2226 Sie-

1925 2263 2196 2314 vissimum
2247 2262 2372 2314 illud
2423 2261 2657 2313 dolorum
2690 2245 2924 2328 pelagus,
2957 2263 3035 2314 sic
3061 2263 3328 2326 superavit
3353 2263 3432 2314 in-

1921 2351 2297 2418 explorabilem
2346 2366 2494 2404 suam
2543 2353 2889 2404 tcutallonmn
2936 2351 3342 2414 multitudinem,
3374 2360 3432 2404 ut

1924 2441 2053 2492 nihil
2089 2448 2351 2508 peccaret,
2377 2454 2546 2507 neque
2575 2440 2627 2492 in
2660 2439 2815 2492 labiis
2853 2440 2979 2500 suis,
3017 2454 3187 2507 neque
3220 2440 3269 2492 in
3309 2455 3432 2493 con-

1922 2537 2101 2596 spectu
2142 2529 2366 2581 Domini.
2400 2529 2538 2582 Ante
2588 2529 2902 2582 tentationes
2948 2544 3048 2582 non
3091 2530 3348 2597 peccavit,
3379 2529 3432 2582 in

1928 2616 2302 2672 tentationibus
2342 2631 2444 2670 non
2473 2619 2733 2684 peccavit.
2760 2617 2803 2671 Ο
2827 2619 2976 2671 beate
3007 2616 3124 2683 Job,
3149 2618 3268 2686 quis
3295 2620 3433 2671 simi-

1926 2705 1990 2758 lis
2021 2703 2112 2758 tibi
2153 2705 2468 2774 gloriabitur
2516 2714 2730 2773 propter
2752 2704 3055 2772 justitiam?
3092 2707 3324 2760 Mortuus
3354 2717 3434 2760 est

1925 2793 2073 2858 Abel,
2105 2795 2196 2846 sed
2227 2793 2388 2848 semel
2414 2802 2464 2847 et
2495 2795 2741 2848 celeriter
2770 2805 2850 2848 est
2872 2807 3108 2848 mortuus
3141 2809 3156 2846 :
3205 2797 3434 2848 admira-

1923 2882 2040 2934 bills
2072 2897 2193 2936 vero
2218 2881 2316 2936 Job
2343 2898 2460 2936 cum
2492 2882 2633 2936 mille
2663 2892 2860 2936 mortes
2877 2884 3186 2948 sustineret,
3208 2895 3429 2938 mortem

1923 2973 2210 3039 superavit,
2245 2981 2468 3025 mortem
2492 2971 2642 3036 vicit,
2675 2971 2726 3023 in
2757 2979 2926 3025 morte
2968 2973 3242 3025 victoriam
3293 2987 3434 3026 sum-

1923 3061 2050 3126 psit.
2083 3060 2239 3114 Solus
2270 3075 2334 3114 ex
2366 3061 2611 3114 omnibus
2639 3060 2889 3128 antiquis,
2917 3075 3032 3113 cum
3068 3070 3326 3114 mortuum
3350 3075 3433 3115 se-

1923 3150 2200 3217 metipsum
2232 3151 2532 3219 inspiceret,
2566 3165 2596 3204 a
2634 3159 2805 3204 morte
2835 3165 2934 3203 non
2966 3149 3277 3217 trepidavit:
3307 3164 3428 3203 nam

1920 3238 2050 3292 vidit
2086 3238 2216 3292 ellici
2282 3249 2542 3302 mortuos,
2595 3253 2712 3292 cum
2755 3239 2997 3292 nimirum
3045 3239 3176 3292 vidit
3239 3249 3432 3293 semet-

1922 3327 2091 3400 ipsum
2117 3327 2227 3380 ﬁeri
2249 3327 2574 3394 putredinem
2600 3335 2654 3380 et
2676 3340 2897 3388 vermes,
2921 3328 3011 3380 sed
3038 3343 3140 3381 non
3173 3327 3289 3381 ideo
3311 3338 3434 3382 ante

1921 3426 2140 3469 mortem
2176 3417 2404 3484 expavit,
2438 3417 2529 3469 sed
2562 3425 2778 3469 mortem
2819 3417 2872 3469 in
2914 3415 3087 3485 fugam
3119 3417 3276 3470 vertit
3307 3431 3426 3471 cum

1919 3504 2166 3557 omnibus
2220 3505 2333 3574 ejus
2379 3506 2698 3574 argumentis
2743 3515 2898 3572 atque
2937 3507 3182 3559 versutiis
3209 3515 3260 3558 et
3307 3519 3426 3560 cum

1920 3594 2114 3662 iniquis
2142 3594 2256 3663 ejus
2281 3596 2621 3648 exercitibus.
2653 3594 2782 3647 Nam
2813 3610 2928 3647 cum
2959 3609 3166 3647 omnem
3199 3603 3430 3662 potesta-

1921 3690 2025 3735 tem
2066 3683 2118 3735 in
2168 3698 2288 3737 eum
2320 3685 2583 3750 acciperet
2609 3699 2754 3738 mors
2784 3685 2905 3752 (hoc
2932 3693 3012 3738 est
3038 3684 3430 3750 diabolus)abs-

1919 3785 2020 3838 que
2056 3773 2230 3824 anima
2279 3773 2411 3838 sola,
2442 3783 2495 3826 et
2527 3783 2582 3826 ut
2616 3783 2913 3842 percuteret
2934 3783 2988 3828 et
3025 3783 3080 3827 ut
3103 3774 3433 3828 cxulceraret

1919 3870 1972 3913 et
2002 3870 2058 3912 ut
2087 3869 2353 3928 torqueret
2375 3872 2428 3915 et
2451 3871 2506 3915 ut
2535 3865 2829 3927 seduceret,
2866 3878 2983 3917 cum
3022 3873 3208 3917 cuncta
3239 3879 3433 3918 secun-

1919 3948 2040 4001 dum
2087 3949 2330 4003 virtutem
2381 3965 2530 4002 suam
2578 3951 2894 4006 insatiabilis
2941 3967 3093 4006 mors
3133 3964 3429 4018 exerceret,

1921 4050 2248 4104 nequaquam
2303 4039 2587 4107 quidquam
2634 4041 2852 4108 justitia:
2893 4040 2947 4092 in
2992 4041 3081 4093 illo
3115 4043 3267 4094 beato
3297 4044 3431 4096 mori

1917 4127 2106 4192 potuit.
2142 4125 2341 4180 Idcirco
2370 4141 2510 4180 mors
2538 4129 2672 4195 apud
2698 4127 2796 4182 Job
2836 4138 3038 4181 mortua
3064 4139 3143 4183 est
3164 4145 3283 4183 cum
3309 4146 3427 4184 om-

1917 4215 2070 4266 nibus
2094 4213 2386 4269 elIicientiis
2413 4217 2524 4270 suis
2547 4233 2561 4271 :
2583 4219 2784 4283 justitia
2821 4233 2946 4271 vero
2978 4233 3094 4286 qum
3137 4220 3188 4270 in
3232 4234 3295 4272 eo
3329 4222 3430 4280 nri-

1918 4303 2032 4355 dem
2063 4303 2290 4372 vigebat,
2322 4307 2486 4372 magis
2518 4321 2578 4360 ac
2601 4307 2766 4372 magis
2795 4308 2847 4359 in
2874 4307 2964 4361 illo
2991 4308 3185 4360 divinis
3212 4309 3433 4361 visioni-

1918 4393 2015 4445 bus
2061 4402 2221 4460 atque
2267 4395 2443 4446 divino
2487 4396 2748 4463 colloquio
2801 4397 3008 4449 revixit.
3058 4395 3100 4448 Ο
3154 4397 3305 4448 beate
3326 4396 3424 4450 Job

1919 4481 2102 4535 vivens
2129 4485 2179 4534 in
2206 4491 2512 4549 perpetuum
2543 4485 2677 4552 apud
2711 4485 2890 4546 Deum,
2936 4495 2987 4537 et
3026 4485 3193 4537 victor
3223 4468 3444 4553 perma-'

1921 4584 2050 4623 nens
2100 4569 2151 4622 in
2202 4581 2483 4640 conspectu
2535 4574 2672 4640 regis
2715 4573 2943 4638 Domini,
2989 4589 3080 4626 ora
3131 4589 3224 4641 pro
3271 4577 3426 4627 nobis

1921 4661 2152 4722 miseris,
2194 4668 2253 4713 ut
2284 4663 2440 4715 etiam
2496 4676 2591 4714 nos
2635 4663 2883 4714 terribilis
2932 4661 3020 4715 Dei
3066 4663 3427 4716 misericordia

1920 4761 2156 4818 protegat
2181 4753 2230 4804 in
2260 4752 2500 4804 omnibus
2542 4752 2987 4817 tribulationibus,
3034 4762 3087 4804 et
3132 4753 3322 4818 eripiat
3361 4754 3427 4803 ab

1920 4839 2161 4893 omnibus
2204 4840 2635 4908 Oppressionibus
2684 4841 2935 4908 maligni;
2982 4849 3034 4893 et
3091 4850 3430 4894 connumeret

1922 4945 2018 4982 nos
2040 4945 2156 4982 cum
2185 4930 2362 4997 juStis,
2387 4939 2439 4981 et
2462 4929 2765 4982 conscribat
2790 4944 2883 4982 nos
2909 4946 3026 4984 cum
3068 4930 3151 4982 his
3179 4930 3262 4995 qui
3289 4929 3428 4982 salvi

1921 5019 2070 5080 liunt,
2101 5029 2154 5071 et
2177 5019 2508 5086 requiescere
2559 5031 2654 5070 nos
2683 5019 2843 5072 faciat
2881 5035 3001 5072 cum
3038 5019 3145 5072 illis
3173 5019 3223 5071 in
3264 5031 3426 5085 regno

1916 5121 2035 5169 suo,
2087 5108 2173 5160 ubi
2241 5117 2492 5177 perpetuo
2560 5123 2680 5162 cum
2761 5115 2960 5163 sanctis
3024 5108 3422 5176 magniﬁcemus

1911 5196 2075 5248 illum.
