3916 6408
649 387 752 443 495
1686 382 2052 440 ΑΝοΝΥΜυς
2083 386 2121 439 11

2224 387 2318 441 ΟΒ.
2359 417 2425 428 -
2461 387 2587 443 LIB.
2625 384 2711 441 111.
3641 392 3720 448 196

661 527 3721 555 w—————————————_—_—__—____—_______,_____-

1746 682 2080 768 LIBER
2159 683 2708 773 TERTIUS.

702 1028 914 1098 Magnos
953 1043 1015 1082 ac
1043 1027 1294 1095 plurimos
1322 1028 1604 1095 stupendos
1626 1042 1835 1095 quoque
1881 1041 1945 1080 ac
1998 1027 2148 1079 terri-
2183 1031 2224 1086 Α
2258 1029 2395 1090 nias,
2439 1028 2570 1080 alios
2610 1026 2675 1081 ad
2710 1027 2973 1095 rapinas,‘
3004 1024 3139 1080 alios
3182 1025 3246 1079 ad
3292 1026 3418 1080 alias
3448 1026 3725 1095 iniquitates,

642 1118 771 1172 biles
810 1118 911 1171 Job
942 1119 1146 1172 dolores
1176 1120 1227 1170 in
1266 1117 1498 1186 przefatis
1524 1117 2015 1178 demonstravimus,
2043 1131 2144 1167 nou
2255 1120 2385 1171 alios
2422 1118 2767 1171 nihilominus
2802 1117 2871 1168 ad
2923 1116 3105 1168 odium
3147 1116 3396 1169 adversus
3437 1116 3650 1182 invicem,
3676 1122 3725 1172 ad

637 1208 788 1275 juxta
823 1210 1069 1262 meritum
1094 1209 1220 1276 justi
1258 1208 1418 1273 illius,
1465 1208 1556 1260 sed
1581 1206 1729 1274 juxta
1765 1206 2009 1258 virtutem
2050 1220 2145 1255 no-
2250 1209 2642 1264 contentionem
2684 1221 2898 1274 quoque
2934 1215 2987 1257 et
3011 1207 3269 1275 jurgium.
3292 1206 3377 1258 Sic
3409 1205 3536 1256 enim
3564 1220 3659 1258 cum
3679 1209 3727 1261 ad

640 1310 765 1351 stras
799 1299 1162 1363 humanitatis,
1210 1307 1263 1351 et
1303 1296 1587 1351 secundum
1636 1295 1829 1348 donum
1861 1294 1971 1347 Dei.
2022 1292 2152 1356 Quis
2251 1298 2480 1351 invicem
2532 1296 2886 1365 litigaverint,
2925 1294 2979 1347 in
3010 1294 3113 1347 hoc
3148 1308 3204 1346 se
3238 1292 3517 1345 defensura:
3542 1302 3658 1357 sunt,
3684 1304 3725 1347 ut

644 1388 784 1441 enim
813 1388 962 1456 juxta
992 1390 1235 1441 meritutn
1267 1387 1460 1455 poterit
1486 1385 1685 1451 justum
1720 1383 1864 1436 illum
1909 1382 2146 1451 magniﬁ‘
2248 1390 2389 1441 viros
2414 1401 2540 1441 suos
2593 1386 2852 1439 adversus
2895 1385 3130 1438 invicem
3172 1384 3441 1438 concitent
3469 1384 3527 1437 ad
3553 1383 3723 1446 bellum,

633 1491 775 1540 care,
807 1492 959 1545 quem
988 1478 1098 1546 ipse
1129 1478 1403 1538 Dominus,
1433 1475 1519 1543 qui
1541 1475 1698 1528 corda
1727 1473 2016 1542 cognoscit,
2039 1488 2151 1526 ma-
2247 1478 2310 1531 ad
2337 1476 2677 1529 inimicitiam
2713 1489 2927 1543 quoque
2962 1484 3125 1543 atque
3156 1474 3508 1541 iniquitatem.
3546 1472 3637 1526 1100
3672 1474 3726 1525 ni-

633 1568 888 1635 gnificans
914 1568 1080 1620 dicit:
1117 1570 1229 1619 Non
1261 1565 1532 1618 estsimilii
1581 1564 1657 1615 illi
1700 1564 1969 1633 quisquam
1997 1579 2149 1629 super
2248 1567 2441 1619 mirum
2488 1575 2746 1632 operatur
2796 1580 2892 1632 per
2936 1579 3033 1618 eas
3085 1562 3490 1631 tnalignissimus
3518 1562 3724 1626 diabolus,

638 1666 829 1710 terram
863 1656 953 1709 ’5?
992 1655 1045 1708 Si
1083 1656 1243 1721 igitur
1289 1665 1411 1707 autc
1461 1655 1756 1722 passionem
1803 1668 1904 1706 non
1942 1653 2037 1705 fuit
2076 1654 2147 1706 illi
2246 1660 2573 1714 succendens
2605 1670 2767 1725 atque
2820 1658 3163 1711 inﬂammans
3186 1658 3351 1710 corda
3382 1671 3553 1709 eorum
3583 1656 3727 1709 zeloet

631 1747 821 1801 similis
851 1751 1124 1815 quisquam
1152 1759 1311 1813 super
1340 1754 1560 1807 terram,
1601 1746 1845 1797 siautem
1889 1758 1982 1796 nec
2027 1752 2146 1795 ante
2246 1749 2323 1802 ira
2363 1767 2375 1803 :
2422 1759 2477 1803 et.
2521 1750 2591 1801 ita
2637 1748 2881 1801 infelices
2910 1749 3062 1802 viros
3084 1763 3209 1801 suos
3247 1757 3300 1799 ct
3345 1749 3477 1800 circa
3508 1748 3663 1809 Deum,
3688 1756 3728 1801 et

629 1852 727 1891 nec
754 1846 929 1905 postea
952 1838 1049 1889 fuit
1082 1836 1157 1888 illi
1195 1835 1382 1889 similis
1417 1834 1697 1903 quisquam
1733 1849 1888 1902 super
1927 1843 2141 1897 terratn,
2243 1835 2386 1888 circa
2419 1834 2648 1887 invicem
2679 1834 2913 1889 odibiles
2943 1835 3200 1895 reddunt,
3235 1846 3287 1887 ut
3315 1836 3400 1887 Dei
3432 1835 3549 1886 iram
3582 1836 3724 1903 acqui-

631 1928 747 1996 quis
768 1942 828 1981 ex
874 1927 954 1980 his
986 1927 1071 1995 qui
1103 1938 1223 1979 sunt
1260 1940 1417 1995 super
1453 1937 1674 1989 terram,
1708 1924 1859 1992 juxta
1896 1924 2142 1977 meritum
2243 1935 2386 1990 rant,
2442 1934 2495 1978 et
2550 1926 2699 1978 circa
2752 1926 2984 1979 invicem
3038 1925 3245 1977 inimici
3295 1934 3653 1993 permaneant:
3691 1935 3727 1979 et

627 2019 981 2071 narrationem
1017 2017 1099 2070 vel
1126 2017 1330 2069 Iaudem
1367 2015 1438 2068 illt
1472 2015 1721 2068 exhibere
1752 2014 1965 2081 potest?
2026 2013 2135 2066 Non
2243 2018 2379 2084 quod
2409 2027 2489 2070 est
2518 2018 2811 2068 maximum
2843 2032 2967 2070 cum
2999 2017 3297 2069 debuerant
3344 2016 3634 2067 unanimiter
3656 2031 3723 2083 pro

628 2107 792 2159 solum
824 2109 962 2158 enim
988 2120 1171 2159 omnes
1194 2104 1455 2167 homines,
1502 2104 1593 2157 sed
1644 2114 1768 2170 puto
1795 2104 1933 2171 quod
1960 2114 2013 2156 et
2047 2118 2141 2155 au-
2243 2105 2462 2158 invicem
2517 2106 2775 2160 adversus
2819 2106 3074 2158 inimicos
3105 2120 3232 2158 suns
3269 2116 3425 2172 atque
3455 2105 3729 2158 adversarios

623 2197 721 2249 deo
753 2197 947 2259 dicere,
983 2196 1139 2248 etiam
1199 2195 1338 2262 ipsos
1388 2194 1621 2263 angelos,
1651 2204 1807 2261 atque
1832 2209 2015 2247 omnes
2037 2194 2141 2245 (Ιπ-
2239 2203 2400 2257 stare,
2452 2194 2563 2246 sive
2612 2195 2775 2257 intus,
2827 2193 2949 2246 sive
2990 2194 3145 2255 foris,
3189 2194 3299 2246 sive
3327 2194 3375 2243 in
3405 2192 3548 2253 bello,
3576 2196 3667 2244 sive
3692 2194 3727 2244 in

623 2298 805 2337 moues
835 2285 1112 2349 perterruit
1146 2282 1243 2336 Joh
1276 2284 1550 2335 tolerantia
1585 2294 1637 2335 et
1661 2283 1953 2338 constantia
1983 2292 2121 2349 atqm

2240 2286 2454 2354 prteliis,
2510 2296 2563 2339 et
2602 2286 2701 2339 sibi
2752 2286 2987 2337 invicem
3034 2284 3308 2338 intendere
3352 2295 3501 2352 atque
3544 2283 3726 2356 invicem.

620 2373 772 2433 fides,
811 2389 928 2426 cum
973 2373 1127 2424 iter-ra
1163 2379 1214 2423 et
1256 2372 1417 2423 lutum
1441 2374 1705 2439 superavit
1729 2387 1936 2425 omnem
1971 2373 2135 2425 virtu-
2166 2360 2205 2412 Β
2239 2376 2505 2441 adjuvare,
2528 2388 2583 2430 et
2609 2389 2797 2430 mutuo
2849 2392 3038 2431 amore
3090 2385 3236 2442 terga
3280 2375 3579 2434 defendere,
3620 2389 3728 2439 repe-

621 2474 724 2517 tem
754 2479 815 2515 ac
839 2460 1196 2514 fortitudinem
1230 2470 1386 2528 atque
1432 2476 1638 2514 omnem
1671 2467 1954 2515 versutiam
1985 2464 2134 2515 mali-

618 2552 855 2621 gnissimi
884 2551 1114 2614 diaboli,
1145 2552 1233 2618 qui
1263 2566 1382 2604 cum
1434 2553 1703 2617 acceperit
1732 2552 1781 2604 in
1815 2566 1933 2603 eum
1993 2562 2139 2618 pote-

616 2650 829 2703 statem,
881 2649 1069 2692 cuncta
1125 2640 1235 2693 haec
1287 2639 1339 2692 in
1388 2653 1451 2693 eo
1493 2641 1750 2706 exercuit,
1801 2655 1915 2708 qure
1960 2642 2135 2693 omnia

618 2730 775 2784 corda
828 2730 878 2783 in
927 2743 1168 2798 pavorem
1212 2729 1497 2793 deducunt,
1551 2739 1604 2783 et
1656 2744 1862 2783 omnem
1904 2731 2133 2783 animam

2241 2467 2445 2519 riuntur
2464 2467 2561 2520 sibi
2590 2469 2821 2521 invicem
2847 2468 3055 2520 inimici
3091 2480 3153 2520 ac
3191 2464 3501 2533 proditores,
3525 2474 3657 2530 atque
3689 2462 3724 2513 in

2238 2558 2464 2625 propriis
2494 2558 2660 2611 ruinis
2689 2561 3015 2627 gaudentes.
3067 2557 3199 2609 Haec
3241 2556 3483 2607 nimirum
3528 2554 3724 2605 universa

2236 2647 2483 2698 oriuntur
2506 2662 2569 2699 ex
2605 2648 2973 2716 malignarutn
3017 2656 3182 2715 atque
3231 2644 3595 2699 contrariarum
3639 2654 3727 2693 uxo-

2240 2750 2353 2787 rum
2389 2735 2731 2801 instigatione
2761 2751 2829 2789 ac
2861 2740 3224 2805 persuasione
3252 2754 3265 2789 :
3299 2748 3427 2801 quas
3455 2747 3547 2785 nou
3581 2730 3727 2781 debent

613 2829 825 2888 stupere
881 2820 1101 2873 faciunt.
1152 2819 1310 2890 Cujus
1356 2821 1493 2874 enim
1537 2819 1755 2872 alterius
1816 2828 2129 2886 potestatem

612 2912 813 2980 accepit
839 2910 1120 2980 aliquando
1146 2909 1399 2976 diabolus,
1424 2910 1525 2964 nisi
1550 2910 1713 2963 solius
1742 2908 1878 2962 Job?
1907 2910 1960 2960 Si
1991 2909 2131 2962 enim

609 3001 826 3056 alterius
867 3002 1147 3071 cujuslibet
1179 3010 1489 3069 potestatem
1538 2999 1830 3065 accepisset
1873 2998 2128 3060 diabolus,

610 3090 848 3158 profecto
899 3107 1000 3144 non
1044 3091 1252 3153 lateret,
1287 3091 1377 3145 sed
1412 3090 1498 3144 ille
1538 3090 1590 3143 in
1614 3104 1675 3143 eo
1704 3089 1838 3157 quod
1864 3089 2024 3141 etiam
2080 3088 2129 3139 in

611 3179 709 3236 Job
761 3178 996 3235 exercuit
1047 3181 1393 3247 perfecisset:
1453 3181 1604 3249 cujus
1639 3194 1751 3232 rem
1818 3177 2128 3229 familiarem

611 3271 876 3340 perdidit,
908 3270 1055 3338 cujus
1101 3283 1292 3335 corpus
1335 3270 1611 3337 putredine
1649 3282 1710 3322 ac
1740 3268 2005 3319 vermibus
2050 3281 2131 3319 re-

614 3359 812 3427 plevit,
847 3359 931 3411 cui
967 3358 1215 3424 reliquias
1262 3374 1356 3427 pro
1403 3357 1763 3413 consolatione
1795 3371 1894 3408 nou
1941 3356 2129 3407 dereli-

608 3452 741 3517 quit,
786 3449 869 3502 cui
903 3462 1045 3515 spem
1080 3447 1263 3501 salutis
1292 3463 1392 3500 non
1429 3449 1649 3511 dimisit,
1695 3446 1785 3501 sed
1816 3446 1977 3498 solam
2009 3461 2131 3497 uxo-

608 3558 719 3596 rem
746 3555 841 3609 pro
874 3537 1291 3606 supplantatione
1328 3535 1399 3589 illi
1447 3536 1687 3603 reliquit,
1718 3549 1811 3602 per
1840 3549 1995 3603 quam
2038 3549 2128 3587 no-

607 3629 875 3682 vissimam
935 3642 993 3680 ac
1025 3626 1360 3679 smvissimam
1401 3624 1541 3676 illam
1589 3625 1831 3691 sagittam
1866 3624 2128 3677 seductio-

609 3719 693 3772 nis
720 3726 875 3783 atque
902 3714 1338 3783 supplantationis
1369 3714 1419 3767 in
1443 3727 1560 3766 cum
1585 3713 1797 3766 dimisit.
1828 3712 1929 3766 Sed
1953 3728 2129 3781 quem-

608 3806 891 3860 admodum
947 3805 1039 3872 qui
1086 3806 1150 3857 ad
1182 3813 1386 3867 petram
1420 3804 1767 3871 sagittaverit,
1821 3813 1982 3871 petra!
2010 3803 2127 3870 qui-

602 3900 723 3950 dem
764 3895 894 3949 nihil
924 3895 1070 3957 facit,
1096 3908 1279 3946 omnes
1310 3907 1437 3946 vero
1466 3893 1681 3962 sagittas
1703 3893 1753 3945 in
1787 3893 2122 3961 semetipsum

611 3986 909 4040 convertit:
939 3985 1011 4036 ita
1042 3983 1395 4052 nequissimus
1421 3983 1662 4035 diabolus
1700 3997 1816 4035 cum
1848 3982 2121 4035 inviolabi-

600 4076 705 4129 lem
762 4084 962 4144 petram
990 4072 1108 4138 Job,
1135 4083 1291 4140 atque
1328 4072 1796 4125 incontaminatum
1848 4073 2124 4141 sagittaret

600 4165 966 4226 adamantem,
996 4163 1334 4231 semetipsum
1362 4160 1660 4213 vulneravit
1689 4175 1751 4213 ac
1780 4157 1989 4228 dejecit,
2019 4157 2117 4213 Job

602 4269 735 4307 vero
766 4252 895 4305 nihil
928 4252 1071 4307 fecit.
1110 4251 1229 4305 llaec
1275 4250 1547 4303 audientes
1587 4248 1761 4302 cuncti
1815 4248 2118 4312 credentes,

593 4344 888 4396 :observent
932 4356 987 4394 se
1045 4340 1325 4409 diligenter
1375 4355 1403 4391 a
1456 4337 1609 4391 malis
1650 4336 1948 4405 colloquiis,
1994 4337 2115 4405 quia

596 4439 935 4495 corrumpunt
989 4446 1151 4483 more:
1200 4431 1354 4483 bonos
1392 4427 1645 4495 colloquia
1691 4426 1829 4477 ntala
1868 4423 1938 4488 ³⁸,
1983 4425 2120 4479 sicut

600 4528 726 4585 post
758 4518 872 4571 haec
901 4518 1026 4570 dicit
1062 4519 1365 4585 Apostolus.
1397 4518 1691 4572 Observent
1713 4530 1772 4569 se
1799 4522 1951 4567 caute
1976 4525 2030 4568 et
2052 4514 2118 4568 ab

609 4606 797 4660 amicis
817 4614 870 4658 et
902 4606 1169 4659 sodalibus
1192 4617 1245 4659 et
1274 4621 1304 4658 a
1334 4606 1637 4660 domesticis
1673 4613 1729 4658 et
1765 4619 1793 4657 a
1822 4606 2119 4672 persuasio-

598 4696 763 4751 nibus
815 4703 965 4762 atque
1000 4696 1446 4750 concitationibus
1488 4710 1670 4750 eorum
1714 4713 1729 4751 :
1773 4696 1895 4764 quia
1945 4696 2116 4748 oumis

605 4784 811 4839 amicus
834 4782 1172 4851 supplantans
1201 4786 1528 4854 supplantat,
1562 4796 1719 4854 atque
1747 4780 2005 4839 fallaciter
2034 4785 2115 4836 in-
2212 4779 2349 4846 quod
2380 4779 2443 4832 de
2463 4780 2607 4847 justo
2637 4780 2723 4832 illo
2755 4786 3120 4853 praedicatur,
3148 4789 3304 4857 cujus
3334 4788 3545 4857 justitiis
3568 4780 3717 4836 uelum

596 4874 761 4931 cedit.
790 4872 1013 4927 Maxime
1059 4884 1231 4927 autem
1265 4877 1547 4930 observate
1592 4891 1705 4941 vos,
1751 4885 1906 4944 atque
1938 4882 2113 4926 atten-
2211 4878 2265 4921 et
2298 4878 2436 4922 terra
2487 4878 2650 4936 atque
2696 4885 2900 4927 omnes
2952 4878 3211 4935 homines
3265 4886 3587 4937 attestantur.
3615 4866 3719 4938 quod

600 4968 712 5021 dite
739 4963 1015 5017 animabus
1041 4962 1448 5028 vestris,oviri,
1484 4966 1549 5018 ab
1585 4965 1767 5019 uxoris
1796 4963 2107 5017 concitatio—
2138 4981 2187 5039 ι)
2214 4966 2317 5010 tam
2352 4972 2534 5011 amare
2563 4959 2803 5015 miseriis
2830 4963 3071 5022 amictus
3102 4970 3193 5033 sit,
3243 4971 3387 5039 quod
3417 4978 3513 5021 tam
3545 4964 3719 5017 misera-

2237 2829 2419 2880 audire
2447 2826 2519 2879 illi
2555 2828 2642 2893 qui
2672 2828 2815 2879 bene
2849 2828 3170 2897 intelligunt
3217 2828 3343 2891 viri,
3373 2825 3498 2877 sicut
3526 2836 3607 2875 nec
3634 2820 3727 2872 bea-

2232 2925 2316 2968 tus
2353 2914 2452 2968 Job
2489 2915 2715 2966 audivit.
2758 2915 3060 2983 Propterea
3096 2926 3180 2968 est
3211 2915 3320 2967 Deo
3348 2909 3726 2979 acceptabilis,et

2234 3006 2349 3058 ideo
2380 3006 2515 3056 inter
2544 3004 2740 3056 choros
2767 3014 3096 3057 sanctorum
3130 3002 3493 3073 tnagttiﬁcatur
3514 2999 3559 3051 in
3589 3009 3725 3064 perpe-

2234 3102 2398 3145 tuum.
2440 3089 2506 3142 Ul
2554 3102 2727 3142 autent
2788 3094 3077 3143 audierunt
3117 3102 3219 3143 (res
3269 3091 3422 3144 amici
3462 3087 3562 3154 ejus
3596 3083 3726 3135 omnia

2231 3177 2380 3245 mala}
2409 3193 2522 3245 qua:
2551 3179 2594 3229 ei
2622 3181 2931 3231 acciderunt
2975 3180 3043 3231 ³ο.
3090 3178 3161 3232 Ut
3237 3181 3531 3238 audierunt,
3580 3170 3722 3237 inquit.

2229 3269 2269 3320 A
2301 3282 2404 3335 quo
2429 3268 2742 3320 audierunt?
2770 3266 3023 3322 Primum
3071 3270 3288 3337 quidem
3313 3284 3341 3321 a
3378 3264 3723 3319 transeuntibus.

2231 3356 2357 3422 Quis
2388 3357 2527 3409 enim
2561 3366 2675 3409 erat
2697 3358 2789 3425 qui
2828 3375 2933 3412 non
2973 3361 3293 3428 praadicaret
3321 3360 3392 3428 {ea
3418 3371 3525 3424 qua:
3553 3354 3633 3407 Job
3665 3364 3727 3401 ac-

2229 3443 2506 3496 ciderunt?
2538 3443 2667 3495 Puto
2699 3446 2846 3512 quod
2880 3456 2935 3500 et
2972 3448 3147 3515 ipsum
3207 3447 3422 3514 pelagus
3450 3454 3499 3497 et
3522 3457 3617 3503 aer,
3637 3452 3727 3489 ven-

2230 3544 2399 3588 torum
2435 3534 2781 3588 nihilominus
2836 3539 3167 3605 spirantium
3206 3538 3393 3600 flabra,
3433 3530 3723 3590 miserabilem

2233 3625 2371 3677 illam
2405 3625 2598 3676 famam
2630 3634 2794 3693 atque
2832 3628 3189 3684 lamentabile
3227 3630 3353 3683 illud
3398 3627 3632 3682 nuntium,
3657 3634 3724 3688 per

2229 3728 2413 3767 omnes
2445 3713 2745 3782 provincias
2778 3717 3195 3771 ventilaverint.
3244 3718 3413 3785 Super
3448 3716 3551 3768 haec
3591 3720 3724 3764 autem

2224 3818 2404 3856 omnes
2445 3803 2684 3857 homines
2732 3807 2831 3871 qui
2866 3808 3125 3862 viderunt
3173 3810 3312 3863 hanc
3357 3822 3461 3859 rem
3486 3816 3533 3857 et
3558 3802 3632 3870 qui
3655 3813 3724 3851 au-

2224 3894 2455 3955 dierunt,
2502 3894 2854 3950 audientibus
2905 3900 3023 3952 1)ωο
3074 3900 3436 3968 divulgabant,
3471 3899 3569 3951 lucc
3594 3890 3725 3947 nomi-

2223 3984 2439 4046 nabant,
2468 3984 2533 4036 de
2566 3984 2648 4037 his
2675 3987 3130 4055 sciscitabantur,
3156 3994 3223 4044 de
3258 3991 3341 4044 his
3369 3986 3725 4055 interrogabam,

2222 4081 2274 4125 et
2300 4074 2350 4125 in
2382 4073 2534 4134 vicis,
2574 4084 2627 4127 et
2659 4075 2709 4127 in
2749 4078 2936 4131 triviis
2975 4089 3031 4132 et
3078 4082 3131 4132 in
3171 4080 3358 4148 plateis
3383 4076 3608 4135 civitatis,
3628 4068 3724 4123 etin

2221 4162 2513 4229 porticibus
2559 4163 2876 4231 domorum,
2931 4179 2989 4222 et
3049 4171 3143 4238 qui
3194 4172 3296 4223 iter
3333 4169 3563 4238 agebant,
3608 4169 3725 4227 Illi“

2219 4257 2401 4297 omnes
2426 4247 2512 4312 qui
2541 4247 2640 4299 sibi
2667 4250 2906 4305 invicem
2943 4254 3152 4323 ubique
3180 4256 3543 4316 occurrebant,
3569 4251 3661 4302 haec
3676 4243 3724 4295 ad

2219 4333 2529 4387 alterutrum
2571 4335 2964 4404 loquebantur,
3001 4344 3179 4397 dehis
3212 4359 3270 4398 se
3305 4342 3521 4397 invicem
3552 4340 3724 4393 interro-

2216 4425 2447 4488 gabant:
2478 4425 2713 4477 maxime
2760 4428 2804 4480 ii
2858 4432 2952 4498 qui
3005 4435 3075 4486 de
3110 4432 3401 4501 longinquo
3424 4428 3666 4483 veniebant
3685 4426 3724 4472 ei

2216 4514 2392 4581 aliquo
2424 4514 2936 4585 proficiscebantur,
2966 4536 3162 4577 omnes
3196 4524 3391 4593 quibus
3410 4516 3720 4576 occurrebant.

2216 4600 2280 4653 de
2327 4599 2411 4653 his
2460 4600 2899 4671 interrogabant,
2945 4610 3196 4665 dicentes
3234 4630 3249 4665 :
3296 4611 3350 4665 Si
3400 4624 3566 4663 verum
3596 4613 3722 4661 est.0

2212 4689 2333 4753 viri,
2384 4688 2483 4741 hoc
2532 4692 2672 4757 quod
2711 4694 2778 4745 de
2825 4695 2931 4750 Job
2982 4699 3208 4766 dicitur,
3256 4701 3302 4755 si
3345 4716 3520 4755 verum
3546 4705 3618 4750 est
3649 4692 3722 4744 hoc

2156 3668 2196 3725 C

598 5054 755 5111 nibus
790 5062 946 5119 atque
973 5052 1121 5104 malis
1153 5053 1595 5124 instigationibus.
1640 5054 1747 5108 Per
1787 5057 1921 5107 hanc
1962 5057 2100 5105 enim

597 5150 650 5202 iu
677 5144 860 5199 ultimo
886 5142 1221 5210 supplantare
1253 5144 1350 5197 Job
1383 5145 1534 5197 nisus
1578 5154 1659 5197 est
1710 5142 1967 5200 diabolus.
2010 5154 2105 5208 per

599 5244 743 5296 hanc
771 5247 1024 5303 superare
1053 5235 1283 5301 speravit
1319 5234 1484 5297 illum,
1517 5249 1669 5302 quem
1700 5249 1797 5302 per
1847 5232 2100 5300 plurimos

592 5342 755 5397 atque
802 5327 1039 5395 ingentes
1098 5324 1301 5377 dolores
1339 5336 1586 5390 superare
1636 5338 1737 5377 non
1780 5321 1968 5389 potuit.
2000 5318 2101 5371 Per

594 5424 724 5475 istas
758 5418 917 5471 etiam
950 5430 1087 5468 nunc
1107 5398 1357 5485 plurimos
1379 5414 1653 5477 subvertit,
1684 5428 1775 5481 per
1797 5412 1924 5465 istas
1942 5410 2100 5463 etiam

592 5526 738 5563 nunc
761 5507 1017 5577 plurimos
1044 5506 1108 5559 ad
1152 5507 1285 5560 mala
1311 5504 1607 5573 persuadet,
1646 5501 1774 5553 alios
1802 5500 1866 5552 ad
1894 5500 2093 5551 calum-

652 5689 819 5745 "Job
852 5704 910 5749 ιι,
936 5688 991 5741 3.
1066 5688 1154 5743 "1
1181 5690 1301 5749 Cor.
1326 5707 1414 5758 xv,
1444 5689 1531 5746 3‘5.
1604 5683 1764 5741 “Job
1788 5696 1847 5746 tt,
1874 5677 1954 5731 11.

2212 5046 2386 5102 biliter
2414 5062 2696 5115 percussus
2729 5050 2862 5106 sit?
2905 5053 3037 5111 Haec
3084 5068 3249 5128 atque
3300 5059 3382 5113 his
3424 5053 3597 5113 similia
3627 5059 3717 5101 cum

2210 5136 2518 5204 loquuntur,
2549 5138 2840 5194 veritatem
2879 5144 2951 5197 ab
2979 5148 3064 5201 eis
3101 5149 3172 5201 de
3201 5150 3266 5202 iis
3292 5163 3406 5216 quae
3426 5142 3719 5213 provenerant

2210 5229 2448 5289 audiunt,
2484 5245 2641 5297 quam
2702 5232 2755 5283 in
2815 5233 3140 5305 longinquo,
3179 5240 3229 5293 in
3260 5252 3466 5294 omnem
3499 5231 3713 5301 regionem

2211 5332 2275 5372 ac
2321 5319 2645 5387 provinciam
2697 5321 3154 5388 deportaverunt.
3214 5329 3535 5395 Quocuuque
3574 5322 3713 5382 italine

2210 5409 2566 5475 pervenerint,
2599 5424 2788 5465 omnes
2817 5417 3078 5481 regiones
3116 5434 3183 5473 ac
3212 5416 3531 5489 provincias,
3568 5406 3713 5463 civita-

2207 5507 2288 5552 tes
2308 5512 2517 5567 quoque
2543 5508 2702 5567 atque
2739 5505 2996 5573 castella,
3022 5508 3328 5564 miserabili
3364 5507 3460 5561 hoc
3499 5496 3656 5559 nuntio
3669 5496 3709 5544 et
