  <div class='ocr_page' id='page_1' title='image "/cluster/home/n/w/nwhite01/storage/ocr_20150623/17 (Origenes, pt. 7)/nyp.33433081862348/260.png"; bbox 0 0 3916 6448; ppageno 0'>
   <div class='ocr_carea' id='block_1_1' title="bbox 41 0 313 176">
    <p class='ocr_par' dir='ltr' id='par_1_1' title="bbox 41 0 313 176">
     <span class='ocr_line' id='line_1_1' title="bbox 41 0 313 176; baseline 0.011 -163"><span class='ocrx_word' id='word_1_1' title='bbox 41 0 282 176; x_wconf 63' lang='lat'><em>/</em></span> 
     </span>
    </p>
   </div>
   <div class='ocr_carea' id='block_1_2' title="bbox 110 509 254 651">
    <p class='ocr_par' dir='ltr' id='par_1_2' title="bbox 110 509 254 651">
     <span class='ocr_line' id='line_1_2' title="bbox 110 509 254 651; baseline -0.014 0"><span class='ocrx_word' id='word_1_2' title='bbox 110 509 254 651; x_wconf 49' lang='grc' dir='ltr'>ιι]</span> 
     </span>
    </p>
   </div>
   <div class='ocr_carea' id='block_1_3' title="bbox 123 669 1812 826">
    <p class='ocr_par' dir='ltr' id='par_1_3' title="bbox 123 669 1812 826">
     <span class='ocr_line' id='line_1_3' title="bbox 123 669 1812 758; baseline 0.021 -80"><span class='ocrx_word' id='word_1_3' title='bbox 123 669 248 747; x_wconf 54' lang='lat' dir='ltr'><strong>W’</strong></span> <span class='ocrx_word' id='word_1_4' title='bbox 311 701 327 758; x_wconf 53' lang='grc' dir='ltr'>ι</span> <span class='ocrx_word' id='word_1_5' title='bbox 474 669 507 672; x_wconf 53' lang='grc' dir='ltr'><strong>ν-</strong></span> <span class='ocrx_word' id='word_1_6' title='bbox 547 669 717 737; x_wconf 46' lang='grc' dir='ltr'><strong><em>-κ---Ῑ-</em></strong></span> <span class='ocrx_word' id='word_1_7' title='bbox 743 669 1178 745; x_wconf 43' lang='grc' dir='ltr'>,ιυ.μιενθιιιιιιι.</span> <span class='ocrx_word' id='word_1_8' title='bbox 1228 669 1522 711; x_wconf 70' lang='lat' dir='ltr'><strong>audierunt</strong></span> <span class='ocrx_word' id='word_1_9' title='bbox 1557 672 1682 726; x_wconf 88' lang='lat' dir='ltr'><strong>ergo</strong></span> <span class='ocrx_word' id='word_1_10' title='bbox 1710 669 1812 710; x_wconf 83' lang='lat' dir='ltr'><strong>tres</strong></span> 
     </span>
     <span class='ocr_line' id='line_1_4' title="bbox 158 713 1812 826; baseline 0.027 -71"><span class='ocrx_word' id='word_1_11' title='bbox 158 775 224 826; x_wconf 42' lang='grc' dir='ltr'>ὢ</span> <span class='ocrx_word' id='word_1_12' title='bbox 249 720 388 826; x_wconf 38' lang='lat' dir='ltr'><strong>ﬁnes</strong></span> <span class='ocrx_word' id='word_1_13' title='bbox 421 713 524 826; x_wconf 71' lang='lat' dir='ltr'><strong>vel</strong></span> <span class='ocrx_word' id='word_1_14' title='bbox 569 732 761 780; x_wconf 75' lang='lat' dir='ltr'><strong>a|\||CI</strong></span> <span class='ocrx_word' id='word_1_15' title='bbox 791 747 936 802; x_wconf 67' lang='lat' dir='ltr'><strong>ejus</strong></span> <span class='ocrx_word' id='word_1_16' title='bbox 980 740 1086 796; x_wconf 88' lang='lat' dir='ltr'><strong>hoc</strong></span> <span class='ocrx_word' id='word_1_17' title='bbox 1126 746 1264 811; x_wconf 85' lang='lat' dir='ltr'><strong>quod</strong></span> <span class='ocrx_word' id='word_1_18' title='bbox 1292 745 1400 811; x_wconf 88' lang='lat' dir='ltr'><strong>jam</strong></span> <span class='ocrx_word' id='word_1_19' title='bbox 1432 745 1673 800; x_wconf 87' lang='lat' dir='ltr'><strong>omnibus</strong></span> <span class='ocrx_word' id='word_1_20' title='bbox 1697 756 1812 799; x_wconf 86' lang='lat' dir='ltr'><strong>erat</strong></span> 
     </span>
    </p>
   </div>
   <div class='ocr_carea' id='block_1_4' title="bbox 177 815 1813 910">
    <p class='ocr_par' dir='ltr' id='par_1_4' title="bbox 177 815 1813 910">
     <span class='ocr_line' id='line_1_5' title="bbox 177 815 1813 910; baseline 0.035 -62"><span class='ocrx_word' id='word_1_21' title='bbox 177 815 398 910; x_wconf 35' lang='grc' dir='ltr'>ἔᾼιιιιι</span> <span class='ocrx_word' id='word_1_22' title='bbox 429 815 614 910; x_wconf 60' lang='lat' dir='ltr'><strong>atque</strong></span> <span class='ocrx_word' id='word_1_23' title='bbox 663 825 1008 897; x_wconf 85' lang='lat' dir='ltr'><strong>cognitum,</strong></span> <span class='ocrx_word' id='word_1_24' title='bbox 1059 835 1341 888; x_wconf 89' lang='lat' dir='ltr'><strong>audierunt</strong></span> <span class='ocrx_word' id='word_1_25' title='bbox 1369 837 1526 890; x_wconf 86' lang='lat' dir='ltr'><strong>etiam</strong></span> <span class='ocrx_word' id='word_1_26' title='bbox 1554 836 1659 889; x_wconf 82' lang='lat' dir='ltr'><strong>isli-</strong></span> <span class='ocrx_word' id='word_1_27' title='bbox 1685 834 1813 889; x_wconf 71' lang='lat' dir='ltr'><strong>Nam</strong></span> 
     </span>
    </p>
   </div>
   <div class='ocr_carea' id='block_1_5' title="bbox 205 893 1815 992">
    <p class='ocr_par' dir='ltr' id='par_1_5' title="bbox 205 893 1815 992">
     <span class='ocr_line' id='line_1_6' title="bbox 205 893 1815 992; baseline 0.011 -33"><span class='ocrx_word' id='word_1_28' title='bbox 205 893 344 983; x_wconf 42' lang='grc' dir='ltr'><strong>ξὴῖὶ</strong></span> <span class='ocrx_word' id='word_1_29' title='bbox 392 903 482 992; x_wconf 42' lang='lat' dir='ltr'><strong>est</strong></span> <span class='ocrx_word' id='word_1_30' title='bbox 539 898 624 956; x_wconf 80' lang='lat' dir='ltr'><strong>ita</strong></span> <span class='ocrx_word' id='word_1_31' title='bbox 689 893 1105 982; x_wconf 63' lang='lat' dir='ltr'><strong>prmdicabile,</strong></span> <span class='ocrx_word' id='word_1_32' title='bbox 1163 923 1301 975; x_wconf 89' lang='lat' dir='ltr'><strong>sicut</strong></span> <span class='ocrx_word' id='word_1_33' title='bbox 1355 923 1528 992; x_wconf 89' lang='lat' dir='ltr'><strong>magni</strong></span> <span class='ocrx_word' id='word_1_34' title='bbox 1586 923 1815 976; x_wconf 84' lang='lat' dir='ltr'><strong>hominis</strong></span> 
     </span>
    </p>
   </div>
   <div class='ocr_carea' id='block_1_6' title="bbox 237 988 1815 1072">
    <p class='ocr_par' dir='ltr' id='par_1_6' title="bbox 237 988 1815 1072">
     <span class='ocr_line' id='line_1_7' title="bbox 237 988 1815 1072; baseline 0.001 -10"><span class='ocrx_word' id='word_1_35' title='bbox 237 1005 394 1062; x_wconf 69' lang='lat' dir='ltr'><strong>nim3-</strong></span> <span class='ocrx_word' id='word_1_36' title='bbox 422 988 566 1044; x_wconf 67' lang='lat' dir='ltr'><strong>Cum</strong></span> <span class='ocrx_word' id='word_1_37' title='bbox 594 999 753 1051; x_wconf 82' lang='lat' dir='ltr'><strong>enim</strong></span> <span class='ocrx_word' id='word_1_38' title='bbox 789 1005 1037 1072; x_wconf 87' lang='lat' dir='ltr'><strong>quilibet</strong></span> <span class='ocrx_word' id='word_1_39' title='bbox 1077 1027 1140 1062; x_wconf 85' lang='lat' dir='ltr'><strong>ex</strong></span> <span class='ocrx_word' id='word_1_40' title='bbox 1173 988 1468 1066; x_wconf 69' lang='lat' dir='ltr'><strong>humilibus</strong></span> <span class='ocrx_word' id='word_1_41' title='bbox 1488 1011 1553 1064; x_wconf 89' lang='lat' dir='ltr'><strong>ad</strong></span> <span class='ocrx_word' id='word_1_42' title='bbox 1583 1011 1815 1066; x_wconf 85' lang='lat' dir='ltr'><strong>sublimi-</strong></span> 
     </span>
    </p>
   </div>
   <div class='ocr_carea' id='block_1_7' title="bbox 249 1091 1812 1170">
    <p class='ocr_par' dir='ltr' id='par_1_7' title="bbox 249 1091 1812 1170">
     <span class='ocr_line' id='line_1_8' title="bbox 249 1091 1812 1170; baseline 0.009 -30"><span class='ocrx_word' id='word_1_43' title='bbox 249 1099 394 1150; x_wconf 65' lang='lat' dir='ltr'><strong>metu</strong></span> <span class='ocrx_word' id='word_1_44' title='bbox 428 1091 784 1155; x_wconf 85' lang='lat' dir='ltr'><strong>pervenerit,</strong></span> <span class='ocrx_word' id='word_1_45' title='bbox 829 1110 946 1149; x_wconf 91' lang='lat' dir='ltr'><strong>non</strong></span> <span class='ocrx_word' id='word_1_46' title='bbox 988 1098 1060 1152; x_wconf 87' lang='lat' dir='ltr'><strong>ita</strong></span> <span class='ocrx_word' id='word_1_47' title='bbox 1102 1101 1295 1168; x_wconf 88' lang='lat' dir='ltr'><strong>ubique</strong></span> <span class='ocrx_word' id='word_1_48' title='bbox 1327 1101 1441 1170; x_wconf 87' lang='lat' dir='ltr'><strong>ejus</strong></span> <span class='ocrx_word' id='word_1_49' title='bbox 1488 1101 1689 1154; x_wconf 91' lang='lat' dir='ltr'><strong>auditio</strong></span> <span class='ocrx_word' id='word_1_50' title='bbox 1731 1101 1812 1166; x_wconf 90' lang='lat' dir='ltr'><strong>fit,</strong></span> 
     </span>
    </p>
   </div>
   <div class='ocr_carea' id='block_1_8' title="bbox 269 1181 1810 1255">
    <p class='ocr_par' dir='ltr' id='par_1_8' title="bbox 269 1181 1810 1255">
     <span class='ocr_line' id='line_1_9' title="bbox 269 1181 1810 1255; baseline 0.003 -19"><span class='ocrx_word' id='word_1_51' title='bbox 269 1185 385 1236; x_wconf 81' lang='lat' dir='ltr'><strong>sicut</strong></span> <span class='ocrx_word' id='word_1_52' title='bbox 415 1193 537 1232; x_wconf 88' lang='lat' dir='ltr'><strong>cum</strong></span> <span class='ocrx_word' id='word_1_53' title='bbox 588 1181 717 1248; x_wconf 86' lang='lat' dir='ltr'><strong>quis</strong></span> <span class='ocrx_word' id='word_1_54' title='bbox 772 1197 843 1238; x_wconf 75' lang='lat' dir='ltr'><strong>ex</strong></span> <span class='ocrx_word' id='word_1_55' title='bbox 892 1189 1213 1244; x_wconf 83' lang='lat' dir='ltr'><strong>sublimibus</strong></span> <span class='ocrx_word' id='word_1_56' title='bbox 1271 1190 1578 1244; x_wconf 90' lang='lat' dir='ltr'><strong>humiliatus</strong></span> <span class='ocrx_word' id='word_1_57' title='bbox 1634 1189 1810 1255; x_wconf 84' lang='lat' dir='ltr'><strong>fuerit,</strong></span> 
     </span>
    </p>
   </div>
   <div class='ocr_carea' id='block_1_9' title="bbox 261 1274 1813 1350">
    <p class='ocr_par' dir='ltr' id='par_1_9' title="bbox 261 1274 1813 1350">
     <span class='ocr_line' id='line_1_10' title="bbox 261 1274 1813 1350; baseline 0.003 -20"><span class='ocrx_word' id='word_1_58' title='bbox 261 1275 388 1330; x_wconf 77' lang='lat' dir='ltr'><strong>sicut</strong></span> <span class='ocrx_word' id='word_1_59' title='bbox 415 1287 538 1324; x_wconf 89' lang='lat' dir='ltr'><strong>cum</strong></span> <span class='ocrx_word' id='word_1_60' title='bbox 577 1274 704 1342; x_wconf 88' lang='lat' dir='ltr'><strong>quis</strong></span> <span class='ocrx_word' id='word_1_61' title='bbox 740 1292 980 1348; x_wconf 87' lang='lat' dir='ltr'><strong>magnus</strong></span> <span class='ocrx_word' id='word_1_62' title='bbox 1011 1280 1296 1345; x_wconf 86' lang='lat' dir='ltr'><strong>interierit,</strong></span> <span class='ocrx_word' id='word_1_63' title='bbox 1333 1283 1648 1350; x_wconf 85' lang='lat' dir='ltr'><strong>quantocius</strong></span> <span class='ocrx_word' id='word_1_64' title='bbox 1688 1296 1813 1335; x_wconf 89' lang='lat' dir='ltr'><strong>ven-</strong></span> 
     </span>
    </p>
   </div>
   <div class='ocr_carea' id='block_1_10' title="bbox 260 1359 1810 1438">
    <p class='ocr_par' dir='ltr' id='par_1_10' title="bbox 260 1359 1810 1438">
     <span class='ocr_line' id='line_1_11' title="bbox 260 1359 1810 1438; baseline 0.005 -22"><span class='ocrx_word' id='word_1_65' title='bbox 260 1370 432 1416; x_wconf 83' lang='lat' dir='ltr'><strong>torum</strong></span> <span class='ocrx_word' id='word_1_66' title='bbox 480 1359 676 1416; x_wconf 83' lang='lat' dir='ltr'><strong>llabris</strong></span> <span class='ocrx_word' id='word_1_67' title='bbox 729 1362 876 1417; x_wconf 79' lang='lat' dir='ltr'><strong>fama</strong></span> <span class='ocrx_word' id='word_1_68' title='bbox 927 1364 1041 1432; x_wconf 85' lang='lat' dir='ltr'><strong>ejus</strong></span> <span class='ocrx_word' id='word_1_69' title='bbox 1089 1383 1299 1422; x_wconf 85' lang='lat' dir='ltr'><strong>onmem</strong></span> <span class='ocrx_word' id='word_1_70' title='bbox 1353 1369 1618 1438; x_wconf 83' lang='lat' dir='ltr'><strong>regionem</strong></span> <span class='ocrx_word' id='word_1_71' title='bbox 1652 1380 1810 1438; x_wconf 89' lang='lat' dir='ltr'><strong>atque</strong></span> 
     </span>
    </p>
   </div>
   <div class='ocr_carea' id='block_1_11' title="bbox 252 1453 1810 1528">
    <p class='ocr_par' dir='ltr' id='par_1_11' title="bbox 252 1453 1810 1528">
     <span class='ocr_line' id='line_1_12' title="bbox 252 1453 1810 1528; baseline 0.003 -20"><span class='ocrx_word' id='word_1_72' title='bbox 252 1465 476 1508; x_wconf 87' lang='lat' dir='ltr'><strong>omnem</strong></span> <span class='ocrx_word' id='word_1_73' title='bbox 513 1453 761 1504; x_wconf 86' lang='lat' dir='ltr'><strong>auditum</strong></span> <span class='ocrx_word' id='word_1_74' title='bbox 808 1464 1078 1520; x_wconf 84' lang='lat' dir='ltr'><strong>penetrat.</strong></span> <span class='ocrx_word' id='word_1_75' title='bbox 1121 1456 1260 1525; x_wconf 83' lang='lat' dir='ltr'><strong>Ergo</strong></span> <span class='ocrx_word' id='word_1_76' title='bbox 1297 1459 1417 1526; x_wconf 85' lang='lat' dir='ltr'><strong>quia</strong></span> <span class='ocrx_word' id='word_1_77' title='bbox 1469 1459 1538 1512; x_wconf 90' lang='lat' dir='ltr'><strong>ita</strong></span> <span class='ocrx_word' id='word_1_78' title='bbox 1573 1460 1810 1528; x_wconf 83' lang='lat' dir='ltr'><strong>provenit</strong></span> 
     </span>
    </p>
   </div>
   <div class='ocr_carea' id='block_1_12' title="bbox 244 1539 1811 1614">
    <p class='ocr_par' dir='ltr' id='par_1_12' title="bbox 244 1539 1811 1614">
     <span class='ocr_line' id='line_1_13' title="bbox 244 1539 1811 1614; baseline 0.004 -19"><span class='ocrx_word' id='word_1_79' title='bbox 244 1542 312 1595; x_wconf 88' lang='lat' dir='ltr'><strong>de</strong></span> <span class='ocrx_word' id='word_1_80' title='bbox 331 1539 490 1608; x_wconf 84' lang='lat' dir='ltr'><strong>justo</strong></span> <span class='ocrx_word' id='word_1_81' title='bbox 517 1539 646 1604; x_wconf 89' lang='lat' dir='ltr'><strong>Job,</strong></span> <span class='ocrx_word' id='word_1_82' title='bbox 685 1540 924 1610; x_wconf 82' lang='lat' dir='ltr'><strong>ideoque</strong></span> <span class='ocrx_word' id='word_1_83' title='bbox 964 1559 1084 1596; x_wconf 91' lang='lat' dir='ltr'><strong>cum</strong></span> <span class='ocrx_word' id='word_1_84' title='bbox 1125 1559 1308 1600; x_wconf 89' lang='lat' dir='ltr'><strong>omnes</strong></span> <span class='ocrx_word' id='word_1_85' title='bbox 1353 1557 1406 1600; x_wconf 92' lang='lat' dir='ltr'><strong>et</strong></span> <span class='ocrx_word' id='word_1_86' title='bbox 1449 1548 1538 1613; x_wconf 89' lang='lat' dir='ltr'><strong>qui</strong></span> <span class='ocrx_word' id='word_1_87' title='bbox 1567 1563 1726 1614; x_wconf 88' lang='lat' dir='ltr'><strong>prope</strong></span> <span class='ocrx_word' id='word_1_88' title='bbox 1757 1556 1811 1601; x_wconf 88' lang='lat' dir='ltr'><strong>et</strong></span> 
     </span>
    </p>
   </div>
   <div class='ocr_carea' id='block_1_13' title="bbox 229 1631 1806 1700">
    <p class='ocr_par' dir='ltr' id='par_1_13' title="bbox 229 1631 1806 1700">
     <span class='ocr_line' id='line_1_14' title="bbox 229 1631 1806 1700; baseline 0.006 -19"><span class='ocrx_word' id='word_1_89' title='bbox 229 1632 332 1700; x_wconf 82' lang='lat' dir='ltr'><strong>qui</strong></span> <span class='ocrx_word' id='word_1_90' title='bbox 383 1631 551 1697; x_wconf 83' lang='lat' dir='ltr'><strong>longe</strong></span> <span class='ocrx_word' id='word_1_91' title='bbox 602 1641 766 1684; x_wconf 88' lang='lat' dir='ltr'><strong>erant</strong></span> <span class='ocrx_word' id='word_1_92' title='bbox 819 1631 1114 1692; x_wconf 87' lang='lat' dir='ltr'><strong>audissent,</strong></span> <span class='ocrx_word' id='word_1_93' title='bbox 1162 1636 1443 1688; x_wconf 89' lang='lat' dir='ltr'><strong>audierunt</strong></span> <span class='ocrx_word' id='word_1_94' title='bbox 1494 1636 1652 1688; x_wconf 89' lang='lat' dir='ltr'><strong>etiam</strong></span> <span class='ocrx_word' id='word_1_95' title='bbox 1701 1647 1806 1690; x_wconf 91' lang='lat' dir='ltr'><strong>tres</strong></span> 
     </span>
    </p>
   </div>
   <div class='ocr_carea' id='block_1_14' title="bbox 227 1721 1804 1793">
    <p class='ocr_par' dir='ltr' id='par_1_14' title="bbox 227 1721 1804 1793">
     <span class='ocr_line' id='line_1_15' title="bbox 227 1721 1804 1793; baseline 0.002 -19"><span class='ocrx_word' id='word_1_96' title='bbox 227 1721 404 1775; x_wconf 77' lang='lat' dir='ltr'><strong>amici</strong></span> <span class='ocrx_word' id='word_1_97' title='bbox 440 1723 565 1787; x_wconf 87' lang='lat' dir='ltr'><strong>ejus</strong></span> <span class='ocrx_word' id='word_1_98' title='bbox 606 1721 795 1773; x_wconf 88' lang='lat' dir='ltr'><strong>omnia</strong></span> <span class='ocrx_word' id='word_1_99' title='bbox 842 1723 979 1776; x_wconf 89' lang='lat' dir='ltr'><strong>mala</strong></span> <span class='ocrx_word' id='word_1_100' title='bbox 1011 1740 1125 1793; x_wconf 58' lang='lat' dir='ltr'><strong>quae</strong></span> <span class='ocrx_word' id='word_1_101' title='bbox 1167 1725 1214 1777; x_wconf 93' lang='lat' dir='ltr'><strong>ei</strong></span> <span class='ocrx_word' id='word_1_102' title='bbox 1251 1725 1575 1777; x_wconf 88' lang='lat' dir='ltr'><strong>acciderunt.</strong></span> <span class='ocrx_word' id='word_1_103' title='bbox 1621 1724 1804 1778; x_wconf 86' lang='lat' dir='ltr'><strong>Volue-</strong></span> 
     </span>
    </p>
   </div>
   <div class='ocr_carea' id='block_1_15' title="bbox 218 1811 1806 1882">
    <p class='ocr_par' dir='ltr' id='par_1_15' title="bbox 218 1811 1806 1882">
     <span class='ocr_line' id='line_1_16' title="bbox 218 1811 1806 1882; baseline 0.003 -20"><span class='ocrx_word' id='word_1_104' title='bbox 218 1819 368 1863; x_wconf 88' lang='lat' dir='ltr'><strong>runt</strong></span> <span class='ocrx_word' id='word_1_105' title='bbox 408 1811 665 1864; x_wconf 87' lang='lat' dir='ltr'><strong>nonnulli</strong></span> <span class='ocrx_word' id='word_1_106' title='bbox 720 1813 904 1866; x_wconf 83' lang='lat' dir='ltr'><strong>dicere</strong></span> <span class='ocrx_word' id='word_1_107' title='bbox 939 1815 1092 1882; x_wconf 87' lang='lat' dir='ltr'><strong>quod</strong></span> <span class='ocrx_word' id='word_1_108' title='bbox 1131 1814 1396 1868; x_wconf 66' lang='lat' dir='ltr'><strong>daamoues</strong></span> <span class='ocrx_word' id='word_1_109' title='bbox 1443 1815 1522 1866; x_wconf 89' lang='lat' dir='ltr'><strong>eis</strong></span> <span class='ocrx_word' id='word_1_110' title='bbox 1553 1815 1806 1882; x_wconf 62' lang='lat' dir='ltr'><strong>praedica-</strong></span> 
     </span>
    </p>
   </div>
   <div class='ocr_carea' id='block_1_16' title="bbox 215 1900 1802 1972">
    <p class='ocr_par' dir='ltr' id='par_1_16' title="bbox 215 1900 1802 1972">
     <span class='ocr_line' id='line_1_17' title="bbox 215 1900 1802 1972; baseline 0.003 -21"><span class='ocrx_word' id='word_1_111' title='bbox 215 1900 460 1961; x_wconf 80' lang='lat' dir='ltr'><strong>verint,</strong></span> <span class='ocrx_word' id='word_1_112' title='bbox 503 1901 651 1964; x_wconf 87' lang='lat' dir='ltr'><strong>quod</strong></span> <span class='ocrx_word' id='word_1_113' title='bbox 689 1902 876 1956; x_wconf 88' lang='lat' dir='ltr'><strong>nullus</strong></span> <span class='ocrx_word' id='word_1_114' title='bbox 929 1918 994 1955; x_wconf 79' lang='lat' dir='ltr'><strong>ex</strong></span> <span class='ocrx_word' id='word_1_115' title='bbox 1049 1903 1372 1972; x_wconf 86' lang='lat' dir='ltr'><strong>sapientibus</strong></span> <span class='ocrx_word' id='word_1_116' title='bbox 1428 1904 1631 1972; x_wconf 88' lang='lat' dir='ltr'><strong>recipit.</strong></span> <span class='ocrx_word' id='word_1_117' title='bbox 1685 1905 1802 1956; x_wconf 86' lang='lat' dir='ltr'><strong>Bla-</strong></span> 
     </span>
    </p>
   </div>
   <div class='ocr_carea' id='block_1_17' title="bbox 1355 539 2384 601">
    <p class='ocr_par' dir='ltr' id='par_1_17' title="bbox 1355 539 2384 601">
     <span class='ocr_line' id='line_1_18' title="bbox 1355 539 2384 601; baseline 0 -1"><span class='ocrx_word' id='word_1_118' title='bbox 1355 543 1724 601; x_wconf 74' lang='lat' dir='ltr'><strong>ANONYMUS</strong></span> <span class='ocrx_word' id='word_1_119' title='bbox 1759 543 1824 598; x_wconf 83' lang='lat' dir='ltr'><strong>IN</strong></span> <span class='ocrx_word' id='word_1_120' title='bbox 1857 543 1992 601; x_wconf 88' lang='lat' dir='ltr'><strong>JOB.</strong></span> <span class='ocrx_word' id='word_1_121' title='bbox 2031 573 2100 583; x_wconf 93' lang='lat'><strong>——</strong></span> <span class='ocrx_word' id='word_1_122' title='bbox 2139 539 2264 596; x_wconf 83' lang='lat' dir='ltr'><strong>LIB.</strong></span> <span class='ocrx_word' id='word_1_123' title='bbox 2301 541 2384 600; x_wconf 90' lang='grc'><strong>111.</strong></span> 
     </span>
    </p>
   </div>
   <div class='ocr_carea' id='block_1_18' title="bbox 269 612 3429 729">
    <p class='ocr_par' dir='ltr' id='par_1_18' title="bbox 269 612 3429 729">
     <span class='ocr_line' id='line_1_19' title="bbox 269 612 3429 729; baseline 0.013 -54"><span class='ocrx_word' id='word_1_124' title='bbox 543 622 717 729; x_wconf 73' lang='lat' dir='ltr'><strong>fama</strong></span> <span class='ocrx_word' id='word_1_125' title='bbox 764 645 1178 712; x_wconf 87' lang='lat' dir='ltr'><strong>repleverunt.</strong></span> <span class='ocrx_word' id='word_1_126' title='bbox 1228 656 1522 711; x_wconf 81' lang='lat' dir='ltr'><strong>Audierunt</strong></span> <span class='ocrx_word' id='word_1_127' title='bbox 1557 672 1682 726; x_wconf 89' lang='lat' dir='ltr'><strong>ergo</strong></span> <span class='ocrx_word' id='word_1_128' title='bbox 1710 666 1815 710; x_wconf 89' lang='lat' dir='ltr'><strong>tres</strong></span> <span class='ocrx_word' id='word_1_129' title='bbox 1843 661 1890 717; x_wconf 76' lang='grc' dir='ltr'><strong>Α</strong></span> <span class='ocrx_word' id='word_1_130' title='bbox 1914 656 2152 712; x_wconf 88' lang='lat' dir='ltr'><strong>omnium</strong></span> <span class='ocrx_word' id='word_1_131' title='bbox 2179 653 2400 710; x_wconf 89' lang='lat' dir='ltr'><strong>tiliorum</strong></span> <span class='ocrx_word' id='word_1_132' title='bbox 2425 671 2638 712; x_wconf 90' lang='lat' dir='ltr'><strong>suorum</strong></span> <span class='ocrx_word' id='word_1_133' title='bbox 2662 650 3045 712; x_wconf 77' lang='lat' dir='ltr'><strong>lamentabilem</strong></span> <span class='ocrx_word' id='word_1_134' title='bbox 3063 659 3429 729; x_wconf 87' lang='lat' dir='ltr'><strong>perditionem,</strong></span> 
     </span>
    </p>
   </div>
   <div class='ocr_carea' id='block_1_19' title="bbox 3329 554 3434 610">
    <p class='ocr_par' dir='ltr' id='par_1_19' title="bbox 3329 554 3434 610">
     <span class='ocr_line' id='line_1_20' title="bbox 3329 554 3434 610; baseline 0.038 -3"><span class='ocrx_word' id='word_1_135' title='bbox 3329 554 3434 610; x_wconf 73' lang='grc'><strong>498</strong></span> 
     </span>
    </p>
   </div>
   <div class='ocr_carea' id='block_1_20' title="bbox 1917 743 3425 814">
    <p class='ocr_par' dir='ltr' id='par_1_20' title="bbox 1917 743 3425 814">
     <span class='ocr_line' id='line_1_21' title="bbox 1917 743 3425 814; baseline 0.005 -17"><span class='ocrx_word' id='word_1_136' title='bbox 1917 760 2032 813; x_wconf 73' lang='grc' dir='ltr'><strong>(ιοω</strong></span> <span class='ocrx_word' id='word_1_137' title='bbox 2066 744 2168 798; x_wconf 86' lang='lat' dir='ltr'><strong>sub</strong></span> <span class='ocrx_word' id='word_1_138' title='bbox 2196 758 2300 798; x_wconf 93' lang='lat' dir='ltr'><strong>uno</strong></span> <span class='ocrx_word' id='word_1_139' title='bbox 2341 746 2444 799; x_wconf 90' lang='lat' dir='ltr'><strong>ictu</strong></span> <span class='ocrx_word' id='word_1_140' title='bbox 2475 746 2712 799; x_wconf 87' lang='lat' dir='ltr'><strong>omnium</strong></span> <span class='ocrx_word' id='word_1_141' title='bbox 2743 743 2879 799; x_wconf 85' lang='lat' dir='ltr'><strong>facta</strong></span> <span class='ocrx_word' id='word_1_142' title='bbox 2911 755 2991 800; x_wconf 89' lang='lat' dir='ltr'><strong>est</strong></span> <span class='ocrx_word' id='word_1_143' title='bbox 3023 747 3255 814; x_wconf 86' lang='lat' dir='ltr'><strong>pariter?</strong></span> <span class='ocrx_word' id='word_1_144' title='bbox 3289 747 3425 814; x_wconf 85' lang='lat' dir='ltr'><strong>Quo-</strong></span> 
     </span>
    </p>
   </div>
   <div class='ocr_carea' id='block_1_21' title="bbox 1914 834 3430 905">
    <p class='ocr_par' dir='ltr' id='par_1_21' title="bbox 1914 834 3430 905">
     <span class='ocr_line' id='line_1_22' title="bbox 1914 834 3430 905; baseline 0.003 -18"><span class='ocrx_word' id='word_1_145' title='bbox 1914 836 2068 889; x_wconf 90' lang='lat' dir='ltr'><strong>modo</strong></span> <span class='ocrx_word' id='word_1_146' title='bbox 2096 834 2358 888; x_wconf 89' lang='lat' dir='ltr'><strong>sustineat</strong></span> <span class='ocrx_word' id='word_1_147' title='bbox 2396 835 2469 888; x_wconf 87' lang='lat' dir='ltr'><strong>rei</strong></span> <span class='ocrx_word' id='word_1_148' title='bbox 2510 834 2788 889; x_wconf 82' lang='lat' dir='ltr'><strong>familiaris</strong></span> <span class='ocrx_word' id='word_1_149' title='bbox 2835 837 3216 901; x_wconf 66' lang='lat' dir='ltr'><strong>praecedentem</strong></span> <span class='ocrx_word' id='word_1_150' title='bbox 3255 837 3430 905; x_wconf 85' lang='lat' dir='ltr'><strong>jactu-</strong></span> 
     </span>
    </p>
   </div>
   <div class='ocr_carea' id='block_1_22' title="bbox 1915 916 3428 988">
    <p class='ocr_par' dir='ltr' id='par_1_22' title="bbox 1915 916 3428 988">
     <span class='ocr_line' id='line_1_23' title="bbox 1915 916 3428 988; baseline 0.001 -14"><span class='ocrx_word' id='word_1_151' title='bbox 1915 923 2059 975; x_wconf 87' lang='lat' dir='ltr'><strong>ram?</strong></span> <span class='ocrx_word' id='word_1_152' title='bbox 2086 921 2357 987; x_wconf 88' lang='lat' dir='ltr'><strong>Quomodo</strong></span> <span class='ocrx_word' id='word_1_153' title='bbox 2389 922 2651 975; x_wconf 88' lang='lat' dir='ltr'><strong>sustineat</strong></span> <span class='ocrx_word' id='word_1_154' title='bbox 2697 921 2982 974; x_wconf 84' lang='lat' dir='ltr'><strong>terribilem</strong></span> <span class='ocrx_word' id='word_1_155' title='bbox 3023 931 3179 988; x_wconf 89' lang='lat' dir='ltr'><strong>atque</strong></span> <span class='ocrx_word' id='word_1_156' title='bbox 3202 916 3428 976; x_wconf 68' lang='grc' dir='ltr'><strong>εξενῖςεί-</strong></span> 
     </span>
    </p>
   </div>
   <div class='ocr_carea' id='block_1_23' title="bbox 1911 997 3427 1080">
    <p class='ocr_par' dir='ltr' id='par_1_23' title="bbox 1911 997 3427 1080">
     <span class='ocr_line' id='line_1_24' title="bbox 1911 997 3427 1080; baseline 0.002 -16"><span class='ocrx_word' id='word_1_157' title='bbox 1911 1026 2046 1065; x_wconf 90' lang='lat' dir='ltr'><strong>mam</strong></span> <span class='ocrx_word' id='word_1_158' title='bbox 2065 1012 2298 1080; x_wconf 88' lang='lat' dir='ltr'><strong>corporis</strong></span> <span class='ocrx_word' id='word_1_159' title='bbox 2318 1012 2557 1080; x_wconf 84' lang='lat' dir='ltr'><strong>plagam?</strong></span> <span class='ocrx_word' id='word_1_160' title='bbox 2580 1010 2678 1063; x_wconf 87' lang='lat' dir='ltr'><strong>Pro</strong></span> <span class='ocrx_word' id='word_1_161' title='bbox 2701 1011 2802 1075; x_wconf 86' lang='lat' dir='ltr'><strong>bis,</strong></span> <span class='ocrx_word' id='word_1_162' title='bbox 2834 997 3370 1077; x_wconf 83' lang='lat' dir='ltr'><strong>inquiunl,omuibus,</strong></span> <span class='ocrx_word' id='word_1_163' title='bbox 3395 1032 3427 1067; x_wconf 86' lang='grc' dir='ltr'><strong>ο</strong></span> 
     </span>
    </p>
   </div>
   <div class='ocr_carea' id='block_1_24' title="bbox 1909 1099 3427 1168">
    <p class='ocr_par' dir='ltr' id='par_1_24' title="bbox 1909 1099 3427 1168">
     <span class='ocr_line' id='line_1_25' title="bbox 1909 1099 3427 1168; baseline 0.002 -15"><span class='ocrx_word' id='word_1_164' title='bbox 1909 1100 2244 1168; x_wconf 88' lang='lat' dir='ltr'><strong>viri.justum</strong></span> <span class='ocrx_word' id='word_1_165' title='bbox 2271 1112 2351 1154; x_wconf 86' lang='lat' dir='ltr'><strong>est</strong></span> <span class='ocrx_word' id='word_1_166' title='bbox 2377 1100 2639 1154; x_wconf 88' lang='lat' dir='ltr'><strong>consolari</strong></span> <span class='ocrx_word' id='word_1_167' title='bbox 2671 1099 3086 1155; x_wconf 80' lang='lat' dir='ltr'><strong>consolationem</strong></span> <span class='ocrx_word' id='word_1_168' title='bbox 3116 1116 3216 1154; x_wconf 92' lang='lat' dir='ltr'><strong>non</strong></span> <span class='ocrx_word' id='word_1_169' title='bbox 3237 1101 3427 1156; x_wconf 83' lang='lat' dir='ltr'><strong>haben-</strong></span> 
     </span>
    </p>
   </div>
   <div class='ocr_carea' id='block_1_25' title="bbox 1910 1187 3425 1260">
    <p class='ocr_par' dir='ltr' id='par_1_25' title="bbox 1910 1187 3425 1260">
     <span class='ocr_line' id='line_1_26' title="bbox 1910 1187 3425 1260; baseline 0.002 -18"><span class='ocrx_word' id='word_1_170' title='bbox 1910 1198 2034 1253; x_wconf 87' lang='lat' dir='ltr'><strong>tem,</strong></span> <span class='ocrx_word' id='word_1_171' title='bbox 2059 1190 2160 1243; x_wconf 90' lang='lat' dir='ltr'><strong>nisi</strong></span> <span class='ocrx_word' id='word_1_172' title='bbox 2193 1190 2358 1243; x_wconf 85' lang='lat' dir='ltr'><strong>solam</strong></span> <span class='ocrx_word' id='word_1_173' title='bbox 2391 1190 2442 1242; x_wconf 92' lang='lat' dir='ltr'><strong>in</strong></span> <span class='ocrx_word' id='word_1_174' title='bbox 2471 1190 2574 1242; x_wconf 88' lang='lat' dir='ltr'><strong>Deo</strong></span> <span class='ocrx_word' id='word_1_175' title='bbox 2595 1203 2742 1256; x_wconf 90' lang='lat' dir='ltr'><strong>spem</strong></span> <span class='ocrx_word' id='word_1_176' title='bbox 2769 1187 3071 1243; x_wconf 86' lang='lat' dir='ltr'><strong>habentem.</strong></span> <span class='ocrx_word' id='word_1_177' title='bbox 3097 1189 3216 1242; x_wconf 72' lang='lat' dir='ltr'><strong>llaec</strong></span> <span class='ocrx_word' id='word_1_178' title='bbox 3252 1192 3425 1260; x_wconf 88' lang='lat' dir='ltr'><strong>itaque</strong></span> 
     </span>
    </p>
   </div>
   <div class='ocr_carea' id='block_1_26' title="bbox 1910 1278 3419 1346">
    <p class='ocr_par' dir='ltr' id='par_1_26' title="bbox 1910 1278 3419 1346">
     <span class='ocr_line' id='line_1_27' title="bbox 1910 1278 3419 1346; baseline 0.002 -15"><span class='ocrx_word' id='word_1_179' title='bbox 1910 1279 2148 1332; x_wconf 86' lang='lat' dir='ltr'><strong>universa</strong></span> <span class='ocrx_word' id='word_1_180' title='bbox 2187 1279 2251 1331; x_wconf 87' lang='lat' dir='ltr'><strong>ad</strong></span> <span class='ocrx_word' id='word_1_181' title='bbox 2288 1279 2514 1332; x_wconf 86' lang='lat' dir='ltr'><strong>invicem</strong></span> <span class='ocrx_word' id='word_1_182' title='bbox 2557 1278 2863 1345; x_wconf 88' lang='lat' dir='ltr'><strong>loquentes,</strong></span> <span class='ocrx_word' id='word_1_183' title='bbox 2902 1279 3011 1331; x_wconf 84' lang='lat' dir='ltr'><strong>sive</strong></span> <span class='ocrx_word' id='word_1_184' title='bbox 3051 1293 3144 1346; x_wconf 78' lang='lat' dir='ltr'><strong>per</strong></span> <span class='ocrx_word' id='word_1_185' title='bbox 3191 1281 3419 1346; x_wconf 89' lang='lat' dir='ltr'><strong>nuntios,</strong></span> 
     </span>
    </p>
   </div>
   <div class='ocr_carea' id='block_1_27' title="bbox 1908 1367 3423 1436">
    <p class='ocr_par' dir='ltr' id='par_1_27' title="bbox 1908 1367 3423 1436">
     <span class='ocr_line' id='line_1_28' title="bbox 1908 1367 3423 1436; baseline 0.001 -16"><span class='ocrx_word' id='word_1_186' title='bbox 1908 1367 2018 1420; x_wconf 82' lang='lat' dir='ltr'><strong>sive</strong></span> <span class='ocrx_word' id='word_1_187' title='bbox 2037 1382 2129 1436; x_wconf 91' lang='lat' dir='ltr'><strong>per</strong></span> <span class='ocrx_word' id='word_1_188' title='bbox 2144 1368 2460 1434; x_wconf 86' lang='lat' dir='ltr'><strong>scripturam</strong></span> <span class='ocrx_word' id='word_1_189' title='bbox 2485 1368 2604 1420; x_wconf 91' lang='lat' dir='ltr'><strong>boui</strong></span> <span class='ocrx_word' id='word_1_190' title='bbox 2620 1367 2696 1420; x_wconf 92' lang='lat' dir='ltr'><strong>illi</strong></span> <span class='ocrx_word' id='word_1_191' title='bbox 2713 1382 2774 1420; x_wconf 90' lang='lat' dir='ltr'><strong>ac</strong></span> <span class='ocrx_word' id='word_1_192' title='bbox 2795 1367 3024 1436; x_wconf 79' lang='lat' dir='ltr'><strong>religiosi</strong></span> <span class='ocrx_word' id='word_1_193' title='bbox 3052 1368 3147 1420; x_wconf 90' lang='lat' dir='ltr'><strong>viri</strong></span> <span class='ocrx_word' id='word_1_194' title='bbox 3169 1380 3423 1422; x_wconf 91' lang='lat' dir='ltr'><strong>venerunt</strong></span> 
     </span>
    </p>
   </div>
   <div class='ocr_carea' id='block_1_28' title="bbox 1907 1455 3421 1523">
    <p class='ocr_par' dir='ltr' id='par_1_28' title="bbox 1907 1455 3421 1523">
     <span class='ocr_line' id='line_1_29' title="bbox 1907 1455 3421 1523; baseline -0.001 -15"><span class='ocrx_word' id='word_1_195' title='bbox 1907 1455 2060 1508; x_wconf 88' lang='lat' dir='ltr'><strong>simul</strong></span> <span class='ocrx_word' id='word_1_196' title='bbox 2084 1457 2147 1509; x_wconf 90' lang='lat' dir='ltr'><strong>ad</strong></span> <span class='ocrx_word' id='word_1_197' title='bbox 2177 1470 2294 1510; x_wconf 92' lang='lat' dir='ltr'><strong>eum</strong></span> <span class='ocrx_word' id='word_1_198' title='bbox 2335 1455 2690 1523; x_wconf 83' lang='lat' dir='ltr'><strong>unusquisque</strong></span> <span class='ocrx_word' id='word_1_199' title='bbox 2727 1456 2790 1509; x_wconf 91' lang='lat' dir='ltr'><strong>de</strong></span> <span class='ocrx_word' id='word_1_200' title='bbox 2837 1455 3045 1508; x_wconf 76' lang='lat' dir='ltr'><strong>civitate</strong></span> <span class='ocrx_word' id='word_1_201' title='bbox 3076 1469 3200 1519; x_wconf 89' lang='lat' dir='ltr'><strong>sua,</strong></span> <span class='ocrx_word' id='word_1_202' title='bbox 3225 1465 3421 1508; x_wconf 89' lang='lat' dir='ltr'><strong>utcon-</strong></span> 
     </span>
    </p>
   </div>
   <div class='ocr_carea' id='block_1_29' title="bbox 1906 1543 3418 1612">
    <p class='ocr_par' dir='ltr' id='par_1_29' title="bbox 1906 1543 3418 1612">
     <span class='ocr_line' id='line_1_30' title="bbox 1906 1543 3418 1612; baseline 0.001 -16"><span class='ocrx_word' id='word_1_203' title='bbox 1906 1543 2203 1596; x_wconf 85' lang='lat' dir='ltr'><strong>solarentur</strong></span> <span class='ocrx_word' id='word_1_204' title='bbox 2229 1557 2282 1596; x_wconf 88' lang='lat' dir='ltr'><strong>et</strong></span> <span class='ocrx_word' id='word_1_205' title='bbox 2311 1543 2585 1596; x_wconf 83' lang='lat' dir='ltr'><strong>visitarent</strong></span> <span class='ocrx_word' id='word_1_206' title='bbox 2625 1544 2790 1597; x_wconf 89' lang='lat' dir='ltr'><strong>illum.</strong></span> <span class='ocrx_word' id='word_1_207' title='bbox 2839 1544 2903 1606; x_wconf 89' lang='lat'><strong>0,</strong></span> <span class='ocrx_word' id='word_1_208' title='bbox 2939 1544 3197 1612; x_wconf 87' lang='lat' dir='ltr'><strong>inquiunt,</strong></span> <span class='ocrx_word' id='word_1_209' title='bbox 3232 1543 3313 1598; x_wconf 89' lang='lat' dir='ltr'><strong>ille</strong></span> <span class='ocrx_word' id='word_1_210' title='bbox 3332 1545 3418 1611; x_wconf 91' lang='lat' dir='ltr'><strong>qui</strong></span> 
     </span>
    </p>
   </div>
   <div class='ocr_carea' id='block_1_30' title="bbox 1908 1633 3420 1703">
    <p class='ocr_par' dir='ltr' id='par_1_30' title="bbox 1908 1633 3420 1703">
     <span class='ocr_line' id='line_1_31' title="bbox 1908 1633 3420 1703; baseline 0.003 -18"><span class='ocrx_word' id='word_1_211' title='bbox 1908 1635 1958 1685; x_wconf 91' lang='lat' dir='ltr'><strong>in</strong></span> <span class='ocrx_word' id='word_1_212' title='bbox 1989 1633 2234 1686; x_wconf 89' lang='lat' dir='ltr'><strong>omnibus</strong></span> <span class='ocrx_word' id='word_1_213' title='bbox 2265 1635 2485 1700; x_wconf 85' lang='lat' dir='ltr'><strong>justitiis</strong></span> <span class='ocrx_word' id='word_1_214' title='bbox 2514 1635 2876 1688; x_wconf 87' lang='lat' dir='ltr'><strong>testimonium</strong></span> <span class='ocrx_word' id='word_1_215' title='bbox 2916 1635 3123 1696; x_wconf 85' lang='lat' dir='ltr'><strong>habuit,</strong></span> <span class='ocrx_word' id='word_1_216' title='bbox 3171 1645 3420 1703; x_wconf 80' lang='lat' dir='ltr'><strong>tanquam</strong></span> 
     </span>
    </p>
   </div>
   <div class='ocr_carea' id='block_1_31' title="bbox 1906 1723 3418 1793">
    <p class='ocr_par' dir='ltr' id='par_1_31' title="bbox 1906 1723 3418 1793">
     <span class='ocr_line' id='line_1_32' title="bbox 1906 1723 3418 1793; baseline 0.001 -17"><span class='ocrx_word' id='word_1_217' title='bbox 1906 1736 2041 1776; x_wconf 82' lang='lat' dir='ltr'><strong>unus</strong></span> <span class='ocrx_word' id='word_1_218' title='bbox 2076 1724 2385 1791; x_wconf 74' lang='lat' dir='ltr'><strong>specialiter</strong></span> <span class='ocrx_word' id='word_1_219' title='bbox 2417 1740 2479 1777; x_wconf 81' lang='lat' dir='ltr'><strong>ex</strong></span> <span class='ocrx_word' id='word_1_220' title='bbox 2509 1723 2722 1790; x_wconf 86' lang='lat' dir='ltr'><strong>injustis</strong></span> <span class='ocrx_word' id='word_1_221' title='bbox 2753 1725 2990 1792; x_wconf 90' lang='lat' dir='ltr'><strong>punitur.</strong></span> <span class='ocrx_word' id='word_1_222' title='bbox 3028 1724 3117 1776; x_wconf 91' lang='lat' dir='ltr'><strong>llle</strong></span> <span class='ocrx_word' id='word_1_223' title='bbox 3149 1727 3264 1778; x_wconf 90' lang='lat' dir='ltr'><strong>sine</strong></span> <span class='ocrx_word' id='word_1_224' title='bbox 3292 1739 3418 1793; x_wconf 84' lang='lat' dir='ltr'><strong>que-</strong></span> 
     </span>
    </p>
   </div>
   <div class='ocr_carea' id='block_1_32' title="bbox 1906 1811 3418 1882">
    <p class='ocr_par' dir='ltr' id='par_1_32' title="bbox 1906 1811 3418 1882">
     <span class='ocr_line' id='line_1_33' title="bbox 1906 1811 3418 1882; baseline 0.003 -20"><span class='ocrx_word' id='word_1_225' title='bbox 1906 1811 2011 1864; x_wconf 89' lang='lat' dir='ltr'><strong>rela</strong></span> <span class='ocrx_word' id='word_1_226' title='bbox 2043 1826 2240 1875; x_wconf 83' lang='lat' dir='ltr'><strong>verus,</strong></span> <span class='ocrx_word' id='word_1_227' title='bbox 2270 1813 2592 1876; x_wconf 86' lang='lat' dir='ltr'><strong>misericors,</strong></span> <span class='ocrx_word' id='word_1_228' title='bbox 2649 1823 2894 1880; x_wconf 90' lang='lat' dir='ltr'><strong>tanquam</strong></span> <span class='ocrx_word' id='word_1_229' title='bbox 2945 1827 3078 1865; x_wconf 90' lang='lat' dir='ltr'><strong>unus</strong></span> <span class='ocrx_word' id='word_1_230' title='bbox 3129 1827 3193 1865; x_wconf 79' lang='lat' dir='ltr'><strong>ex</strong></span> <span class='ocrx_word' id='word_1_231' title='bbox 3243 1814 3418 1882; x_wconf 88' lang='lat' dir='ltr'><strong>impiis</strong></span> 
     </span>
    </p>
   </div>
   <div class='ocr_carea' id='block_1_33' title="bbox 1907 1900 3417 1971">
    <p class='ocr_par' dir='ltr' id='par_1_33' title="bbox 1907 1900 3417 1971">
     <span class='ocr_line' id='line_1_34' title="bbox 1907 1900 3417 1971; baseline 0.003 -19"><span class='ocrx_word' id='word_1_232' title='bbox 1907 1914 2185 1968; x_wconf 88' lang='lat' dir='ltr'><strong>percussus</strong></span> <span class='ocrx_word' id='word_1_233' title='bbox 2212 1900 2486 1970; x_wconf 73' lang='lat' dir='ltr'><strong>afﬂigitur.</strong></span> <span class='ocrx_word' id='word_1_234' title='bbox 2528 1902 2618 1956; x_wconf 89' lang='lat' dir='ltr'><strong>Ille</strong></span> <span class='ocrx_word' id='word_1_235' title='bbox 2642 1904 2731 1971; x_wconf 91' lang='lat' dir='ltr'><strong>qui</strong></span> <span class='ocrx_word' id='word_1_236' title='bbox 2765 1913 2881 1956; x_wconf 91' lang='lat' dir='ltr'><strong>erat</strong></span> <span class='ocrx_word' id='word_1_237' title='bbox 2913 1901 3005 1955; x_wconf 87' lang='lat' dir='ltr'><strong>Dei</strong></span> <span class='ocrx_word' id='word_1_238' title='bbox 3044 1903 3236 1966; x_wconf 87' lang='lat' dir='ltr'><strong>cultor,</strong></span> <span class='ocrx_word' id='word_1_239' title='bbox 3259 1912 3417 1971; x_wconf 87' lang='lat' dir='ltr'><strong>atque</strong></span> 
     </span>
    </p>
   </div>
   <div class='ocr_carea' id='block_1_34' title="bbox 210 1970 3413 2057">
    <p class='ocr_par' dir='ltr' id='par_1_34' title="bbox 210 1970 3413 2057">
     <span class='ocr_line' id='line_1_35' title="bbox 210 1970 3413 2057; baseline 0.002 -18"><span class='ocrx_word' id='word_1_240' title='bbox 210 1987 516 2054; x_wconf 69' lang='lat' dir='ltr'><strong>sphemia:</strong></span> <span class='ocrx_word' id='word_1_241' title='bbox 542 1990 692 2041; x_wconf 91' lang='lat' dir='ltr'><strong>enim</strong></span> <span class='ocrx_word' id='word_1_242' title='bbox 726 2005 910 2044; x_wconf 90' lang='lat' dir='ltr'><strong>sermo</strong></span> <span class='ocrx_word' id='word_1_243' title='bbox 932 2001 1015 2044; x_wconf 89' lang='lat' dir='ltr'><strong>est</strong></span> <span class='ocrx_word' id='word_1_244' title='bbox 1048 1970 1154 2046; x_wconf 80' lang='lat' dir='ltr'><strong>hic.</strong></span> <span class='ocrx_word' id='word_1_245' title='bbox 1189 1991 1315 2044; x_wconf 80' lang='lat' dir='ltr'><strong>Nam</strong></span> <span class='ocrx_word' id='word_1_246' title='bbox 1346 1992 1417 2045; x_wconf 91' lang='lat' dir='ltr'><strong>illi</strong></span> <span class='ocrx_word' id='word_1_247' title='bbox 1448 1970 1550 2044; x_wconf 82' lang='lat' dir='ltr'><strong>viri</strong></span> <span class='ocrx_word' id='word_1_248' title='bbox 1572 1994 1660 2046; x_wconf 90' lang='lat' dir='ltr'><strong>Dei</strong></span> <span class='ocrx_word' id='word_1_249' title='bbox 1691 1994 1803 2047; x_wconf 88' lang='lat' dir='ltr'><strong>cul-</strong></span> <span class='ocrx_word' id='word_1_250' title='bbox 1835 1970 1876 2027; x_wconf 73' lang='grc' dir='ltr'><strong><em>Β</em></strong></span> <span class='ocrx_word' id='word_1_251' title='bbox 1905 1989 2128 2044; x_wconf 84' lang='lat' dir='ltr'><strong>ﬁliorum</strong></span> <span class='ocrx_word' id='word_1_252' title='bbox 2185 2007 2399 2044; x_wconf 91' lang='lat' dir='ltr'><strong>suorum</strong></span> <span class='ocrx_word' id='word_1_253' title='bbox 2448 1991 2707 2046; x_wconf 81' lang='lat' dir='ltr'><strong>sollicitus</strong></span> <span class='ocrx_word' id='word_1_254' title='bbox 2749 1993 2896 2046; x_wconf 90' lang='lat' dir='ltr'><strong>circa</strong></span> <span class='ocrx_word' id='word_1_255' title='bbox 2943 1994 3101 2046; x_wconf 90' lang='lat' dir='ltr'><strong>Deum</strong></span> <span class='ocrx_word' id='word_1_256' title='bbox 3142 1993 3413 2057; x_wconf 84' lang='lat' dir='ltr'><strong>sacerdos,</strong></span> 
     </span>
    </p>
   </div>
   <div class='ocr_carea' id='block_1_35' title="bbox 211 2077 1802 2154">
    <p class='ocr_par' dir='ltr' id='par_1_35' title="bbox 211 2077 1802 2154">
     <span class='ocr_line' id='line_1_36' title="bbox 211 2077 1802 2154; baseline 0.006 -25"><span class='ocrx_word' id='word_1_257' title='bbox 211 2084 400 2131; x_wconf 82' lang='lat' dir='ltr'><strong>tores</strong></span> <span class='ocrx_word' id='word_1_258' title='bbox 451 2077 691 2144; x_wconf 80' lang='lat' dir='ltr'><strong>fuerunt,</strong></span> <span class='ocrx_word' id='word_1_259' title='bbox 736 2091 921 2150; x_wconf 89' lang='lat' dir='ltr'><strong>utpote</strong></span> <span class='ocrx_word' id='word_1_260' title='bbox 948 2081 1046 2137; x_wconf 89' lang='lat' dir='ltr'><strong>Job</strong></span> <span class='ocrx_word' id='word_1_261' title='bbox 1101 2084 1306 2137; x_wconf 85' lang='lat' dir='ltr'><strong>sodales</strong></span> <span class='ocrx_word' id='word_1_262' title='bbox 1341 2094 1496 2152; x_wconf 88' lang='lat' dir='ltr'><strong>atque</strong></span> <span class='ocrx_word' id='word_1_263' title='bbox 1520 2086 1698 2148; x_wconf 88' lang='lat' dir='ltr'><strong>amici,</strong></span> <span class='ocrx_word' id='word_1_264' title='bbox 1732 2087 1802 2154; x_wconf 92' lang='lat' dir='ltr'><strong>pii</strong></span> 
     </span>
    </p>
   </div>
   <div class='ocr_carea' id='block_1_36' title="bbox 207 2169 1802 2243">
    <p class='ocr_par' dir='ltr' id='par_1_36' title="bbox 207 2169 1802 2243">
     <span class='ocr_line' id='line_1_37' title="bbox 207 2169 1802 2243; baseline 0.005 -23"><span class='ocrx_word' id='word_1_265' title='bbox 207 2183 294 2220; x_wconf 81' lang='lat' dir='ltr'><strong>ac</strong></span> <span class='ocrx_word' id='word_1_266' title='bbox 353 2169 474 2221; x_wconf 87' lang='lat' dir='ltr'><strong>Deo</strong></span> <span class='ocrx_word' id='word_1_267' title='bbox 500 2172 814 2226; x_wconf 84' lang='lat' dir='ltr'><strong>credentes.</strong></span> <span class='ocrx_word' id='word_1_268' title='bbox 849 2172 961 2225; x_wconf 84' lang='lat' dir='ltr'><strong>Non</strong></span> <span class='ocrx_word' id='word_1_269' title='bbox 987 2175 1128 2227; x_wconf 89' lang='lat' dir='ltr'><strong>enim</strong></span> <span class='ocrx_word' id='word_1_270' title='bbox 1168 2174 1565 2242; x_wconf 77' lang='lat' dir='ltr'><strong>amplexabatur</strong></span> <span class='ocrx_word' id='word_1_271' title='bbox 1592 2174 1692 2231; x_wconf 90' lang='lat' dir='ltr'><strong>Job</strong></span> <span class='ocrx_word' id='word_1_272' title='bbox 1720 2176 1802 2243; x_wconf 85' lang='lat' dir='ltr'><strong>ju-</strong></span> 
     </span>
    </p>
   </div>
   <div class='ocr_carea' id='block_1_37' title="bbox 207 2258 1798 2329">
    <p class='ocr_par' dir='ltr' id='par_1_37' title="bbox 207 2258 1798 2329">
     <span class='ocr_line' id='line_1_38' title="bbox 207 2258 1798 2329; baseline 0.005 -19"><span class='ocrx_word' id='word_1_273' title='bbox 207 2268 384 2321; x_wconf 66' lang='grc' dir='ltr'><strong>ειυς,</strong></span> <span class='ocrx_word' id='word_1_274' title='bbox 424 2258 668 2326; x_wconf 85' lang='lat' dir='ltr'><strong>iujustos</strong></span> <span class='ocrx_word' id='word_1_275' title='bbox 698 2261 785 2312; x_wconf 85' lang='lat' dir='ltr'><strong>vel</strong></span> <span class='ocrx_word' id='word_1_276' title='bbox 845 2260 1035 2329; x_wconf 90' lang='lat' dir='ltr'><strong>impios</strong></span> <span class='ocrx_word' id='word_1_277' title='bbox 1086 2263 1229 2316; x_wconf 90' lang='lat' dir='ltr'><strong>viros</strong></span> <span class='ocrx_word' id='word_1_278' title='bbox 1260 2263 1457 2317; x_wconf 87' lang='lat' dir='ltr'><strong>amicos</strong></span> <span class='ocrx_word' id='word_1_279' title='bbox 1487 2279 1548 2317; x_wconf 88' lang='lat' dir='ltr'><strong>ac</strong></span> <span class='ocrx_word' id='word_1_280' title='bbox 1593 2265 1798 2319; x_wconf 86' lang='lat' dir='ltr'><strong>sodales</strong></span> 
     </span>
    </p>
   </div>
   <div class='ocr_carea' id='block_1_38' title="bbox 202 2353 1804 2426">
    <p class='ocr_par' dir='ltr' id='par_1_38' title="bbox 202 2353 1804 2426">
     <span class='ocr_line' id='line_1_39' title="bbox 202 2353 1804 2426; baseline 0.003 -19"><span class='ocrx_word' id='word_1_281' title='bbox 202 2353 468 2410; x_wconf 79' lang='lat' dir='ltr'><strong>habere.</strong></span> <span class='ocrx_word' id='word_1_282' title='bbox 499 2354 717 2410; x_wconf 87' lang='lat' dir='ltr'><strong>Idcirco</strong></span> <span class='ocrx_word' id='word_1_283' title='bbox 744 2357 817 2409; x_wconf 91' lang='lat' dir='ltr'><strong>ita</strong></span> <span class='ocrx_word' id='word_1_284' title='bbox 848 2357 1204 2425; x_wconf 82' lang='lat' dir='ltr'><strong>percipiamus</strong></span> <span class='ocrx_word' id='word_1_285' title='bbox 1245 2373 1340 2412; x_wconf 91' lang='lat' dir='ltr'><strong>nos</strong></span> <span class='ocrx_word' id='word_1_286' title='bbox 1363 2360 1449 2426; x_wconf 91' lang='lat' dir='ltr'><strong>qui</strong></span> <span class='ocrx_word' id='word_1_287' title='bbox 1472 2360 1631 2412; x_wconf 91' lang='lat' dir='ltr'><strong>Deum</strong></span> <span class='ocrx_word' id='word_1_288' title='bbox 1653 2360 1804 2412; x_wconf 89' lang='lat' dir='ltr'><strong>time-</strong></span> 
     </span>
    </p>
   </div>
   <div class='ocr_carea' id='block_1_39' title="bbox 203 2444 1798 2514">
    <p class='ocr_par' dir='ltr' id='par_1_39' title="bbox 203 2444 1798 2514">
     <span class='ocr_line' id='line_1_40' title="bbox 203 2444 1798 2514; baseline 0.005 -20"><span class='ocrx_word' id='word_1_289' title='bbox 203 2457 381 2506; x_wconf 85' lang='lat' dir='ltr'><strong>mus,</strong></span> <span class='ocrx_word' id='word_1_290' title='bbox 419 2444 568 2512; x_wconf 88' lang='lat' dir='ltr'><strong>quod</strong></span> <span class='ocrx_word' id='word_1_291' title='bbox 615 2445 792 2498; x_wconf 86' lang='lat' dir='ltr'><strong>sancti</strong></span> <span class='ocrx_word' id='word_1_292' title='bbox 838 2445 1009 2514; x_wconf 84' lang='lat' dir='ltr'><strong>angeli</strong></span> <span class='ocrx_word' id='word_1_293' title='bbox 1059 2448 1123 2499; x_wconf 88' lang='lat' dir='ltr'><strong>ad</strong></span> <span class='ocrx_word' id='word_1_294' title='bbox 1150 2461 1241 2500; x_wconf 91' lang='lat' dir='ltr'><strong>eos</strong></span> <span class='ocrx_word' id='word_1_295' title='bbox 1285 2449 1574 2514; x_wconf 88' lang='lat' dir='ltr'><strong>venientes,</strong></span> <span class='ocrx_word' id='word_1_296' title='bbox 1607 2449 1718 2502; x_wconf 89' lang='lat' dir='ltr'><strong>sive</strong></span> <span class='ocrx_word' id='word_1_297' title='bbox 1747 2449 1798 2502; x_wconf 92' lang='lat' dir='ltr'><strong>in</strong></span> 
     </span>
    </p>
   </div>
   <div class='ocr_carea' id='block_1_40' title="bbox 202 2533 1802 2602">
    <p class='ocr_par' dir='ltr' id='par_1_40' title="bbox 202 2533 1802 2602">
     <span class='ocr_line' id='line_1_41' title="bbox 202 2533 1802 2602; baseline 0.003 -17"><span class='ocrx_word' id='word_1_298' title='bbox 202 2546 453 2595; x_wconf 84' lang='lat' dir='ltr'><strong>somno,</strong></span> <span class='ocrx_word' id='word_1_299' title='bbox 483 2534 677 2587; x_wconf 84' lang='lat' dir='ltr'><strong>sivein</strong></span> <span class='ocrx_word' id='word_1_300' title='bbox 697 2533 920 2602; x_wconf 77' lang='lat' dir='ltr'><strong>vigiliis,</strong></span> <span class='ocrx_word' id='word_1_301' title='bbox 955 2534 1342 2588; x_wconf 88' lang='lat' dir='ltr'><strong>admonuerunt</strong></span> <span class='ocrx_word' id='word_1_302' title='bbox 1365 2550 1454 2589; x_wconf 90' lang='lat' dir='ltr'><strong>eos</strong></span> <span class='ocrx_word' id='word_1_303' title='bbox 1482 2545 1537 2590; x_wconf 93' lang='lat' dir='ltr'><strong>ut</strong></span> <span class='ocrx_word' id='word_1_304' title='bbox 1558 2536 1802 2590; x_wconf 87' lang='lat' dir='ltr'><strong>celeriter</strong></span> 
     </span>
    </p>
   </div>
   <div class='ocr_carea' id='block_1_41' title="bbox 201 2622 1795 2690">
    <p class='ocr_par' dir='ltr' id='par_1_41' title="bbox 201 2622 1795 2690">
     <span class='ocr_line' id='line_1_42' title="bbox 201 2622 1795 2690; baseline 0.001 -14"><span class='ocrx_word' id='word_1_305' title='bbox 201 2623 524 2685; x_wconf 71' lang='lat' dir='ltr'><strong>venirent,</strong></span> <span class='ocrx_word' id='word_1_306' title='bbox 579 2632 636 2675; x_wconf 91' lang='lat' dir='ltr'><strong>et</strong></span> <span class='ocrx_word' id='word_1_307' title='bbox 680 2623 883 2690; x_wconf 82' lang='lat' dir='ltr'><strong>justum</strong></span> <span class='ocrx_word' id='word_1_308' title='bbox 924 2622 1068 2675; x_wconf 93' lang='lat' dir='ltr'><strong>illum</strong></span> <span class='ocrx_word' id='word_1_309' title='bbox 1109 2623 1335 2676; x_wconf 89' lang='lat' dir='ltr'><strong>amicum</strong></span> <span class='ocrx_word' id='word_1_310' title='bbox 1378 2625 1795 2678; x_wconf 85' lang='lat' dir='ltr'><strong>consolarentur.</strong></span> 
     </span>
    </p>
   </div>
   <div class='ocr_carea' id='block_1_42' title="bbox 202 2693 1801 2780">
    <p class='ocr_par' dir='ltr' id='par_1_42' title="bbox 202 2693 1801 2780">
     <span class='ocr_line' id='line_1_43' title="bbox 202 2693 1801 2780; baseline 0.003 -17"><span class='ocrx_word' id='word_1_311' title='bbox 202 2693 816 2768; x_wconf 74' lang='lat' dir='ltr'><strong>Venientibusautem</strong></span> <span class='ocrx_word' id='word_1_312' title='bbox 847 2711 951 2764; x_wconf 88' lang='lat' dir='ltr'><strong>illis</strong></span> <span class='ocrx_word' id='word_1_313' title='bbox 973 2711 1114 2776; x_wconf 86' lang='lat' dir='ltr'><strong>illuc,</strong></span> <span class='ocrx_word' id='word_1_314' title='bbox 1143 2721 1199 2762; x_wconf 93' lang='lat' dir='ltr'><strong>ut</strong></span> <span class='ocrx_word' id='word_1_315' title='bbox 1219 2711 1469 2778; x_wconf 88' lang='lat' dir='ltr'><strong>putabant</strong></span> <span class='ocrx_word' id='word_1_316' title='bbox 1492 2713 1801 2780; x_wconf 88' lang='lat' dir='ltr'><strong>insipienter</strong></span> 
     </span>
    </p>
   </div>
   <div class='ocr_carea' id='block_1_43' title="bbox 209 2799 1799 2869">
    <p class='ocr_par' dir='ltr' id='par_1_43' title="bbox 209 2799 1799 2869">
     <span class='ocr_line' id='line_1_44' title="bbox 209 2799 1799 2869; baseline 0.001 -14"><span class='ocrx_word' id='word_1_317' title='bbox 209 2816 280 2855; x_wconf 84' lang='lat' dir='ltr'><strong>se</strong></span> <span class='ocrx_word' id='word_1_318' title='bbox 322 2817 436 2869; x_wconf 89' lang='lat' dir='ltr'><strong>pro</strong></span> <span class='ocrx_word' id='word_1_319' title='bbox 472 2803 592 2854; x_wconf 92' lang='lat' dir='ltr'><strong>Deo</strong></span> <span class='ocrx_word' id='word_1_320' title='bbox 635 2809 805 2861; x_wconf 86' lang='lat' dir='ltr'><strong>stare,</strong></span> <span class='ocrx_word' id='word_1_321' title='bbox 856 2800 1070 2852; x_wconf 87' lang='lat' dir='ltr'><strong>inventa</strong></span> <span class='ocrx_word' id='word_1_322' title='bbox 1113 2801 1396 2854; x_wconf 87' lang='lat' dir='ltr'><strong>occasione</strong></span> <span class='ocrx_word' id='word_1_323' title='bbox 1445 2799 1799 2868; x_wconf 82' lang='lat' dir='ltr'><strong>nequissimus</strong></span> 
     </span>
    </p>
   </div>
   <div class='ocr_carea' id='block_1_44' title="bbox 210 2887 1796 2957">
    <p class='ocr_par' dir='ltr' id='par_1_44' title="bbox 210 2887 1796 2957">
     <span class='ocr_line' id='line_1_45' title="bbox 210 2887 1796 2957; baseline 0.001 -13"><span class='ocrx_word' id='word_1_324' title='bbox 210 2891 461 2944; x_wconf 63' lang='lat' dir='ltr'><strong>damon</strong></span> <span class='ocrx_word' id='word_1_325' title='bbox 507 2893 578 2942; x_wconf 88' lang='lat' dir='ltr'><strong>ad</strong></span> <span class='ocrx_word' id='word_1_326' title='bbox 626 2889 1013 2957; x_wconf 80' lang='lat' dir='ltr'><strong>blasphemiam</strong></span> <span class='ocrx_word' id='word_1_327' title='bbox 1036 2889 1164 2954; x_wconf 86' lang='lat' dir='ltr'><strong>justi</strong></span> <span class='ocrx_word' id='word_1_328' title='bbox 1223 2887 1322 2943; x_wconf 92' lang='lat' dir='ltr'><strong>Job</strong></span> <span class='ocrx_word' id='word_1_329' title='bbox 1371 2889 1488 2944; x_wconf 91' lang='lat' dir='ltr'><strong>illos</strong></span> <span class='ocrx_word' id='word_1_330' title='bbox 1514 2895 1796 2947; x_wconf 82' lang='lat' dir='ltr'><strong>convertit.</strong></span> 
     </span>
    </p>
   </div>
   <div class='ocr_carea' id='block_1_45' title="bbox 208 2975 1797 3047">
    <p class='ocr_par' dir='ltr' id='par_1_45' title="bbox 208 2975 1797 3047">
     <span class='ocr_line' id='line_1_46' title="bbox 208 2975 1797 3047; baseline 0.001 -17"><span class='ocrx_word' id='word_1_331' title='bbox 208 2977 369 3030; x_wconf 79' lang='lat' dir='ltr'><strong>Nam</strong></span> <span class='ocrx_word' id='word_1_332' title='bbox 403 2977 554 3032; x_wconf 90' lang='lat' dir='ltr'><strong>sicut</strong></span> <span class='ocrx_word' id='word_1_333' title='bbox 587 2991 814 3030; x_wconf 79' lang='lat' dir='ltr'><strong>uxorem</strong></span> <span class='ocrx_word' id='word_1_334' title='bbox 839 2975 984 3043; x_wconf 86' lang='lat' dir='ltr'><strong>ejus,</strong></span> <span class='ocrx_word' id='word_1_335' title='bbox 1008 2976 1213 3044; x_wconf 89' lang='lat' dir='ltr'><strong>pridem</strong></span> <span class='ocrx_word' id='word_1_336' title='bbox 1244 2991 1365 3029; x_wconf 89' lang='lat' dir='ltr'><strong>cum</strong></span> <span class='ocrx_word' id='word_1_337' title='bbox 1387 2989 1528 3032; x_wconf 88' lang='lat' dir='ltr'><strong>esset</strong></span> <span class='ocrx_word' id='word_1_338' title='bbox 1558 2979 1797 3047; x_wconf 88' lang='lat' dir='ltr'><strong>religiosa</strong></span> 
     </span>
    </p>
   </div>
   <div class='ocr_carea' id='block_1_46' title="bbox 209 3065 1798 3140">
    <p class='ocr_par' dir='ltr' id='par_1_46' title="bbox 209 3065 1798 3140">
     <span class='ocr_line' id='line_1_47' title="bbox 209 3065 1798 3140; baseline 0.001 -21"><span class='ocrx_word' id='word_1_339' title='bbox 209 3067 704 3140; x_wconf 54' lang='lat' dir='ltr'><strong>atque.omnibus</strong></span> <span class='ocrx_word' id='word_1_340' title='bbox 733 3065 962 3132; x_wconf 88' lang='lat' dir='ltr'><strong>justitiis</strong></span> <span class='ocrx_word' id='word_1_341' title='bbox 1000 3065 1050 3118; x_wconf 92' lang='lat' dir='ltr'><strong>ei</strong></span> <span class='ocrx_word' id='word_1_342' title='bbox 1087 3066 1444 3130; x_wconf 88' lang='lat' dir='ltr'><strong>consentiens,</strong></span> <span class='ocrx_word' id='word_1_343' title='bbox 1473 3068 1524 3120; x_wconf 92' lang='lat' dir='ltr'><strong>in</strong></span> <span class='ocrx_word' id='word_1_344' title='bbox 1555 3068 1798 3137; x_wconf 88' lang='lat' dir='ltr'><strong>blasphe-</strong></span> 
     </span>
    </p>
   </div>
   <div class='ocr_carea' id='block_1_47' title="bbox 210 3141 1798 3225">
    <p class='ocr_par' dir='ltr' id='par_1_47' title="bbox 210 3141 1798 3225">
     <span class='ocr_line' id='line_1_48' title="bbox 210 3141 1798 3225; baseline 0.001 -17"><span class='ocrx_word' id='word_1_345' title='bbox 210 3141 403 3208; x_wconf 66' lang='lat' dir='ltr'><strong>miam</strong></span> <span class='ocrx_word' id='word_1_346' title='bbox 431 3154 773 3215; x_wconf 85' lang='lat' dir='ltr'><strong>immutavit,</strong></span> <span class='ocrx_word' id='word_1_347' title='bbox 798 3153 880 3206; x_wconf 93' lang='lat' dir='ltr'><strong>sic</strong></span> <span class='ocrx_word' id='word_1_348' title='bbox 904 3160 957 3206; x_wconf 90' lang='lat' dir='ltr'><strong>et</strong></span> <span class='ocrx_word' id='word_1_349' title='bbox 981 3162 1304 3207; x_wconf 87' lang='lat' dir='ltr'><strong>memoratos</strong></span> <span class='ocrx_word' id='word_1_350' title='bbox 1323 3155 1488 3209; x_wconf 89' lang='lat' dir='ltr'><strong>viros.</strong></span> <span class='ocrx_word' id='word_1_351' title='bbox 1513 3155 1589 3209; x_wconf 89' lang='lat' dir='ltr'><strong>De</strong></span> <span class='ocrx_word' id='word_1_352' title='bbox 1608 3157 1798 3225; x_wconf 89' lang='lat' dir='ltr'><strong>quibus</strong></span> 
     </span>
    </p>
   </div>
   <div class='ocr_carea' id='block_1_48' title="bbox 211 3241 1868 3331">
    <p class='ocr_par' dir='ltr' id='par_1_48' title="bbox 211 3241 1868 3331">
     <span class='ocr_line' id='line_1_49' title="bbox 211 3241 1868 3331; baseline 0.001 -34"><span class='ocrx_word' id='word_1_353' title='bbox 211 3245 367 3299; x_wconf 83' lang='lat' dir='ltr'><strong>dicit</strong></span> <span class='ocrx_word' id='word_1_354' title='bbox 391 3246 524 3298; x_wconf 88' lang='lat' dir='ltr'><strong>istic</strong></span> <span class='ocrx_word' id='word_1_355' title='bbox 557 3257 576 3296; x_wconf 86' lang='lat'><strong>:</strong></span> <span class='ocrx_word' id='word_1_356' title='bbox 603 3244 891 3296; x_wconf 79' lang='lat' dir='ltr'><strong>Audientes</strong></span> <span class='ocrx_word' id='word_1_357' title='bbox 916 3252 1017 3294; x_wconf 83' lang='lat' dir='ltr'><strong>tres</strong></span> <span class='ocrx_word' id='word_1_358' title='bbox 1046 3242 1198 3294; x_wconf 81' lang='lat' dir='ltr'><strong>amici</strong></span> <span class='ocrx_word' id='word_1_359' title='bbox 1213 3241 1322 3310; x_wconf 86' lang='lat' dir='ltr'><strong>ejus</strong></span> <span class='ocrx_word' id='word_1_360' title='bbox 1344 3245 1513 3296; x_wconf 85' lang='lat' dir='ltr'><strong>omnia</strong></span> <span class='ocrx_word' id='word_1_361' title='bbox 1533 3260 1644 3312; x_wconf 72' lang='lat' dir='ltr'><strong>qua:</strong></span> <span class='ocrx_word' id='word_1_362' title='bbox 1662 3247 1799 3298; x_wconf 81' lang='lat' dir='ltr'><strong>acci-</strong></span> <span class='ocrx_word' id='word_1_363' title='bbox 1823 3271 1868 3331; x_wconf 71' lang='grc' dir='ltr'>ο</span> 
     </span>
    </p>
   </div>
   <div class='ocr_carea' id='block_1_49' title="bbox 213 3329 1791 3402">
    <p class='ocr_par' dir='ltr' id='par_1_49' title="bbox 213 3329 1791 3402">
     <span class='ocr_line' id='line_1_50' title="bbox 213 3329 1791 3402; baseline 0.002 -18"><span class='ocrx_word' id='word_1_364' title='bbox 213 3333 419 3386; x_wconf 78' lang='lat' dir='ltr'><strong>derant</strong></span> <span class='ocrx_word' id='word_1_365' title='bbox 450 3333 549 3398; x_wconf 43' lang='grc' dir='ltr'><em>εἰη</em></span> <span class='ocrx_word' id='word_1_366' title='bbox 577 3332 810 3384; x_wconf 80' lang='lat' dir='ltr'><strong>filiorum</strong></span> <span class='ocrx_word' id='word_1_367' title='bbox 865 3329 1157 3392; x_wconf 89' lang='lat' dir='ltr'><strong>interitum,</strong></span> <span class='ocrx_word' id='word_1_368' title='bbox 1218 3332 1290 3384; x_wconf 92' lang='lat' dir='ltr'><strong>rei</strong></span> <span class='ocrx_word' id='word_1_369' title='bbox 1320 3331 1593 3386; x_wconf 83' lang='lat' dir='ltr'><strong>familiaris</strong></span> <span class='ocrx_word' id='word_1_370' title='bbox 1617 3335 1791 3402; x_wconf 53' lang='lat' dir='ltr'><strong>perdi.</strong></span> 
     </span>
    </p>
   </div>
   <div class='ocr_carea' id='block_1_50' title="bbox 217 3419 1793 3489">
    <p class='ocr_par' dir='ltr' id='par_1_50' title="bbox 217 3419 1793 3489">
     <span class='ocr_line' id='line_1_51' title="bbox 217 3419 1793 3489; baseline 0.003 -16"><span class='ocrx_word' id='word_1_371' title='bbox 217 3422 464 3483; x_wconf 84' lang='lat' dir='ltr'><strong>tionem,</strong></span> <span class='ocrx_word' id='word_1_372' title='bbox 509 3419 1166 3489; x_wconf 80' lang='lat' dir='ltr'><strong>corporisputredinem,</strong></span> <span class='ocrx_word' id='word_1_373' title='bbox 1205 3421 1464 3475; x_wconf 88' lang='lat' dir='ltr'><strong>vermium</strong></span> <span class='ocrx_word' id='word_1_374' title='bbox 1508 3425 1793 3476; x_wconf 88' lang='lat' dir='ltr'><strong>comestio-</strong></span> 
     </span>
    </p>
   </div>
   <div class='ocr_carea' id='block_1_51' title="bbox 217 3509 1794 3576">
    <p class='ocr_par' dir='ltr' id='par_1_51' title="bbox 217 3509 1794 3576">
     <span class='ocr_line' id='line_1_52' title="bbox 217 3509 1794 3576; baseline 0.003 -14"><span class='ocrx_word' id='word_1_375' title='bbox 217 3526 379 3574; x_wconf 88' lang='lat' dir='ltr'><strong>nem,</strong></span> <span class='ocrx_word' id='word_1_376' title='bbox 418 3512 733 3564; x_wconf 85' lang='lat' dir='ltr'><strong>liberorum</strong></span> <span class='ocrx_word' id='word_1_377' title='bbox 771 3509 1008 3576; x_wconf 89' lang='lat' dir='ltr'><strong>iniquam</strong></span> <span class='ocrx_word' id='word_1_378' title='bbox 1031 3511 1508 3576; x_wconf 87' lang='lat' dir='ltr'><strong>consumptionem,</strong></span> <span class='ocrx_word' id='word_1_379' title='bbox 1552 3527 1655 3566; x_wconf 92' lang='lat' dir='ltr'><strong>non</strong></span> <span class='ocrx_word' id='word_1_380' title='bbox 1681 3528 1794 3567; x_wconf 90' lang='lat' dir='ltr'><strong>me-</strong></span> 
     </span>
    </p>
   </div>
   <div class='ocr_carea' id='block_1_52' title="bbox 219 3594 1791 3662">
    <p class='ocr_par' dir='ltr' id='par_1_52' title="bbox 219 3594 1791 3662">
     <span class='ocr_line' id='line_1_53' title="bbox 219 3594 1791 3662; baseline 0.002 -13"><span class='ocrx_word' id='word_1_381' title='bbox 219 3597 531 3662; x_wconf 86' lang='lat' dir='ltr'><strong>diocriter,</strong></span> <span class='ocrx_word' id='word_1_382' title='bbox 582 3598 683 3650; x_wconf 87' lang='lat' dir='ltr'><strong>sed</strong></span> <span class='ocrx_word' id='word_1_383' title='bbox 727 3594 1020 3648; x_wconf 85' lang='lat' dir='ltr'><strong>miserabili</strong></span> <span class='ocrx_word' id='word_1_384' title='bbox 1069 3605 1228 3662; x_wconf 89' lang='lat' dir='ltr'><strong>atque</strong></span> <span class='ocrx_word' id='word_1_385' title='bbox 1261 3596 1584 3651; x_wconf 88' lang='lat' dir='ltr'><strong>lamentabili</strong></span> <span class='ocrx_word' id='word_1_386' title='bbox 1619 3600 1791 3662; x_wconf 90' lang='lat' dir='ltr'><strong>modo,</strong></span> 
     </span>
    </p>
   </div>
   <div class='ocr_carea' id='block_1_53' title="bbox 219 3687 1797 3753">
    <p class='ocr_par' dir='ltr' id='par_1_53' title="bbox 219 3687 1797 3753">
     <span class='ocr_line' id='line_1_54' title="bbox 219 3687 1797 3753; baseline 0.005 -18"><span class='ocrx_word' id='word_1_387' title='bbox 219 3694 286 3737; x_wconf 88' lang='lat' dir='ltr'><strong>nt</strong></span> <span class='ocrx_word' id='word_1_388' title='bbox 326 3687 598 3753; x_wconf 88' lang='lat' dir='ltr'><strong>superius</strong></span> <span class='ocrx_word' id='word_1_389' title='bbox 645 3687 1074 3739; x_wconf 87' lang='lat' dir='ltr'><strong>demonstratum</strong></span> <span class='ocrx_word' id='word_1_390' title='bbox 1111 3692 1211 3746; x_wconf 88' lang='lat' dir='ltr'><strong>est,</strong></span> <span class='ocrx_word' id='word_1_391' title='bbox 1239 3687 1642 3742; x_wconf 90' lang='lat' dir='ltr'><strong>condoluerunt.</strong></span> <span class='ocrx_word' id='word_1_392' title='bbox 1674 3688 1797 3743; x_wconf 67' lang='lat' dir='ltr'><strong>Haec</strong></span> 
     </span>
    </p>
   </div>
   <div class='ocr_carea' id='block_1_54' title="bbox 217 3772 1796 3844">
    <p class='ocr_par' dir='ltr' id='par_1_54' title="bbox 217 3772 1796 3844">
     <span class='ocr_line' id='line_1_55' title="bbox 217 3772 1796 3844; baseline 0 -16"><span class='ocrx_word' id='word_1_393' title='bbox 217 3775 420 3844; x_wconf 79' lang='lat' dir='ltr'><strong>itaque</strong></span> <span class='ocrx_word' id='word_1_394' title='bbox 449 3777 715 3827; x_wconf 88' lang='lat' dir='ltr'><strong>universa</strong></span> <span class='ocrx_word' id='word_1_395' title='bbox 746 3774 1028 3826; x_wconf 87' lang='lat' dir='ltr'><strong>audientes</strong></span> <span class='ocrx_word' id='word_1_396' title='bbox 1063 3781 1171 3823; x_wconf 87' lang='lat' dir='ltr'><strong>tres</strong></span> <span class='ocrx_word' id='word_1_397' title='bbox 1209 3772 1413 3826; x_wconf 88' lang='lat' dir='ltr'><strong>sodales</strong></span> <span class='ocrx_word' id='word_1_398' title='bbox 1453 3775 1590 3842; x_wconf 87' lang='lat' dir='ltr'><strong>ejus,</strong></span> <span class='ocrx_word' id='word_1_399' title='bbox 1621 3777 1796 3830; x_wconf 87' lang='lat' dir='ltr'><strong>obstu-</strong></span> 
     </span>
    </p>
   </div>
   <div class='ocr_carea' id='block_1_55' title="bbox 216 3860 1790 3930">
    <p class='ocr_par' dir='ltr' id='par_1_55' title="bbox 216 3860 1790 3930">
     <span class='ocr_line' id='line_1_56' title="bbox 216 3860 1790 3930; baseline 0.003 -16"><span class='ocrx_word' id='word_1_400' title='bbox 216 3870 501 3930; x_wconf 87' lang='lat' dir='ltr'><strong>puerunt,</strong></span> <span class='ocrx_word' id='word_1_401' title='bbox 548 3869 610 3914; x_wconf 91' lang='lat' dir='ltr'><strong>et</strong></span> <span class='ocrx_word' id='word_1_402' title='bbox 654 3862 958 3928; x_wconf 86' lang='lat' dir='ltr'><strong>pulatisne,</strong></span> <span class='ocrx_word' id='word_1_403' title='bbox 992 3860 1326 3926; x_wconf 84' lang='lat' dir='ltr'><strong>inquieutes,</strong></span> <span class='ocrx_word' id='word_1_404' title='bbox 1355 3861 1492 3914; x_wconf 89' lang='lat' dir='ltr'><strong>unde</strong></span> <span class='ocrx_word' id='word_1_405' title='bbox 1528 3862 1640 3916; x_wconf 68' lang='lat' dir='ltr'><strong>haec</strong></span> <span class='ocrx_word' id='word_1_406' title='bbox 1671 3865 1790 3918; x_wconf 88' lang='lat' dir='ltr'><strong>uni-</strong></span> 
     </span>
    </p>
   </div>
   <div class='ocr_carea' id='block_1_56' title="bbox 212 3948 1793 4018">
    <p class='ocr_par' dir='ltr' id='par_1_56' title="bbox 212 3948 1793 4018">
     <span class='ocr_line' id='line_1_57' title="bbox 212 3948 1793 4018; baseline 0.002 -15"><span class='ocrx_word' id='word_1_407' title='bbox 212 3964 392 4004; x_wconf 79' lang='lat' dir='ltr'><strong>versa</strong></span> <span class='ocrx_word' id='word_1_408' title='bbox 435 3950 846 4004; x_wconf 83' lang='lat' dir='ltr'><strong>obvenerunt?</strong></span> <span class='ocrx_word' id='word_1_409' title='bbox 893 3949 1171 4002; x_wconf 76' lang='lat' dir='ltr'><strong>ELutrum</strong></span> <span class='ocrx_word' id='word_1_410' title='bbox 1212 3948 1281 4001; x_wconf 90' lang='lat' dir='ltr'><strong>sit</strong></span> <span class='ocrx_word' id='word_1_411' title='bbox 1305 3949 1456 4002; x_wconf 87' lang='lat' dir='ltr'><strong>nobis</strong></span> <span class='ocrx_word' id='word_1_412' title='bbox 1481 3951 1716 4018; x_wconf 78' lang='lat' dir='ltr'><strong>gravius,</strong></span> <span class='ocrx_word' id='word_1_413' title='bbox 1761 3968 1793 4006; x_wconf 94' lang='lat' dir='ltr'><strong>o</strong></span> 
     </span>
    </p>
   </div>
   <div class='ocr_carea' id='block_1_57' title="bbox 213 4038 1792 4108">
    <p class='ocr_par' dir='ltr' id='par_1_57' title="bbox 213 4038 1792 4108">
     <span class='ocr_line' id='line_1_58' title="bbox 213 4038 1792 4108; baseline 0.004 -19"><span class='ocrx_word' id='word_1_414' title='bbox 213 4039 364 4102; x_wconf 77' lang='lat' dir='ltr'><strong>viri,</strong></span> <span class='ocrx_word' id='word_1_415' title='bbox 403 4041 649 4094; x_wconf 81' lang='lat' dir='ltr'><strong>hoccine</strong></span> <span class='ocrx_word' id='word_1_416' title='bbox 690 4039 834 4106; x_wconf 89' lang='lat' dir='ltr'><strong>quod</strong></span> <span class='ocrx_word' id='word_1_417' title='bbox 874 4039 1078 4092; x_wconf 88' lang='lat' dir='ltr'><strong>amicus</strong></span> <span class='ocrx_word' id='word_1_418' title='bbox 1117 4045 1298 4092; x_wconf 83' lang='lat' dir='ltr'><strong>uoster</strong></span> <span class='ocrx_word' id='word_1_419' title='bbox 1346 4038 1478 4092; x_wconf 83' lang='lat' dir='ltr'><strong>tales</strong></span> <span class='ocrx_word' id='word_1_420' title='bbox 1515 4042 1792 4108; x_wconf 85' lang='lat' dir='ltr'><strong>pertulerit</strong></span> 
     </span>
    </p>
   </div>
   <div class='ocr_carea' id='block_1_58' title="bbox 217 4127 1793 4194">
    <p class='ocr_par' dir='ltr' id='par_1_58' title="bbox 217 4127 1793 4194">
     <span class='ocr_line' id='line_1_59' title="bbox 217 4127 1793 4194; baseline 0.004 -15"><span class='ocrx_word' id='word_1_421' title='bbox 217 4129 518 4193; x_wconf 85' lang='lat' dir='ltr'><strong>miserias,</strong></span> <span class='ocrx_word' id='word_1_422' title='bbox 565 4144 637 4180; x_wconf 89' lang='lat' dir='ltr'><strong>an</strong></span> <span class='ocrx_word' id='word_1_423' title='bbox 684 4129 826 4194; x_wconf 88' lang='lat' dir='ltr'><strong>quod</strong></span> <span class='ocrx_word' id='word_1_424' title='bbox 867 4127 1074 4180; x_wconf 86' lang='lat' dir='ltr'><strong>Domini</strong></span> <span class='ocrx_word' id='word_1_425' title='bbox 1119 4127 1322 4180; x_wconf 85' lang='lat' dir='ltr'><strong>amicus</strong></span> <span class='ocrx_word' id='word_1_426' title='bbox 1365 4127 1487 4180; x_wconf 89' lang='lat' dir='ltr'><strong>talia</strong></span> <span class='ocrx_word' id='word_1_427' title='bbox 1538 4132 1793 4186; x_wconf 86' lang='lat' dir='ltr'><strong>sustineat</strong></span> 
     </span>
    </p>
   </div>
   <div class='ocr_carea' id='block_1_59' title="bbox 215 4216 1789 4284">
    <p class='ocr_par' dir='ltr' id='par_1_59' title="bbox 215 4216 1789 4284">
     <span class='ocr_line' id='line_1_60' title="bbox 215 4216 1789 4284; baseline 0.004 -16"><span class='ocrx_word' id='word_1_428' title='bbox 215 4219 394 4282; x_wconf 77' lang='lat' dir='ltr'><strong>mala,</strong></span> <span class='ocrx_word' id='word_1_429' title='bbox 427 4217 598 4284; x_wconf 86' lang='lat' dir='ltr'><strong>cujus</strong></span> <span class='ocrx_word' id='word_1_430' title='bbox 613 4216 1091 4282; x_wconf 81' lang='lat' dir='ltr'><strong>justiﬁcationibus</strong></span> <span class='ocrx_word' id='word_1_431' title='bbox 1117 4231 1178 4269; x_wconf 84' lang='lat' dir='ltr'><strong>ac</strong></span> <span class='ocrx_word' id='word_1_432' title='bbox 1199 4217 1574 4272; x_wconf 87' lang='lat' dir='ltr'><strong>misericordiis</strong></span> <span class='ocrx_word' id='word_1_433' title='bbox 1599 4221 1789 4275; x_wconf 60' lang='lat' dir='ltr'><strong>caelum</strong></span> 
     </span>
    </p>
   </div>
   <div class='ocr_carea' id='block_1_60' title="bbox 215 4305 1790 4362">
    <p class='ocr_par' dir='ltr' id='par_1_60' title="bbox 215 4305 1790 4362">
     <span class='ocr_line' id='line_1_61' title="bbox 215 4305 1790 4362; baseline 0.003 -4"><span class='ocrx_word' id='word_1_434' title='bbox 215 4315 281 4358; x_wconf 86' lang='lat' dir='ltr'><strong>et</strong></span> <span class='ocrx_word' id='word_1_435' title='bbox 315 4316 468 4360; x_wconf 87' lang='lat' dir='ltr'><strong>terra</strong></span> <span class='ocrx_word' id='word_1_436' title='bbox 514 4305 896 4359; x_wconf 85' lang='lat' dir='ltr'><strong>attestantur?</strong></span> <span class='ocrx_word' id='word_1_437' title='bbox 933 4305 1054 4360; x_wconf 77' lang='lat' dir='ltr'><strong>Haec</strong></span> <span class='ocrx_word' id='word_1_438' title='bbox 1086 4307 1290 4361; x_wconf 88' lang='lat' dir='ltr'><strong>scilicet</strong></span> <span class='ocrx_word' id='word_1_439' title='bbox 1329 4307 1572 4362; x_wconf 89' lang='lat' dir='ltr'><strong>universa</strong></span> <span class='ocrx_word' id='word_1_440' title='bbox 1602 4320 1660 4361; x_wconf 88' lang='lat' dir='ltr'><strong>ut</strong></span> <span class='ocrx_word' id='word_1_441' title='bbox 1698 4326 1790 4362; x_wconf 89' lang='lat' dir='ltr'><strong>au-</strong></span> 
     </span>
    </p>
   </div>
   <div class='ocr_carea' id='block_1_61' title="bbox 216 4394 1792 4462">
    <p class='ocr_par' dir='ltr' id='par_1_61' title="bbox 216 4394 1792 4462">
     <span class='ocr_line' id='line_1_62' title="bbox 216 4394 1792 4462; baseline 0.004 -19"><span class='ocrx_word' id='word_1_442' title='bbox 216 4394 477 4460; x_wconf 84' lang='lat' dir='ltr'><strong>dierunt,</strong></span> <span class='ocrx_word' id='word_1_443' title='bbox 513 4405 688 4462; x_wconf 91' lang='lat' dir='ltr'><strong>atque</strong></span> <span class='ocrx_word' id='word_1_444' title='bbox 721 4395 832 4447; x_wconf 64' lang='lat' dir='ltr'><strong>haec</strong></span> <span class='ocrx_word' id='word_1_445' title='bbox 861 4395 926 4445; x_wconf 89' lang='lat' dir='ltr'><strong>ad</strong></span> <span class='ocrx_word' id='word_1_446' title='bbox 951 4395 1177 4448; x_wconf 86' lang='lat' dir='ltr'><strong>invicem</strong></span> <span class='ocrx_word' id='word_1_447' title='bbox 1216 4397 1338 4450; x_wconf 91' lang='lat' dir='ltr'><strong>boni</strong></span> <span class='ocrx_word' id='word_1_448' title='bbox 1379 4397 1452 4449; x_wconf 92' lang='lat' dir='ltr'><strong>illi</strong></span> <span class='ocrx_word' id='word_1_449' title='bbox 1485 4399 1691 4452; x_wconf 87' lang='lat' dir='ltr'><strong>sodales</strong></span> <span class='ocrx_word' id='word_1_450' title='bbox 1723 4400 1792 4451; x_wconf 79' lang='lat' dir='ltr'><strong>lo-</strong></span> 
     </span>
    </p>
   </div>
   <div class='ocr_carea' id='block_1_62' title="bbox 215 4483 1784 4542">
    <p class='ocr_par' dir='ltr' id='par_1_62' title="bbox 215 4483 1784 4542">
     <span class='ocr_line' id='line_1_63' title="bbox 215 4483 1784 4542; baseline 0.004 -7"><span class='ocrx_word' id='word_1_451' title='bbox 215 4485 346 4535; x_wconf 84' lang='lat' dir='ltr'><strong>cuti</strong></span> <span class='ocrx_word' id='word_1_452' title='bbox 373 4494 540 4538; x_wconf 87' lang='lat' dir='ltr'><strong>sunt:</strong></span> <span class='ocrx_word' id='word_1_453' title='bbox 579 4483 846 4536; x_wconf 80' lang='lat' dir='ltr'><strong>Venerunt</strong></span> <span class='ocrx_word' id='word_1_454' title='bbox 876 4488 1048 4536; x_wconf 86' lang='lat' dir='ltr'><strong>statim</strong></span> <span class='ocrx_word' id='word_1_455' title='bbox 1067 4485 1220 4537; x_wconf 86' lang='lat' dir='ltr'><strong>simul</strong></span> <span class='ocrx_word' id='word_1_456' title='bbox 1243 4488 1310 4538; x_wconf 88' lang='lat' dir='ltr'><strong>ud</strong></span> <span class='ocrx_word' id='word_1_457' title='bbox 1339 4503 1452 4540; x_wconf 88' lang='lat' dir='ltr'><strong>eum</strong></span> <span class='ocrx_word' id='word_1_458' title='bbox 1476 4499 1526 4540; x_wconf 86' lang='lat' dir='ltr'><strong>ut</strong></span> <span class='ocrx_word' id='word_1_459' title='bbox 1552 4492 1784 4542; x_wconf 58' lang='lat' dir='ltr'><strong>consula.</strong></span> 
     </span>
    </p>
   </div>
   <div class='ocr_carea' id='block_1_63' title="bbox 217 4568 1863 4644">
    <p class='ocr_par' dir='ltr' id='par_1_63' title="bbox 217 4568 1863 4644">
     <span class='ocr_line' id='line_1_64' title="bbox 217 4568 1863 4644; baseline 0.006 -22"><span class='ocrx_word' id='word_1_460' title='bbox 217 4582 417 4626; x_wconf 64' lang='lat' dir='ltr'><strong>rentur</strong></span> <span class='ocrx_word' id='word_1_461' title='bbox 441 4590 571 4628; x_wconf 85' lang='lat' dir='ltr'><strong>eum</strong></span> <span class='ocrx_word' id='word_1_462' title='bbox 594 4584 644 4625; x_wconf 84' lang='lat' dir='ltr'><strong>et</strong></span> <span class='ocrx_word' id='word_1_463' title='bbox 672 4574 941 4625; x_wconf 79' lang='lat' dir='ltr'><strong>visitarent</strong></span> <span class='ocrx_word' id='word_1_464' title='bbox 978 4573 1124 4626; x_wconf 81' lang='lat' dir='ltr'><strong>illam</strong></span> <span class='ocrx_word' id='word_1_465' title='bbox 1149 4575 1212 4626; x_wconf 81' lang='lat'><strong>“.</strong></span> <span class='ocrx_word' id='word_1_466' title='bbox 1242 4576 1284 4626; x_wconf 89' lang='lat' dir='ltr'><strong>A</strong></span> <span class='ocrx_word' id='word_1_467' title='bbox 1313 4577 1596 4642; x_wconf 88' lang='lat' dir='ltr'><strong>prioribus,</strong></span> <span class='ocrx_word' id='word_1_468' title='bbox 1619 4580 1788 4644; x_wconf 89' lang='lat' dir='ltr'><strong>aiunt,</strong></span> <span class='ocrx_word' id='word_1_469' title='bbox 1821 4568 1863 4620; x_wconf 82' lang='grc' dir='ltr'><strong>Ῑ)</strong></span> 
     </span>
    </p>
   </div>
   <div class='ocr_carea' id='block_1_64' title="bbox 217 4662 1788 4734">
    <p class='ocr_par' dir='ltr' id='par_1_64' title="bbox 217 4662 1788 4734">
     <span class='ocr_line' id='line_1_65' title="bbox 217 4662 1788 4734; baseline 0.004 -20"><span class='ocrx_word' id='word_1_470' title='bbox 217 4663 487 4728; x_wconf 79' lang='lat' dir='ltr'><strong>patribus</strong></span> <span class='ocrx_word' id='word_1_471' title='bbox 541 4662 750 4714; x_wconf 86' lang='lat' dir='ltr'><strong>nostris</strong></span> <span class='ocrx_word' id='word_1_472' title='bbox 790 4662 1112 4726; x_wconf 85' lang='lat' dir='ltr'><strong>audivimus,</strong></span> <span class='ocrx_word' id='word_1_473' title='bbox 1141 4677 1173 4714; x_wconf 94' lang='grc' dir='ltr'><strong>ο</strong></span> <span class='ocrx_word' id='word_1_474' title='bbox 1214 4663 1332 4725; x_wconf 87' lang='lat' dir='ltr'><strong>viri,</strong></span> <span class='ocrx_word' id='word_1_475' title='bbox 1359 4667 1497 4730; x_wconf 88' lang='lat' dir='ltr'><strong>quod</strong></span> <span class='ocrx_word' id='word_1_476' title='bbox 1537 4669 1788 4734; x_wconf 89' lang='lat' dir='ltr'><strong>antiquus</strong></span> 
     </span>
    </p>
   </div>
   <div class='ocr_carea' id='block_1_65' title="bbox 219 4749 1792 4810">
    <p class='ocr_par' dir='ltr' id='par_1_65' title="bbox 219 4749 1792 4810">
     <span class='ocr_line' id='line_1_66' title="bbox 219 4749 1792 4810; baseline 0.006 -9"><span class='ocrx_word' id='word_1_477' title='bbox 219 4749 324 4803; x_wconf 84' lang='lat' dir='ltr'><strong>ille</strong></span> <span class='ocrx_word' id='word_1_478' title='bbox 373 4753 550 4804; x_wconf 83' lang='lat' dir='ltr'><strong>frater</strong></span> <span class='ocrx_word' id='word_1_479' title='bbox 596 4751 685 4802; x_wconf 89' lang='lat' dir='ltr'><strong>avi</strong></span> <span class='ocrx_word' id='word_1_480' title='bbox 744 4749 912 4803; x_wconf 82' lang='lat' dir='ltr'><strong>nostri</strong></span> <span class='ocrx_word' id='word_1_481' title='bbox 968 4750 1100 4803; x_wconf 85' lang='lat' dir='ltr'><strong>Esau</strong></span> <span class='ocrx_word' id='word_1_482' title='bbox 1143 4750 1304 4805; x_wconf 85' lang='lat' dir='ltr'><strong>Jacob</strong></span> <span class='ocrx_word' id='word_1_483' title='bbox 1347 4755 1617 4808; x_wconf 88' lang='lat' dir='ltr'><strong>duodecim</strong></span> <span class='ocrx_word' id='word_1_484' title='bbox 1659 4758 1792 4810; x_wconf 89' lang='lat' dir='ltr'><strong>lilios</strong></span> 
     </span>
    </p>
   </div>
   <div class='ocr_carea' id='block_1_66' title="bbox 222 4837 1788 4907">
    <p class='ocr_par' dir='ltr' id='par_1_66' title="bbox 222 4837 1788 4907">
     <span class='ocr_line' id='line_1_67' title="bbox 222 4837 1788 4907; baseline 0.004 -16"><span class='ocrx_word' id='word_1_485' title='bbox 222 4837 520 4903; x_wconf 80' lang='lat' dir='ltr'><strong>habuerit,</strong></span> <span class='ocrx_word' id='word_1_486' title='bbox 563 4849 619 4892; x_wconf 88' lang='lat' dir='ltr'><strong>et</strong></span> <span class='ocrx_word' id='word_1_487' title='bbox 659 4838 824 4891; x_wconf 80' lang='lat' dir='ltr'><strong>filiam</strong></span> <span class='ocrx_word' id='word_1_488' title='bbox 859 4853 1016 4890; x_wconf 88' lang='lat' dir='ltr'><strong>unam</strong></span> <span class='ocrx_word' id='word_1_489' title='bbox 1045 4853 1062 4892; x_wconf 89' lang='lat'><strong>:</strong></span> <span class='ocrx_word' id='word_1_490' title='bbox 1098 4854 1210 4892; x_wconf 90' lang='lat' dir='ltr'><strong>cum</strong></span> <span class='ocrx_word' id='word_1_491' title='bbox 1241 4856 1402 4894; x_wconf 90' lang='lat' dir='ltr'><strong>unum</strong></span> <span class='ocrx_word' id='word_1_492' title='bbox 1431 4858 1494 4894; x_wconf 80' lang='lat' dir='ltr'><strong>ex</strong></span> <span class='ocrx_word' id='word_1_493' title='bbox 1521 4847 1788 4907; x_wconf 86' lang='lat' dir='ltr'><strong>omnibus,</strong></span> 
     </span>
    </p>
   </div>
   <div class='ocr_carea' id='block_1_67' title="bbox 219 4925 1787 4994">
    <p class='ocr_par' dir='ltr' id='par_1_67' title="bbox 219 4925 1787 4994">
     <span class='ocr_line' id='line_1_68' title="bbox 219 4925 1787 4994; baseline 0.004 -18"><span class='ocrx_word' id='word_1_494' title='bbox 219 4935 290 4977; x_wconf 83' lang='lat' dir='ltr'><strong>ut</strong></span> <span class='ocrx_word' id='word_1_495' title='bbox 325 4929 579 4993; x_wconf 86' lang='lat' dir='ltr'><strong>putabat,</strong></span> <span class='ocrx_word' id='word_1_496' title='bbox 619 4925 966 4994; x_wconf 88' lang='lat' dir='ltr'><strong>perdidisset,</strong></span> <span class='ocrx_word' id='word_1_497' title='bbox 997 4934 1196 4979; x_wconf 85' lang='lat' dir='ltr'><strong>tantum</strong></span> <span class='ocrx_word' id='word_1_498' title='bbox 1233 4926 1376 4981; x_wconf 90' lang='lat' dir='ltr'><strong>illum</strong></span> <span class='ocrx_word' id='word_1_499' title='bbox 1425 4944 1584 4982; x_wconf 90' lang='lat' dir='ltr'><strong>unum</strong></span> <span class='ocrx_word' id='word_1_500' title='bbox 1634 4934 1787 4994; x_wconf 80' lang='lat' dir='ltr'><strong>luxit,</strong></span> 
     </span>
    </p>
   </div>
   <div class='ocr_carea' id='block_1_68' title="bbox 219 5013 1786 5082">
    <p class='ocr_par' dir='ltr' id='par_1_68' title="bbox 219 5013 1786 5082">
     <span class='ocr_line' id='line_1_69' title="bbox 219 5013 1786 5082; baseline 0.002 -12"><span class='ocrx_word' id='word_1_501' title='bbox 219 5026 286 5070; x_wconf 87' lang='lat' dir='ltr'><strong>et</strong></span> <span class='ocrx_word' id='word_1_502' title='bbox 335 5031 532 5071; x_wconf 87' lang='lat' dir='ltr'><strong>omnes</strong></span> <span class='ocrx_word' id='word_1_503' title='bbox 583 5016 680 5068; x_wconf 83' lang='lat' dir='ltr'><strong>lilii</strong></span> <span class='ocrx_word' id='word_1_504' title='bbox 727 5013 844 5081; x_wconf 75' lang='lat' dir='ltr'><strong>ejus</strong></span> <span class='ocrx_word' id='word_1_505' title='bbox 877 5025 934 5067; x_wconf 88' lang='lat' dir='ltr'><strong>et</strong></span> <span class='ocrx_word' id='word_1_506' title='bbox 967 5014 1090 5067; x_wconf 69' lang='lat' dir='ltr'><strong>filiae</strong></span> <span class='ocrx_word' id='word_1_507' title='bbox 1131 5016 1308 5082; x_wconf 92' lang='lat' dir='ltr'><strong>procul</strong></span> <span class='ocrx_word' id='word_1_508' title='bbox 1357 5015 1515 5070; x_wconf 90' lang='lat' dir='ltr'><strong>dubio</strong></span> <span class='ocrx_word' id='word_1_509' title='bbox 1551 5028 1605 5070; x_wconf 85' lang='lat' dir='ltr'><strong>et</strong></span> <span class='ocrx_word' id='word_1_510' title='bbox 1635 5021 1786 5074; x_wconf 89' lang='lat' dir='ltr'><strong>multi</strong></span> 
     </span>
    </p>
   </div>
   <div class='ocr_carea' id='block_1_69' title="bbox 219 5102 1788 5170">
    <p class='ocr_par' dir='ltr' id='par_1_69' title="bbox 219 5102 1788 5170">
     <span class='ocr_line' id='line_1_70' title="bbox 219 5102 1788 5170; baseline 0.004 -16"><span class='ocrx_word' id='word_1_511' title='bbox 219 5104 472 5159; x_wconf 80' lang='lat' dir='ltr'><strong>aliorum</strong></span> <span class='ocrx_word' id='word_1_512' title='bbox 505 5103 817 5157; x_wconf 84' lang='lat' dir='ltr'><strong>amicorum</strong></span> <span class='ocrx_word' id='word_1_513' title='bbox 852 5102 1231 5155; x_wconf 88' lang='lat' dir='ltr'><strong>convenientes</strong></span> <span class='ocrx_word' id='word_1_514' title='bbox 1277 5112 1493 5170; x_wconf 86' lang='lat' dir='ltr'><strong>propter</strong></span> <span class='ocrx_word' id='word_1_515' title='bbox 1529 5120 1688 5157; x_wconf 89' lang='lat' dir='ltr'><strong>unum</strong></span> <span class='ocrx_word' id='word_1_516' title='bbox 1729 5108 1788 5160; x_wconf 85' lang='lat' dir='ltr'><strong>ﬁ-</strong></span> 
     </span>
    </p>
   </div>
   <div class='ocr_carea' id='block_1_70' title="bbox 223 5191 1786 5250">
    <p class='ocr_par' dir='ltr' id='par_1_70' title="bbox 223 5191 1786 5250">
     <span class='ocr_line' id='line_1_71' title="bbox 223 5191 1786 5250; baseline 0.004 -6"><span class='ocrx_word' id='word_1_517' title='bbox 223 5193 374 5245; x_wconf 86' lang='lat' dir='ltr'><strong>lium</strong></span> <span class='ocrx_word' id='word_1_518' title='bbox 397 5193 675 5248; x_wconf 88' lang='lat' dir='ltr'><strong>consolati</strong></span> <span class='ocrx_word' id='word_1_519' title='bbox 703 5199 836 5244; x_wconf 88' lang='lat' dir='ltr'><strong>sunt</strong></span> <span class='ocrx_word' id='word_1_520' title='bbox 866 5204 988 5242; x_wconf 89' lang='lat' dir='ltr'><strong>eum</strong></span> <span class='ocrx_word' id='word_1_521' title='bbox 1015 5205 1030 5242; x_wconf 89' lang='lat'><strong>:</strong></span> <span class='ocrx_word' id='word_1_522' title='bbox 1065 5199 1118 5242; x_wconf 93' lang='lat' dir='ltr'><strong>et</strong></span> <span class='ocrx_word' id='word_1_523' title='bbox 1147 5191 1315 5244; x_wconf 89' lang='lat' dir='ltr'><strong>noluit</strong></span> <span class='ocrx_word' id='word_1_524' title='bbox 1341 5192 1600 5246; x_wconf 89' lang='lat' dir='ltr'><strong>consolari</strong></span> <span class='ocrx_word' id='word_1_525' title='bbox 1624 5196 1786 5250; x_wconf 89' lang='lat' dir='ltr'><strong>etiam</strong></span> 
     </span>
    </p>
   </div>
   <div class='ocr_carea' id='block_1_71' title="bbox 213 5279 1789 5341">
    <p class='ocr_par' dir='ltr' id='par_1_71' title="bbox 213 5279 1789 5341">
     <span class='ocr_line' id='line_1_72' title="bbox 213 5279 1789 5341; baseline 0.002 -8"><span class='ocrx_word' id='word_1_526' title='bbox 213 5282 488 5336; x_wconf 86' lang='lat' dir='ltr'><strong>incolumi</strong></span> <span class='ocrx_word' id='word_1_527' title='bbox 514 5297 575 5336; x_wconf 89' lang='lat' dir='ltr'><strong>re</strong></span> <span class='ocrx_word' id='word_1_528' title='bbox 597 5279 896 5340; x_wconf 76' lang='lat' dir='ltr'><strong>familiari,</strong></span> <span class='ocrx_word' id='word_1_529' title='bbox 914 5280 1192 5332; x_wconf 76' lang='lat' dir='ltr'><strong>etczeteris</strong></span> <span class='ocrx_word' id='word_1_530' title='bbox 1207 5281 1450 5334; x_wconf 88' lang='lat' dir='ltr'><strong>omnibus</strong></span> <span class='ocrx_word' id='word_1_531' title='bbox 1491 5282 1789 5341; x_wconf 88' lang='lat' dir='ltr'><strong>viventibus</strong></span> 
     </span>
    </p>
   </div>
   <div class='ocr_carea' id='block_1_72' title="bbox 206 5367 1787 5436">
    <p class='ocr_par' dir='ltr' id='par_1_72' title="bbox 206 5367 1787 5436">
     <span class='ocr_line' id='line_1_73' title="bbox 206 5367 1787 5436; baseline 0.005 -16"><span class='ocrx_word' id='word_1_532' title='bbox 206 5380 388 5436; x_wconf 82' lang='lat' dir='ltr'><strong>atque</strong></span> <span class='ocrx_word' id='word_1_533' title='bbox 415 5373 663 5426; x_wconf 88' lang='lat' dir='ltr'><strong>sanitate</strong></span> <span class='ocrx_word' id='word_1_534' title='bbox 703 5367 967 5434; x_wconf 84' lang='lat' dir='ltr'><strong>corporis</strong></span> <span class='ocrx_word' id='word_1_535' title='bbox 1005 5377 1345 5432; x_wconf 82' lang='lat' dir='ltr'><strong>permanente</strong></span> <span class='ocrx_word' id='word_1_536' title='bbox 1372 5385 1386 5420; x_wconf 89' lang='lat'><strong>:</strong></span> <span class='ocrx_word' id='word_1_537' title='bbox 1417 5379 1466 5422; x_wconf 91' lang='lat' dir='ltr'><strong>et</strong></span> <span class='ocrx_word' id='word_1_538' title='bbox 1493 5385 1612 5423; x_wconf 91' lang='lat' dir='ltr'><strong>cum</strong></span> <span class='ocrx_word' id='word_1_539' title='bbox 1644 5374 1787 5428; x_wconf 91' lang='lat' dir='ltr'><strong>nulla</strong></span> 
     </span>
    </p>
   </div>
   <div class='ocr_carea' id='block_1_73' title="bbox 195 5457 1792 5525">
    <p class='ocr_par' dir='ltr' id='par_1_73' title="bbox 195 5457 1792 5525">
     <span class='ocr_line' id='line_1_74' title="bbox 195 5457 1792 5525; baseline 0.014 -30"><span class='ocrx_word' id='word_1_540' title='bbox 195 5470 304 5506; x_wconf 65' lang='grc' dir='ltr'><strong>να</strong></span> <span class='ocrx_word' id='word_1_541' title='bbox 346 5472 495 5518; x_wconf 61' lang='lat' dir='ltr'><strong>esse;</strong></span> <span class='ocrx_word' id='word_1_542' title='bbox 545 5459 662 5513; x_wconf 76' lang='lat' dir='ltr'><strong>alia</strong></span> <span class='ocrx_word' id='word_1_543' title='bbox 717 5468 853 5520; x_wconf 80' lang='lat' dir='ltr'><strong>quae</strong></span> <span class='ocrx_word' id='word_1_544' title='bbox 905 5467 1026 5504; x_wconf 89' lang='lat' dir='ltr'><strong>eum</strong></span> <span class='ocrx_word' id='word_1_545' title='bbox 1077 5457 1423 5515; x_wconf 71' lang='lat' dir='ltr'><strong>contristat-et,</strong></span> <span class='ocrx_word' id='word_1_546' title='bbox 1473 5472 1575 5509; x_wconf 92' lang='lat' dir='ltr'><strong>nou</strong></span> <span class='ocrx_word' id='word_1_547' title='bbox 1614 5465 1792 5525; x_wconf 89' lang='lat' dir='ltr'><strong>potuit</strong></span> 
     </span>
    </p>
   </div>
   <div class='ocr_carea' id='block_1_74' title="bbox 177 5532 1786 5602">
    <p class='ocr_par' dir='ltr' id='par_1_74' title="bbox 177 5532 1786 5602">
     <span class='ocr_line' id='line_1_75' title="bbox 177 5532 1786 5602; baseline 0.007 -17"><span class='ocrx_word' id='word_1_548' title='bbox 177 5535 528 5602; x_wconf 52' lang='lat' dir='ltr'><strong>extrita-ari,</strong></span> <span class='ocrx_word' id='word_1_549' title='bbox 583 5539 646 5592; x_wconf 86' lang='lat' dir='ltr'><strong>Si</strong></span> <span class='ocrx_word' id='word_1_550' title='bbox 688 5543 888 5588; x_wconf 85' lang='lat' dir='ltr'><strong>autem</strong></span> <span class='ocrx_word' id='word_1_551' title='bbox 940 5532 1025 5584; x_wconf 90' lang='lat' dir='ltr'><strong>ille</strong></span> <span class='ocrx_word' id='word_1_552' title='bbox 1081 5533 1232 5588; x_wconf 86' lang='lat' dir='ltr'><strong>Jacob</strong></span> <span class='ocrx_word' id='word_1_553' title='bbox 1285 5536 1352 5586; x_wconf 89' lang='lat' dir='ltr'><strong>ita</strong></span> <span class='ocrx_word' id='word_1_554' title='bbox 1394 5539 1623 5602; x_wconf 83' lang='lat' dir='ltr'><strong>graviter</strong></span> <span class='ocrx_word' id='word_1_555' title='bbox 1663 5543 1786 5598; x_wconf 92' lang='lat' dir='ltr'><strong>tulit</strong></span> 
     </span>
    </p>
   </div>
   <div class='ocr_carea' id='block_1_75' title="bbox 171 5618 1789 5692">
    <p class='ocr_par' dir='ltr' id='par_1_75' title="bbox 171 5618 1789 5692">
     <span class='ocr_line' id='line_1_76' title="bbox 171 5618 1789 5692; baseline 0.009 -21"><span class='ocrx_word' id='word_1_556' title='bbox 171 5618 365 5692; x_wconf 74' lang='lat' dir='ltr'><strong>unius</strong></span> <span class='ocrx_word' id='word_1_557' title='bbox 402 5633 504 5687; x_wconf 82' lang='lat' dir='ltr'><strong>ﬁlii</strong></span> <span class='ocrx_word' id='word_1_558' title='bbox 545 5619 1044 5689; x_wconf 78' lang='lat' dir='ltr'><strong>deSperationem,</strong></span> <span class='ocrx_word' id='word_1_559' title='bbox 1091 5622 1342 5689; x_wconf 88' lang='lat' dir='ltr'><strong>quomodo</strong></span> <span class='ocrx_word' id='word_1_560' title='bbox 1384 5626 1641 5680; x_wconf 81' lang='lat' dir='ltr'><strong>Sustineat</strong></span> <span class='ocrx_word' id='word_1_561' title='bbox 1688 5628 1789 5686; x_wconf 92' lang='grc'><strong>101)</strong></span> 
     </span>
    </p>
   </div>
   <div class='ocr_carea' id='block_1_76' title="bbox 236 5795 543 5868">
    <p class='ocr_par' dir='ltr' id='par_1_76' title="bbox 236 5795 543 5868">
     <span class='ocr_line' id='line_1_77' title="bbox 236 5795 543 5868; baseline -0.007 0"><span class='ocrx_word' id='word_1_562' title='bbox 236 5795 296 5830; x_wconf 67' lang='grc'><strong><em>⁸⁸</em></strong></span> <span class='ocrx_word' id='word_1_563' title='bbox 344 5813 448 5868; x_wconf 89' lang='lat' dir='ltr'><strong>Job</strong></span> <span class='ocrx_word' id='word_1_564' title='bbox 477 5823 543 5861; x_wconf 81' lang='lat' dir='ltr'><strong>u-</strong></span> 
     </span>
    </p>
   </div>
   <div class='ocr_carea' id='block_1_77' title="bbox 1903 2079 3415 2150">
    <p class='ocr_par' dir='ltr' id='par_1_77' title="bbox 1903 2079 3415 2150">
     <span class='ocr_line' id='line_1_78' title="bbox 1903 2079 3415 2150; baseline 0.003 -20"><span class='ocrx_word' id='word_1_565' title='bbox 1903 2088 2155 2146; x_wconf 88' lang='lat' dir='ltr'><strong>lauquam</strong></span> <span class='ocrx_word' id='word_1_566' title='bbox 2220 2096 2358 2134; x_wconf 92' lang='lat' dir='ltr'><strong>unus</strong></span> <span class='ocrx_word' id='word_1_567' title='bbox 2415 2096 2480 2133; x_wconf 83' lang='lat' dir='ltr'><strong>ex</strong></span> <span class='ocrx_word' id='word_1_568' title='bbox 2542 2079 2749 2146; x_wconf 88' lang='lat' dir='ltr'><strong>injustis</strong></span> <span class='ocrx_word' id='word_1_569' title='bbox 2800 2090 3094 2150; x_wconf 83' lang='lat' dir='ltr'><strong>torquetur.</strong></span> <span class='ocrx_word' id='word_1_570' title='bbox 3161 2079 3415 2134; x_wconf 81' lang='lat' dir='ltr'><strong>Venerunt</strong></span> 
     </span>
    </p>
   </div>
   <div class='ocr_carea' id='block_1_78' title="bbox 1897 2168 3414 2237">
    <p class='ocr_par' dir='ltr' id='par_1_78' title="bbox 1897 2168 3414 2237">
     <span class='ocr_line' id='line_1_79' title="bbox 1897 2168 3414 2237; baseline 0.003 -18"><span class='ocrx_word' id='word_1_571' title='bbox 1897 2168 2052 2220; x_wconf 78' lang='lat' dir='ltr'><strong>simul</strong></span> <span class='ocrx_word' id='word_1_572' title='bbox 2083 2169 2148 2220; x_wconf 84' lang='lat' dir='ltr'><strong>ad</strong></span> <span class='ocrx_word' id='word_1_573' title='bbox 2185 2184 2320 2221; x_wconf 87' lang='lat' dir='ltr'><strong>eum.</strong></span> <span class='ocrx_word' id='word_1_574' title='bbox 2372 2169 2688 2233; x_wconf 86' lang='lat' dir='ltr'><strong>Quomodo?</strong></span> <span class='ocrx_word' id='word_1_575' title='bbox 2726 2169 3038 2224; x_wconf 88' lang='lat' dir='ltr'><strong>Statuerunt</strong></span> <span class='ocrx_word' id='word_1_576' title='bbox 3078 2180 3302 2237; x_wconf 88' lang='lat' dir='ltr'><strong>tempus,</strong></span> <span class='ocrx_word' id='word_1_577' title='bbox 3335 2171 3414 2223; x_wconf 57' lang='lat' dir='ltr'><strong>di-</strong></span> 
     </span>
    </p>
   </div>
   <div class='ocr_carea' id='block_1_79' title="bbox 1899 2257 3410 2326">
    <p class='ocr_par' dir='ltr' id='par_1_79' title="bbox 1899 2257 3410 2326">
     <span class='ocr_line' id='line_1_80' title="bbox 1899 2257 3410 2326; baseline 0.002 -18"><span class='ocrx_word' id='word_1_578' title='bbox 1899 2257 2065 2310; x_wconf 88' lang='lat' dir='ltr'><strong>tueusi</strong></span> <span class='ocrx_word' id='word_1_579' title='bbox 2093 2268 2212 2310; x_wconf 91' lang='lat' dir='ltr'><strong>sunt</strong></span> <span class='ocrx_word' id='word_1_580' title='bbox 2253 2258 2412 2310; x_wconf 86' lang='lat' dir='ltr'><strong>diem.</strong></span> <span class='ocrx_word' id='word_1_581' title='bbox 2462 2258 2731 2323; x_wconf 81' lang='lat' dir='ltr'><strong>Quomodo</strong></span> <span class='ocrx_word' id='word_1_582' title='bbox 2747 2259 2903 2312; x_wconf 75' lang='lat' dir='ltr'><strong>simul</strong></span> <span class='ocrx_word' id='word_1_583' title='bbox 2929 2261 3122 2326; x_wconf 84' lang='lat' dir='ltr'><strong>pariter</strong></span> <span class='ocrx_word' id='word_1_584' title='bbox 3139 2270 3410 2323; x_wconf 87' lang='lat' dir='ltr'><strong>venerunt,</strong></span> 
     </span>
    </p>
   </div>
   <div class='ocr_carea' id='block_1_80' title="bbox 1897 2347 3409 2418">
    <p class='ocr_par' dir='ltr' id='par_1_80' title="bbox 1897 2347 3409 2418">
     <span class='ocr_line' id='line_1_81' title="bbox 1897 2347 3409 2418; baseline 0.003 -20"><span class='ocrx_word' id='word_1_585' title='bbox 1897 2353 1951 2398; x_wconf 87' lang='lat' dir='ltr'><strong>et</strong></span> <span class='ocrx_word' id='word_1_586' title='bbox 1982 2361 2082 2397; x_wconf 88' lang='lat' dir='ltr'><strong>non</strong></span> <span class='ocrx_word' id='word_1_587' title='bbox 2108 2347 2467 2414; x_wconf 70' lang='lat' dir='ltr'><strong>umnsquisque</strong></span> <span class='ocrx_word' id='word_1_588' title='bbox 2496 2362 2523 2400; x_wconf 88' lang='lat' dir='ltr'><strong>a</strong></span> <span class='ocrx_word' id='word_1_589' title='bbox 2557 2363 2632 2412; x_wconf 91' lang='lat' dir='ltr'><strong>se,</strong></span> <span class='ocrx_word' id='word_1_590' title='bbox 2666 2363 2834 2418; x_wconf 88' lang='lat' dir='ltr'><strong>neque</strong></span> <span class='ocrx_word' id='word_1_591' title='bbox 2864 2364 2956 2415; x_wconf 90' lang='lat' dir='ltr'><strong>per</strong></span> <span class='ocrx_word' id='word_1_592' title='bbox 2997 2364 3053 2402; x_wconf 90' lang='lat' dir='ltr'><strong>se</strong></span> <span class='ocrx_word' id='word_1_593' title='bbox 3083 2349 3249 2415; x_wconf 90' lang='lat' dir='ltr'><strong>ipsum</strong></span> <span class='ocrx_word' id='word_1_594' title='bbox 3275 2351 3298 2402; x_wconf 86' lang='lat'><strong>?</strong></span> <span class='ocrx_word' id='word_1_595' title='bbox 3320 2351 3409 2403; x_wconf 89' lang='lat' dir='ltr'><strong>Dei</strong></span> 
     </span>
    </p>
   </div>
   <div class='ocr_carea' id='block_1_81' title="bbox 1899 2433 3412 2505">
    <p class='ocr_par' dir='ltr' id='par_1_81' title="bbox 1899 2433 3412 2505">
     <span class='ocr_line' id='line_1_82' title="bbox 1899 2433 3412 2505; baseline 0.004 -21"><span class='ocrx_word' id='word_1_596' title='bbox 1899 2433 2222 2500; x_wconf 89' lang='lat' dir='ltr'><strong>providentia</strong></span> <span class='ocrx_word' id='word_1_597' title='bbox 2280 2443 2438 2501; x_wconf 89' lang='lat' dir='ltr'><strong>atque</strong></span> <span class='ocrx_word' id='word_1_598' title='bbox 2486 2434 2578 2487; x_wconf 90' lang='lat' dir='ltr'><strong>Dei</strong></span> <span class='ocrx_word' id='word_1_599' title='bbox 2629 2436 2933 2501; x_wconf 87' lang='lat' dir='ltr'><strong>operatione</strong></span> <span class='ocrx_word' id='word_1_600' title='bbox 2975 2436 3046 2488; x_wconf 86' lang='lat' dir='ltr'><strong>ita</strong></span> <span class='ocrx_word' id='word_1_601' title='bbox 3105 2437 3412 2505; x_wconf 85' lang='lat' dir='ltr'><strong>disponente</strong></span> 
     </span>
    </p>
   </div>
   <div class='ocr_carea' id='block_1_82' title="bbox 1897 2521 3411 2593">
    <p class='ocr_par' dir='ltr' id='par_1_82' title="bbox 1897 2521 3411 2593">
     <span class='ocr_line' id='line_1_83' title="bbox 1897 2521 3411 2593; baseline 0.006 -21"><span class='ocrx_word' id='word_1_602' title='bbox 1897 2528 2056 2586; x_wconf 86' lang='lat' dir='ltr'><strong>atque</strong></span> <span class='ocrx_word' id='word_1_603' title='bbox 2083 2521 2410 2586; x_wconf 88' lang='lat' dir='ltr'><strong>providente,</strong></span> <span class='ocrx_word' id='word_1_604' title='bbox 2439 2531 2493 2574; x_wconf 91' lang='lat' dir='ltr'><strong>ut</strong></span> <span class='ocrx_word' id='word_1_605' title='bbox 2532 2539 2636 2585; x_wconf 89' lang='lat' dir='ltr'><strong>non</strong></span> <span class='ocrx_word' id='word_1_606' title='bbox 2665 2524 2858 2593; x_wconf 88' lang='lat' dir='ltr'><strong>singuli</strong></span> <span class='ocrx_word' id='word_1_607' title='bbox 2886 2535 3003 2592; x_wconf 92' lang='lat' dir='ltr'><strong>post</strong></span> <span class='ocrx_word' id='word_1_608' title='bbox 3037 2535 3243 2593; x_wconf 90' lang='lat' dir='ltr'><strong>tempus</strong></span> <span class='ocrx_word' id='word_1_609' title='bbox 3269 2529 3411 2581; x_wconf 88' lang='lat' dir='ltr'><strong>veni-</strong></span> 
     </span>
    </p>
   </div>
   <div class='ocr_carea' id='block_1_83' title="bbox 1897 2609 3410 2684">
    <p class='ocr_par' dir='ltr' id='par_1_83' title="bbox 1897 2609 3410 2684">
     <span class='ocr_line' id='line_1_84' title="bbox 1897 2609 3410 2684; baseline 0.006 -23"><span class='ocrx_word' id='word_1_610' title='bbox 1897 2618 2016 2661; x_wconf 87' lang='lat' dir='ltr'><strong>rent</strong></span> <span class='ocrx_word' id='word_1_611' title='bbox 2039 2609 2104 2659; x_wconf 90' lang='lat' dir='ltr'><strong>ad</strong></span> <span class='ocrx_word' id='word_1_612' title='bbox 2133 2616 2360 2676; x_wconf 84' lang='lat' dir='ltr'><strong>tempus,</strong></span> <span class='ocrx_word' id='word_1_613' title='bbox 2411 2611 2502 2663; x_wconf 91' lang='lat' dir='ltr'><strong>sed</strong></span> <span class='ocrx_word' id='word_1_614' title='bbox 2545 2626 2726 2666; x_wconf 85' lang='lat' dir='ltr'><strong>omnes</strong></span> <span class='ocrx_word' id='word_1_615' title='bbox 2763 2615 2967 2676; x_wconf 89' lang='lat' dir='ltr'><strong>statim,</strong></span> <span class='ocrx_word' id='word_1_616' title='bbox 2997 2629 3181 2667; x_wconf 88' lang='lat' dir='ltr'><strong>oumes</strong></span> <span class='ocrx_word' id='word_1_617' title='bbox 3209 2617 3410 2684; x_wconf 86' lang='lat' dir='ltr'><strong>pariter</strong></span> 
     </span>
    </p>
   </div>
   <div class='ocr_carea' id='block_1_84' title="bbox 1898 2697 3406 2768">
    <p class='ocr_par' dir='ltr' id='par_1_84' title="bbox 1898 2697 3406 2768">
     <span class='ocr_line' id='line_1_85' title="bbox 1898 2697 3406 2768; baseline 0.007 -21"><span class='ocrx_word' id='word_1_618' title='bbox 1898 2709 2002 2747; x_wconf 93' lang='lat' dir='ltr'><strong>uno</strong></span> <span class='ocrx_word' id='word_1_619' title='bbox 2041 2705 2300 2762; x_wconf 90' lang='lat' dir='ltr'><strong>tempore,</strong></span> <span class='ocrx_word' id='word_1_620' title='bbox 2329 2712 2433 2750; x_wconf 83' lang='lat' dir='ltr'><strong>uno</strong></span> <span class='ocrx_word' id='word_1_621' title='bbox 2455 2697 2560 2759; x_wconf 91' lang='lat' dir='ltr'><strong>die,</strong></span> <span class='ocrx_word' id='word_1_622' title='bbox 2594 2715 2693 2752; x_wconf 89' lang='lat' dir='ltr'><strong>una</strong></span> <span class='ocrx_word' id='word_1_623' title='bbox 2721 2700 2870 2763; x_wconf 88' lang='lat' dir='ltr'><strong>bora,</strong></span> <span class='ocrx_word' id='word_1_624' title='bbox 2907 2711 3086 2768; x_wconf 87' lang='lat' dir='ltr'><strong>utpote</strong></span> <span class='ocrx_word' id='word_1_625' title='bbox 3114 2703 3406 2768; x_wconf 87' lang='lat' dir='ltr'><strong>unanimes,</strong></span> 
     </span>
    </p>
   </div>
   <div class='ocr_carea' id='block_1_85' title="bbox 1896 2784 3408 2852">
    <p class='ocr_par' dir='ltr' id='par_1_85' title="bbox 1896 2784 3408 2852">
     <span class='ocr_line' id='line_1_86' title="bbox 1896 2784 3408 2852; baseline 0.008 -20"><span class='ocrx_word' id='word_1_626' title='bbox 1896 2789 2073 2847; x_wconf 88' lang='lat' dir='ltr'><strong>utpote</strong></span> <span class='ocrx_word' id='word_1_627' title='bbox 2104 2795 2262 2832; x_wconf 92' lang='lat' dir='ltr'><strong>unum</strong></span> <span class='ocrx_word' id='word_1_628' title='bbox 2303 2784 2612 2845; x_wconf 88' lang='lat' dir='ltr'><strong>sentientes,</strong></span> <span class='ocrx_word' id='word_1_629' title='bbox 2653 2794 2829 2852; x_wconf 90' lang='lat' dir='ltr'><strong>utpote</strong></span> <span class='ocrx_word' id='word_1_630' title='bbox 2861 2789 3166 2842; x_wconf 88' lang='lat' dir='ltr'><strong>concordes.</strong></span> <span class='ocrx_word' id='word_1_631' title='bbox 3197 2788 3284 2842; x_wconf 89' lang='lat' dir='ltr'><strong>Sic</strong></span> <span class='ocrx_word' id='word_1_632' title='bbox 3316 2805 3408 2844; x_wconf 88' lang='lat' dir='ltr'><strong>ve-</strong></span> 
     </span>
    </p>
   </div>
   <div class='ocr_carea' id='block_1_86' title="bbox 1896 2871 3408 2942">
    <p class='ocr_par' dir='ltr' id='par_1_86' title="bbox 1896 2871 3408 2942">
     <span class='ocr_line' id='line_1_87' title="bbox 1896 2871 3408 2942; baseline 0.005 -20"><span class='ocrx_word' id='word_1_633' title='bbox 1896 2877 2088 2922; x_wconf 83' lang='lat' dir='ltr'><strong>nerunt</strong></span> <span class='ocrx_word' id='word_1_634' title='bbox 2106 2872 2170 2922; x_wconf 86' lang='lat' dir='ltr'><strong>ad</strong></span> <span class='ocrx_word' id='word_1_635' title='bbox 2192 2885 2308 2923; x_wconf 89' lang='lat' dir='ltr'><strong>eum</strong></span> <span class='ocrx_word' id='word_1_636' title='bbox 2341 2871 2496 2923; x_wconf 87' lang='lat' dir='ltr'><strong>simul</strong></span> <span class='ocrx_word' id='word_1_637' title='bbox 2537 2872 2730 2936; x_wconf 84' lang='lat' dir='ltr'><strong>subito,</strong></span> <span class='ocrx_word' id='word_1_638' title='bbox 2774 2883 3014 2942; x_wconf 87' lang='lat' dir='ltr'><strong>tauquam</strong></span> <span class='ocrx_word' id='word_1_639' title='bbox 3051 2893 3210 2928; x_wconf 91' lang='lat' dir='ltr'><strong>unum</strong></span> <span class='ocrx_word' id='word_1_640' title='bbox 3242 2877 3408 2932; x_wconf 88' lang='lat' dir='ltr'><strong>Deum</strong></span> 
     </span>
    </p>
   </div>
   <div class='ocr_carea' id='block_1_87' title="bbox 1895 2959 3398 3032">
    <p class='ocr_par' dir='ltr' id='par_1_87' title="bbox 1895 2959 3398 3032">
     <span class='ocr_line' id='line_1_88' title="bbox 1895 2959 3398 3032; baseline 0.005 -22"><span class='ocrx_word' id='word_1_641' title='bbox 1895 2960 2158 3019; x_wconf 83' lang='lat' dir='ltr'><strong>colentes,</strong></span> <span class='ocrx_word' id='word_1_642' title='bbox 2211 2967 2459 3026; x_wconf 87' lang='lat' dir='ltr'><strong>tauquam</strong></span> <span class='ocrx_word' id='word_1_643' title='bbox 2504 2959 2742 3012; x_wconf 83' lang='lat' dir='ltr'><strong>Creatori</strong></span> <span class='ocrx_word' id='word_1_644' title='bbox 2786 2963 3098 3027; x_wconf 90' lang='lat' dir='ltr'><strong>servientes,</strong></span> <span class='ocrx_word' id='word_1_645' title='bbox 3147 2973 3398 3032; x_wconf 85' lang='lat' dir='ltr'><strong>tanquam</strong></span> 
     </span>
    </p>
   </div>
   <div class='ocr_carea' id='block_1_88' title="bbox 1895 3045 3407 3120">
    <p class='ocr_par' dir='ltr' id='par_1_88' title="bbox 1895 3045 3407 3120">
     <span class='ocr_line' id='line_1_89' title="bbox 1895 3045 3407 3120; baseline 0.005 -22"><span class='ocrx_word' id='word_1_646' title='bbox 1895 3060 2054 3098; x_wconf 91' lang='lat' dir='ltr'><strong>unum</strong></span> <span class='ocrx_word' id='word_1_647' title='bbox 2082 3045 2179 3100; x_wconf 91' lang='lat' dir='ltr'><strong>Job</strong></span> <span class='ocrx_word' id='word_1_648' title='bbox 2228 3049 2525 3115; x_wconf 81' lang='lat' dir='ltr'><strong>plenissime</strong></span> <span class='ocrx_word' id='word_1_649' title='bbox 2570 3048 2864 3116; x_wconf 85' lang='lat' dir='ltr'><strong>diligentes.</strong></span> <span class='ocrx_word' id='word_1_650' title='bbox 2918 3049 3008 3103; x_wconf 89' lang='lat' dir='ltr'><strong>Sic</strong></span> <span class='ocrx_word' id='word_1_651' title='bbox 3040 3052 3218 3120; x_wconf 87' lang='lat' dir='ltr'><strong>itaque</strong></span> <span class='ocrx_word' id='word_1_652' title='bbox 3249 3067 3407 3105; x_wconf 88' lang='lat' dir='ltr'><strong>vene-</strong></span> 
     </span>
    </p>
   </div>
   <div class='ocr_carea' id='block_1_89' title="bbox 1895 3135 3406 3204">
    <p class='ocr_par' dir='ltr' id='par_1_89' title="bbox 1895 3135 3406 3204">
     <span class='ocr_line' id='line_1_90' title="bbox 1895 3135 3406 3204; baseline 0.005 -18"><span class='ocrx_word' id='word_1_653' title='bbox 1895 3144 2016 3187; x_wconf 89' lang='lat' dir='ltr'><strong>runt</strong></span> <span class='ocrx_word' id='word_1_654' title='bbox 2071 3135 2267 3204; x_wconf 87' lang='lat' dir='ltr'><strong>pariter</strong></span> <span class='ocrx_word' id='word_1_655' title='bbox 2327 3138 2391 3188; x_wconf 90' lang='lat' dir='ltr'><strong>ad</strong></span> <span class='ocrx_word' id='word_1_656' title='bbox 2459 3136 2638 3188; x_wconf 84' lang='lat' dir='ltr'><strong>Deum.</strong></span> <span class='ocrx_word' id='word_1_657' title='bbox 2682 3136 2828 3190; x_wconf 86' lang='lat' dir='ltr'><strong>Unde</strong></span> <span class='ocrx_word' id='word_1_658' title='bbox 2886 3147 3061 3190; x_wconf 89' lang='lat' dir='ltr'><strong>autem</strong></span> <span class='ocrx_word' id='word_1_659' title='bbox 3111 3140 3406 3193; x_wconf 71' lang='lat' dir='ltr'><strong>venerunt?</strong></span> 
     </span>
    </p>
   </div>
   <div class='ocr_carea' id='block_1_90' title="bbox 1895 3222 3404 3297">
    <p class='ocr_par' dir='ltr' id='par_1_90' title="bbox 1895 3222 3404 3297">
     <span class='ocr_line' id='line_1_91' title="bbox 1895 3222 3404 3297; baseline 0.003 -21"><span class='ocrx_word' id='word_1_660' title='bbox 1895 3222 2007 3277; x_wconf 83' lang='lat' dir='ltr'><strong>Non</strong></span> <span class='ocrx_word' id='word_1_661' title='bbox 2036 3239 2101 3278; x_wconf 76' lang='lat' dir='ltr'><strong>ex</strong></span> <span class='ocrx_word' id='word_1_662' title='bbox 2126 3240 2227 3277; x_wconf 86' lang='lat' dir='ltr'><strong>una</strong></span> <span class='ocrx_word' id='word_1_663' title='bbox 2256 3225 2472 3278; x_wconf 89' lang='lat' dir='ltr'><strong>civitate</strong></span> <span class='ocrx_word' id='word_1_664' title='bbox 2497 3239 2664 3293; x_wconf 88' lang='lat' dir='ltr'><strong>neque</strong></span> <span class='ocrx_word' id='word_1_665' title='bbox 2694 3241 2798 3279; x_wconf 92' lang='lat' dir='ltr'><strong>uno</strong></span> <span class='ocrx_word' id='word_1_666' title='bbox 2824 3225 2958 3291; x_wconf 89' lang='lat' dir='ltr'><strong>loco,</strong></span> <span class='ocrx_word' id='word_1_667' title='bbox 2992 3241 3163 3294; x_wconf 85' lang='lat' dir='ltr'><strong>neque</strong></span> <span class='ocrx_word' id='word_1_668' title='bbox 3183 3242 3246 3281; x_wconf 80' lang='lat' dir='ltr'><strong>ex</strong></span> <span class='ocrx_word' id='word_1_669' title='bbox 3282 3244 3404 3297; x_wconf 86' lang='lat' dir='ltr'><strong>pro-</strong></span> 
     </span>
    </p>
   </div>
   <div class='ocr_carea' id='block_1_91' title="bbox 1896 3311 3405 3383">
    <p class='ocr_par' dir='ltr' id='par_1_91' title="bbox 1896 3311 3405 3383">
     <span class='ocr_line' id='line_1_92' title="bbox 1896 3311 3405 3383; baseline 0.005 -19"><span class='ocrx_word' id='word_1_670' title='bbox 1896 3311 2092 3378; x_wconf 90' lang='lat' dir='ltr'><strong>vincia,</strong></span> <span class='ocrx_word' id='word_1_671' title='bbox 2123 3312 2205 3365; x_wconf 85' lang='lat' dir='ltr'><strong>vel</strong></span> <span class='ocrx_word' id='word_1_672' title='bbox 2238 3313 2469 3380; x_wconf 86' lang='lat' dir='ltr'><strong>regione,</strong></span> <span class='ocrx_word' id='word_1_673' title='bbox 2519 3327 2584 3365; x_wconf 82' lang='lat' dir='ltr'><strong>ex</strong></span> <span class='ocrx_word' id='word_1_674' title='bbox 2619 3327 2715 3368; x_wconf 90' lang='lat' dir='ltr'><strong>suo</strong></span> <span class='ocrx_word' id='word_1_675' title='bbox 2754 3313 3093 3367; x_wconf 84' lang='lat' dir='ltr'><strong>nihilominus</strong></span> <span class='ocrx_word' id='word_1_676' title='bbox 3131 3329 3290 3383; x_wconf 88' lang='lat' dir='ltr'><strong>regno</strong></span> <span class='ocrx_word' id='word_1_677' title='bbox 3319 3332 3405 3372; x_wconf 86' lang='lat' dir='ltr'><strong>ve-</strong></span> 
     </span>
    </p>
   </div>
   <div class='ocr_carea' id='block_1_92' title="bbox 1899 3402 3402 3469">
    <p class='ocr_par' dir='ltr' id='par_1_92' title="bbox 1899 3402 3402 3469">
     <span class='ocr_line' id='line_1_93' title="bbox 1899 3402 3402 3469; baseline 0.003 -14"><span class='ocrx_word' id='word_1_678' title='bbox 1899 3414 2097 3455; x_wconf 88' lang='lat' dir='ltr'><strong>nerunt</strong></span> <span class='ocrx_word' id='word_1_679' title='bbox 2117 3402 2276 3454; x_wconf 87' lang='lat' dir='ltr'><strong>simul</strong></span> <span class='ocrx_word' id='word_1_680' title='bbox 2297 3403 2362 3455; x_wconf 85' lang='lat' dir='ltr'><strong>ad</strong></span> <span class='ocrx_word' id='word_1_681' title='bbox 2386 3417 2526 3458; x_wconf 86' lang='lat' dir='ltr'><strong>eutu.</strong></span> <span class='ocrx_word' id='word_1_682' title='bbox 2550 3403 2677 3456; x_wconf 85' lang='lat' dir='ltr'><strong>Cum</strong></span> <span class='ocrx_word' id='word_1_683' title='bbox 2697 3403 2938 3456; x_wconf 89' lang='lat' dir='ltr'><strong>omnibus</strong></span> <span class='ocrx_word' id='word_1_684' title='bbox 2959 3405 3096 3456; x_wconf 90' lang='lat' dir='ltr'><strong>enim</strong></span> <span class='ocrx_word' id='word_1_685' title='bbox 3116 3405 3402 3469; x_wconf 88' lang='lat' dir='ltr'><strong>miraculis,</strong></span> 
     </span>
    </p>
   </div>
   <div class='ocr_carea' id='block_1_93' title="bbox 1895 3491 3403 3562">
    <p class='ocr_par' dir='ltr' id='par_1_93' title="bbox 1895 3491 3403 3562">
     <span class='ocr_line' id='line_1_94' title="bbox 1895 3491 3403 3562; baseline 0.002 -18"><span class='ocrx_word' id='word_1_686' title='bbox 1895 3500 1977 3544; x_wconf 89' lang='lat' dir='ltr'><strong>est</strong></span> <span class='ocrx_word' id='word_1_687' title='bbox 2006 3493 2163 3543; x_wconf 87' lang='lat' dir='ltr'><strong>etiam</strong></span> <span class='ocrx_word' id='word_1_688' title='bbox 2196 3491 2296 3544; x_wconf 89' lang='lat' dir='ltr'><strong>hoc</strong></span> <span class='ocrx_word' id='word_1_689' title='bbox 2327 3491 2511 3560; x_wconf 88' lang='lat' dir='ltr'><strong>ingens</strong></span> <span class='ocrx_word' id='word_1_690' title='bbox 2546 3491 2881 3555; x_wconf 87' lang='lat' dir='ltr'><strong>miraculum,</strong></span> <span class='ocrx_word' id='word_1_691' title='bbox 2916 3500 2975 3544; x_wconf 90' lang='lat' dir='ltr'><strong>ut</strong></span> <span class='ocrx_word' id='word_1_692' title='bbox 3000 3507 3119 3544; x_wconf 91' lang='lat' dir='ltr'><strong>cum</strong></span> <span class='ocrx_word' id='word_1_693' title='bbox 3148 3493 3216 3544; x_wconf 89' lang='lat' dir='ltr'><strong>ita</strong></span> <span class='ocrx_word' id='word_1_694' title='bbox 3250 3493 3403 3562; x_wconf 87' lang='lat' dir='ltr'><strong>longe</strong></span> 
     </span>
    </p>
   </div>
   <div class='ocr_carea' id='block_1_94' title="bbox 1895 3578 3402 3646">
    <p class='ocr_par' dir='ltr' id='par_1_94' title="bbox 1895 3578 3402 3646">
     <span class='ocr_line' id='line_1_95' title="bbox 1895 3578 3402 3646; baseline 0.001 -12"><span class='ocrx_word' id='word_1_695' title='bbox 1895 3596 1957 3634; x_wconf 89' lang='lat' dir='ltr'><strong>ac</strong></span> <span class='ocrx_word' id='word_1_696' title='bbox 1992 3581 2093 3634; x_wconf 91' lang='lat' dir='ltr'><strong>late</strong></span> <span class='ocrx_word' id='word_1_697' title='bbox 2121 3578 2188 3632; x_wconf 84' lang='lat' dir='ltr'><strong>ab</strong></span> <span class='ocrx_word' id='word_1_698' title='bbox 2218 3580 2440 3633; x_wconf 88' lang='lat' dir='ltr'><strong>invicem</strong></span> <span class='ocrx_word' id='word_1_699' title='bbox 2472 3592 2804 3634; x_wconf 86' lang='lat' dir='ltr'><strong>morarentur</strong></span> <span class='ocrx_word' id='word_1_700' title='bbox 2828 3618 2843 3643; x_wconf 93' lang='lat'><strong>,</strong></span> <span class='ocrx_word' id='word_1_701' title='bbox 2882 3582 3079 3646; x_wconf 89' lang='lat' dir='ltr'><strong>pariter</strong></span> <span class='ocrx_word' id='word_1_702' title='bbox 3101 3583 3165 3633; x_wconf 87' lang='lat' dir='ltr'><strong>ad</strong></span> <span class='ocrx_word' id='word_1_703' title='bbox 3195 3582 3402 3635; x_wconf 89' lang='lat' dir='ltr'><strong>beatum</strong></span> 
     </span>
    </p>
   </div>
   <div class='ocr_carea' id='block_1_95' title="bbox 1891 3669 3398 3740">
    <p class='ocr_par' dir='ltr' id='par_1_95' title="bbox 1891 3669 3398 3740">
     <span class='ocr_line' id='line_1_96' title="bbox 1891 3669 3398 3740; baseline 0.001 -17"><span class='ocrx_word' id='word_1_704' title='bbox 1891 3669 1990 3723; x_wconf 86' lang='lat' dir='ltr'><strong>Job</strong></span> <span class='ocrx_word' id='word_1_705' title='bbox 2019 3671 2286 3733; x_wconf 90' lang='lat' dir='ltr'><strong>venirent,</strong></span> <span class='ocrx_word' id='word_1_706' title='bbox 2324 3671 2684 3738; x_wconf 80' lang='lat' dir='ltr'><strong>unusquisque</strong></span> <span class='ocrx_word' id='word_1_707' title='bbox 2723 3685 2787 3722; x_wconf 80' lang='lat' dir='ltr'><strong>ex</strong></span> <span class='ocrx_word' id='word_1_708' title='bbox 2820 3686 2914 3726; x_wconf 88' lang='lat' dir='ltr'><strong>sua</strong></span> <span class='ocrx_word' id='word_1_709' title='bbox 2955 3672 3170 3723; x_wconf 81' lang='lat' dir='ltr'><strong>civitate</strong></span> <span class='ocrx_word' id='word_1_710' title='bbox 3206 3672 3259 3724; x_wconf 94' lang='lat' dir='ltr'><strong>in</strong></span> <span class='ocrx_word' id='word_1_711' title='bbox 3296 3687 3398 3740; x_wconf 89' lang='lat' dir='ltr'><strong>qua</strong></span> 
     </span>
    </p>
   </div>
   <div class='ocr_carea' id='block_1_96' title="bbox 1894 3759 3399 3830">
    <p class='ocr_par' dir='ltr' id='par_1_96' title="bbox 1894 3759 3399 3830">
     <span class='ocr_line' id='line_1_97' title="bbox 1894 3759 3399 3830; baseline 0.003 -18"><span class='ocrx_word' id='word_1_712' title='bbox 1894 3760 2217 3822; x_wconf 82' lang='lat' dir='ltr'><strong>morabatur,</strong></span> <span class='ocrx_word' id='word_1_713' title='bbox 2259 3759 2310 3812; x_wconf 92' lang='lat' dir='ltr'><strong>iu</strong></span> <span class='ocrx_word' id='word_1_714' title='bbox 2347 3775 2449 3827; x_wconf 89' lang='lat' dir='ltr'><strong>qua</strong></span> <span class='ocrx_word' id='word_1_715' title='bbox 2483 3761 2753 3829; x_wconf 86' lang='lat' dir='ltr'><strong>regnabat,</strong></span> <span class='ocrx_word' id='word_1_716' title='bbox 2798 3762 2850 3814; x_wconf 92' lang='lat' dir='ltr'><strong>in</strong></span> <span class='ocrx_word' id='word_1_717' title='bbox 2883 3776 2986 3830; x_wconf 88' lang='lat' dir='ltr'><strong>qua</strong></span> <span class='ocrx_word' id='word_1_718' title='bbox 3016 3762 3399 3816; x_wconf 88' lang='lat' dir='ltr'><strong>dominabatur.</strong></span> 
     </span>
    </p>
   </div>
   <div class='ocr_carea' id='block_1_97' title="bbox 1895 3847 3405 3916">
    <p class='ocr_par' dir='ltr' id='par_1_97' title="bbox 1895 3847 3405 3916">
     <span class='ocr_line' id='line_1_98' title="bbox 1895 3847 3405 3916; baseline 0.003 -14"><span class='ocrx_word' id='word_1_719' title='bbox 1895 3847 2267 3916; x_wconf 87' lang='lat' dir='ltr'><strong>Unusquisque</strong></span> <span class='ocrx_word' id='word_1_720' title='bbox 2303 3863 2430 3914; x_wconf 84' lang='lat' dir='ltr'><strong>ergo</strong></span> <span class='ocrx_word' id='word_1_721' title='bbox 2462 3863 2524 3902; x_wconf 81' lang='lat' dir='ltr'><strong>ex</strong></span> <span class='ocrx_word' id='word_1_722' title='bbox 2568 3865 2661 3902; x_wconf 85' lang='lat' dir='ltr'><strong>sua</strong></span> <span class='ocrx_word' id='word_1_723' title='bbox 2697 3851 2909 3905; x_wconf 89' lang='lat' dir='ltr'><strong>civitate</strong></span> <span class='ocrx_word' id='word_1_724' title='bbox 2958 3853 3138 3916; x_wconf 87' lang='lat' dir='ltr'><strong>venit,</strong></span> <span class='ocrx_word' id='word_1_725' title='bbox 3185 3853 3282 3906; x_wconf 89' lang='lat' dir='ltr'><strong>hoc</strong></span> <span class='ocrx_word' id='word_1_726' title='bbox 3324 3863 3405 3906; x_wconf 89' lang='lat' dir='ltr'><strong>est</strong></span> 
     </span>
    </p>
   </div>
   <div class='ocr_carea' id='block_1_98' title="bbox 1889 3937 3403 4006">
    <p class='ocr_par' dir='ltr' id='par_1_98' title="bbox 1889 3937 3403 4006">
     <span class='ocr_line' id='line_1_99' title="bbox 1889 3937 3403 4006; baseline 0.001 -15"><span class='ocrx_word' id='word_1_727' title='bbox 1889 3951 1954 3992; x_wconf 77' lang='lat' dir='ltr'><strong>ex</strong></span> <span class='ocrx_word' id='word_1_728' title='bbox 1980 3938 2194 3990; x_wconf 87' lang='lat' dir='ltr'><strong>civitate</strong></span> <span class='ocrx_word' id='word_1_729' title='bbox 2225 3939 2368 4006; x_wconf 85' lang='lat' dir='ltr'><strong>regni</strong></span> <span class='ocrx_word' id='word_1_730' title='bbox 2394 3938 2493 3990; x_wconf 90' lang='lat' dir='ltr'><strong>sui.</strong></span> <span class='ocrx_word' id='word_1_731' title='bbox 2519 3937 2580 3989; x_wconf 89' lang='lat' dir='ltr'><strong>Et</strong></span> <span class='ocrx_word' id='word_1_732' title='bbox 2602 3938 2669 3991; x_wconf 92' lang='lat' dir='ltr'><strong>ob</strong></span> <span class='ocrx_word' id='word_1_733' title='bbox 2695 3953 2853 4006; x_wconf 87' lang='lat' dir='ltr'><strong>quam</strong></span> <span class='ocrx_word' id='word_1_734' title='bbox 2881 3952 2989 3992; x_wconf 90' lang='lat' dir='ltr'><strong>rem</strong></span> <span class='ocrx_word' id='word_1_735' title='bbox 3013 3939 3304 3992; x_wconf 87' lang='lat' dir='ltr'><strong>venerunt?</strong></span> <span class='ocrx_word' id='word_1_736' title='bbox 3324 3941 3403 3992; x_wconf 78' lang='lat' dir='ltr'><strong>Ad</strong></span> 
     </span>
    </p>
   </div>
   <div class='ocr_carea' id='block_1_99' title="bbox 1891 4026 3398 4096">
    <p class='ocr_par' dir='ltr' id='par_1_99' title="bbox 1891 4026 3398 4096">
     <span class='ocr_line' id='line_1_100' title="bbox 1891 4026 3398 4096; baseline 0.001 -17"><span class='ocrx_word' id='word_1_737' title='bbox 1891 4026 2269 4080; x_wconf 86' lang='lat' dir='ltr'><strong>consolandum</strong></span> <span class='ocrx_word' id='word_1_738' title='bbox 2296 4035 2454 4094; x_wconf 88' lang='lat' dir='ltr'><strong>atque</strong></span> <span class='ocrx_word' id='word_1_739' title='bbox 2478 4028 2799 4080; x_wconf 89' lang='lat' dir='ltr'><strong>visitandum</strong></span> <span class='ocrx_word' id='word_1_740' title='bbox 2824 4028 2989 4080; x_wconf 88' lang='lat' dir='ltr'><strong>illum.</strong></span> <span class='ocrx_word' id='word_1_741' title='bbox 3031 4027 3096 4080; x_wconf 85' lang='lat' dir='ltr'><strong>Et</strong></span> <span class='ocrx_word' id='word_1_742' title='bbox 3128 4042 3250 4082; x_wconf 84' lang='lat' dir='ltr'><strong>vere</strong></span> <span class='ocrx_word' id='word_1_743' title='bbox 3275 4031 3398 4096; x_wconf 89' lang='lat' dir='ltr'><strong>quia</strong></span> 
     </span>
    </p>
   </div>
   <div class='ocr_carea' id='block_1_100' title="bbox 1889 4113 3403 4182">
    <p class='ocr_par' dir='ltr' id='par_1_100' title="bbox 1889 4113 3403 4182">
     <span class='ocr_line' id='line_1_101' title="bbox 1889 4113 3403 4182; baseline 0.002 -15"><span class='ocrx_word' id='word_1_744' title='bbox 1889 4113 1988 4181; x_wconf 88' lang='lat' dir='ltr'><strong>ipsi</strong></span> <span class='ocrx_word' id='word_1_745' title='bbox 2018 4114 2227 4182; x_wconf 86' lang='lat' dir='ltr'><strong>quidem</strong></span> <span class='ocrx_word' id='word_1_746' title='bbox 2267 4115 2332 4168; x_wconf 90' lang='lat' dir='ltr'><strong>ob</strong></span> <span class='ocrx_word' id='word_1_747' title='bbox 2368 4115 2468 4167; x_wconf 88' lang='lat' dir='ltr'><strong>hoc</strong></span> <span class='ocrx_word' id='word_1_748' title='bbox 2504 4125 2764 4168; x_wconf 87' lang='lat' dir='ltr'><strong>venerunt</strong></span> <span class='ocrx_word' id='word_1_749' title='bbox 2803 4125 2859 4169; x_wconf 92' lang='lat' dir='ltr'><strong>ut</strong></span> <span class='ocrx_word' id='word_1_750' title='bbox 2897 4116 3296 4169; x_wconf 89' lang='lat' dir='ltr'><strong>consolarentur</strong></span> <span class='ocrx_word' id='word_1_751' title='bbox 3341 4132 3403 4170; x_wconf 88' lang='lat' dir='ltr'><strong>ac</strong></span> 
     </span>
    </p>
   </div>
   <div class='ocr_carea' id='block_1_101' title="bbox 1889 4201 3402 4272">
    <p class='ocr_par' dir='ltr' id='par_1_101' title="bbox 1889 4201 3402 4272">
     <span class='ocr_line' id='line_1_102' title="bbox 1889 4201 3402 4272; baseline 0.003 -18"><span class='ocrx_word' id='word_1_752' title='bbox 1889 4201 2166 4256; x_wconf 88' lang='lat' dir='ltr'><strong>visitarcnt</strong></span> <span class='ocrx_word' id='word_1_753' title='bbox 2210 4202 2355 4256; x_wconf 87' lang='lat' dir='ltr'><strong>illum</strong></span> <span class='ocrx_word' id='word_1_754' title='bbox 2388 4219 2402 4256; x_wconf 91' lang='lat'><strong>:</strong></span> <span class='ocrx_word' id='word_1_755' title='bbox 2449 4203 2540 4257; x_wconf 88' lang='lat' dir='ltr'><strong>sed</strong></span> <span class='ocrx_word' id='word_1_756' title='bbox 2577 4204 2935 4272; x_wconf 88' lang='lat' dir='ltr'><strong>nequissimus</strong></span> <span class='ocrx_word' id='word_1_757' title='bbox 2970 4205 3206 4258; x_wconf 88' lang='lat' dir='ltr'><strong>diabolus</strong></span> <span class='ocrx_word' id='word_1_758' title='bbox 3236 4205 3402 4259; x_wconf 82' lang='lat' dir='ltr'><strong>bono-</strong></span> 
     </span>
    </p>
   </div>
   <div class='ocr_carea' id='block_1_102' title="bbox 1890 4290 3400 4362">
    <p class='ocr_par' dir='ltr' id='par_1_102' title="bbox 1890 4290 3400 4362">
     <span class='ocr_line' id='line_1_103' title="bbox 1890 4290 3400 4362; baseline 0.001 -18"><span class='ocrx_word' id='word_1_759' title='bbox 1890 4304 2007 4344; x_wconf 86' lang='lat' dir='ltr'><strong>rum</strong></span> <span class='ocrx_word' id='word_1_760' title='bbox 2035 4304 2098 4342; x_wconf 88' lang='lat' dir='ltr'><strong>ac</strong></span> <span class='ocrx_word' id='word_1_761' title='bbox 2117 4290 2377 4357; x_wconf 90' lang='lat' dir='ltr'><strong>justorum</strong></span> <span class='ocrx_word' id='word_1_762' title='bbox 2414 4292 2661 4345; x_wconf 88' lang='lat' dir='ltr'><strong>mimicus</strong></span> <span class='ocrx_word' id='word_1_763' title='bbox 2693 4294 2816 4346; x_wconf 87' lang='lat' dir='ltr'><strong>odio</strong></span> <span class='ocrx_word' id='word_1_764' title='bbox 2839 4293 3037 4346; x_wconf 86' lang='lat' dir='ltr'><strong>babeus</strong></span> <span class='ocrx_word' id='word_1_765' title='bbox 3064 4293 3238 4346; x_wconf 86' lang='lat' dir='ltr'><strong>omnia</strong></span> <span class='ocrx_word' id='word_1_766' title='bbox 3281 4308 3400 4362; x_wconf 76' lang='lat' dir='ltr'><strong>quze</strong></span> 
     </span>
    </p>
   </div>
   <div class='ocr_carea' id='block_1_103' title="bbox 1890 4380 3399 4450">
    <p class='ocr_par' dir='ltr' id='par_1_103' title="bbox 1890 4380 3399 4450">
     <span class='ocr_line' id='line_1_104' title="bbox 1890 4380 3399 4450; baseline 0.001 -18"><span class='ocrx_word' id='word_1_767' title='bbox 1890 4380 2059 4448; x_wconf 79' lang='lat' dir='ltr'><strong>diligit</strong></span> <span class='ocrx_word' id='word_1_768' title='bbox 2085 4383 2358 4444; x_wconf 82' lang='lat' dir='ltr'><strong>Dominus,</strong></span> <span class='ocrx_word' id='word_1_769' title='bbox 2376 4393 2592 4450; x_wconf 86' lang='lat' dir='ltr'><strong>accepta</strong></span> <span class='ocrx_word' id='word_1_770' title='bbox 2620 4383 2898 4436; x_wconf 88' lang='lat' dir='ltr'><strong>occasione</strong></span> <span class='ocrx_word' id='word_1_771' title='bbox 2925 4398 3026 4450; x_wconf 88' lang='lat' dir='ltr'><strong>qua</strong></span> <span class='ocrx_word' id='word_1_772' title='bbox 3055 4384 3211 4436; x_wconf 89' lang='lat' dir='ltr'><strong>Deum</strong></span> <span class='ocrx_word' id='word_1_773' title='bbox 3233 4382 3399 4436; x_wconf 67' lang='lat' dir='ltr'><strong>offen-</strong></span> 
     </span>
    </p>
   </div>
   <div class='ocr_carea' id='block_1_104' title="bbox 1889 4467 3402 4541">
    <p class='ocr_par' dir='ltr' id='par_1_104' title="bbox 1889 4467 3402 4541">
     <span class='ocr_line' id='line_1_105' title="bbox 1889 4467 3402 4541; baseline 0.005 -21"><span class='ocrx_word' id='word_1_774' title='bbox 1889 4467 2077 4521; x_wconf 86' lang='lat' dir='ltr'><strong>derent</strong></span> <span class='ocrx_word' id='word_1_775' title='bbox 2103 4477 2259 4536; x_wconf 90' lang='lat' dir='ltr'><strong>atque</strong></span> <span class='ocrx_word' id='word_1_776' title='bbox 2307 4468 2396 4523; x_wconf 91' lang='lat' dir='ltr'><strong>Dci</strong></span> <span class='ocrx_word' id='word_1_777' title='bbox 2419 4469 2700 4538; x_wconf 87' lang='lat' dir='ltr'><strong>justitiam,</strong></span> <span class='ocrx_word' id='word_1_778' title='bbox 2730 4482 2781 4525; x_wconf 91' lang='lat' dir='ltr'><strong>et</strong></span> <span class='ocrx_word' id='word_1_779' title='bbox 2809 4470 2905 4526; x_wconf 90' lang='lat' dir='ltr'><strong>Job</strong></span> <span class='ocrx_word' id='word_1_780' title='bbox 2935 4474 2998 4526; x_wconf 90' lang='lat' dir='ltr'><strong>de</strong></span> <span class='ocrx_word' id='word_1_781' title='bbox 3039 4473 3312 4541; x_wconf 87' lang='lat' dir='ltr'><strong>iujustitiis</strong></span> <span class='ocrx_word' id='word_1_782' title='bbox 3348 4485 3402 4527; x_wconf 92' lang='lat' dir='ltr'><strong>et</strong></span> 
     </span>
    </p>
   </div>
   <div class='ocr_carea' id='block_1_105' title="bbox 1891 4561 3401 4631">
    <p class='ocr_par' dir='ltr' id='par_1_105' title="bbox 1891 4561 3401 4631">
     <span class='ocr_line' id='line_1_106' title="bbox 1891 4561 3401 4631; baseline 0.003 -19"><span class='ocrx_word' id='word_1_783' title='bbox 1891 4561 2124 4625; x_wconf 89' lang='lat' dir='ltr'><strong>peccatis</strong></span> <span class='ocrx_word' id='word_1_784' title='bbox 2145 4573 2474 4624; x_wconf 90' lang='lat' dir='ltr'><strong>accusarent,</strong></span> <span class='ocrx_word' id='word_1_785' title='bbox 2512 4571 2712 4616; x_wconf 89' lang='lat' dir='ltr'><strong>tantum</strong></span> <span class='ocrx_word' id='word_1_786' title='bbox 2747 4562 2864 4616; x_wconf 92' lang='lat' dir='ltr'><strong>illos</strong></span> <span class='ocrx_word' id='word_1_787' title='bbox 2911 4563 3203 4616; x_wconf 87' lang='lat' dir='ltr'><strong>immutavit</strong></span> <span class='ocrx_word' id='word_1_788' title='bbox 3246 4575 3401 4631; x_wconf 86' lang='lat' dir='ltr'><strong>atque</strong></span> 
     </span>
    </p>
   </div>
   <div class='ocr_carea' id='block_1_106' title="bbox 1889 4652 3402 4722">
    <p class='ocr_par' dir='ltr' id='par_1_106' title="bbox 1889 4652 3402 4722">
     <span class='ocr_line' id='line_1_107' title="bbox 1889 4652 3402 4722; baseline 0.002 -20"><span class='ocrx_word' id='word_1_789' title='bbox 1889 4653 2159 4717; x_wconf 85' lang='lat' dir='ltr'><strong>pervertit,</strong></span> <span class='ocrx_word' id='word_1_790' title='bbox 2195 4662 2252 4706; x_wconf 93' lang='lat' dir='ltr'><strong>ut</strong></span> <span class='ocrx_word' id='word_1_791' title='bbox 2278 4654 2504 4722; x_wconf 89' lang='lat' dir='ltr'><strong>amplius</strong></span> <span class='ocrx_word' id='word_1_792' title='bbox 2540 4654 2876 4708; x_wconf 84' lang='lat' dir='ltr'><strong>exulceraret</strong></span> <span class='ocrx_word' id='word_1_793' title='bbox 2902 4669 2995 4708; x_wconf 91' lang='lat' dir='ltr'><strong>cor</strong></span> <span class='ocrx_word' id='word_1_794' title='bbox 3029 4652 3128 4707; x_wconf 89' lang='lat' dir='ltr'><strong>Job</strong></span> <span class='ocrx_word' id='word_1_795' title='bbox 3163 4669 3256 4721; x_wconf 89' lang='lat' dir='ltr'><strong>per</strong></span> <span class='ocrx_word' id='word_1_796' title='bbox 3292 4654 3402 4706; x_wconf 82' lang='lat' dir='ltr'><strong>haec</strong></span> 
     </span>
    </p>
   </div>
   <div class='ocr_carea' id='block_1_107' title="bbox 1887 4741 3399 4811">
    <p class='ocr_par' dir='ltr' id='par_1_107' title="bbox 1887 4741 3399 4811">
     <span class='ocr_line' id='line_1_108' title="bbox 1887 4741 3399 4811; baseline 0.003 -20"><span class='ocrx_word' id='word_1_797' title='bbox 1887 4755 2002 4808; x_wconf 64' lang='lat' dir='ltr'><strong>quae</strong></span> <span class='ocrx_word' id='word_1_798' title='bbox 2026 4741 2186 4794; x_wconf 88' lang='lat' dir='ltr'><strong>locuti</strong></span> <span class='ocrx_word' id='word_1_799' title='bbox 2217 4753 2357 4804; x_wconf 88' lang='lat' dir='ltr'><strong>sunt,</strong></span> <span class='ocrx_word' id='word_1_800' title='bbox 2389 4758 2545 4810; x_wconf 88' lang='lat' dir='ltr'><strong>quam</strong></span> <span class='ocrx_word' id='word_1_801' title='bbox 2575 4757 2667 4811; x_wconf 90' lang='lat' dir='ltr'><strong>per</strong></span> <span class='ocrx_word' id='word_1_802' title='bbox 2687 4758 2870 4798; x_wconf 90' lang='lat' dir='ltr'><strong>omnes</strong></span> <span class='ocrx_word' id='word_1_803' title='bbox 2899 4744 3109 4798; x_wconf 89' lang='lat' dir='ltr'><strong>dolores</strong></span> <span class='ocrx_word' id='word_1_804' title='bbox 3131 4759 3261 4811; x_wconf 88' lang='lat' dir='ltr'><strong>quos</strong></span> <span class='ocrx_word' id='word_1_805' title='bbox 3291 4745 3399 4810; x_wconf 82' lang='lat' dir='ltr'><strong>pri-</strong></span> 
     </span>
    </p>
   </div>
   <div class='ocr_carea' id='block_1_108' title="bbox 1887 4829 3401 4900">
    <p class='ocr_par' dir='ltr' id='par_1_108' title="bbox 1887 4829 3401 4900">
     <span class='ocr_line' id='line_1_109' title="bbox 1887 4829 3401 4900; baseline 0.001 -20"><span class='ocrx_word' id='word_1_806' title='bbox 1887 4829 2006 4882; x_wconf 85' lang='lat' dir='ltr'><strong>dem</strong></span> <span class='ocrx_word' id='word_1_807' title='bbox 2035 4832 2274 4884; x_wconf 85' lang='lat' dir='ltr'><strong>exercuit</strong></span> <span class='ocrx_word' id='word_1_808' title='bbox 2301 4833 2528 4894; x_wconf 71' lang='lat' dir='ltr'><strong>meum.</strong></span> <span class='ocrx_word' id='word_1_809' title='bbox 2574 4832 2700 4886; x_wconf 81' lang='lat' dir='ltr'><strong>Nam</strong></span> <span class='ocrx_word' id='word_1_810' title='bbox 2748 4834 2876 4900; x_wconf 90' lang='lat' dir='ltr'><strong>quid</strong></span> <span class='ocrx_word' id='word_1_811' title='bbox 2913 4843 3054 4887; x_wconf 88' lang='lat' dir='ltr'><strong>esset</strong></span> <span class='ocrx_word' id='word_1_812' title='bbox 3095 4834 3401 4886; x_wconf 72' lang='lat' dir='ltr'><strong>castissimze</strong></span> 
     </span>
    </p>
   </div>
   <div class='ocr_carea' id='block_1_109' title="bbox 1885 4915 3402 4986">
    <p class='ocr_par' dir='ltr' id='par_1_109' title="bbox 1885 4915 3402 4986">
     <span class='ocr_line' id='line_1_110' title="bbox 1885 4915 3402 4986; baseline 0.003 -20"><span class='ocrx_word' id='word_1_813' title='bbox 1885 4916 2072 4968; x_wconf 66' lang='lat' dir='ltr'><strong>anima:</strong></span> <span class='ocrx_word' id='word_1_814' title='bbox 2092 4915 2189 4971; x_wconf 90' lang='lat' dir='ltr'><strong>Job</strong></span> <span class='ocrx_word' id='word_1_815' title='bbox 2209 4917 2476 4972; x_wconf 88' lang='lat' dir='ltr'><strong>crudelius</strong></span> <span class='ocrx_word' id='word_1_816' title='bbox 2503 4935 2660 4985; x_wconf 89' lang='lat' dir='ltr'><strong>quam</strong></span> <span class='ocrx_word' id='word_1_817' title='bbox 2691 4930 2746 4973; x_wconf 93' lang='lat' dir='ltr'><strong>ut</strong></span> <span class='ocrx_word' id='word_1_818' title='bbox 2772 4921 2837 4974; x_wconf 88' lang='lat' dir='ltr'><strong>ab</strong></span> <span class='ocrx_word' id='word_1_819' title='bbox 2863 4921 3054 4974; x_wconf 89' lang='lat' dir='ltr'><strong>amicis</strong></span> <span class='ocrx_word' id='word_1_820' title='bbox 3081 4922 3144 4973; x_wconf 88' lang='lat' dir='ltr'><strong>de</strong></span> <span class='ocrx_word' id='word_1_821' title='bbox 3172 4919 3402 4986; x_wconf 85' lang='lat' dir='ltr'><strong>peccatis</strong></span> 
     </span>
    </p>
   </div>
   <div class='ocr_carea' id='block_1_110' title="bbox 1890 5004 3401 5077">
    <p class='ocr_par' dir='ltr' id='par_1_110' title="bbox 1890 5004 3401 5077">
     <span class='ocr_line' id='line_1_111' title="bbox 1890 5004 3401 5077; baseline 0.002 -20"><span class='ocrx_word' id='word_1_822' title='bbox 1890 5004 2073 5058; x_wconf 84' lang='lat' dir='ltr'><strong>fuisset</strong></span> <span class='ocrx_word' id='word_1_823' title='bbox 2119 5008 2428 5062; x_wconf 88' lang='lat' dir='ltr'><strong>criminatus</strong></span> <span class='ocrx_word' id='word_1_824' title='bbox 2471 5023 2591 5061; x_wconf 92' lang='lat' dir='ltr'><strong>cum</strong></span> <span class='ocrx_word' id='word_1_825' title='bbox 2635 5010 2848 5062; x_wconf 88' lang='lat' dir='ltr'><strong>minime</strong></span> <span class='ocrx_word' id='word_1_826' title='bbox 2893 5010 3218 5077; x_wconf 82' lang='lat' dir='ltr'><strong>deliquisset,</strong></span> <span class='ocrx_word' id='word_1_827' title='bbox 3255 5017 3311 5060; x_wconf 91' lang='lat' dir='ltr'><strong>et</strong></span> <span class='ocrx_word' id='word_1_828' title='bbox 3337 5007 3401 5060; x_wconf 86' lang='lat' dir='ltr'><strong>de</strong></span> 
     </span>
    </p>
   </div>
   <div class='ocr_carea' id='block_1_111' title="bbox 1891 5095 3471 5166">
    <p class='ocr_par' dir='ltr' id='par_1_111' title="bbox 1891 5095 3471 5166">
     <span class='ocr_line' id='line_1_112' title="bbox 1891 5095 3471 5166; baseline 0.003 -19"><span class='ocrx_word' id='word_1_829' title='bbox 1891 5095 2246 5161; x_wconf 82' lang='lat' dir='ltr'><strong>impietatibus</strong></span> <span class='ocrx_word' id='word_1_830' title='bbox 2288 5097 2661 5164; x_wconf 79' lang='lat' dir='ltr'><strong>reprehensus,</strong></span> <span class='ocrx_word' id='word_1_831' title='bbox 2680 5099 2769 5166; x_wconf 89' lang='lat' dir='ltr'><strong>qui</strong></span> <span class='ocrx_word' id='word_1_832' title='bbox 2792 5108 2908 5152; x_wconf 88' lang='lat' dir='ltr'><strong>erat</strong></span> <span class='ocrx_word' id='word_1_833' title='bbox 2937 5101 3003 5152; x_wconf 86' lang='lat' dir='ltr'><strong>ah</strong></span> <span class='ocrx_word' id='word_1_834' title='bbox 3022 5099 3265 5152; x_wconf 89' lang='lat' dir='ltr'><strong>omnibus</strong></span> <span class='ocrx_word' id='word_1_835' title='bbox 3289 5099 3390 5150; x_wconf 83' lang='lat' dir='ltr'><strong>itu-</strong></span> <span class='ocrx_word' id='word_1_836' title='bbox 3466 5143 3471 5151; x_wconf 92' lang='lat'><strong>.</strong></span> 
     </span>
    </p>
   </div>
   <div class='ocr_carea' id='block_1_112' title="bbox 1890 5184 3401 5255">
    <p class='ocr_par' dir='ltr' id='par_1_112' title="bbox 1890 5184 3401 5255">
     <span class='ocr_line' id='line_1_113' title="bbox 1890 5184 3401 5255; baseline 0.001 -19"><span class='ocrx_word' id='word_1_837' title='bbox 1890 5184 2176 5252; x_wconf 85' lang='lat' dir='ltr'><strong>pietatibus</strong></span> <span class='ocrx_word' id='word_1_838' title='bbox 2200 5186 2423 5247; x_wconf 84' lang='lat' dir='ltr'><strong>alienus,</strong></span> <span class='ocrx_word' id='word_1_839' title='bbox 2448 5197 2500 5239; x_wconf 90' lang='lat' dir='ltr'><strong>et</strong></span> <span class='ocrx_word' id='word_1_840' title='bbox 2523 5187 2658 5254; x_wconf 90' lang='lat' dir='ltr'><strong>quod</strong></span> <span class='ocrx_word' id='word_1_841' title='bbox 2680 5202 2774 5255; x_wconf 90' lang='lat' dir='ltr'><strong>pro</strong></span> <span class='ocrx_word' id='word_1_842' title='bbox 2795 5188 3033 5254; x_wconf 87' lang='lat' dir='ltr'><strong>peccatis</strong></span> <span class='ocrx_word' id='word_1_843' title='bbox 3063 5187 3401 5240; x_wconf 89' lang='lat' dir='ltr'><strong>sustinuisset</strong></span> 
     </span>
    </p>
   </div>
   <div class='ocr_carea' id='block_1_113' title="bbox 1889 5275 3400 5347">
    <p class='ocr_par' dir='ltr' id='par_1_113' title="bbox 1889 5275 3400 5347">
     <span class='ocr_line' id='line_1_114' title="bbox 1889 5275 3400 5347; baseline -0.003 -18"><span class='ocrx_word' id='word_1_844' title='bbox 1889 5290 2073 5329; x_wconf 83' lang='lat' dir='ltr'><strong>Omnes</strong></span> <span class='ocrx_word' id='word_1_845' title='bbox 2116 5275 2348 5342; x_wconf 85' lang='lat' dir='ltr'><strong>dolores,</strong></span> <span class='ocrx_word' id='word_1_846' title='bbox 2389 5288 2442 5330; x_wconf 89' lang='lat' dir='ltr'><strong>et</strong></span> <span class='ocrx_word' id='word_1_847' title='bbox 2478 5279 2622 5346; x_wconf 86' lang='lat' dir='ltr'><strong>quod</strong></span> <span class='ocrx_word' id='word_1_848' title='bbox 2662 5293 2754 5345; x_wconf 89' lang='lat' dir='ltr'><strong>pro</strong></span> <span class='ocrx_word' id='word_1_849' title='bbox 2793 5277 3045 5347; x_wconf 86' lang='lat' dir='ltr'><strong>injustitia</strong></span> <span class='ocrx_word' id='word_1_850' title='bbox 3088 5275 3400 5328; x_wconf 86' lang='lat' dir='ltr'><strong>obveneriut</strong></span> 
     </span>
    </p>
   </div>
   <div class='ocr_carea' id='block_1_114' title="bbox 1892 5365 3397 5432">
    <p class='ocr_par' dir='ltr' id='par_1_114' title="bbox 1892 5365 3397 5432">
     <span class='ocr_line' id='line_1_115' title="bbox 1892 5365 3397 5432; baseline -0.005 -14"><span class='ocrx_word' id='word_1_851' title='bbox 1892 5365 1967 5419; x_wconf 89' lang='lat' dir='ltr'><strong>illi</strong></span> <span class='ocrx_word' id='word_1_852' title='bbox 2014 5367 2124 5419; x_wconf 69' lang='lat' dir='ltr'><strong>lucc</strong></span> <span class='ocrx_word' id='word_1_853' title='bbox 2175 5368 2416 5421; x_wconf 85' lang='lat' dir='ltr'><strong>universa</strong></span> <span class='ocrx_word' id='word_1_854' title='bbox 2467 5369 2646 5421; x_wconf 85' lang='lat' dir='ltr'><strong>mala?</strong></span> <span class='ocrx_word' id='word_1_855' title='bbox 2691 5367 2839 5432; x_wconf 89' lang='lat' dir='ltr'><strong>Quod</strong></span> <span class='ocrx_word' id='word_1_856' title='bbox 2881 5376 3051 5420; x_wconf 90' lang='lat' dir='ltr'><strong>autem</strong></span> <span class='ocrx_word' id='word_1_857' title='bbox 3089 5365 3152 5416; x_wconf 89' lang='lat' dir='ltr'><strong>ad</strong></span> <span class='ocrx_word' id='word_1_858' title='bbox 3199 5371 3397 5412; x_wconf 80' lang='lat' dir='ltr'><strong>tantam</strong></span> 
     </span>
    </p>
   </div>
   <div class='ocr_carea' id='block_1_115' title="bbox 1893 5448 3401 5524">
    <p class='ocr_par' dir='ltr' id='par_1_115' title="bbox 1893 5448 3401 5524">
     <span class='ocr_line' id='line_1_116' title="bbox 1893 5448 3401 5524; baseline -0.005 -18"><span class='ocrx_word' id='word_1_859' title='bbox 1893 5454 2272 5521; x_wconf 84' lang='lat' dir='ltr'><strong>blasphemiam</strong></span> <span class='ocrx_word' id='word_1_860' title='bbox 2307 5460 2560 5511; x_wconf 91' lang='lat' dir='ltr'><strong>adversus</strong></span> <span class='ocrx_word' id='word_1_861' title='bbox 2595 5457 2694 5512; x_wconf 86' lang='grc'><strong>101)</strong></span> <span class='ocrx_word' id='word_1_862' title='bbox 2732 5455 3064 5524; x_wconf 89' lang='lat' dir='ltr'><strong>pervenerint</strong></span> <span class='ocrx_word' id='word_1_863' title='bbox 3093 5450 3177 5502; x_wconf 89' lang='lat' dir='ltr'><strong>isti</strong></span> <span class='ocrx_word' id='word_1_864' title='bbox 3203 5448 3324 5508; x_wconf 89' lang='lat' dir='ltr'><strong>viri,</strong></span> <span class='ocrx_word' id='word_1_865' title='bbox 3349 5454 3401 5499; x_wconf 86' lang='lat' dir='ltr'><strong>et</strong></span> 
     </span>
    </p>
   </div>
   <div class='ocr_carea' id='block_1_116' title="bbox 1893 5533 3402 5609">
    <p class='ocr_par' dir='ltr' id='par_1_116' title="bbox 1893 5533 3402 5609">
     <span class='ocr_line' id='line_1_117' title="bbox 1893 5533 3402 5609; baseline -0.001 -13"><span class='ocrx_word' id='word_1_866' title='bbox 1893 5560 1992 5596; x_wconf 88' lang='lat' dir='ltr'><strong>non</strong></span> <span class='ocrx_word' id='word_1_867' title='bbox 2025 5545 2314 5609; x_wconf 88' lang='lat' dir='ltr'><strong>timuerint,</strong></span> <span class='ocrx_word' id='word_1_868' title='bbox 2349 5546 2542 5600; x_wconf 86' lang='lat' dir='ltr'><strong>diaboli</strong></span> <span class='ocrx_word' id='word_1_869' title='bbox 2584 5547 2747 5599; x_wconf 89' lang='lat' dir='ltr'><strong>livore</strong></span> <span class='ocrx_word' id='word_1_870' title='bbox 2781 5552 2936 5609; x_wconf 89' lang='lat' dir='ltr'><strong>atque</strong></span> <span class='ocrx_word' id='word_1_871' title='bbox 2980 5537 3090 5589; x_wconf 86' lang='lat' dir='ltr'><strong>zelo</strong></span> <span class='ocrx_word' id='word_1_872' title='bbox 3131 5533 3402 5594; x_wconf 74' lang='lat' dir='ltr'><strong>succensi.</strong></span> 
     </span>
    </p>
   </div>
   <div class='ocr_carea' id='block_1_117' title="bbox 1854 5623 3409 5701">
    <p class='ocr_par' dir='ltr' id='par_1_117' title="bbox 1854 5623 3409 5701">
     <span class='ocr_line' id='line_1_118' title="bbox 1854 5623 3409 5701; baseline -0.009 -16"><span class='ocrx_word' id='word_1_873' title='bbox 1854 5644 1861 5651; x_wconf 93' lang='lat'>&#39;</span> <span class='ocrx_word' id='word_1_874' title='bbox 1891 5647 1956 5685; x_wconf 79' lang='lat' dir='ltr'><strong>ex</strong></span> <span class='ocrx_word' id='word_1_875' title='bbox 1984 5634 2208 5701; x_wconf 86' lang='lat' dir='ltr'><strong>propriis</strong></span> <span class='ocrx_word' id='word_1_876' title='bbox 2245 5649 2424 5688; x_wconf 87' lang='lat' dir='ltr'><strong>eorum</strong></span> <span class='ocrx_word' id='word_1_877' title='bbox 2443 5634 2774 5690; x_wconf 78' lang='lat' dir='ltr'><strong>sermonibus</strong></span> <span class='ocrx_word' id='word_1_878' title='bbox 2817 5623 3201 5692; x_wconf 84' lang='lat' dir='ltr'><strong>comprobatur,</strong></span> <span class='ocrx_word' id='word_1_879' title='bbox 3215 5631 3409 5683; x_wconf 77' lang='lat' dir='ltr'><strong>quem-</strong></span> 
     </span>
    </p>
   </div>
  </div>
