3916 6438
432 496 529 552 499

1473 468 1837 526 ΑΝΟΝΥΜΠΞ
1875 463 1939 519 ΙΝ
1975 459 2104 515 JOB.
2144 487 2208 497 ——
2247 457 2374 510 [ΑΒ.
2415 455 2504 508 lli.

3714 461 3794 519 500

435 612 703 672 admodum
755 605 934 659 dicunt
979 601 1395 667 blasphetnantes
1451 600 1610 660 atque
1657 589 1938 643 detrahen-
1967 588 2011 642 Α
2038 576 2285 632 arbitrati
2312 583 2438 629 sunt
2474 581 2529 672 et
2569 571 2676 621 hoc
2705 564 2991 672 dixerunt
3015 547 3596 672 ίιιῖὶζξὶῖᾏὲυίδ
3617 584 3725 630 cm“
3743 581 3802 634 S-“

436 715 509 758 tes
569 700 638 752 illi
686 714 700 749 :
743 694 820 746 Tu
861 694 980 761 quis
1031 691 1132 744 es?
1191 687 1311 755 quia
1366 684 1528 745 dicis,
1575 696 1677 734 non
1735 675 1941 747 peccavi

434 791 603 846 factis.
639 786 785 851 Quod
823 784 865 836 si
905 796 1008 834 non
1049 778 1346 847 peccasti,o
1379 773 1496 837 Job,
1523 779 1786 824 memento
1823 767 1944 833 quia

435 892 584 932 nemo
610 876 788 944 iustus
809 872 986 940 periit,
1011 877 1101 922 aut
1134 865 1343 935 quando
1367 863 1460 916 Dei
1499 873 1681 915 servus
1707 856 1944 910 eradica-

434 967 611 1022 bitur‘.’
639 967 736 1018 hoc
778 975 860 1016 est
887 962 1021 1015 sicut
1051 969 1126 1013 tu.
1161 955 1356 1009 Deinde
1379 968 1497 1007 cum
1530 949 1726 1017 ingenti
1756 948 1946 1014 impro-

435 1057 580 1124 perio
608 1064 661 1108 et
695 1052 1050 1120 increpatione
1081 1056 1235 1114 atque
1258 1044 1496 1098 convicio
1521 1059 1532 1094 :
1557 1040 1847 1105 Quousque
1871 1035 1947 1087 lo-

437 1147 614 1214 queris
635 1144 854 1212 spiritus
878 1139 1217 1204 multiloquax
1249 1149 1344 1188 ore
1374 1132 1502 1186 tuo?
1535 1129 1779 1197 Nunquid
1815 1127 1950 1178 Deus

440 1231 631 1298 injuste
659 1228 880 1294 iudicat,
921 1226 1018 1277 hoc
1047 1233 1127 1277 est
1155 1223 1292 1275 sicut
1327 1230 1376 1274 te
1404 1216 1749 1286 peccantem?
1779 1217 1882 1268 Aut
1908 1214 1953 1265 is

441 1319 530 1387 qui
558 1318 734 1370 omnia
773 1316 995 1377 creavit,
1044 1311 1372 1381 perturbavit
1404 1310 1668 1376 justitiam
1694 1307 1716 1359 ?
1743 1305 1850 1358 Hoc
1871 1312 1952 1356 est

445 1409 486 1462 si
511 1407 562 1460 in
597 1416 647 1461 te
671 1414 811 1458 esset
833 1403 1057 1472 iustitia,
1083 1416 1188 1454 non
1217 1401 1392 1467 utique
1421 1397 1752 1466 perturbaret
1781 1393 1954 1457 iustus

441 1494 602 1568 iudex
623 1496 873 1562 iudicium
902 1504 1059 1559 atque
1086 1491 1244 1542 vitam
1298 1500 1458 1541 tuam.
1499 1487 1631 1541 Nam
1663 1499 1782 1552 spes
1808 1481 1954 1548 impii

371 1605 378 1614 ·
449 1586 639 1654 peribit
667 1585 801 1637 sicut
834 1594 886 1636 et
921 1591 1030 1646 tua,
1064 1582 1183 1648 quia
1219 1580 1412 1647 impius
1457 1592 1552 1630 es:
1598 1571 1956 1628 inhabitabilis

447 1680 620 1724 autem
649 1671 751 1722 erit
771 1685 886 1736 quae
906 1671 1000 1722 sub
1026 1668 1157 1722 cmlo
1178 1676 1255 1720 est
1279 1667 1483 1729 domus,
1517 1665 1617 1716 hoc
1640 1672 1722 1715 est
1742 1660 1878 1713 sicut
1907 1668 1959 1711 et

448 1770 570 1812 tua:
602 1759 804 1826 aliaque
828 1760 1099 1810 innumera
1128 1756 1211 1808 his
1243 1755 1481 1822 graviora
1507 1763 1662 1818 atque
1698 1748 1958 1801 amariora

446 1849 872 1916 blasphemantes
915 1849 978 1900 de
1016 1846 1161 1913 justo
1204 1845 1294 1898 illo
1343 1843 1504 1896 locuti
1550 1849 1690 1893 sunt.
1742 1839 1959 1902 Propter

447 1941 586 2007 quod
640 1949 694 1992 et
741 1938 946 1991 duriter
997 1938 1047 1989 in
1093 1936 1380 1989 novissimo
1419 1948 1447 1984 a
1498 1931 1603 1984 Deo
1650 1927 1993 1996 reprehensi‘

1093 1936 1380 1989 novissimo
1419 1948 1447 1984 a
1498 1931 1603 1984 Deo
1650 1927 1958 1996 reprehensi
1989 1898 2030 1952 Β
2063 1913 2271 1968 δίθιὶοιο
2302 1923 2615 2007 SUCCC‘HSOS.

446 2037 590 2092 sunt,
638 2036 822 2094 utpote
867 2025 956 2093 qui
1001 2025 1128 2077 nihil
1176 2023 1421 2075 veritatis
1466 2020 1625 2073 locuti
1671 2017 1864 2071 fuerint
1899 2018 1964 2070 de

448 2115 564 2170 Job.
596 2115 686 2170 Sic
718 2116 893 2181 itaque
922 2128 1037 2165 cum
1077 2113 1298 2165 visitare
1339 2122 1497 2179 atque
1537 2108 1799 2162 conSolari
1845 2123 1964 2161 eum

449 2204 734 2266 venissent,
771 2202 836 2254 ad
876 2200 1204 2253 inimicitiam
1251 2199 1493 2252 conversi
1527 2206 1670 2260 sunt,
1699 2197 1761 2249 ad
1787 2197 1968 2249 crimi-

452 2293 718 2346 nationem
771 2298 824 2344 et
868 2290 933 2342 ad
968 2290 1475 2357 reprehensionem,
1520 2288 1584 2341 ad
1633 2286 1966 2340 maledictum

452 2396 660 2450 quoque
695 2388 852 2447 atque
890 2379 1293 2447 blasphemiam.
1323 2379 1605 2446 Postquam
1639 2391 1760 2430 vero
1793 2375 1968 2429 omnia

454 2471 677 2528 tentavit
728 2467 1082 2537 nequissimus
1130 2469 1484 2532 adversarius,
1541 2467 1699 2520 etiam
1753 2467 1818 2518 ad
1872 2467 1970 2518 hoc

453 2561 712 2632 pervenit,
747 2567 801 2612 ut
842 2558 1040 2611 amicos
1081 2559 1129 2610 in
1170 2559 1409 2611 inimicos
1440 2565 1787 2620 converteret,
1815 2566 1972 2622 atque

456 2654 690 2708 sinceros
724 2652 928 2707 sodales
953 2650 1282 2703 adversarios
1311 2647 1542 2701 efﬁceret
1571 2686 1586 2710 ,
1635 2647 1825 2700 callide
1867 2656 1972 2700 tra-

457 2750 606 2798 ctans
627 2745 760 2811 apud
787 2742 1147 2808 semetipsum,
1186 2755 1246 2792 ac
1270 2741 1450 2792 dicens
1471 2757 1484 2792 :
1504 2737 1557 2790 Si
1588 2752 1681 2805 per
1706 2752 1765 2791 os
1797 2738 1974 2790 uxoris

457 2848 574 2888 eum
604 2835 858 2888 seducere
888 2848 988 2885 non
1022 2832 1183 2894 ualui,
1216 2846 1275 2884 os
1306 2831 1597 2883 amicorum
1631 2829 1698 2882 ad
1740 2827 1971 2881 inimici-

460 2927 583 2978 tiam
610 2933 1033 2988 permutatorum
1064 2921 1358 2989 perficiam,
1393 2919 1617 2980 irritem,
1640 2931 1974 2984 exaggerem,

460 3013 790 3072 exacerbem,
836 3008 1152 3063 succendam
1177 3048 1191 3072 ,
1225 3015 1279 3059 ut
1324 3021 1480 3072 supra
1519 3006 1731 3056 modum
1772 3002 1975 3056 inﬂam-

460 3109 636 3153 matus
659 3109 815 3165 atque
839 3103 1210 3164 exaggeratus,
1239 3092 1302 3144 ad
1334 3091 1424 3144 Dei
1450 3091 1828 3158 blasphemiam
1847 3107 1975 3143 cou-

2034 671 2205 738 justus
2238 667 2380 719 Deus
2410 677 2474 714 ac
2497 659 2701 718 bonus,
2725 650 2906 720 iustis
2936 655 3127 738 atque
3161 639 3466 694 in00§
3491 661 3694 719 ﬁnibus
3712 683 3796 724 non

2041 731 2230 827 ingerit
2263 753 2425 807 mala.
2476 748 2634 814 Quod
2677 745 2725 798 si
2777 731 3221 795 innocentibus
3391 749 3560 804 ξω
3605 753 3798 825 iugum

2043 816 2311 918 quomodo
2363 844 2542 896 bonus
2590 836 2682 890 vel
2735 832 2932 899 iustus
2968 816 3798 918 ⁸εοιιιιρι’(ξὶὺῗδῡίιυν,νειιιιλ

2047 904 2350 1002 huiusmodi
2385 929 2525 982 mala
2572 923 2674 978 Job
2700 915 3029 1002 ingesserit
3060 904 3296 1002 iusto?
3338 904 3685 998 onﬂe",
3727 904 3792 991 in;

2048 1000 2256 1093 quiunt,
2291 1027 2392 1072 aut
2435 1015 2535 1069 Job
2566 1021 2791 1081 pr0pter
2829 1000 3199 1093 iniustitiam
3249 1005 3599 1070 pa§sum
3627 1020 3796 1087 fuisse,

2049 1090 2301 1167 autcerte
2326 1109 2466 1160 Deus
2489 1102 2692 1171 iniuste
2717 1095 2864 1150 mala
2899 1092 2954 1144 ei
2989 1090 3321 1152 irrogasse
3459 1108 3784 1171 reperi-amr:

2051 1203 2263 1256 autJob
2303 1214 2400 1268 pro
2430 1195 2669 1265 peccatis
2713 1188 2889 1241 fuisse
2944 1192 3232 1250 passum,
3271 1189 3463 1244 atq!
3507 1195 3680 1250 Deum
3715 1203 3792 1254 ἰη-

2047 1296 2186 1363 iuste
2222 1294 2270 1346 ei
2307 1289 2445 1342 mala
2478 1282 2798 1353 ingessisse.
2823 1277 2991 1331 lianc
3025 1269 3279 1324 scilicet
3313 1283 3776 1350 ςξοεηειίοηεω

2058 1386 2251 1440 malam
2291 1389 2451 1447 atque
2500 1374 2749 1428 illicitam
2788 1371 2843 1423 in
2904 1366 3038 1421 istis
3095 1361 3255 1414 viris
3311 1375 3530 1426 cf”;
3587 1376 3783 1433 faciens

2056 1472 2324 1534 diabolus,
2359 1464 2642 1521 succendit
2671 1476 2769 1515 cor
2800 1471 3012 1511 eorum
3053 1451 3132 1506 ad
3180 1464 3487 1512 omr‘em
3544 1463 3683 1516 5mm
3721 1477 3770 1520 ει

2058 1559 2479 1629 indignationem
2517 1553 2810 1606 adversum
2864 1546 2974 1599 Job
3004 1587 3021 1608 ,
3079 1556 3228 1596 cum
3276 1553 3308 1591 s
3343 1550 3608 1604 ιυάει-ει
3649 1568 3775 1606 θοι),

2059 1627 2278 1701 firmare
2316 1643 2455 1711 quod
2485 1637 2830 1703 Deusiustus
2871 1631 3081 1695 fuerit,
3137 1627 3255 1682 Job
3295 1643 3490 1686 Vero
3528 1636 3766 1702 iniustus

2059 1747 2113 1789 et
2143 1735 2338 1802 impius
2386 1741 2551 1797 atque
2601 1735 2889 1796 peccator.
2945 1723 3262 1775 Adversus
3291 1725 3502 1788 quod
3549 1725 3772 1784 fortiter

2061 1835 2210 1879 stans
2241 1822 2342 1876 Job
2369 1836 2469 1874 non
2497 1817 2746 1887 permisit
2779 1829 2842 1868 se
2884 1813 3103 1865 audire
3135 1807 3554 1881 vaniloquos
3593 1817 3718 1873 mos
3741 1836 3768 1872 ε

2651 1905 2744 1960 sed
2771 1912 2831 1957 et
2863 1904 3090 1956 bonum
3124 1898 3336 1953 Deutn
3383 1908 3704 1973 ostendit,
3724 1921 3783 1964 et

2064 2018 2122 2056 se
2155 2003 2362 2068 absque
2388 1997 2538 2065 culpa
2595 1995 2853 2048 universa
2900 1990 3030 2042 hzec
3087 1986 3213 2055 pati
3265 1985 3769 2051 demonstravit.

2064 2091 2178 2144 Non
2213 2090 2356 2143 enim
2389 2087 2532 2140 Deus
2557 2083 2631 2138 illi
2662 2085 2778 2136 haec
2812 2079 2964 2132 mala
3015 2075 3286 2144 ingessit,
3351 2080 3483 2132 sed
3538 2082 3770 2135 diaboli

2069 2180 2218 2233 zelus
2240 2188 2292 2232 et
2325 2179 2460 2229 livor
2502 2183 2664 2243 atque
2699 2169 2946 2224 invidia.
2985 2166 3196 2234 Neque
3222 2161 3346 2219 Job
3387 2181 3521 2234 pro
3554 2183 3778 2236 pecu-

2069 2271 2137 2323 tis
2177 2267 2429 2323 sustinuit
2463 2263 2642 2317 omnia
2689 2275 2812 2329 qua:
2862 2257 3176 2318 sustinuit,
3229 2255 3354 2308 sed
3423 2257 3592 2323 quia
3643 2272 3785 2310 cum

2068 2358 2432 2426 essetiustus,
2472 2345 2718 2406 diabolus
2772 2347 2851 2401 illi
2882 2345 3122 2407 invidit,
3159 2345 3327 2397 sicut
3373 2353 3445 2398 et
3495 2347 3798 2399 omnibus

2065 2450 2222 2518 justis
2254 2445 2476 2509 invidet,
2502 2450 2556 2497 et
2581 2439 2986 2494 tribulationes
3008 2436 3303 2488 adversus
3354 2449 3488 2488 eos
3533 2437 3799 2493 excitat.

2073 2537 2247 2590 Multae
2271 2532 2649 2588 triliulationes
2683 2543 2794 2581 non
2834 2525 3226 2603 iniustorum,
3264 2525 3404 2577 sed
3440 2525 3813 2594 iustorum.

2075 2629 2247 2682 Testis
2284 2621 2666 2694 ergojustitize
2703 2618 2808 2672 Job
2846 2618 2971 2688 ipse
3026 2617 3185 2671 Deus
3232 2619 3683 2681 ostenditur,
3731 2620 3815 2672 di-

2071 2734 2196 2772 cens
2228 2735 2239 2769 :
2277 2716 2485 2777 Justus,
2519 2727 2711 2774 verax,
2748 2709 2843 2764 Dei
2887 2709 3107 2762 cultor.
3150 2706 3347 2772 Quod
3406 2718 3661 2762 autem
3696 2710 3828 2763 dia-

2078 2809 2181 2862 boli
2221 2807 2383 2859 fuerit
2415 2805 2532 2855 haec
2576 2799 2942 2853 inflammatio
2995 2807 3175 2863 atque
3224 2798 3726 2864 perturbatio,
3775 2807 3833 2849 et

2073 2914 2139 2952 ex
2166 2898 2248 2950 his
2280 2910 2397 2963 qua:
2434 2907 2579 2947 nunc
2607 2893 2745 2944 tiuut
2777 2899 3040 2957 apparet.
3081 2887 3524 2956 Frequenter
3556 2905 3843 2958 namque

2074 2989 2232 3042 etiam
2273 3001 2412 3038 nunc
2460 2983 2602 3036 idem
2655 2981 2772 3047 ipse
2828 2978 3101 3032 diabolus
3146 2981 3538 3033 unanimes
3586 2979 3844 3033 sodales

2077 3079 2410 3139 commiscet,
2444 3084 2611 3141 atque
2642 3073 2953 3126 conturbat
3003 3086 3111 3138 per
3156 3072 3575 3138 quamlibet
3641 3073 3854 3126 modi-

459 3199 716 3243 vertatur.
762 3162 960 3240 Novem
985 3162 1380 3251 responsiones
1421 3181 1756 3250 blaSphemia:
1797 3179 1978 3249 plenas
2003 3203 2046 3260 ο
2079 3185 2192 3223 cam
2217 3171 2496 3230 rationem,
2515 3174 2572 3217 ct
2594 3167 2661 3218 ad
2681 3162 3500 3234 immensam_inimicitiam
3528 3165 3856 3218 adversus

465 3280 720 3332 adversus
751 3275 848 3329 Job
881 3290 971 3328 eos
997 3275 1172 3327 dicere
1221 3271 1498 3340 compulit,
1551 3285 1980 3338 unumquemque

465 3381 646 3420 eorum
684 3373 808 3416 tres.
854 3363 957 3415 Sed
1012 3363 1197 3414 beatus
1239 3360 1337 3416 Job
1382 3362 1682 3414 nullatenus
1727 3368 1848 3412 ante
1892 3373 1983 3412 eos

471 3454 750 3514 titubavit,
805 3452 898 3504 sed
963 3450 1180 3503 totidem
1239 3451 1702 3518 responsionibus,
1749 3451 1985 3517 quinimo

472 3543 646 3610 potius
673 3540 907 3607 pluribus
946 3554 1007 3590 ac
1055 3537 1342 3604 maioribus
1363 3540 1606 3592 omnibus
1636 3539 1738 3593 illis
1761 3555 1982 3605 respon-

472 3633 621 3692 dens,
660 3641 712 3682 et
747 3630 835 3682 Dei
871 3628 1130 3694 iustitiam
1180 3643 1238 3681 ac
1276 3628 1564 3681 bonitatem
1604 3630 1984 3693 manifestavit,

473 3730 523 3775 ca.
555 3733 735 3773 eorum
770 3719 1012 3785 injustam
1043 3717 1400 3769 causationem
1443 3720 1735 3772 confutavit
1770 3735 1864 3788 per
1887 3721 1986 3771 alia

475 3809 684 3878 quidem
705 3808 946 3874 plurima,
973 3822 1170 3860 necnon
1199 3815 1250 3858 et
1279 3822 1371 3874 per
1389 3819 1449 3858 ea
1469 3822 1586 3874 qua:
1615 3809 1663 3860 in
1695 3807 1832 3861 facie
1864 3807 1990 3861 dicit

478 3899 541 3951 ad
572 3913 662 3952 eos
691 3917 703 3950 :
740 3897 846 3951 Vos
872 3899 1000 3950 estis
1035 3896 1222 3949 medici
1258 3895 1460 3962 injusti,
1494 3907 1546 3950 et
1575 3907 1852 3950 sanatorcs
1877 3911 1993 3960 pes-

440 3993 442 3995 ’
480 3990 602 4045 simi
649 3989 843 4043 cuncti.
875 3988 1003 4052 Quia
1037 4001 1155 4039 eum
1187 4000 1372 4039 curare
1405 3985 1614 4039 dolores
1646 3985 1758 4052 eius
1784 3995 1837 4037 et
1865 4000 1991 4037 cono

481 4081 639 4136 solari
671 4080 896 4132 animam
927 4081 1040 4144 eius
1067 4078 1356 4140 venissent,
1395 4076 1446 4127 in
1494 4075 1901 4128 amaritudinem
1932 4088 1994 4124 ac

485 4169 734 4224 malitiam
765 4169 906 4222 circa
937 4169 1028 4221 Job
1058 4165 1300 4220 conversi
1337 4172 1474 4217 sunt.
1510 4163 1699 4216 Merito
1737 4178 1862 4232 ergo
1907 4163 1993 4215 in-

480 4259 649 4326 iustos
701 4257 931 4311 medicos
991 4256 1128 4322 iuste
1179 4268 1271 4306 eos
1327 4252 1574 4319 appellat.
1625 4251 1706 4316 Si,
1759 4252 1992 4318 inquam,

482 4355 742 4400 venerunt
775 4347 839 4399 ad
877 4361 996 4400 eum
1029 4353 1085 4400 ut
1109 4343 1504 4399 consolarentur
1532 4351 1688 4409 atque
1713 4342 1996 4395 visitarent

403 4479 405 4481 .
485 4435 737 4510 illum,illi
765 4450 858 4488 suo
875 4436 1140 4504 proposito
1158 4433 1225 4486 ob
1244 4431 1344 4484 hoc
1372 4439 1647 4494 venerunt,
1672 4432 1761 4484 sed
1785 4433 1994 4499 nequis-

2084 3261 2308 3314 invicem
2353 3259 2621 3319 immutat,
2676 3255 2748 3307 ita
2785 3265 2846 3308 ut
2880 3254 3224 3308 efﬁciantur
3272 3256 3432 3309 sibi
3483 3274 3574 3310 ex
3632 3256 3858 3310 amicis

2084 3351 2306 3411 inin'iici,
2337 3364 2402 3401 ex
2431 3347 2664 3399 sinceris
2695 3347 2963 3400 crudeles
2989 3347 3394 3400 adversarii.
3456 3347 3637 3400 Haec
3682 3361 3860 3400 nam—

2085 3455 2188 3508 que
2235 3447 2316 3492 est
2347 3436 2591 3505 operatio
2637 3434 2889 3503 maligni.
2938 3436 3115 3490 Beati
3161 3438 3267 3506 qui
3342 3438 3861 3493 declinaverint

2087 3538 2140 3584 et
2163 3527 2454 3582 restiterint
2479 3524 2768 3577 calliditati
2793 3534 2976 3593 atque
3003 3528 3304 3582 versutia!
3355 3531 3563 3595 eius,
3607 3544 3692 3582 ac
3731 3542 3861 3581 ωε*

2087 3620 2293 3673 ledictis
2320 3615 2661 3670 suasionibus
2679 3615 2819 3686 ejus.
2847 3616 2990 3671 Post
3026 3633 3164 3686 qua:
3200 3619 3563 3674 universa
3609 3619 3697 3673 ad
3724 3635 3860 3688 pro-

2089 3709 2312 3776 positum
2381 3715 2738 3758 revertamur.
2797 3705 3093 3773 Videntes,
3171 3710 3442 3776 inquit,
3519 3710 3722 3763 illum
3791 3710 3860 3761 de

2091 3802 2259 3865 longe.
2290 3795 2600 3861 Qui?Tres
2625 3796 2845 3850 sodales
2894 3809 3058 3866 eius,
3117 3803 3425 3854 necdum
3472 3805 3711 3858 adhuc
3752 3801 3858 3854 im-

2093 3892 2280 3942 mutati
2315 3902 2410 3940 nec
2439 3888 2801 3954 praevaricati.
2849 3891 2953 3942 sed
3007 3906 3151 3944 cum
3213 3907 3479 3946 essent
3554 3895 3709 3963 puri
3772 3893 3856 3944 vi-

2095 3980 2278 4032 dentes
2302 3992 2422 4030 eum
2446 3977 2514 4029 de
2535 3977 2713 4046 longe.
2754 3976 2832 4032 De
2857 3978 3036 4046 longe
3065 3981 3235 4033 enim
3279 3991 3762 4050 respexerunt
3799 3989 3852 4034 et

2096 4066 2438 4134 contemplati
2469 4076 2784 4134 suntatque
2840 4069 3138 4123 viderunt
3193 4085 3393 4125 eum.
3470 4074 3651 4126 Nam
3716 4087 3848 4126 mox

2099 4168 2156 4212 ut
2183 4159 2346 4226 ipsam
2371 4157 2957 4221 civitatemviderunt,
3006 4175 3153 4213 mox
3215 4163 3690 4219 nihilominus
3734 4162 3845 4217 sic-

2097 4251 2184 4302 ubi
2214 4251 2384 4314 ipsum
2411 4248 2651 4300 viderent
2685 4245 3040 4301 ambierunt.
3071 4248 3308 4305 Totum
3381 4268 3690 4324 uanique
3747 4265 3842 4306 cer

2096 4352 2279 4391 eorum
2307 4335 2494 4389 dolore
2515 4342 2677 4401 atque
2705 4335 2968 4402 angustia
2997 4336 3258 4404 plenum
3297 4345 3683 4409 pendebat,
3722 4341 3839 4395 ubi-

2101 4443 2222 4480 nam
2266 4424 2366 4481 Job
2416 4423 2854 4491 conquiesceret.
2916 4422 3140 4482 Merito
3173 4429 3250 4483 de
3292 4431 3513 4503 longe
3554 4434 3833 4487 viderunt

483 4524 648 4578 simus
680 4523 920 4576 inimicus
939 4524 1303 4591 malignusque
1319 4519 1676 4583 adversarius,
1700 4535 1791 4588 per
1808 4531 1998 4574 cuncta
2031 4511 2073 4562 ῐ)
2103 4533 2248 4580 eum,
2287 4517 2412 4585 quia
2465 4516 2530 4568 de
2558 4513 2717 4580 longe
2758 4514 3100 4578 cogitabant
3165 4520 3245 4573 de
3307 4536 3400 4575 eo
3425 4563 3445 4586 ,
3517 4533 3712 4592 atque
3767 4523 3832 4574 de

489 4615 777 4683 permansit
827 4615 1075 4668 inimicus
1128 4624 1284 4682 atque
1316 4626 1409 4681 per
1441 4612 1615 4664 omnia
1640 4627 1730 4666 sua
1766 4614 2004 4665 exercuit

489 4705 637 4769 odia,
667 4714 719 4758 et
751 4720 847 4773 per
868 4720 1082 4759 uxorem
1115 4719 1169 4758 et
1195 4720 1287 4773 per
1322 4703 1525 4757 amicos
1563 4713 1616 4756 et
1646 4718 1736 4771 per
1769 4703 1999 4756 sodales.

489 4795 768 4862 Propterea
794 4794 1110 4848 visitationis
1135 4803 1290 4861 atque
1322 4793 1699 4848 consolationis
1726 4794 2002 4858 adventus,

492 4886 648 4938 totius
697 4885 918 4938 tristitiae
965 4900 1025 4953 ac
1083 4886 1366 4949 rmeroris,
1419 4884 1727 4938 beatissimo
1774 4882 1873 4936 Job
1925 4891 2008 4938 est

493 4978 681 5030 factus.
736 4974 856 5028 Post
881 4990 996 5043 quae
1022 4977 1266 5029 universa
1311 4976 1477 5029 dicit:
1541 4974 1778 5028 Videntes
1834 4983 2004 5026 autem

487 5064 634 5117 illum
663 5063 724 5114 de
749 5063 910 5130 longe,
943 5081 1043 5116 non
1069 5075 1376 5132 agnoverunt
1414 5065 1474 5117 δ’.
1507 5063 1609 5116 Sed
1639 5072 1761 5116 ante
1804 5063 1874 5116 ita
1911 5078 2002 5130 per

490 5167 686 5222 paucos
731 5165 998 5206 sermones
1055 5155 1404 5223 inquiramus,
1451 5153 1520 5208 ob
1551 5169 1708 5222 quam
1751 5167 1858 5205 rem
1903 5163 2007 5207 tam

490 5245 697 5300 duriter
735 5245 881 5297 circa
911 5241 1030 5306 Job,
1068 5247 1152 5298 vel
1201 5246 1374 5313 potius
1420 5245 1676 5297 adversus
1700 5240 1798 5294 Job
1831 5243 2010 5295 insur-

497 5343 763 5388 rexerunt.
813 5333 969 5398 Audi,
1002 5334 1137 5386 mala
1163 5333 1410 5401 opinione
1450 5331 1690 5384 succensi
1723 5343 1774 5382 et
1806 5330 2014 5398 injuste

491 5425 804 5479 tentulantes
854 5425 1037 5489 Deum,
1093 5433 1150 5475 ut
1198 5423 1295 5490 ipsi
1335 5421 1610 5488 putabant,
1659 5420 1798 5486 quod
1848 5421 2011 5476 Deum

494 5515 868 5566 aetrnulareutur
896 5523 1051 5581 atque
1085 5511 1452 5572 defenderent,
1485 5510 1742 5563 obcaecati
1782 5519 1906 5562 sunt
1947 5515 2015 5568 ab

495 5603 727 5666 inimico,
759 5613 814 5654 ut
837 5601 1033 5669 iudicia
1063 5603 1150 5657 Dei
1182 5618 1282 5657 non
1303 5600 1658 5667 inquirerent.
1685 5599 1792 5654 lloc
1816 5601 2019 5658 scilicet

568 5801 607 5828 "
659 5798 752 5852 Job
777 5815 838 5862 tt,
873 5800 954 5852 l2.

2107 4609 2269 4675 longe
2294 4617 2450 4662 erant
2479 4603 2691 4658 solliciti
2722 4618 2821 4672 pro
2863 4603 2984 4657 illo.
3020 4605 3270 4666 Idcirco
3300 4613 3394 4665 de
3449 4615 3644 4682 longe
3688 4626 3824 4666 con-

2107 4710 2406 4766 Spexerunt
2425 4710 2563 4752 eum.
2585 4691 2719 4745 Nam
2747 4693 2964 4748 amicus
2998 4698 3284 4754 amicum
3317 4716 3527 4756 suum
3565 4706 3643 4757 de
3671 4703 3830 4771 longe

2109 4789 2289 4856 videt,
2319 4793 2433 4847 sive
2455 4783 2692 4855 corporis
2708 4784 2946 4849 visione,
2979 4788 3119 4842 sive
3158 4793 3412 4847 auium:
3451 4796 3824 4853 sinceritate,

2112 4894 2244 4935 cum
2289 4897 2494 4940 memor
2528 4886 2609 4932 est
2646 4877 2763 4946 eius
2789 4877 2843 4928 in
2878 4875 3053 4931 donis
3080 4890 3150 4934 et
3197 4886 3645 4947 muneribus,
3678 4894 3838 4951 atque

2115 4968 2173 5021 in
2210 4987 2332 5030 suae
2369 4973 2547 5048 gratiae
2575 4964 2923 5037 perfectione.
2960 4962 3302 5030 Videntes
3343 4970 3540 5022 illum
3564 4975 3644 5025 de
3658 4973 3834 5037 longe.

2118 5059 2272 5121 Ubi?
2309 5073 2484 5143 Super
2513 5075 2756 5119 acervum
2783 5057 3082 5128 stercoris,
3129 5074 3383 5137 super
3440 5074 3774 5112 ιιωτωιιω
3805 5057 3859 5106 iu

2119 5155 2218 5209 via
2275 5168 2514 5231 pubiica.
2566 5154 2818 5211 Videntes
2867 5164 2994 5204 eum
3051 5153 3134 5207 de
3173 5158 3326 5216 ιοη
3350 5160 3436 5213 ge
3499 5149 3718 5214 repteti
3743 5151 3858 5198 sunt

2123 5244 2337 5313 dolore
2378 5272 2432 5316 et
2462 5250 2649 5329 gemitu
2677 5256 2730 5301 et
2758 5245 2972 5316 planctu
3003 5256 3298 5317 quoque
3398 5245 3599 5303 atque
3619 5239 3873 5288 \ameutao

2130 5336 2324 5414 tione,
2371 5324 2508 5409 εῑοιξι
2542 5341 2762 5400 inferius
2799 5336 3445 5404 demonstrabirvr.
3497 5324 3876 5382 Video/anu

2136 5429 2212 5487 de
2238 5437 2408 5514 longe
2443 5463 2538 5504 non
2569 5439 2896 5510 cognoverunt
2921 5443 3074 5482 eum.
3135 5431 3346 5495 Νθηη
3376 5442 3524 5489 rere
3556 5441 3679 5485 θρα
3709 5423 3829 5480 Μ]

2139 5535 2251 5588 μετ
2308 5545 2456 5605 Quod
2497 5539 2881 5608 agnosceretur.
2944 5521 3147 5587 regule
3199 5526 3426 5588 sol/am
3490 5545 3607 5586 non
3649 5520 3774 5586 erat,

2146 5609 2428 5688 t‘iadema
2466 5647 2567 5689 non
2593 5636 2723 5692 erat,
2753 5613 2920 5693 gloria
2954 5624 3152 5681 neque
3185 5621 3363 5676 vesus
3401 5621 3570 5688 regia
3597 5625 3655 5672 et
3685 5610 3779 5668 uti-
