3916 6438
563 428 665 483 505

1617 418 1987 474 ANONYMUS
2025 417 2088 470 IN
2124 417 2258 472 JOB.
2299 447 2362 455 —
2400 414 2527 467 LIB.
2564 411 2653 466 Ill.

3663 392 3743 448 501

565 539 777 592 tristitia
804 544 961 601 atque
987 535 1112 601 ipsis
1135 535 1408 589 doloribus
1437 535 1680 596 saturati,
1710 533 1836 602 ipsis
1861 533 2079 585 vocibus
2107 534 2151 588 Α
2181 528 2237 581 Si
2268 527 2416 579 liberi
2451 523 2647 578 sublati
2677 527 2809 575 sunt
2840 517 2971 581 tibi,
3006 508 3289 602 transiges
3314 504 3386 602 de
3420 502 3743 602 retamluari.

559 627 756 686 satiati,
809 625 935 691 ipsis
970 623 1219 693 lacrymis
1255 623 1520 677 inebriati.
1571 622 1692 675 llaec
1735 623 2073 675 recordantes

558 723 670 783 post
689 714 797 765 hate
818 698 1012 775 sancti,
1034 712 1359 765 dixeruntea
1389 711 1587 773 verbis,
1605 726 1720 777 qua:
1740 711 1814 763 illi
1839 708 2073 777 perfece-

556 809 674 853 runt
694 798 868 851 factis.
901 796 1132 850 Fuerunt
1155 798 1279 850 mihi
1309 797 1550 866 lacrymw
1582 814 1705 849 metr
1720 813 1875 865 panes
1909 798 1989 850 die
2012 811 2072 848 ac

550 895 695 939 nocte
707 883 750 917 ’⁸³
771 901 785 949 ;
806 894 859 938 et
880 908 891 939 :
919 883 1121 938 Oblitus
1141 902 1250 938 sum
1270 888 1417 938 edere
1434 902 1597 938 meum
1615 902 1800 953 panem
1818 901 1974 938 avoca
1996 901 2072 952 ge-

549 975 765 1026 r‘nituum
786 990 1014 1027 meorum
1032 974 1098 1039 ⁸⁵³,
1121 984 1172 1026 et
1194 992 1208 1027 :
1232 974 1431 1027 Potasti
1446 992 1533 1028 nos
1551 976 1789 1043 lacrymis
1807 977 1860 1027 in
1879 992 2072 1028 mensu-

548 1079 607 1115 ra
634 1061 700 1117 “.
729 1062 895 1115 Tanta
930 1076 1058 1131 ergo
1086 1064 1298 1116 tristitia
1344 1080 1406 1117 ac
1444 1064 1645 1127 dolore,
1679 1074 1730 1117 et
1763 1065 2070 1131 gemitibus,

545 1150 787 1216 suspiriis
828 1163 1038 1216 quoque
1065 1157 1118 1201 et
1172 1148 1438 1218 lacrymis,
1485 1160 1644 1215 atque
1694 1149 2071 1201 lamentatione

552 1238 733 1305 repleti
766 1246 889 1290 sunt
938 1237 1033 1289 viri
1074 1236 1170 1301 illi,
1203 1246 1260 1289 ut
1296 1237 1533 1290 omnium
1574 1238 1863 1290 carnalium
1911 1247 2072 1304 atque

546 1328 884 1395 praesentium
916 1327 1393 1391 obliviscerentur,
1439 1336 1495 1380 et
1519 1326 1785 1380 alerentur
1824 1337 1868 1379 et
1921 1336 2070 1379 satu-

545 1427 797 1468 rarentur
834 1425 888 1468 et
920 1416 1250 1484 replerentur
1290 1416 1396 1483 ipsa
1433 1415 1644 1469 tristitia
1674 1426 1724 1468 et
1751 1416 1909 1468 luctu.
1939 1414 2067 1467 Nam

542 1509 682 1563 sicut
716 1506 814 1561 Job
859 1507 1198 1560 saturabatur
1243 1506 1730 1559 vehementioribus
1771 1505 2067 1567 doloribus,

542 1597 788 1650 similiter
813 1597 952 1650 beati
984 1598 1083 1650 viri
1127 1596 1199 1648 illi
1238 1596 1615 1648 saturabantur
1666 1596 1920 1647 immensa
1972 1596 2068 1646 tri-

542 1685 686 1737 stitia
718 1695 872 1753 atque
903 1684 1210 1739 ululatibus.
1264 1685 1353 1740 Sic
1374 1725 1389 1749 ,
1418 1686 1608 1754 inquit,
1639 1684 1953 1737 assederunt
1995 1684 2067 1736 illi

541 1784 737 1841 septem
761 1776 948 1827 diebus
977 1785 1028 1827 et
1053 1784 1252 1843 septem
1282 1776 1545 1837 noctibus,
1576 1782 1630 1827 et.
1650 1775 1840 1827 mortui
1868 1774 2063 1827 luctum

2175 618 2275 669 Sed
2301 631 2403 669 non
2454 620 2710 682 poterant
2754 609 2875 662 haec
2905 607 3116 661 dicere.
3163 594 3365 654 Omnia
3416 591 3556 647 enim
3595 591 3748 646 subito

2177 720 2283 761 uno
2316 714 2554 772 tempore
2591 701 2953 755 interierunt.
3013 696 3101 748 An
3148 692 3258 744 hoc
3306 682 3610 739 dixissent?
3637 682 3747 734 Cor-

2174 796 2318 864 poris
2349 792 2701 846 incolumitas
2731 798 2788 842 et
2830 784 3224 841 membrorum
3276 772 3540 829 fortitudo
3562 812 3576 834 ,
3616 782 3752 838 atque

2173 886 2519 940 brachiorum
2549 882 2744 945 virtus,
2782 878 3053 947 rependet
3105 871 3211 925 tibi
3261 866 3447 921 omnia
3494 872 3647 929 atque
3684 876 3751 914 re.

2171 977 2376 1030 stituet.
2426 973 2532 1027 Sed
2566 973 2669 1025 hoc
2691 1010 2707 1034 ,
2741 968 3043 1036 inquiunt,
3096 957 3418 1031 praesertim
3458 951 3632 1007 dicere
3664 967 3752 1007 non

2173 1078 2479 1135 possumus.
2516 1063 2620 1131 Ipsi
2656 1060 2800 1114 enim
2833 1057 3091 1109 videmus
3120 1062 3333 1118 corpus
3370 1046 3595 1135 humore
3642 1057 3751 1096 cou-

2171 1131 2470 1219 sumptum,
2509 1159 2563 1202 et
2592 1148 2774 1201 omnia
2806 1147 3059 1200 membra
3096 1146 3356 1194 comesta
3385 1150 3415 1187 a
3441 1131 3755 1187 multitudine

2171 1243 2456 1295 vermium.
2514 1240 2616 1294 l’ro
2680 1239 2799 1292 istis
2864 1251 2999 1304 ergo
3053 1232 3327 1286 omnibus
3358 1226 3753 1295 quomodo,in-

2170 1334 2394 1400 quiuut,
2430 1342 2479 1384 te
2508 1330 2856 1383 consolemur
2901 1325 2985 1378 vel
3019 1320 3317 1391 quomodo
3346 1333 3412 1374 os
3447 1317 3753 1385 aperiamus,

2171 1421 2252 1474 vel
2284 1422 2409 1489 quid
2446 1420 2688 1473 dicamus
2724 1432 2831 1470 non
2867 1415 3215 1468 invenimus.
3261 1409 3351 1461 An
3404 1410 3648 1474 antiquas
3685 1407 3753 1459 bi-

2170 1512 2363 1565 storias
2410 1508 2789 1577 proferemus?
2838 1505 2946 1559 Sed
2993 1520 3024 1556 a
3065 1501 3281 1555 saeculo
3322 1499 3455 1551 talia
3500 1512 3605 1549 non
3636 1498 3754 1550 acci-

2169 1600 2392 1663 derunt,
2446 1601 2542 1653 sed
2595 1598 2662 1650 ab
2696 1597 2853 1650 initio
2886 1594 3018 1649 talia
3083 1606 3204 1645 non
3260 1596 3652 1658 provenerunt.
3688 1590 3751 1640 An

2170 1689 2511 1758 antiquorum
2543 1688 2756 1741 dolores
2785 1696 2956 1753 atque
2986 1683 3301 1753 passiones
3346 1678 3676 1748 proferentes
3703 1693 3753 1733 ac

2170 1777 2713 1831 comntonel‘acientes
2745 1775 2921 1838 illum,
2960 1771 3404 1826 consolabimur
3444 1768 3609 1821 eum?
3641 1767 3752 1834 Ergo

540 1865 676 1932 apud
710 1864 967 1917 viventem
994 1863 1094 1918 Job
1141 1866 1514 1933 impleverunt.
1556 1864 1754 1918 Luctus
1809 1864 1951 1916 enim
2008 1863 2066 1918 lit
2098 1845 2137 1898 Β
2165 1869 2288 1935 quia
2332 1882 2431 1921 nec
2486 1867 2779 1934 quidquam
2824 1872 2976 1925 erat,
3039 1876 3154 1915 nec
3210 1862 3268 1914 in
3318 1858 3484 1911 factis
3533 1872 3690 1925 neque
3712 1859 3751 1909 in

540 1952 731 2005 mortui
767 1962 965 2019 septem
994 1951 1179 2005 diebus
1209 1960 1260 2004 et
1291 1960 1491 2016 septem
1534 1950 1799 2003 noctibus.
1849 1948 1890 2001 Ο
1920 1947 2062 2000 solli-

538 2044 822 2097 citudinem
875 2043 1148 2096 beatorum
1207 2044 1411 2096 illorum
1487 2053 1644 2110 atque
1711 2041 2061 2104 devotionem,

536 2149 691 2201 quam
724 2136 865 2187 circa
899 2132 997 2187 Job
1025 2135 1353 2187 habuerunt!
1384 2132 1426 2187 Ο
1449 2134 1617 2185 virtus
1648 2144 1701 2185 et
1726 2131 2014 2184 constantia
2043 2131 2057 2182 Σ

535 2226 580 2280 Ο
638 2226 888 2292 patientia
949 2234 1108 2293 atque
1157 2225 1318 2277 animi
1382 2223 1671 2276 fortitudo!
1737 2222 2060 2275 Commortui

536 2314 811 2380 suntjnsto
844 2314 913 2366 illi
943 2313 1043 2367 Job
1070 2328 1173 2367 non
1198 2311 1585 2375 manducando,
1612 2324 1782 2378 neque
1814 2309 2059 2369 bibendo,

536 2418 655 2470 quae
681 2404 928 2456 universa
968 2411 1192 2458 mortem
1243 2401 1564 2469 significant.
1598 2399 1727 2452 Nam
1776 2399 1914 2452 sicut
1958 2413 2059 2450 nou

534 2496 988 2545 manducaverunt
1036 2505 1209 2559 neque
1260 2492 1540 2553 biberunt,
1596 2490 1673 2543 sic
1737 2503 1832 2542 nec
1902 2488 2057 2541 locuti

535 2590 694 2641 sunt,
728 2589 782 2633 et
822 2580 961 2633 sicut
1005 2594 1107 2632 non
1157 2588 1284 2632 sunt
1322 2578 1479 2631 locuti
1512 2588 1711 2647 septem
1741 2578 1959 2641 diebus,
1988 2579 2058 2631 ita

534 2688 633 2728 nec
656 2673 1102 2727 manducaverunt
1132 2688 1232 2726 nec
1261 2672 1523 2725 biberunt.
1554 2671 1701 2736 Quod
1733 2680 1907 2723 autem
1952 2685 2056 2722 non

533 2764 986 2816 manducaverunt
1016 2771 1216 2828 septem
1256 2760 1472 2834 diebus,
1503 2759 1734 2812 ostendit
1780 2760 1830 2811 in
1873 2759 2058 2812 subse-

532 2854 813 2922 quentibus
843 2854 1025 2907 diceus
1059 2868 1073 2904 :
1106 2853 1421 2906 Assederunt
1456 2854 1503 2903 ei
1544 2860 1731 2917 septem
1780 2851 1957 2901 diebus
2008 2862 2054 2902 et

530 2952 716 3009 septem
745 2942 998 3004 noctibus,
1032 2950 1077 2993 et
1119 2956 1263 2993 nemo
1294 2940 1500 2991 illorum
1530 2942 1724 2991 locutus
1747 2946 1820 2989 est
1852 2938 1917 2989 ad
1941 2953 2057 2989 eum

530 3032 732 3084 verbum
756 3032 819 3083 “.
843 3030 1051 3095 Quare?
1065 3029 1197 3094 Quia
1217 3030 1456 3083 viderant
1473 3027 1677 3095 plagam
1694 3027 1808 3095 ejus
1827 3028 2057 3079 saevissi-

530 3138 668 3175 mam
709 3135 847 3185 esse,
902 3132 955 3174 et
1008 3133 1252 3187 magnam
1304 3118 1471 3171 valde.
1526 3117 1736 3184 Septem
1774 3116 1957 3171 diebus
2004 3124 2057 3169 et

528 3220 729 3279 septem
755 3212 1002 3264 noctibus
1032 3225 1131 3263 non
1166 3208 1374 3276 aperire
1403 3222 1481 3269 os,
1514 3222 1617 3260 non
1641 3207 1784 3274 loqui
1817 3209 2055 3272 verbum,

532 3316 637 3354 non
677 3300 916 3368 proferre
947 3313 1277 3359 sermonem,
1328 3296 1499 3364 magni
1559 3306 1640 3350 est
1688 3295 1883 3348 doloris
1915 3296 2058 3349 indi-

530 3391 690 3443 cium.
720 3388 823 3442 Sed
848 3389 1057 3440 interim
1105 3386 1233 3439 illud
1286 3386 1633 3451 impleverunt
1685 3386 1823 3441 beati
1851 3385 1923 3439 illi
1953 3386 2055 3438 viri

530 3493 633 3530 non
680 3478 1014 3531 discedentes
1036 3515 1050 3539 ,
1082 3490 1249 3542 neque
1295 3485 1597 3530 avertentes
1622 3476 1850 3551 faciem,
1886 3493 2054 3547 neque

530 3568 701 3620 locum
734 3569 1036 3620 deserentes
1060 3604 1074 3628 ,
1110 3566 1202 3618 sed
1242 3565 1441 3633 jugiter
1467 3578 1867 3633 permanentes,
1901 3579 2057 3635 atque

531 3655 830 3708 assidentes
861 3653 933 3706 illi
972 3661 1173 3721 septem
1211 3653 1394 3705 diebus
1440 3664 1493 3705 et
1529 3664 1725 3723 septem
1784 3660 2052 3720 noctibus,

527 3754 582 3799 et
632 3759 788 3798 nemo
838 3743 1044 3796 illorum
1092 3744 1300 3797 locutus
1362 3752 1441 3797 est
1487 3743 1534 3796 ei
1577 3746 1815 3799 verbum.
1860 3747 2055 3815 Stupor

526 3834 667 3887 enim
715 3843 871 3902 atque
913 3848 1075 3902 pavor
1113 3841 1464 3901 occupaverat
1500 3833 1615 3887 illos
1662 3837 1898 3890 videntes
1932 3838 2054 3889 talia

527 3922 642 3992 pati
667 3922 835 3974 virum
863 3929 1101 3975 sanctum
1133 3920 1428 3988 acjnstum,
1473 3938 1501 3974 a
1549 3923 1657 3976 Deo
1694 3925 2052 3977 testimonium

526 4021 893 4066 consecutum.
950 4010 1163 4063 Certum
1214 4019 1294 4063 est
1322 4012 1459 4078 quod
1486 4026 1587 4065 non
1615 4012 1782 4066 solum
1817 4028 1910 4081 pro
1932 4013 2050 4077 Job,

523 4099 614 4153 sed
644 4098 803 4151 etiam
834 4113 928 4166 pro
950 4112 1006 4151 se
1034 4100 1393 4167 unusquisque
1421 4114 1603 4154 eorum
1637 4101 1893 4154 sollicitus
1916 4113 2047 4162 erat,

526 4198 766 4242 metuens
798 4188 922 4256 quid
950 4190 1109 4242 etiam
1142 4191 1205 4242 de
1237 4205 1293 4242 se
1317 4200 1588 4258 gereretur
1617 4230 1631 4253 ,
1658 4191 1741 4245 vel
1787 4192 1912 4258 quid
1960 4207 2053 4244 ex-

523 4288 869 4347 spectaretur.
905 4277 1034 4332 Nam
1064 4280 1106 4332 si
1143 4281 1340 4347 justum
1384 4280 1506 4332 talia
1554 4280 2045 4345 inveneruntmala,

521 4382 639 4431 nos,
689 4368 949 4435 inquiunt,
995 4369 1085 4436 qui
1117 4369 1269 4437 longe
1308 4383 1487 4421 sumus
1528 4370 1593 4421 ab
1624 4369 2047 4436 bujusjustifica-

2085 3166 2125 3221 C-

2164 1956 2343 2009 verbis
2400 1969 2498 2024 per
2527 1956 2668 2022 quod
2712 1952 2994 2007 consolari
3047 1963 3187 2004 eum
3254 1958 3524 2015 possent,
3581 1946 3753 1999 idcirco

2163 2044 2423 2098 sedebant
2477 2041 2849 2096 taciturnitate
2893 2054 2993 2092 sua
3028 2038 3145 2106 ipsi
3204 2036 3576 2089 vehementiaa
3626 2035 3751 2087 dolo-

2164 2150 2277 2187 rum
2300 2134 2414 2200 ejus
2446 2143 2787 2187 attestantes.
2821 2130 2957 2183 Nam
3000 2128 3321 2183 discedere
3365 2143 3474 2180 non
3507 2136 3749 2196 p0terant,

2162 2238 2454 2296 prasentes
2488 2227 2627 2293 loqui
2670 2239 2776 2277 non
2826 2222 3147 2276 audebant.
3206 2220 3518 2288 Propterea
3561 2219 3752 2272 assede-

2162 2328 2285 2372 runt
2322 2318 2398 2371 illi
2439 2328 2642 2385 septent
2680 2314 2910 2377 diebus,
2942 2322 3002 2366 et
3042 2322 3277 2379 septem
3309 2310 3585 2374 noctibus,
3619 2310 3751 2363 incli-

2161 2408 2302 2461 natis
2329 2407 2582 2461 deorsum
2617 2403 2683 2456 ad
2729 2412 2931 2456 terram
2976 2400 3275 2454 faciebus.
3326 2398 3632 2465 Aliquando
3672 2413 3751 2449 au-

2162 2505 2268 2550 tem
2305 2496 2647 2548 intendentes
2680 2492 2732 2545 in
2766 2491 2921 2544 illum
2968 2499 3029 2544 et
3070 2490 3369 2544 visionem
3406 2490 3579 2560 plagae.
3619 2484 3750 2543 illius

2158 2594 2463 2652 stupentes,
2507 2584 2764 2637 continuo
2822 2581 3150 2635 identidem
3212 2580 3555 2649 dejicicbant
3588 2577 3746 2630 facies.

2156 2674 2458 2742 Aliquando
2482 2687 2540 2726 se
2569 2672 2801 2741 genibus
2829 2671 3230 2739 imponentes,
3259 2671 3563 2738 aliquando
3592 2678 3747 2722 autem

2157 2778 2317 2831 super
2347 2776 2560 2816 manum
2606 2760 3028 2822 incumbentes,
3072 2774 3192 2814 non
3254 2760 3309 2813 in
3345 2758 3577 2819 lectulis,
3604 2770 3749 2822 neque

2157 2855 2208 2907 in
2244 2852 2511 2922 grabatis,
2544 2865 2716 2917 neque
2775 2850 2832 2903 in
2882 2849 3282 2903 straminibus
3352 2848 3746 2917 requiescentes,

2157 2944 2247 2996 sed
2278 2941 2459 3009 procul
2492 2940 2652 2992 dubio
2690 2940 2744 2992 in
2779 2940 2969 2993 cinere
3002 2948 3068 2992 et
3105 2939 3302 2993 cilicio
3332 2979 3347 3003 ,
3378 2939 3435 2992 in
3496 2950 3629 2993 terra
3677 2950 3745 2988 se-

2156 3033 2358 3093 dentes,
2388 3037 2545 3096 atque
2579 3029 2630 3081 in
2663 3027 2764 3081 Job
2807 3029 3180 3084 intendentes
3203 3068 3219 3095 .
3256 3030 3489 3097 quando
3532 3028 3745 3090 sedebat,

2157 3118 2431 3178 sedebant,
2471 3116 2515 3167 si
2550 3124 2724 3169 tamen
2748 3117 2980 3169 omnino
3009 3132 3140 3185 prae
3162 3119 3460 3172 doloribus
3489 3116 3746 3184 aliquando

2153 3206 2329 3274 jacere
2350 3213 2570 3273 poterat.
2603 3203 2695 3258 Sic
2719 3220 2957 3273 namque
2990 3207 3050 3259 in
3132 3209 3450 3276 gemitibus
3490 3221 3553 3261 ac
3596 3202 3749 3272 suspi-

2160 3299 2251 3351 riis
2287 3296 2418 3349 istos
2447 3304 2645 3361 septem
2678 3293 2795 3346 dies
2830 3307 3185 3364 peragentes
3218 3298 3557 3353 assederunt
3584 3297 3673 3359 illi,
3694 3309 3744 3347 os

2155 3404 2261 3442 non
2288 3386 2610 3454 aperientes,
2637 3398 2816 3449 neque
2840 3384 3082 3437 verbum
3128 3385 3468 3454 loquentes,
3517 3386 3615 3440 nisi
3651 3394 3748 3438 tan-

2158 3489 2264 3531 tum
2324 3476 2556 3545 graviter
2608 3473 2992 3539 suspirantes,
3051 3485 3241 3546 atque
3325 3478 3747 3546 ingemiscentes.

2154 3568 2533 3620 Verumtamen
2571 3578 2668 3616 nec
2700 3565 2767 3616 de
2796 3565 2899 3617 boc
2925 3565 3244 3630 sileamus,
3296 3568 3398 3636 qui
3447 3568 3660 3620 fuerunt
3705 3565 3748 3618 ill

2156 3657 2271 3716 viri,
2306 3655 2387 3706 vel
2415 3652 2594 3721 quales
2638 3652 2722 3705 vel
2775 3652 2948 3705 unde.
3005 3652 3144 3709 Non
3198 3657 3439 3712 fuerunt
3473 3659 3633 3726 aliqui
3669 3656 3751 3709 nti-

2155 3746 2321 3809 nimi,
2356 3758 2525 3811 neque
2568 3743 3051 3812 contemptibiles,
3089 3749 3198 3802 sed
3260 3751 3483 3820 egregii
3537 3748 3749 3809 fuerunt,

2152 3847 2204 3887 et
2233 3835 2497 3904 principes
2525 3833 2829 3901 regionum,
2859 3845 3032 3901 atque
3064 3840 3512 3903 provinciarum
3555 3855 3750 3895 suarum

2154 3927 2381 3991 domini,
2416 3940 2478 3979 ac
2519 3926 2684 3977 duces
2738 3923 2915 3992 gentis
2955 3940 3104 3983 sum.
3142 3929 3224 3984 Et
3290 3947 3422 3985 cum
3475 3934 3549 3985 ita
3596 3928 3751 3997 magni

2153 4030 2311 4085 atque
2338 4026 2579 4083 potentes
2631 4014 2882 4078 fuissent,
2920 4026 3153 4072 tantum
3221 4035 3289 4075 se
3320 4022 3751 4082 humiliaverunt,

2150 4116 2309 4172 atque
2342 4104 2665 4167 atllixerunt,
2697 4112 2750 4155 ut
2801 4103 2854 4156 in
2911 4104 3119 4161 cinere
3165 4118 3228 4163 et
3278 4111 3474 4165 cilicio
3524 4112 3752 4165 sederent

2151 4204 2351 4262 septem
2381 4193 2572 4246 diebus
2603 4202 2818 4261 pr0pter
2855 4193 3270 4253 sinceritatem
3308 4217 3380 4257 ac
3428 4203 3752 4256 dilectionem

2151 4301 2309 4353 quam
2346 4284 2493 4337 circa
2525 4283 2671 4335 illum
2697 4282 3012 4337 habuerunt
3034 4324 3051 4348 ,
3085 4290 3255 4355 quod
3304 4306 3478 4346 nemo
3507 4309 3642 4347 nunc
3668 4295 3751 4345 lio-

2152 4375 2353 4426 ntiuum
2403 4370 2553 4436 facit,
2611 4385 2785 4439 neque
2814 4374 3053 4439 amicus,
3113 4394 3310 4448 neque
3351 4382 3569 4449 frater,
3603 4396 3754 4450 neque

522 4456 771 4516 tinnibus,
827 4458 951 4524 quid
1001 4458 1437 4527 exspectabimus.
1480 4459 1559 4513 vel
1599 4459 1723 4527 quid
1769 4461 2051 4514 sustinebi-
2082 4474 2123 4527 ι)
2154 4463 2310 4524 filius,
2340 4470 2400 4514 ut
2429 4459 2899 4529 assideatjejunus
2927 4474 3027 4516 aut
3086 4468 3221 4523 sine
3254 4484 3401 4539 potu
3429 4490 3539 4527 una
3566 4474 3665 4535 die,
3698 4486 3752 4523 ne

526 4545 681 4597 mus?
707 4543 829 4597 llaec
860 4549 1198 4602 recordantes
1226 4549 1421 4617 posteri
1451 4549 1700 4605 dixerunt
1738 4566 1749 4600 :
1790 4550 1847 4603 Si
1869 4550 2047 4617 justus

520 4634 607 4687 vix
628 4634 909 4686 salvabitur
929 4674 943 4699 ,
968 4648 1204 4703 peccator
1239 4650 1284 4693 et
1308 4640 1494 4707 impius
1525 4639 1608 4690 ubi
1629 4639 1937 4706 apparebunt
1967 4641 2048 4692 ⁸⁸⁸2

520 4722 783 4775 lmmensa
811 4738 936 4791 ergo
966 4726 1176 4779 tristitia
1208 4739 1367 4797 atque
1404 4726 1555 4781 dolor
1580 4729 1775 4791 cordis,
1808 4743 1908 4779 non
1932 4742 2049 4795 per-

520 4811 666 4865 misit
697 4826 788 4864 eos
813 4815 1079 4867 reminisci
1110 4832 1282 4884 neque
1312 4819 1579 4880 ciborum,
1608 4831 1778 4884 neque
1808 4828 2045 4880 potuum,

519 4916 689 4971 neque
711 4901 907 4969 aliquid
922 4904 1135 4956 humani
1158 4907 1420 4960 recordari
1441 4916 1740 4975 potuerunt.
1760 4907 2043 4973 Propterea

509 4984 701 5058 jejuni,
726 5000 778 5043 et
806 4990 920 5042 sine
950 5002 1095 5057 potu,
1126 5003 1179 5047 et
1207 4993 1323 5047 sine
1366 5010 1610 5049 sermone
1652 4998 1963 5049 assederunt
1994 4997 2042 5049 ei

517 5090 716 5149 septem
791 5077 978 5132 diebus
1052 5091 1105 5134 et
1173 5094 1371 5149 septem
1445 5087 1708 5138 noctibus.
1770 5084 2043 5149 Quomodo

514 5170 732 5224 Omnino
776 5168 1040 5222 reminisci
1082 5181 1323 5237 poterant
1347 5172 1569 5239 alicujus
1619 5175 1733 5237 rei,
1762 5190 1881 5228 cum
1935 5185 2039 5227 tam

515 5277 708 5316 ueram
736 5271 893 5329 atque
914 5260 1199 5313 terribilem
1230 5262 1469 5315 viderent
1488 5263 1695 5334 plagam
1720 5267 1869 5320 istius
1880 5266 2045 5333 jusu?

515 5352 790 5417 Quomodo
834 5348 1079 5403 videlicet
1131 5351 1397 5404 consolari
1452 5353 1592 5406 illum
1640 5366 1915 5424 poterant,
1959 5357 2043 5410 vel

513 5444 640 5508 quid
673 5443 739 5494 ad
768 5456 888 5493 eum
920 5439 1211 5493 dixissent?
1251 5440 1523 5495 lloccine?
1573 5442 1627 5498 Si
1671 5461 1777 5499 rem
1822 5446 2046 5499 familia-

519 5541 628 5582 rem
657 5529 918 5593 atnisisti,
975 5530 1291 5596 reparabttnt
1331 5544 1445 5583 eam
1489 5533 1582 5588 tibi
1616 5536 1733 5590 lilii.
1762 5538 1841 5590 Au
1881 5536 2049 5589 illud?

2144 4551 2316 4603 dicam
2384 4559 2587 4616 septem
2623 4550 2817 4603 diebus
2874 4560 2929 4603 et
2999 4567 3231 4624 septem
3303 4564 3591 4617 noctibus.
3642 4564 3753 4628 Qua:

2146 4651 2321 4692 autem
2354 4638 2570 4692 fuerunt
2622 4639 2847 4692 nomina
2899 4640 3115 4698 borum
3163 4649 3479 4706 virorum?
3510 4654 3751 4720 Helipbaz

2144 4728 2581 4781 Tbemanitarum
2630 4729 2773 4795 dux,
2828 4728 3067 4786 Baldath
3122 4738 3433 4796 Suitarum
3480 4756 3749 4815 tyrannus,

2145 4817 2353 4885 Sopliar
2407 4817 2767 4872 Nomadarum
2832 4836 2953 4875 rex.
3012 4824 3084 4878 Et
3123 4845 3259 4897 qua:
3317 4834 3553 4888 fuerunt
3584 4845 3751 4903 gentes

2147 4910 2340 4975 quibus
2364 4909 2452 4960 isti
2491 4909 2786 4976 regnabant
2821 4921 2991 4981 atque
3043 4917 3544 4979 dominabantur?
3586 4925 3750 4980 Genus

2148 4999 2358 5051 fuerunt
2393 5000 2531 5053 Esau
2560 5000 2651 5053 ﬁlii
2680 4999 2831 5056 Isaac
2861 5003 3052 5059 fratris
3087 5006 3296 5076 Jacob,
3334 5031 3538 5083 genus,
3572 5018 3746 5075 tribus,

2150 5090 2448 5159 progenies,
2482 5092 2802 5159 provinciae,
2862 5096 3141 5163 regiones.
3188 5101 3339 5157 Nam
3400 5105 3749 5169 sicutJacob

2149 5179 2547 5237 multitudinem
2609 5185 2793 5254 genuit
2850 5187 3034 5254 gentis
3110 5191 3504 5250 lsraelitarum
3558 5208 3612 5252 et
3663 5198 3747 5251 ,ιιι-

2149 5269 2406 5334 daeorum,
2462 5276 2535 5328 ita
2589 5275 2733 5331 Esau
2786 5277 3193 5335 multitudinem
3256 5289 3466 5353 genuit
3520 5288 3742 5359 gentimn

2149 5361 2238 5427 qui
2274 5364 2687 5430 appellabantur
2719 5370 2967 5429 Idumaai.
3002 5374 3109 5430 Sed
3135 5377 3188 5431 iu
3219 5377 3404 5436 Israel
3448 5384 3567 5437 sive
3592 5383 3739 5449 judex

2151 5457 2272 5499 θτθι
2300 5464 2463 5517 unus.
2486 5458 2580 5525 qui
2613 5469 2781 5515 totum
2807 5461 2976 5517 Israel
2999 5463 3312 5533 judicabat,
3344 5470 3471 5526 sive
3500 5486 3595 5525 rex
3620 5482 3741 5523 unus

2151 5546 2291 5603 erat,
2323 5544 2419 5609 (lui
2443 5549 2701 5611 universo
2719 5555 2884 5613 Israel
2910 5557 3207 5628 imperabat
3233 5596 3249 5622 ,
3281 5564 3541 5629 quandiu
3573 5562 3645 5616 illi
3674 5574 3739 5613 se-

586 5645 628 5677 “
662 5646 799 5703 Psal.
851 5662 957 5711 stt,
1001 5647 1045 5700 ι.
1101 5648 1143 5678 ⁵³
1176 5650 1309 5704 l‘sal.
1360 5666 1430 5715 cr,
1462 5652 1511 5705 5.
1587 5656 1630 5687 ⁸⁵
1666 5657 1803 5712 l’sal.
1842 5660 2056 5725 Lxxtx,t

2176 5656 2220 5688 "'
2251 5659 2352 5716 Job
2381 5683 2444 5734 ιι.
2481 5674 2575 5732 13.
2653 5667 2743 5738 ut
2768 5682 2908 5738 Pctr.
2940 5698 3013 5749 ιγ,
3043 5682 3128 5737 ts.
