3916 6454
171 1091 248 1128 λικκ.

146 1084 248 1129 χχχχχ,
383 1084 414 1095 ν
502 1084 626 1101 ι“““
664 1084 831 1106 "ul-l2
858 1084 1125 1125 pruxtme
1159 1084 1274 1118 erat
1305 1084 1473 1120 aunuc
1504 1084 1758 1121 memoria

190 1135 455 1224 \\\v.\4‘_““\
496 1137 560 1224 ei
589 1129 762 1194 lsaac
807 1143 1102 1214 iustorum
1132 1153 1336 1207 illorum
1361 1193 1374 1219 ,
1399 1163 1454 1209 et
1492 1156 1614 1223 quia
1646 1156 1760 1224 ipse

215 1237 313 1288 dan
333 1220 430 1282 Dei
468 1221 656 1282 cultor
688 1244 820 1289 erat
855 1253 872 1289 :
908 1255 1222 1311 quanquam
1251 1245 1391 1298 enim
1423 1245 1474 1298 in
1496 1220 1758 1300 nonnullis

220 1312 483 1378 violaverit,
538 1323 794 1376 attamen
855 1330 1114 1383 eamdem
1171 1331 1262 1384 Dei
1313 1331 1570 1385 culturam
1634 1332 1757 1387 ﬁliis

220 1409 309 1460 suis
329 1405 556 1462 tradidit
585 1423 603 1461 ι
640 1413 842 1468 merito
872 1416 1120 1487 plerique
1145 1419 1491 1474 ldumaeorum
1527 1421 1756 1475 cultores

215 1493 288 1546 Dei
317 1492 578 1560 fuerunt,
617 1507 672 1550 et
714 1501 987 1571 aliquanti
1013 1507 1166 1561 valde
1195 1508 1464 1576 religiosi,
1497 1510 1634 1562 sicut
1659 1509 1758 1564 Job

213 1581 275 1632 vel
296 1582 451 1635 amici
501 1584 624 1650 ejus
653 1590 744 1656 qui
784 1602 1051 1645 venerunt
1087 1597 1150 1648 ad
1191 1611 1333 1650 eum.
1367 1596 1756 1666 Cognominata

196 1686 408 1740 namque
445 1684 593 1728 sunt
619 1678 867 1744 quasdam
901 1680 1246 1738 ldumaeorum
1275 1686 1512 1755 regiones
1539 1688 1753 1755 Arabia,

194 1762 238 1814 in
265 1763 414 1828 cujus
448 1764 682 1819 Arabiae
714 1767 915 1823 ﬁnibus
940 1772 1184 1824 manebat
1209 1772 1326 1826 Job.
1361 1773 1490 1826 Nam
1524 1785 1576 1828 et
1627 1790 1757 1828 uxo-

179 1864 292 1904 rem
353 1850 425 1904 de
496 1852 714 1910 Arabia
775 1859 1022 1926 accepit,
1064 1869 1243 1927 utpote
1271 1860 1505 1928 ejusdem
1550 1862 1756 1931 generis

1862 706 2006 759 rimis
2048 704 2106 773 ﬁt
2137 703 2413 772 inﬁrmitas
2448 704 2490 736 ⁸⁷
2520 721 2536 758 :
2563 714 2688 759 tunc
2735 703 2984 758 nimirum
3033 703 3213 758 dicunt
3265 705 3392 759 insi-

1861 795 2087 862 pienter,
2115 793 2254 862 quod
2278 791 2571 849 fascinatus
2599 795 2669 848 sit
2701 795 2939 862 quilibet.
2989 792 3209 859 Quando
3255 793 3392 862 jeju-

1862 899 2071 946 namus,
2107 899 2140 936 o
2165 884 2306 948 viri,
2351 886 2678 940 abstinemus
2724 899 2823 939 nos
2870 896 2928 940 ut
2975 899 3077 940 non
3119 895 3390 955 gustemus

1861 989 2048 1030 carnes
2077 990 2248 1046 neque
2290 977 2467 1030 vinum
2513 992 2682 1046 neque
2718 977 3012 1047 superﬂuas
3041 991 3223 1040 escas,
3264 985 3389 1030 tunc

1861 1080 2025 1134 quare
2052 1081 2157 1120 non
2186 1067 2553 1122 fascinamur?
2583 1067 2698 1121 Mox
2731 1079 2908 1124 autem
2930 1078 2987 1121 ut
3018 1082 3204 1122 rursus
3234 1082 3387 1121 man-

1861 1155 2059 1209 ducare
2086 1165 2244 1224 atque
2276 1156 2456 1211 bibere
2481 1157 2834 1226 coeperimus,
2866 1160 3116 1212 continuo
3167 1167 3220 1212 et
3262 1172 3390 1211 ven-

1861 1243 1958 1297 tris
1985 1245 2271 1298 commotio
2305 1255 2462 1313 atque
2495 1246 2756 1300 viscerum
2793 1246 3126 1314 perturbatio
3164 1249 3240 1312 lit,
3284 1247 3386 1302 nisi

1862 1331 1906 1387 is
1930 1332 2072 1386 solus
2101 1333 2362 1402 eﬂ‘ugerit,
2397 1334 2486 1402 qui
2516 1335 2668 1388 valde
2716 1335 3029 1404 sibimetipsi
3078 1335 3384 1402 intenderit,

1860 1437 1928 1476 ue
1976 1431 2151 1490 gustet
2203 1423 2488 1492 quidquam
2535 1425 2877 1493 superﬂuum.
2938 1427 3028 1480 Sic
3074 1427 3251 1493 itaque
3283 1441 3386 1481 non

1858 1503 2240 1570 fascinationes
2284 1517 2568 1582 praevalent
2611 1516 2932 1584 quidquam,
2978 1517 3070 1570 sed
3116 1515 3386 1570 hominum

1861 1605 2260 1660 incontinentia.
2291 1604 2355 1658 Et
2393 1604 2636 1658 videlicet
2667 1606 2766 1659 hoc
2785 1621 2992 1668 verum,
3019 1620 3138 1660 cum
3165 1606 3390 1660 mandu-

1859 1709 2045 1748 camus
2084 1693 2164 1747 vel
2198 1693 2450 1755 bibimus,
2479 1691 2526 1746 si
2556 1693 2671 1745 ﬁdei
2727 1707 2985 1747 memores
3013 1693 3300 1759 luet-imus,
3340 1694 3385 1748 si

1861 1782 2092 1836 terribile
2122 1797 2310 1834 nomen
2331 1782 2444 1848 ejus
2471 1781 2900 1835 invocaverimus
2921 1819 2936 1844 ,
2964 1783 3008 1834 si
3033 1782 3387 1850 nosmetipsos

1861 1874 1940 1926 vel
1978 1873 2151 1926 cibum
2180 1883 2231 1926 et
2263 1881 2441 1939 potum
2470 1882 2706 1926 nostrum
2735 1871 2886 1939 signa
2918 1871 3238 1924 venerabilis
3263 1885 3386 1923 cru-

175 1939 592 1996 exsistentibus
625 1944 895 1998 Arabitis.
923 1945 1033 1999 Nisi
1060 1949 1200 2000 enim
1235 1948 1391 2002 unius
1437 1950 1648 2017 generis
1669 1965 1749 2004 es-

1853 1962 1928 2014 cis
1972 1961 2168 2014 Christi
2219 1962 2732 2030 signilieaveritnus,
2766 1962 2810 2014 si
2871 1960 2938 2014 ad
2976 1961 3171 2014 caelum
3203 1963 3386 2016 oculos

163 2041 322 2093 sent,
355 2046 647 2100 nunquam
681 2032 786 2088 Job
819 2051 884 2088 ex
914 2035 1207 2105 alienigena
1252 2047 1407 2107 gente
1442 2054 1658 2093 uxorem
1695 2053 1754 2094 se

167 2120 432 2188 accipere
461 2135 666 2188 passus
695 2121 908 2178 fuisset.
940 2125 1092 2179 Nunc
1125 2140 1254 2180 sane
1297 2126 1454 2196 periit
1501 2126 1754 2182 ldumzeo-

159 2223 293 2260 rum
335 2221 393 2262 et
422 2224 630 2265 nomen
657 2220 716 2264 et
746 2211 927 2282 lingua
947 2252 963 2278 ,
990 2221 1043 2268 et
1069 2227 1252 2268 omnes
1275 2214 1436 2268 Arabi
1475 2215 1752 2269 nominan-

160 2304 260 2346 tttr
294 2305 475 2364 atque
512 2312 711 2352 omnes
761 2297 982 2369 Syriace
1014 2301 1320 2370 loquuntur.
1377 2302 1526 2369 Quod
1575 2313 1752 2358 autem

155 2384 271 2440 Job
322 2399 396 2440 ex
434 2403 643 2454 genere
671 2389 837 2443 fuerit
871 2374 1008 2443 Esau
1035 2402 1090 2445 et
1112 2407 1174 2444 ex
1208 2391 1346 2445 Esau
1389 2393 1534 2459 ﬁliis,
1567 2393 1752 2450 simili-

162 2479 252 2520 ter
318 2478 385 2521 et
419 2471 583 2524 amici
621 2471 743 2540 ejus
790 2473 879 2541 qui
929 2483 1192 2529 venerunt
1230 2475 1297 2528 ad
1331 2489 1477 2541 eum,
1520 2477 1750 2547 religiosi

163 2558 264 2612 Dei
299 2559 559 2615 cultores
600 2560 848 2622 fuerunt.
894 2572 1261 2618 verumtamen
1307 2579 1490 2620 omnes
1537 2566 1752 2621 luerunt

158 2663 233 2702 ex
267 2664 490 2719 genere
529 2651 710 2713 Esau,
738 2651 978 2720 ejusdem
1015 2654 1226 2722 generis
1251 2664 1408 2723 atque
1462 2655 1652 2722 lingua:
1695 2664 1753 2711 ut

159 2735 312 2800 Job,
353 2739 567 2793 idcirco
614 2740 691 2792 illi
747 2741 1028 2795 unanimes
1069 2741 1284 2795 fuerunt
1328 2758 1390 2796 ac
1436 2743 1747 2798 concordes.

164 2827 458 2883 Similiter
507 2832 671 2884 etiam
709 2831 810 2884 illa
843 2832 1126 2900 provinciae
1180 2846 1242 2886 ac
1271 2832 1528 2900 regiones,
1562 2834 1751 2900 quibus

165 2918 280 2988 ipsi
323 2922 636 2990 regnabant
694 2931 856 2989 atque
886 2922 1238 2991 imperabant,
1269 2923 1427 2974 etiam
1460 2923 1542 2976 hae
1567 2938 1752 2978 omnes

167 3022 400 3076 genere
431 3007 649 3063 luerunt
688 3009 864 3072 Esau,
896 3019 952 3064 et
988 3010 1373 3064 contribulibus
1410 3012 1521 3066 suis
1564 3027 1750 3081 regna-

168 3100 320 3154 bant
403 3111 564 3169 atque
613 3101 976 3169 imperabant.
1036 3100 1160 3154 Sive
1211 3101 1352 3153 enim
1398 3101 1745 3166 Themanitae,

173 3189 396 3255 quibus
430 3182 687 3260 Helipbaz
718 3189 1000 3257 regnabat,
1032 3190 1144 3244 sive
1174 3188 1334 3243 Suitze
1360 3227 1376 3253 ,
1412 3191 1602 3258 quibus
1629 3190 1749 3243 Bal-

176 3275 320 3328 datlt
383 3277 741 3344 principatum
798 3276 1042 3344 gerebat,
1092 3275 1206 3330 sive
1261 3274 1510 3330 Nomadae
1556 3278 1748 3345 quibus

179 3362 410 3431 Sopbar
442 3365 763 3433 imperabat,
787 3379 977 3419 omnes
1004 3379 1169 3434 genus
1198 3365 1332 3420 Esau
1385 3377 1543 3434 atque
1578 3367 1746 3422 tribu:

182 3453 437 3508 fuerunt.
465 3454 572 3509 lloc
601 3455 863 3514 nimirum
892 3453 1192 3508 ostenditur
1211 3470 1275 3508 ex
1313 3455 1450 3510 libro
1476 3455 1747 3524 Paralipo-

184 3555 395 3595 menon
428 3543 511 3596 ubi
543 3543 676 3596 dicit
715 3559 730 3594 :
783 3541 1044 3594 Venerunt
1081 3552 1248 3594 autem
1281 3557 1397 3594 cum
1428 3543 1531 3596 illis
1556 3551 1605 3597 et
1635 3542 1748 3597 Νο-

184 3632 375 3683 ιιαάω
418 3648 574 3701 genus
621 3631 792 3684 Esau.
848 3629 980 3684 Cum
1013 3630 1083 3683 ita
1133 3645 1260 3698 ergo
1299 3632 1512 3699 gloriosi
1565 3642 1745 3688 essent
1782 3647 1787 3654 ‘

185 3721 297 3774 viri
339 3722 413 3776 illi
461 3738 638 3789 reges,
693 3737 758 3774 ac
815 3721 1124 3790 principes,
1155 3730 1312 3784 atque
1359 3723 1744 3790 provinciarum

187 3810 391 3876 duces,
449 3813 769 3866 assederunt
824 3811 898 3864 illi
964 3819 1164 3879 septem
1213 3809 1400 3865 diebus
1452 3821 1505 3865 et
1546 3822 1744 3881 septem

190 3900 463 3954 noctibus.
525 3899 637 3955 Sed
704 3903 1022 3953 assederunt
1085 3907 1334 3967 tanquam
1386 3900 1618 3970 religiosi
1653 3901 1745 3955 Dei

189 3987 454 4054 cultores,
504 4006 609 4044 non
669 3998 974 4057 quaerentes
1029 4001 1202 4054 neque
1256 3988 1543 4052 maleﬁcia,
1576 4005 1746 4058 neque

193 4079 456 4146 auguria,
509 4095 687 4149 neque
731 4080 1130 4143 divinationes,
1183 4092 1354 4147 neque
1395 4080 1743 4149 pbylacteria,

196 4180 384 4233 neque
407 4168 681 4233 lamellas,
736 4182 910 4235 neque
953 4167 1345 4221 incantationes
1393 4168 1740 4223 damnabiles.

197 4252 369 4308 Scire
388 4273 608 4327 namque
631 4259 831 4312 debent
859 4256 1088 4324 religiosi
1119 4257 1236 4321 viri,
1270 4257 1392 4325 quia
1423 4257 1533 4311 haec
1567 4258 1743 4313 omnia

198 4341 405 4399 diaboli
429 4357 547 4401 sunt
577 4347 943 4408 seductiones,
971 4345 1266 4400 daemonum
1299 4355 1423 4400 sunt
1451 4346 1742 4412 irrisiones,

1852 2061 2066 2106 nostros
2115 2051 2350 2106 levantes
2404 2053 2643 2106 dicamus
2687 2070 2702 2104 :
2748 2051 2851 2115 Qui
2879 2051 2968 2103 dat
3021 2067 3187 2104 escam
3244 2052 3383 2104 omni

1850 2139 2088 2202 carni",
2131 2139 2221 2193 dat
2268 2141 2427 2194 etiam
2480 2141 2636 2195 nobis
2687 2155 2806 2195 cum
2849 2139 3212 2194 benedictione
3243 2139 3386 2194 hunc

1849 2229 2023 2283 cibum
2055 2246 2304 2296 sumere,
2353 2231 2396 2285 si
2443 2231 2734 2284 dixerimus
2779 2245 2900 2285 cum
2958 2229 3270 2286 sinceritate
3316 2231 3383 2284 ad

1848 2319 2129 2374 Dominum
2162 2331 2404 2376 nostrum
2450 2337 2463 2374 :
2506 2319 2584 2373 Tu
2625 2321 2829 2385 dixisti,
2873 2321 3113 2384 Domine,
3161 2321 3285 2388 quia
3337 2321 3382 2374 si

1848 2411 2046 2480 aliquid
2075 2411 2407 2466 mortiferum
2442 2412 2732 2466 biberimus
2768 2422 2914 2465 tttutn
2953 2415 3258 2466 invocantes
3289 2425 3383 2464 no-

1848 2515 1988 2563 men,
2021 2515 2121 2554 non
2152 2501 2252 2553 erit
2282 2501 2432 2555 nobis
2461 2500 2733 2556 molestust
2766 2522 2779 2555 :
2819 2513 2873 2555 ttt
2931 2504 3128 2570 itaque,
3166 2500 3384 2556 Domine

1846 2589 2056 2644 virtutis
2101 2599 2154 2644 et
2201 2590 2412 2658 gloriae,
2461 2600 2644 2645 averte
2707 2592 2995 2646 veneﬁcam
3049 2601 3101 2645 et
3145 2592 3378 2658 iniquam

1846 2678 2204 2745 operationem
2258 2693 2288 2732 a
2339 2680 2493 2732 nobis
2534 2680 2678 2733 etab
2705 2681 2950 2736 omnibus
2987 2681 3120 2734 cibis
3160 2680 3378 2734 nostris.

1847 2761 1958 2818 Nisi
2000 2764 2140 2818 enim
2173 2773 2257 2816 tua
2294 2765 2656 2819 misericordia
2679 2769 3094 2830 conscrvaverit,
3118 2767 3381 2836 quomodo

1847 2867 2124 2921 possumus
2145 2852 2377 2922 effugere
2407 2865 2550 2908 tanta
2592 2856 2825 2922 pericula
2858 2857 3095 2908 ciborum
3142 2872 3274 2912 sane
3317 2871 3381 2911 ac

1845 2953 2082 3012 potuunt,
2115 2959 2234 3011 qua:
2272 2943 2577 3012 frequenter
2625 2945 2740 3011 plus
2791 2953 2982 3012 repunt
3030 2959 3091 2997 ac
3135 2953 3377 3012 serpunt,

1847 3046 2002 3099 quam
2027 3030 2261 3098 malignae
2290 3045 2353 3094 ac
2385 3044 2658 3084 venenosa:
2686 3029 2866 3084 bestia:
2897 3029 2920 3082 ?
2948 3029 3170 3095 Quidam
3199 3039 3376 3084 autem

1847 3118 2284 3173 sternutamentis
2332 3120 2505 3173 adhuc
2553 3119 2886 3182 observiunt,
2932 3130 2985 3174 et
3035 3119 3379 3172 invocationi-

1847 3208 1944 3260 bus
1974 3217 2136 3275 atque
2164 3208 2592 3262 revocationibus
2615 3247 2630 3271 ,
2655 3219 2708 3261 et
2737 3209 3049 3262 occursibus
3090 3218 3249 3276 atque
3286 3222 3378 3260 vo-

1848 3295 2049 3350 lucrum
2103 3297 2344 3362 vocibus,
2377 3312 2478 3352 non
2524 3298 2884 3364 intelligentes
2945 3298 3125 3352 miseri
3183 3308 3238 3352 et
3286 3312 3379 3366 spe

1845 3386 1998 3440 vacui
2031 3425 2048 3452 ,
2085 3387 2208 3454 quia
2237 3403 2266 3440 a
2299 3387 2519 3441 Domino
2550 3402 2765 3456 gressus
2799 3388 3032 3442 hominis
3055 3387 3378 3456 diriguntur,

1843 3490 2016 3545 neque
2041 3477 2277 3554 valentes
2301 3477 2477 3532 dicere
2504 3479 2569 3532 ad
2606 3479 2770 3532 Deum
2792 3493 2914 3532 cum
2941 3479 3145 3533 sanctis
3175 3495 3190 3531 :
3224 3478 3380 3531 Gm-

1843 3579 1932 3617 sus
1954 3580 2088 3618 meo:
2111 3565 2276 3633 dirige
2311 3567 2588 3619 secundum
2617 3569 2874 3634 eloquium
2901 3577 3048 3620 tuum
3074 3605 3088 3630 ,
3119 3578 3166 3620 et
3196 3583 3258 3620 ne
3282 3568 3380 3618 do-

1843 3654 2064 3706 minetur
2115 3655 2238 3706 mihi
2287 3655 2450 3707 omnis
2490 3655 2732 3724 iniquitas
2790 3657 2858 3709 ⁸³.
2910 3655 3040 3709 Nam
3071 3657 3116 3710 is
3143 3657 3378 3724 quicum

1845 3742 1948 3798 ﬁde
1975 3746 2040 3797 ad
2080 3745 2358 3799 Dominum
2388 3747 2499 3800 inec
2529 3747 2741 3812 dixerit,
2777 3747 3016 3817 implevit
3059 3748 3190 3802 illud
3241 3748 3383 3816 quod

1845 3832 2122 3886 dicendqu
2157 3843 2240 3887 est
2265 3873 2280 3898 ,
2311 3835 2564 3889 Dominus
2593 3838 2694 3890 erit
2751 3838 2802 3890 in
2847 3839 3094 3894 omnibus
3123 3839 3224 3894 viis
3256 3840 3380 3907 tuis,

1843 3929 1896 3974 et
1917 3935 2128 3990 gressus
2156 3931 2274 3976 tuos
2303 3924 2355 3976 iu
2384 3939 2517 3993 pace
2547 3927 2788 3980 deducet.
2820 3927 2918 3992 Qui
2945 3939 3119 3982 autem
3153 3931 3216 3982 ad
3248 3945 3383 3986 vana

1843 4007 2165 4061 intenderiut
2194 4011 2413 4078 auguria
2450 4025 2511 4064 ac
2535 4015 2790 4067 veneﬁcia
2814 4054 2828 4078 ,
2861 4016 3214 4070 divinationes
3251 4033 3384 4086 quo-

1843 4112 1947 4166 que
1989 4112 2052 4152 ac
2105 4099 2433 4168 pltylacteria
2499 4111 2658 4170 atque
2713 4107 3132 4172 incantationes,
3189 4108 3380 4160 borum

1845 4201 2058 4255 gressus
2083 4190 2561 4256 conturbabuntur,
2595 4193 2783 4246 ltorum
2818 4208 2978 4262 opera
3007 4195 3381 4262 impediuntur,

1843 4277 1909 4330 ab
1950 4277 2068 4331 istis
2115 4277 2211 4332 Dei
2265 4281 2497 4333 visitatio
2551 4282 2772 4348 recedit,
2826 4283 2957 4337 istos
3002 4285 3170 4338 sancti
3209 4287 3380 4355 angeli

1840 4363 2226 4434 derelinquunt,
2249 4384 2366 4422 cum
2388 4371 2503 4425 istis
2527 4372 2771 4427 diabolus
2795 4383 3071 4441 permanet
3116 4374 3383 4430 inl'atnans

201 4430 517 4494 idololatrize
556 4449 682 4494 sunt
706 4438 845 4503 fax,
895 4436 1189 4490 animarum
1231 4435 1543 4500 infatuatio,
1589 4447 1745 4505 atque

1850 4463 2047 4508 mentes
2093 4469 2296 4520 eorum,
2345 4461 2638 4514 obtundens
2692 4462 2854 4514 corda
2901 4462 3135 4522 illorum.
3167 4463 3382 4516 abstra-

200 4524 447 4579 cordium
491 4527 802 4582 scandalum
832 4542 848 4578 :
884 4540 1003 4595 qua:
1043 4540 1146 4580 non
1180 4525 1535 4594 intelligentes
1573 4527 1733 4596 pleri-

1850 4549 1974 4598 hens
2003 4559 2032 4597 a
2062 4547 2168 4600 Deo
2196 4562 2388 4602 sensus
2435 4564 2642 4602 eorum.
2687 4550 2760 4602 De
2809 4551 3178 4620 hujuscemodi
3226 4553 3382 4623 digne

202 4626 322 4680 que
356 4615 443 4671 hoc
466 4633 602 4673 nunc
632 4628 876 4686 tempore
901 4655 917 4682 ,
947 4630 1070 4670 mox
1124 4624 1179 4668 ut
1227 4615 1495 4684 quidpiam
1544 4617 1742 4685 aliquid

201 4701 585 4771 molestaverit,
613 4708 874 4763 continuo
927 4705 1315 4760 incantationes
1353 4713 1514 4773 atque
1556 4707 1741 4760 incau-

202 4797 416 4850 lalores
443 4798 740 4866 requirunt,
765 4795 950 4850 statim
971 4793 1302 4863 pltylacteria
1329 4794 1566 4862 alligant,
1598 4795 1744 4849 illico

201 4878 486 4940 maleﬁciis
513 4887 822 4950 intendunt,
853 4894 946 4937 aut
977 4883 1026 4936 in
1053 4882 1235 4936 charta
1263 4883 1504 4937 scribunt
1523 4921 1537 4944 ,
1566 4895 1656 4936 aut
1690 4885 1742 4937 in

194 4975 404 5026 stanno
427 4985 514 5029 aut
543 4977 782 5044 plumbo,
815 4983 870 5027 et
901 4972 1119 5042 alligant
1166 4973 1214 5026 ei
1246 4973 1334 5040 qui
1387 4971 1620 5026 dolorem
1651 4986 1744 5026 su-

189 5057 472 5118 stinuerit.
503 5066 602 5120 Alii
650 5073 834 5118 autem
860 5062 1182 5132 serpentium
1205 5061 1616 5124 incantationes,
1644 5063 1746 5117 dte-

185 5159 424 5208 ωοηιιιη
470 5157 871 5222 persuasiones,
919 5163 1078 5221 atque
1112 5151 1204 5206 Dei
1251 5150 1606 5218 blasphemias
1658 5151 1741 5205 in-

176 5242 444 5296 ωηωηι.
467 5243 590 5297 Item
615 5257 745 5296 vero
769 5241 856 5294 alii
884 5239 1146 5294 fascinare
1177 5239 1442 5303 dicuntur,
1471 5239 1583 5294 sive
1605 5243 1742 5309 quod

170 5319 486 5397 ΐὲεεῖηαηι,
507 5334 619 5388 sive
634 5332 778 5401 quod
797 5330 1141 5393 iascinentur,
1160 5338 1213 5383 et
1227 5327 1477 5383 damonis
1493 5329 1744 5384 adiuven-

169 5409 382 5469 tiones
398 5431 534 5475 sunt.
562 5422 695 5476 Cum
732 5420 877 5474 enim
914 5419 1163 5472 infrunite
1193 5417 1640 5483 manducaverint,
1666 5423 1746 5476 vel

165 5498 458 5574 biberint,
477 5527 594 5564 cum
621 5511 734 5576 ipsa
755 5508 959 5562 viscera
987 5522 1090 5560 non
1115 5505 1412 5560 sulierentia
1440 5510 1744 5572 perturbata

164 5585 423 5665 fuerint,
439 5609 491 5652 et.
517 5601 568 5653 in
596 5599 833 5653 dolorem
855 5605 1012 5664 atque
1033 5595 1382 5650 inﬁrmitatem
1401 5592 1594 5650 fuerint
1612 5613 1740 5652 con-

1846 4633 2051 4687 dicetur
2085 4651 2099 4687 :
2132 4634 2176 4688 Ο
2204 4636 2436 4691 infelicia
2480 4638 2752 4692 hominum
2783 4641 3024 4704 consilia,
3060 4656 3092 4693 ο
3115 4655 3262 4694 vanae
3299 4650 3381 4694 at-

1846 4737 2334 4792 que-supervacua:
2378 4734 2713 4780 terrenorum
2765 4730 3154 4796 cogitationes,
3207 4730 3297 4798 qui
3347 4743 3381 4784 a

1847 4813 1954 4868 Deo
1994 4815 2244 4869 abstracti
2295 4827 2454 4885 atque
2489 4819 2821 4885 praevaricati
2849 4861 2864 4886 ,
2894 4820 2958 4873 de
2995 4821 3215 4874 mortuis
3236 4820 3378 4874 salu-

1848 4912 1952 4958 tem
1985 4914 2311 4973 exspectant,
2339 4907 2404 4960 ab
2448 4908 2757 4963 iuauimatis
2797 4911 3078 4965 consilium
3118 4920 3379 4979 quaerunt,

1847 5003 2044 5049 etcum
2085 4993 2434 5048 idololatriam
2481 4996 2744 5051 declinare
2780 4999 3090 5062 videantur,
3119 4999 3380 5054 idolorunt

1846 5081 2002 5136 faaces
2031 5092 2191 5150 atque
2233 5083 2482 5152 reliquias
2529 5085 2752 5140 adorare
2795 5096 3111 5150 noscuntur,
3157 5087 3380 5166 auguria

1848 5181 1903 5229 et
1927 5173 2309 5239 divinationes,
2341 5175 2730 5230 incantationes
2759 5192 2970 5246 quoque
3008 5192 3070 5230 ac
3121 5177 3380 5230 maleﬁcia

1848 5273 2006 5332 atque
2034 5265 2358 5334 pbylacteria
2394 5285 2407 5320 :
2441 5276 2494 5321 et
2532 5271 2598 5322 ab
2627 5270 3006 5338 omnipotentis
3051 5283 3112 5321 ac
3143 5268 3378 5321 viventis

1850 5355 1940 5409 Dei
1967 5355 2325 5411 misericordia
2351 5373 2496 5427 spem
2520 5373 2671 5412 suam
2693 5369 2959 5421 avertunt,
2988 5369 3043 5412 et
3071 5359 3122 5410 in
3149 5357 3384 5408 mortuis

1849 5454 2008 5513 atque
2064 5445 2368 5502 inanitnatis
2423 5459 2663 5516 sperant,
2711 5451 2763 5502 itt
2817 5445 3156 5519 pltylacteriis
3219 5451 3388 5508 atque

1848 5534 2056 5588 czeteris
2082 5538 2324 5602 superius
2351 5538 2606 5595 recitatis.
2638 5537 2786 5593 Mitte
2807 5553 2867 5592 ea
2900 5539 2950 5588 in
2980 5535 3150 5600 ignem
3190 5526 3241 5578 si
3289 5541 3392 5578 va-

1849 5621 1992 5678 leant
2016 5625 2294 5694 semetipsa
2319 5627 2586 5696 adjuvare,
2635 5629 2678 5682 si
2730 5627 2938 5681 valeant
2981 5612 3282 5680 semetil’sa
3317 5609 3395 5666 αὖ
3443 5674 3454 5692 ,

231 5787 285 5821 ⁸⁷
355 5798 518 5856 Eccli.
553 5811 759 5861 xxxvtt,
789 5793 874 5846 55.
949 5792 995 5823 “
1024 5789 1159 5845 Psal.
1188 5807 1372 5858 cxxxv,
1398 5791 1484 5848 25.
1561 5796 1605 5828 ⁸³
1631 5796 1774 5855 Psal.
1799 5816 1982 5872 cxtttt,
2019 5801 2137 5856 153.
