3916 6432
398 445 498 500 507

1458 425 1820 479 ANONYMUS
1858 424 1919 476 IN
1953 424 2087 478 JOB.
2134 455 2201 462 —
2234 422 2362 479 LIB.
2407 426 2499 481 ill.

3670 447 3749 502 508

401 558 515 624 igne
549 563 750 604 eruere.
793 547 845 599 Si
875 554 1047 597 autem
1081 558 1140 596 se
1184 542 1431 609 adjuvare
1462 557 1563 593 non
1595 551 1832 608 possunt,
1867 549 1917 591 te
1946 550 1989 602 Α
2019 540 2392 600 relinquamus
2433 549 2700 605 tanquam
2731 547 2963 604 pmnam
2998 527 3358 624 gemmati:
3451 587 3465 610 ,
3495 548 3593 605 hac
3615 571 3739 614 “se”

397 642 615 711 qualiter
665 633 1195 700 adjuvabunt?Quod
1241 633 1284 684 si
1334 646 1392 684 se
1439 631 1502 683 de
1546 633 1672 698 igne
1690 647 1791 683 non
1824 645 1915 682 va-

397 731 501 783 lent
537 742 740 788 eruere,
773 741 804 778 o
833 727 1008 785 homo,
1045 721 1273 790 qualiter
1313 729 1501 773 eruent
1535 730 1581 772 te
1605 720 1670 772 ab
1701 719 1920 771 inﬁrmi-

396 813 543 867 tate?
578 814 667 866 Dic
693 855 705 874 ,
733 829 763 864 ο
788 813 944 864 homo
969 851 981 873 ,
1014 809 1151 876 quod
1207 808 1647 860 medicamentum
1700 817 1781 862 est
1815 825 1921 862 me-

393 902 495 954 lius
523 917 657 967 pane
682 903 767 968 qui
807 900 1034 952 laetiﬁcat
1066 913 1158 950 cor
1178 897 1452 950 hominis?
1492 896 1592 949 Sed
1637 904 1689 948 et
1733 913 1919 965 panem

394 995 436 1045 si
470 993 603 1044 collo
634 991 947 1058 appenderis
969 999 1021 1041 et
1054 1002 1152 1040 non
1183 986 1557 1046 momorderis,
1591 986 1670 1038 vel
1699 990 1917 1040 mandu-

394 1083 619 1142 caveris,
657 1081 783 1132 nihil
818 1081 909 1131 tibi
936 1078 1175 1145 prodest,
1206 1076 1336 1127 nihil
1387 1085 1436 1127 te
1479 1075 1646 1142 juvat.
1701 1077 1754 1127 Si
1798 1091 1924 1144 ergo

397 1171 548 1238 panis
593 1169 679 1236 qui
725 1178 805 1220 est
854 1168 1088 1234 corporis
1131 1167 1260 1226 vita,
1321 1164 1456 1217 collo
1508 1179 1767 1230 appensus
1797 1166 1922 1217 nihil

398 1260 629 1327 adjuvat,
657 1260 919 1325 quomodo
949 1254 1198 1318 adjuvent
1235 1252 1555 1321 phylacteria
1595 1253 1673 1305 vel
1716 1252 1926 1306 laminae

399 1351 699 1405 inanimatae
734 1359 890 1414 atque
921 1347 1079 1396 totius
1106 1345 1223 1396 vita:
1244 1345 1518 1396 exsortes?
1564 1342 1655 1395 Vel
1684 1343 1928 1428 .qualiter

402 1436 656 1504 adjuvent
703 1433 1092 1486 incantationes
1160 1442 1212 1483 et
1272 1431 1522 1497 auguria,
1579 1431 1929 1484 divinationes

403 1539 609 1592 quoque
646 1532 802 1591 atque
851 1521 1134 1584 maleﬁcia,
1184 1535 1442 1573 occursus
1487 1520 1831 1575 nihilominus
1877 1529 1931 1575 et

403 1614 708 1666 vocationes
735 1622 892 1677 atque
927 1611 1306 1671 revocationes,
1333 1625 1450 1678 quae
1478 1620 1597 1663 sunt
1627 1611 1920 1663 daemonum

405 1703 684 1754 servitutes
725 1709 777 1751 et
807 1701 1095 1750 daemonum
1125 1699 1392 1751 illusiones
1433 1709 1590 1766 atque
1616 1699 1924 1752 idololatria:

408 1787 867 1843 communicatio?
898 1785 1072 1838 Infelix
1126 1799 1351 1851 namque
1396 1795 1476 1838 est
1516 1788 1602 1853 qui
1650 1787 1703 1839 in
1755 1796 1928 1839 statua

2017 642 2228 681 cremur
2255 637 2438 694 utpote
2463 628 2794 681 societatem
2832 623 3222 675 daemonum.
3270 609 3364 663 ί)
3403 609 3567 694 limes
3596 609 3736 701 ευξέίη

2019 730 2209 769 causas
2237 725 2458 768 nostras
2495 715 2613 768 sive
2643 712 2930 770 dolorum,
2963 705 3106 759 Sive
3162 701 3360 792 '3_"g
3391 733 3608 792 morum,
3637 733 3728 788 sive

2019 820 2314 874 pinnarum,
2342 806 2460 856 sive
2485 801 2943 861 tribulationum,
2977 794 3116 846 sive
3159 790 3501 872 viarum,
3531 790 3633 869 sm
3660 821 3732 873 ω.

2022 909 2203 946 uerum
2225 931 2239 954 ,
2277 893 2390 945 sive
2413 889 2929 959 ingressuum,sive
2954 893 3407 951 egressum“
3438 914 3615 956 cum”,
3635 908 3719 964 Deo

2022 981 2474 1041 commendemus,
2492 991 2632 1030 cunc
2643 986 2694 1028 ta
2713 975 2826 1026 Deo
2840 987 2972 1026 com
2983 971 3063 1022 mi
3076 977 3161 1020 tta
3173 981 3370 1027 mus
3385 1022 3402 1046 ,
3421 997 3479 1038 ,η
3495 988 3726 1051 Dominus

2023 1069 2280 1123 custodiat
2296 1082 2487 1121 omnes
2511 1070 2797 1133 ingressus
2811 1072 2993 1130 atque
3015 1061 3227 1114 exitus
3245 1072 3282 1108 n
3307 1083 3609 1142 “suasu”
3627 1084 3713 1138 Do.

2027 1163 2195 1215 minus
2215 1161 2468 1213 ﬁatnobis
2487 1168 2820 1227 cooperator
2857 1164 2917 1210 et
2955 1167 3194 1215 comes,
3220 1160 3286 1203 at
3305 1179 3452 1230 que
3477 1170 3720 1242 sumaga_

2029 1261 2110 1304 tor
2143 1251 2353 1303 inomni
2382 1259 2646 1316 tempore,
2686 1257 2741 1300 et
2763 1248 2816 1300 in
2851 1244 3018 1299 omni
3054 1243 3217 1304 loco,
3251 1257 3309 1296 ll
3337 1257 3589 1321 tangi-lis
3607 1265 3708 1314 suis

2028 1341 2236 1392 mandet
2263 1339 2326 1391 de
2357 1339 2511 1390 nobis
2548 1346 2600 1389 ut
2641 1335 2969 1391 custodiant
3017 1347 3129 1386 nos
3168 1333 3226 1383 in
3286 1341 3589 1398 omnibus
3624 1352 3718 1406 viis

2029 1429 2342 1491 nostris,ut
2382 1442 2504 1479 cum
2556 1426 2763 1479 sanctis
2814 1421 3235 1477 connumerali
3291 1442 3717 1499 consequenter

2029 1517 2186 1570 etiam
2201 1531 2318 1569 cum
2339 1516 2468 1582 ipsis
2485 1516 2732 1569 dicamus
2758 1532 2774 1566 :
2805 1513 2940 1567 Sive
2975 1512 3242 1572 vivimus,
3263 1515 3415 1569 sive
3440 1523 3725 1585 morimur.

2031 1605 2240 1657 Domini
2270 1621 2448 1658 sumus
2483 1606 2551 1658 ³³.
2592 1603 2710 1657 Νοιι
2739 1617 2946 1656 sumus
2985 1602 3316 1656 idolorum
3340 1643 3360 1669 ,
3421 1625 3615 1678 neque
3649 1618 3724 1670 in-

2031 1698 2394 1750 cantationum
2415 1735 2433 1760 ,
2475 1709 2650 1763 neque
2683 1695 3072 1764 auguriorum
3096 1732 3114 1755 ,
3143 1707 3374 1759 neque
3420 1701 3733 1764 divinatio-

2035 1799 2156 1836 num
2177 1822 2191 1845 ,
2227 1798 2400 1852 neque
2429 1783 2828 1836 maleﬁciorum
2859 1821 2875 1844 ,
2914 1794 3116 1848 neque
3168 1781 3730 1861 phylacteriorum,

409 1878 691 1932 inanimata
719 1885 915 1942 sperat,
959 1874 1220 1927 infelicior
1262 1889 1384 1927 vero
1426 1876 1514 1941 qui
1566 1875 1618 1926 in
1665 1875 1934 1944 phylacte-
1965 1857 2006 1910 Β
2034 1888 2204 1940 neque
2238 1874 2398 1926 ullius
2446 1875 2638 1926 horum
2679 1887 2805 1940 qum
2852 1879 3001 1924 sntit
3054 1872 3342 1932 servitus
3395 1857 3736 1944 daimomm"

408 1969 500 2021 riis
527 1967 746 2020 mortuis
769 1976 964 2032 sperat.
1000 1964 1128 2016 Nam
1158 1965 1293 2016 sicut
1317 1965 1359 2017 is
1377 1965 1464 2032 qui
1489 1965 1643 2017 idolis
1671 1967 1929 2029 servierit,

411 2056 633 2109 intertici
677 2067 972 2124 praeceptus
1005 2064 1086 2107 est
1139 2056 1190 2107 in
1240 2054 1352 2122 lege
1405 2054 1520 2116 Dei,
1572 2055 1644 2106 ita
1687 2054 1935 2108 similiter

408 2147 580 2198 omnis
610 2147 923 2206 iucantator,
953 2153 1006 2196 et
1031 2159 1318 2211 augurans,
1347 2157 1409 2194 ac
1437 2142 1696 2206 divinans,
1726 2153 1780 2196 et
1810 2158 1936 2196 ven-

411 2231 690 2299 triluquus.
726 2242 882 2300 atque
934 2231 1202 2284 volucrum
1246 2245 1401 2284 voces
1448 2232 1760 2293 observans,
1814 2247 1933 2284 cum

411 2323 652 2374 omnibus
687 2323 889 2375 caeteris
927 2321 1200 2374 maleﬁciis
1239 2321 1452 2374 interire
1499 2329 1659 2386 atque
1710 2321 1935 2373 interﬁci

413 2421 703 2477 praeceptus
729 2420 826 2463 est.
853 2409 974 2461 Post
997 2423 1111 2475 qua:
1137 2408 1404 2470 universa,
1432 2406 1719 2459 inferorum
1739 2408 1838 2469 ira,
1855 2417 1935 2460 at-

411 2513 514 2566 que
541 2508 854 2551 tormentum
890 2499 1162 2566 gehennae,
1199 2497 1454 2563 supplicia
1493 2511 1702 2563 quoque
1751 2498 1936 2550 :eterui

409 2589 613 2658 judicii,
657 2598 814 2656 atque
839 2588 1060 2640 ﬂammae
1099 2587 1234 2653 ignis
1268 2586 1709 2654 inexstinguibilis
1743 2601 1937 2653 exspe-

413 2686 767 2728 ctautonmes
799 2675 1094 2740 hujusmodi
1143 2676 1193 2726 in
1237 2687 1468 2742 tempore
1509 2675 1937 2727 resurrectionis.

415 2764 518 2817 Sed
547 2765 750 2816 interim
775 2766 970 2816 bonum
1001 2773 1080 2816 est
1103 2764 1430 2830 interrogare
1460 2763 1588 2816 istos
1611 2767 1697 2831 qui
1723 2765 1939 2832 auguria

415 2853 743 2916 observant,
773 2865 932 2922 atque
960 2854 1265 2906 occursibus
1312 2862 1404 2904 aut
1447 2852 1810 2905 vocationibus
1855 2861 1943 2906 aut

417 2945 836 2996 revocationibus
864 2943 1160 3007 intendunt,
1189 2956 1303 3008 quze
1337 2942 1541 3007 augurii
1593 2952 1728 2993 meta
1764 2957 1940 2992 oecur-

418 3031 487 3084 rit
522 3031 800 3094 Pharaoni,
830 3047 948 3082 cum
1002 3030 1137 3082 ﬁlius
1188 3030 1346 3082 Israel
1396 3041 1624 3094 secutus,
1675 3033 1944 3083 demersus

417 3127 498 3171 est
525 3120 574 3169 in
599 3120 828 3170 Rubrum
859 3133 1019 3176 mare,
1061 3127 1117 3169 ut
1155 3132 1248 3169 uec
1275 3118 1488 3168 nuntius
1510 3119 1770 3169 innumeri
1800 3134 1944 3170 exer-

2031 1971 2084 2013 et
2124 1961 2320 2013 diaboli
2357 1963 2704 2016 seductiones
2741 1982 2753 2016 :
2797 1962 2899 2016 sed
2939 1961 3178 2015 Domini
3205 1977 3472 2036 sumus,
3506 1978 3618 2042 qui
3649 1981 3733 2031 d0-

2035 2051 2263 2103 minatur
2291 2052 2413 2103 vitw
2443 2063 2498 2104 et
2527 2053 2710 2115 morti,
2746 2053 2841 2120 qui
2883 2053 3065 2106 habet
3103 2061 3493 2120 potestatem
3525 2068 3728 2119 carnis

2032 2149 2084 2192 et
2111 2141 2352 2207 spiritus,
2387 2142 2437 2192 in
2464 2141 2616 2207 cujus
2643 2141 2908 2194 manibus
2933 2143 3204 2196 vivorum
3242 2146 3736 2212 spiramentum

2032 2238 2132 2282 est.
2163 2228 2253 2282 Sic
2301 2245 2532 2297 namque
2562 2240 2615 2283 et
2663 2231 2811 2283 beati
2879 2231 2962 2284 illi
2995 2233 3102 2284 viri
3161 2233 3252 2300 qui
3291 2249 3634 2293 venerunt
3673 2243 3742 2294 ad

2033 2317 2150 2382 Job,
2171 2319 2332 2382 idest,
2359 2319 2515 2372 amici
2540 2319 2678 2387 ejus,
2704 2335 2829 2373 cum
2855 2330 3057 2374 essent
3089 2321 3367 2391 religiosi
3410 2324 3533 2380 Dei
3556 2329 3756 2382 culto-

2036 2420 2144 2470 res,
2177 2422 2370 2461 omnes
2397 2410 2772 2463 exsccrabiles
2809 2413 3144 2464 daemonum
3181 2414 3631 2470 seductiones
3658 2419 3757 2470 de-

2037 2494 2316 2559 clinantes,
2354 2497 2676 2550 assederunt
2710 2498 2758 2550 ei
2806 2507 3040 2566 septem
3090 2500 3309 2555 diebus
3392 2513 3470 2556 et
3521 2516 3768 2574 septem

2039 2584 2303 2636 noctibus.
2332 2584 2593 2637 Malelicia
2621 2595 2677 2638 et
2702 2585 3101 2642 divinationes
3123 2604 3232 2642 non
3255 2593 3767 2659 requisiernnt,

2039 2675 2136 2724 nisi
2197 2676 2260 2726 ad
2304 2676 2475 2728 solum
2511 2674 2679 2728 Deum
2716 2678 2943 2732 animas
2988 2695 3128 2733 suas
3165 2680 3615 2747 levaverunt,
3670 2701 3780 2752 pro

2038 2763 2308 2816 doloribus
2347 2764 2447 2818 Job
2482 2778 2812 2834 gemuerunt
2846 2778 3025 2836 atque
3065 2762 3629 2839 suspiraverunt.
3672 2776 3781 2830 Se-

2038 2854 2227 2905 derunt
2257 2855 2394 2919 apud
2423 2870 2546 2907 eum
2582 2856 2860 2911 facientes
2903 2859 3035 2924 hoc,
3073 2861 3230 2928 quod
3291 2862 3369 2915 in
3431 2863 3785 2931 Scriptura

2037 2948 2156 3005 post
2194 2940 2297 2992 hoc
2326 2942 2580 2993 traditum
2611 2952 2695 2995 est
2719 2953 2854 2996 ante
2893 2944 3276 3014 Scripturam
3351 2950 3729 3020 implentes
3771 2971 3788 3006 :

2041 3026 2122 3079 Ne
2158 3028 2482 3097 denegaveris
2535 3041 2583 3084 te
2639 3034 2900 3094 ﬂentibus
2943 3036 3003 3087 in
3047 3040 3623 3106 consolationem;
3663 3053 3730 3098 et
3771 3065 3786 3096 :

2044 3115 2186 3170 Flete
2215 3135 2329 3170 cum
2364 3121 2696 3187 ﬂentibus”;
2725 3132 2781 3177 et.
2813 3142 2829 3180 :
2863 3125 3078 3180 Melius
3118 3140 3201 3182 est
3245 3131 3360 3184 ire
3414 3134 3489 3185 in
3532 3133 3793 3186 domum

420 3207 555 3257 citus
586 3205 952 3273 Aﬂgyptiorum
978 3205 1314 3269 superesset?
1337 3205 1463 3266 Quis
1498 3207 1701 3256 vocavit
1735 3204 1939 3257 Scuua-
1968 3174 2009 3230 Ο
2042 3207 2207 3259 luctus
2225 3225 2377 3276 quam
2407 3210 2459 3261 in
2489 3209 2700 3263 domum
2727 3216 3074 3280 epulationis
3105 3219 3180 3272 ⁸⁸.
3203 3220 3577 3276 Sederunt
3622 3225 3786 3292 apud

422 3295 604 3346 cherib
639 3308 811 3360 regem
842 3295 1200 3361 Assyriorum,
1235 3293 1316 3345 vel
1349 3308 1463 3358 qua:
1491 3293 1600 3344 avis
1625 3295 1816 3346 cecinit
1847 3296 1940 3360 illi,

422 3395 539 3433 cum
573 3397 601 3432 a
644 3380 820 3433 .ludaca
851 3382 1114 3446 prolectus
1145 3381 1390 3432 omnibus
1437 3381 1532 3432 sub
1565 3396 1664 3432 una
1697 3394 1849 3435 nocte
1878 3388 1944 3436 ad

423 3476 632 3520 centum
652 3467 913 3534 octoginta
933 3467 1164 3533 quinque
1189 3466 1347 3518 millia
1378 3467 1704 3519 exercituum
1729 3483 1944 3521 suorum

428 3555 662 3613 amiSsis,
691 3565 742 3605 et
774 3553 1024 3605 confusus
1055 3555 1118 3605 ad
1171 3555 1435 3622 regionem
1483 3570 1631 3606 suam
1683 3571 1943 3623 reversus,

425 3642 598 3708 gladio
633 3644 681 3693 in
713 3643 869 3695 domo
894 3642 982 3694 Dei
1012 3643 1092 3694 sui
1136 3644 1401 3707 ceciderit,
1436 3654 1489 3696 et
1540 3659 1640 3696 non
1685 3649 1948 3712 potuerint

425 3746 542 3782 eum
566 3729 836 3794 adjuvare,
861 3745 1031 3798 neque
1051 3732 1184 3784 idola
1201 3732 1334 3798 ejus,
1357 3746 1524 3800 neque
1544 3735 1944 3801 incantationes,

431 3835 594 3886 neque
639 3820 923 3883 veneﬁcia,
977 3836 1146 3889 neque
1217 3823 1472 3890 auguria?
1538 3823 1792 3877 Similiter
1851 3841 1947 3880 nec

428 3907 756 3961 Pharaonem
791 3911 958 3974 potuit
1010 3909 1292 3964 defendere
1339 3910 1616 3963 multitudo
1662 3912 1944 3978 idolorum,

430 4006 585 4064 atque
610 3999 839 4050 omnium
869 3998 1144 4061 maleﬁcia,
1180 4013 1234 4053 et
1265 4000 1608 4068 plurimorum
1636 4002 1949 4056 incantatio-

429 4105 522 4144 nes
562 4107 676 4158 qute
707 4091 916 4144 luerunt
955 4095 1007 4145 in
1039 4091 1270 4161 Aigypto
1303 4108 1410 4160 prre
1451 4095 1657 4146 czeteris
1703 4097 1950 4150 oumibus

428 4180 692 4247 gentibus.
737 4182 872 4232 sicut
907 4182 1098 4234 dicitur
1138 4183 1362 4249 quodam
1409 4183 1460 4233 in
1496 4182 1610 4235 loco
1655 4181 1949 4236 :Fecerum

430 4277 598 4320 autem
625 4272 964 4322 incantatores
1005 4269 1362 4336 zEgyptiorum
1405 4269 1643 4321 similiter
1690 4264 1948 4338 maleﬁciis

431 4357 536 4406 suis
560 4357 623 4407 ⁵ο.
654 4358 755 4408 Sed
783 4373 882 4410 non
923 4358 1097 4410 timuit
1120 4357 1356 4408 Rubrum
1385 4372 1530 4409 mare
1562 4359 1950 4415 incantationes

433 4453 587 4510 atque
606 4445 859 4498 maleﬁcia
892 4462 1093 4510 eorum,
1121 4457 1280 4513 atque
1309 4445 1578 4512 accipiens
1609 4447 1694 4499 Dei
1728 4451 1948 4504 manda—

434 4544 542 4587 tum
593 4545 804 4589 cunctos
849 4537 1020 4590 subito
1068 4538 1322 4590 demersit
1366 4537 1414 4589 in
1447 4537 1779 4603 profundum.
1814 4539 1948 4604 Quid

436 4623 628 4692 profuit
670 4623 808 4676 Sauli
845 4627 980 4692 quod
1029 4626 1264 4678 exiturus
1297 4627 1360 4680 ad
1398 4626 1632 4693 prazlium
1667 4629 1891 4693 primum
1919 4646 1948 4682 a

435 4713 542 4765 Deo
569 4713 839 4766 discedens
867 4716 931 4767 ad
957 4715 1160 4789 divinos
1186 4717 1457 4782 confugit,
1491 4727 1545 4769 et
1570 4717 1840 4770 mulierem
1887 4719 1951 4771 de

434 4809 624 4854 eventu
666 4801 961 4867 loquentem
1007 4804 1268 4869 quasivit,
1331 4813 1385 4857 et
1425 4820 1545 4857 cum
1594 4805 1764 4858 adhuc
1806 4821 1948 4872 spem

435 4909 583 4947 suam
603 4904 948 4961 converteret,
978 4904 1031 4948 et
1050 4907 1401 4964 exspectaret,
1431 4911 1550 4950 eum
1579 4895 1761 4949 multis
1785 4898 1950 4964 proti-

437 5000 536 5036 nus
562 4983 761 5037 iuteriit
784 4986 826 5015 '“
853 4986 875 5037 ?
903 4988 1076 5053 Atque
1105 4987 1368 5040 innumeri
1402 4987 1645 5041 similiter
1672 4987 1723 5039 in
1769 4987 1956 5040 incan-

440 5075 726 5128 tationibus
776 5088 830 5130 et
879 5077 1110 5145 auguriis
1143 5089 1302 5144 atque
1344 5077 1619 5132 maleliciis
1659 5087 1956 5144 Sperantes,

436 5183 598 5236 super
634 5177 826 5220 terram
857 5171 1054 5234 miseri,
1084 5186 1146 5225 ac
1175 5172 1288 5225 sine
1315 5187 1407 5240 spe
1433 5171 1557 5225 facti
1586 5180 1723 5229 sunt,
1746 5179 1800 5222 et
1820 5169 1956 5235 apud

441 5257 640 5310 inferos
672 5267 921 5324 perpetuo
953 5260 1141 5326 puniti,
1172 5261 1588 5317 miserabiliores
1620 5259 1669 5310 in
1700 5267 1954 5310 aeternum

440 5347 839 5414 permanebunt.
880 5347 999 5403 Haec
1039 5352 1213 5418 itaque
1253 5356 1493 5408 universa
1522 5349 1846 5404 declinemus
1871 5385 1885 5407 ,
1913 5361 1956 5411 _o

439 5438 632 5504 amici;
667 5441 774 5494 haec
797 5441 1054 5509 fugiamus
1076 5453 1320 5510 tanquam
1352 5450 1611 5504 flammant
1644 5439 1782 5507 ignis
1803 5477 1819 5502 ,
1848 5440 1960 5492 haec

509 5632 868 5721 “illitum-vn,
903 5641 983 5697 ll.
1057 5644 1096 5676 '“
1134 5644 1149 5697 I
1177 5644 1303 5721 Reg.
1325 5663 1509 5709 xxviii.
1588 5637 1630 5670 ⁵¹
1662 5634 1814 5689 Rom-
1841 5650 1954 5698 ³¹ν›
1985 5636 2036 5690 8-

445 5700 488 5731 "
519 5699 616 5757 Job
643 5720 720 5772 tit,
754 5710 800 5761 l.

2037 3311 2160 3348 eum
2196 3305 2426 3351 tacentes
2462 3313 2623 3366 super
2651 3301 2930 3356 immensa
2989 3306 3119 3372 ejus
3167 3310 3520 3377 patientia
3579 3331 3657 3366 ac
3705 3325 3788 3366 to-

2044 3383 2287 3450 lerantia,
2328 3395 2487 3455 atque
2531 3393 2873 3445 constantia.
2934 3395 3084 3450 Nam
3135 3414 3276 3452 cum
3354 3416 3397 3453 ει
3442 3403 3778 3456 vermibus

2045 3491 2235 3528 carnes
2290 3492 2414 3530 suas
2475 3478 2725 3533 devorari
2772 3483 3047 3550 videret,
3107 3491 3414 3557 gaudens
3473 3495 3777 3548 suStinuit

2044 3569 2182 3631 apud
2206 3567 2546 3634 semetipsum
2577 3570 2910 3628 existimans
2939 3591 3011 3629 ac
3041 3578 3250 3636 dicens
3293 3599 3313 3635 :
3365 3583 3442 3638 Si
3479 3586 3777 3640 celeriter

2045 3668 2229 3707 omnes
2274 3669 2463 3708 carnes
2505 3673 2636 3711 mete
2675 3675 3041 3732 consumptae
3111 3669 3403 3736 fuerint,
3474 3677 3762 3730 celeriter

2047 3740 2097 3792 in
2133 3743 2584 3833 incorruptionem
2638 3749 2998 3818 suscipietur
3032 3758 3293 3825 spiritus
3326 3802 3348 3826 ,
3396 3765 3762 3833 properabit

2047 3832 2111 3882 ad
2139 3829 2299 3884 Deum
2332 3834 2503 3885 anima
2530 3850 2647 3888 mea
2702 3843 3062 3905 quantocius
3107 3857 3348 3904 terram
3398 3829 3606 3908 terra:
3666 3871 3744 3909 re-

2048 3921 2311 3988 linquens,
2336 3933 2387 3974 et
2407 3937 2598 3992 corpus
2656 3927 2760 3981 hoc
2807 3940 2946 3984 ante
3001 3938 3376 4006 sepulcrum
3436 3947 3505 3998 in
3557 3960 3748 3999 escam

2047 4013 2318 4064 vermibus
2368 4015 2605 4068 tradens.
2654 4016 2785 4072 Sive
2837 4032 2978 4077 ante
3029 4040 3292 4085 mortem
3322 4073 3342 4097 ,
3430 4039 3566 4092 sive
3615 4045 3730 4104 post

2050 4111 2274 4154 mortem
2317 4117 2511 4170 corpus
2547 4105 2648 4158 hoc
2702 4113 3004 4169 vermibus
3043 4118 3105 4172 in
3143 4127 3616 4179 comestimiem
3652 4141 3732 4178 re-

2050 4191 2320 4257 linquetur
2352 4194 2489 4247 sicut
2521 4196 2650 4249 dicit
2679 4212 2797 4264 post
2848 4204 2979 4260 hinc
3013 4225 3030 4259 :
3075 4210 3221 4265 Cum
3280 4230 3569 4272 mortuus
3604 4219 3717 4285 fue-

2052 4281 2116 4329 rit
2143 4281 2290 4331 homo
2329 4283 2490 4346 capiet
2541 4285 2913 4343 hwredimtem
2964 4297 3182 4354 bestias
3233 4315 3292 4356 et
3369 4281 3719 4371 reptilia,et

2051 4368 2318 4464 termes”.
2344 4368 2479 4464 Cum
2514 4371 2825 4437 hujusmodi
2863 4381 3129 4447 plurima
3173 4392 3396 4447 beatus
3429 4368 3541 4450 .lob
3573 4394 3707 4464 apud

1982 4457 2394 4536 Dsemetipsum
2467 4458 2822 4528 loqueretur,
2903 4485 3142 4539 septem
3218 4482 3441 4537 diebus
3528 4457 3708 4536 tacens

2052 4545 2319 4599 sustinuit.
2350 4547 2545 4602 Eadem
2593 4552 2847 4609 videlicet
2899 4570 3244 4624 tractantes
3290 4581 3355 4623 et
3392 4574 3564 4625 amici
3591 4572 3698 4637 eius

2053 4635 2141 4700 qui
2165 4635 2228 4688 ad
2259 4651 2381 4689 eum
2430 4651 2710 4705 venerunt,
2741 4653 3060 4708 tacuerunt
3097 4663 3300 4716 etiam
3339 4661 3461 4728 ipsi
3486 4635 3638 4714 velut
3658 4660 3714 4712 in

2055 4733 2323 4792 stuporem
2360 4728 2593 4792 deducti,
2626 4744 2688 4784 os
2722 4737 2956 4801 aperire
3013 4761 3153 4803 non
3203 4747 3512 4810 valentes,
3555 4759 3715 4818 neque

2055 4812 2265 4867 initium
2301 4816 2580 4871 locutionis
2610 4817 2990 4883 invenientes.
3039 4834 3175 4891 Sed
3217 4839 3405 4899 “uva
3435 4850 3552 4886 non
3579 4812 3732 4885 susti-

2056 4904 3086 4984 nuitconstantissimusilleJobipsam
3111 4919 3746 4992 taciturnitatemﬁed

2059 4998 2264 5062 primus
2301 5006 2462 5072 coepit
2487 5003 2650 5069 loqui,
2681 5013 2876 5072 utpote
2907 5017 3164 5080 primus
3210 5032 3300 5090 in
3355 5013 3491 5078 ipsa
3514 5013 3766 5080 passione,

2059 5095 2245 5176 utpote
2290 5093 2435 5149 solus
2477 5100 2743 5147 susttueus
2791 5096 2913 5164 ipsa
2952 5108 3249 5176 vulnera
3374 5108 3551 5164 imi“
3576 5098 3776 5149 d0“"'es'

2059 5169 2364 5266 Diciteuim
2404 5203 2418 5239 :
2445 5184 2565 5235 Post
2593 5180 2700 5231 hwc
2735 5191 2957 5250 aperuit
2998 5209 3067 5248 os
3101 5169 3496 5266 su;,,l“~
3522 5183 3653 5235 Ῥοδὶ
3672 5181 3789 5233 ωε

2061 5259 2360 5337 Postquam
2389 5271 2698 5345 praecipuam
2723 5269 2873 5325 illam
2902 5259 3352 5357 passionej;
3435 5272 3804 5334 trausiit.post-

2064 5365 2230 5416 quam
2259 5358 2778 5424 vehementissimam
2808 5363 3076 5428 dolorem
3109 5358 3535 5449 suSIVlm.
3564 5366 3814 5425 νυειψιδω

2065 5448 2121 5495 in
2157 5452 2358 5516 validis
2388 5453 2662 5536 impetuosi
2697 5458 3035 5525 nequissimi
3084 5448 3724 5542 ἰῖιιιιιέρθὶῖθώδω
3745 5453 3827 5493 mn

2120 5647 2168 5680 aa
2202 5654 2368 5722 “om.
2408 5688 2501 5738 xu,
2528 5661 2609 5722 ιδ,
2681 5654 2724 5684 ’δ
2754 5655 2937 5716 Eccle.
2970 5679 3078 5732 vit,
3117 5672 3182 5728 5.
3263 5670 3577 5741 /”/ﬂ/ll/p
3607 5661 3687 5746 ἔστ
