3916 6456
137 477 224 539 509
1356 486 1730 545 ANONYMUS
1764 486 1828 542 IN

140 607 213 655 ω
230 555 629 677 εκζιὺηιθτξυε,
652 579 937 677 postquam
985 594 1117 677 pro
1153 606 1448 664 omnibus
1477 623 1590 677 qua:
1619 606 1665 662 ei
1691 607 1825 662 acci-

162 668 365 738 ᾲεηιέτ
409 664 610 761 stati“
652 662 876 761 omni“?
910 671 1047 761 9:8“
1072 720 1090 741 ι
1142 697 1344 761 alqne
1380 662 1569 753 nomen
1618 697 1828 752 Domini

166 755 482 829 δεηθείίκίιο
530 753 1058 856 Ροξῑίιυωξξέεῖιιιι·
1126 753 1262 842 ρει-
1309 796 1503 841 cuncta
1549 772 1826 839 victoriam

378 1207 628 1308 superius
678 1211 737 1267 in
779 1218 1093 1282 praedones
1149 1230 1474 1299 aliquando,
1507 1207 1821 1301 quandoque

405 1297 460 1390 ill
495 1297 706 1390 ignem,
738 1320 1170 1383 nonnunquam
1204 1320 1259 1373 in
1289 1331 1505 1376 ventum
1545 1323 1821 1375 vertebant

352 1387 605 1456 «ιιιῑεεῑπιῑ
634 1394 879 1462 ερίτὶιιιε
925 1417 942 1453 :
983 1405 1073 1460 sic
1104 1416 1165 1461 et
1211 1426 1355 1465 nunc
1384 1413 1503 1466 istic
1546 1411 1596 1465 in
1645 1412 1820 1464 multi-

172 1507 351 1560 mm‘
368 1494 448 1532 em
469 1483 748 1539 vermium
792 1489 1309 1555 innumerabilium
1336 1516 1393 1556 se
1424 1510 1689 1555 vertentes
1719 1502 1817 1555 im-

195 1582 502 1655 Χχηδτεειιιιει·
521 1575 873 1638 devorabant
908 1601 1119 1645 carnes
1147 1591 1271 1646 Job.
1289 1591 1419 1645 Nam
1443 1608 1562 1647 cum
1586 1592 1814 1646 animam

229 1690 336 1726 ne“
348 1664 603 1722 «alerent
629 1678 888 1741 tangere,
913 1692 1137 1734 omnem
1162 1682 1499 1752 iniquitatem
1525 1692 1581 1737 et
1607 1699 1813 1738 omnem

247 1760 383 1814 iram
414 1774 559 1814 suam
589 1761 643 1815 in
669 1777 914 1833 corpore
951 1770 1086 1837 justi
1134 1772 1280 1826 illius
1324 1773 1676 1836 exercebant,
1705 1782 1819 1826 tan-

244 1861 358 1905 tum
386 1868 505 1907 eum
546 1851 852 1924 afﬂigentes
892 1870 1162 1929 quantum
1204 1864 1500 1933 iniquitatis
1528 1863 1808 1929 habebant,

238 1951 421 2009 atque
467 1957 719 1999 exercere
772 1949 1031 2014 permissi
1083 1951 1313 2007 fuerant.
1371 1954 1636 2007 Adversus
1685 1966 1810 2023 ergo

237 2036 437 2084 tantos
465 2031 737 2087 daemones
767 2037 1019 2091 certabat
1041 2038 1143 2093 Job
1167 2079 1183 2103 ,
1211 2050 1437 2105 quantos
1477 2056 1682 2095 vermes
1719 2043 1812 2096 ha-

224 2115 418 2172 bebat
452 2120 502 2173 in
547 2136 785 2191 corpore
841 2141 965 2182 suo.
1001 2126 1134 2181 Nam
1178 2129 1441 2184 daamones
1484 2144 1577 2197 per
1605 2146 1811 2187 vermes

225 2210 611 2265 enmedcbant
645 2223 815 2281 atque
846 2217 1199 2283 perforabant
1227 2232 1413 2273 carnes
1431 2219 1565 2287 ejus.
1600 2218 1674 2275 De
1702 2223 1810 2288 qui-

220 2300 331 2354 bus
354 2302 628 2357 omnibus
651 2305 937 2359 victoriam
955 2322 1050 2376 per
1076 2308 1407 2364 tolerantiam
1432 2324 1662 2375 sumens,
1677 2322 1729 2365 et
1746 2314 1810 2367 de

218 2393 496 2447 omnibus
514 2398 1144 2461 persuamconslantiam
1165 2399 1517 2467 triumphator
1530 2401 1806 2464 exsistens,

214 2493 353 2551 post
400 2483 522 2538 hac
582 2486 842 2540 universa
871 2487 1083 2554 aperuit
1110 2502 1172 2541 os
1216 2503 1391 2541 suum.
1423 2488 1555 2554 Quid
1583 2491 1807 2544 dicens?

210 2571 459 2626 Certum
487 2583 579 2627 est
606 2574 735 2641 quia
779 2574 882 2627 hoc
922 2574 1061 2628 dixit
1092 2575 1230 2642 quod
1266 2584 1383 2643 post
1420 2576 1521 2630 hoc
1548 2578 1715 2630 sancti
1755 2579 1806 2631 in

212 2658 530 2727 Scriptura
582 2672 909 2727 posuerunt.
948 2661 1169 2730 Tempus
1217 2678 1277 2714 ac
1325 2673 1518 2731 tempus
1559 2667 1695 2718 omni
1737 2671 1806 2718 rei

203 2747 310 2799 sub
353 2746 499 2809 sole,
540 2758 751 2816 tempus
791 2747 1057 2817 loquendi,
1075 2758 1124 2801 et
1162 2759 1355 2817 tempus
1388 2752 1586 2804 tacendi
1610 2753 1676 2806 ⁸⁷.
1706 2751 1808 2805 Ta-

202 2836 472 2899 cuimus,
525 2836 729 2903 inquit,
759 2851 793 2890 ο
821 2837 919 2889 viri
971 2852 1137 2905 usque
1177 2840 1242 2891 ad
1274 2848 1496 2908 tempus,
1534 2840 1808 2910 loquamur

201 2938 378 2976 nunc
408 2924 467 2977 in
511 2933 778 2991 tempore.
812 2924 939 2978 Haec
978 2926 1158 2993 itaque
1188 2927 1369 2981 dicens
1398 2929 1602 2996 aperuit
1632 2929 1728 2984 Job
1747 2946 1807 2985 os

200 3028 415 3065 suum.
441 3012 761 3077 Persarum,
782 3012 1053 3080 inquiens,
1090 3029 1151 3068 ac
1179 3013 1443 3070 Medorum
1470 3028 1624 3087 atque
1647 3018 1806 3073 Chal-

199 3102 475 3156 daeorum
520 3118 688 3172 regna
735 3112 790 3156 et
824 3113 1049 3172 gentes,
1090 3117 1273 3158 omnes
1309 3108 1506 3172 pariter
1547 3108 1714 3175 pusilli
1752 3119 1805 3163 et

1867 487 2003 545 JOB.
2041 520 2107 531 —
2142 487 2270 544 LIB.
2308 487 2395 544 III.
3352 498 3454 557 515

1854 611 1900 669 Δ
1924 606 2231 662 vulneribus
2274 604 2580 669 defecerim,
2616 610 2773 674 atque
2797 605 2848 660 in
2880 604 3146 661 doloribus
3171 612 3454 667 succubue-

1926 698 2047 762 rim,
2089 712 2153 750 ne
2194 711 2279 752 me
2310 702 2612 764 superatum
2648 694 2807 748 fuisse
2840 702 3024 762 putent
3057 704 3146 748 aut
3174 696 3449 766 defecisse,

1925 796 2016 841 aut
2044 787 2394 850 debilitatum,
2413 784 2505 839 sed
2534 784 2712 838 norint
2736 785 2858 854 quia
2886 784 3117 839 viriliter
3143 795 3227 839 sto
3265 788 3451 842 adver-

1923 890 2013 931 sus
2056 876 2338 943 nequitiam
2364 888 2569 938 eorum,
2602 880 2655 927 et
2689 887 2806 927 cum
2836 874 3026 928 fiducia
3064 874 3283 943 loquens
3325 891 3452 930 con-

1924 974 2098 1020 tenmo
2128 964 2354 1018 malitias
2382 973 2539 1027 atque
2577 963 2839 1016 versutias
2876 964 3101 1016 illorum.
3153 964 3255 1017 Sed
3279 965 3450 1019 adhuc

1920 1056 1988 1110 ob
2016 1058 2135 1118 hoc,
2160 1054 2350 1123 inquit,
2378 1062 2435 1106 ut
2458 1054 2853 1107 advenientibus
2880 1053 3064 1107 amicis
3087 1054 3217 1107 meis
3246 1069 3305 1108 os
3325 1069 3448 1122 ape-

1920 1145 2072 1209 riam,
2124 1154 2281 1214 atque
2326 1144 2569 1214 loquendi
2620 1144 2723 1196 illis
2758 1153 2960 1212 tempus
3007 1144 3301 1198 ostendam.
3332 1145 3444 1200 Nisi

1917 1235 2055 1288 enim
2080 1249 2175 1302 ego
2212 1249 2423 1303 coepero
2456 1233 2620 1300 loqui,
2669 1248 2936 1299 nunquam
2972 1233 3057 1287 isti
3092 1249 3150 1289 os
3189 1237 3445 1289 auderent

1918 1321 2125 1385 aperire
2166 1318 2648 1372 vehementioribus
2697 1319 2967 1373 doloribus
3003 1322 3289 1388 perterriti.
3338 1321 3445 1379 Pro

1919 1409 1998 1463 his
2037 1425 2161 1479 ergo
2208 1409 2452 1463 omnibus
2491 1418 2651 1476 atque
2682 1423 2778 1477 pro
2826 1409 3013 1462 horum
3053 1411 3285 1463 omnium
3318 1426 3443 1465 con-

1914 1497 2282 1559 summatione,
2310 1497 2514 1564 aperuit
2545 1511 2606 1550 os
2635 1511 2786 1550 suum
2807 1538 2821 1561 ,
2849 1509 2902 1550 et
2931 1497 3275 1551 maledicebat
3304 1500 3441 1552 diem

1913 1602 2083 1642 suum.
2115 1585 2234 1639 Haec
2261 1586 2535 1640 audientes
2575 1586 2785 1653 quidam
2823 1601 2886 1640 ex
2916 1580 3265 1649 vertihilibns,
3295 1596 3347 1641 ρι
3370 1587 3446 1641 in-

1911 1677 2223 1745 sipientibus
2266 1692 2329 1730 ac
2371 1676 2651 1745 imperitis,
2683 1691 2935 1729 accusare
2974 1686 3130 1744 atque
3161 1678 3443 1743 reprehen-

1911 1767 2033 1821 dere
2057 1766 2255 1835 justum
2301 1766 2442 1818 illum
2490 1766 2588 1820 Job
2648 1766 2758 1819 ausi
2804 1776 2946 1824 sunt,
2977 1767 3127 1832 quasi
3162 1768 3249 1834 qui
3279 1768 3440 1821 Deum

1909 1857 2375 1926 blasphemaverit,
2402 1867 2455 1910 et
2485 1857 2622 1911 diem
2662 1872 2813 1910 suum
2859 1857 3211 1911 maledixerit.
3241 1858 3442 1923 Quibus

1842 1916 1882 1970 Β
1910 1916 2116 1998 duri-ter
2146 1946 2337 1998 restitit
2367 1945 2478 2012 ipse
2512 1945 2652 1998 Deus
2676 1946 2727 1999 in
2759 1946 2913 1998 finem
2946 1945 3100 2013 huij
3130 1944 3438 2011 Scriptura,

1908 2050 2023 2089 cum
2047 2051 2286 2089 veracem
2317 2045 2560 2090 astruens
2593 2036 2691 2090 Job
2714 2037 2838 2089 dicit
2865 2037 2927 2089 ad
2966 2036 3177 2102 Eliphaz
3209 2050 3219 2081 τ
3250 2033 3443 2089 Pecca-

1907 2127 1972 2180 sti
1999 2135 2052 2178 tu
2074 2127 2159 2194 qui
2193 2127 2256 2179 de
2305 2137 2517 2190 peccato
2560 2127 2823 2180 accusasti
2852 2124 2969 2192 Joh,
3016 2124 3114 2179 Job
3159 2140 3286 2178 vero
3334 2141 3441 2181 non

1860 2260 1865 2263 .
1905 2216 2145 2282 peccavit
2182 2231 2195 2268 :
2235 2215 2466 2269 Peccastt'
2514 2225 2569 2268 tu
2605 2226 2651 2269 et
2695 2217 2798 2269 duo
2841 2217 2994 2268 amici
3039 2216 3134 2269 tui.
3165 2214 3243 2270 0b
3280 2230 3438 2282 quam

1909 2319 2016 2356 rem
2039 2304 2062 2355 ’ἔ
2083 2302 2160 2358 Ob
2188 2305 2306 2366 hoc,
2345 2305 2536 2371 inquit.
2553 2307 2673 2368 quia
2699 2321 2799 2358 non
2828 2304 2987 2357 locuti
3012 2307 3133 2358 estis
3161 2305 3441 2374 quidquam

1905 2392 2129 2444 ueritatis
2152 2392 2204 2444 in
2223 2400 2495 2458 conspectu
2521 2410 2649 2451 meo,
2675 2394 2805 2446 sicut
2830 2393 3056 2459 famulus
3082 2410 3220 2445 meus
3255 2391 3353 2446 Job
3370 2391 3437 2446 l".

1838 2472 1851 2483 ’
1906 2481 2071 2548 Quem
2118 2497 2244 2551 ergo
2278 2484 2388 2552 ipse
2423 2483 2560 2537 Dens
2598 2483 3118 2551 irreprehensibilem
3164 2484 3439 2538 confessus

1905 2581 2003 2633 est,
2033 2570 2283 2625 famulum
2317 2587 2468 2625 suum
2503 2586 2623 2626 eum
2673 2573 3003 2641 appellando,
3033 2584 3086 2627 et
3127 2575 3299 2628 hocin
3334 2575 3438 2628 fine

1906 2661 2068 2715 totius
2112 2660 2445 2722 tolerantiae,
2495 2662 2616 2726 quis
2661 2677 2823 2715 sanus
2856 2665 3126 2717 criminari
3187 2665 3441 2719 audeat?

1905 2747 2037 2813 Quis
2063 2749 2272 2813 sapiens
2309 2749 2700 2815 reprehendere
2727 2750 3062 2817 aggrediatur
3088 2750 3260 2815 ?Quis
3294 2753 3433 2805 enim

1903 2837 2171 2890 accusabit
2198 2837 2394 2891 electos
2425 2837 2515 2890 Dei
2552 2837 2799 2891 ?Justum
2844 2842 3104 2903 maxime,
3136 2854 3289 2908 quem
3320 2851 3436 2893 tan-
3522 2878 3531 2885 -

1907 2934 2013 2978 tum
2058 2923 2247 2989 elegit,
2286 2931 2341 2977 et
2380 2938 2436 2976 se
2487 2924 2706 2992 dignum
2752 2927 3070 2980 testificatus
3115 2937 3229 2990 est,
3262 2928 3332 2980 ita
3378 2937 3435 2982 ut

1901 3014 2056 3067 etiam
2102 3014 2429 3067 sacerdotem
2484 3014 2629 3067 illum
2684 3014 3099 3083 delinquentium
3142 3017 3431 3070 amicorum

1902 3104 2268 3164 constitueret,
2297 3114 2350 3155 et
2399 3117 2491 3170 per
2520 3102 2663 3155 illum
2702 3111 2913 3170 peccata
2954 3118 3133 3156 eorum
3177 3103 3278 3157 illis
3313 3119 3434 3172 pro-

199 3192 414 3260 magni
447 3208 579 3246 cum
608 3192 1050 3246 manducaverint
1071 3209 1170 3247 non
1196 3196 1492 3263 loquuntur,
1515 3211 1632 3249 cum
1659 3197 1801 3252 bibe-
1829 3218 1870 3272 ε
1906 3191 2137 3244 mitteret
2172 3192 2466 3244 remittere.
2509 3190 2716 3244 iustum
2752 3205 2880 3257 ergo
2910 3192 2997 3258 qui
3035 3206 3062 3243 a
3095 3192 3202 3245 Deo
3241 3202 3434 3261 purga-

201 3283 329 3336 rint
394 3298 506 3337 non
542 3283 1006 3345 sermocinantur,
1041 3284 1322 3337 maximam
1345 3294 1520 3359 notam
1584 3287 1803 3341 irratio-

200 3372 543 3426 nabilitatis
585 3372 729 3426 hanc
777 3386 903 3426 esse
955 3373 1352 3437 existimantes,
1385 3377 1425 3428 si
1480 3377 1802 3432 manducans

198 3464 349 3530 quis
399 3464 711 3532 loquatur,
741 3463 827 3519 vel
872 3463 1062 3518 bibens
1110 3467 1464 3521 concionetur.
1503 3467 1704 3524 Idcirco
1747 3471 1798 3524 in

198 3552 366 3606 escis
392 3566 460 3606 ac
499 3552 723 3620 potibus
753 3567 816 3606 os
852 3567 957 3606 non
988 3554 1230 3620 aperiunt
1263 3557 1325 3608 ad
1356 3556 1690 3626 loquendum,
1710 3575 1800 3615 ne-

202 3656 320 3707 que
361 3642 464 3708 qui
509 3641 866 3705 ministrant,
908 3655 1078 3707 neque
1099 3642 1287 3707 quibus
1319 3644 1682 3711 ministratur,
1705 3648 1798 3702 sed

204 3731 450 3784 nutibus
503 3732 768 3785 omnibus
820 3731 1245 3784 ministrantibus
1293 3734 1622 3803 praecipiunt,
1665 3738 1797 3792 hanc

204 3820 689 3874 consuetudinem
714 3833 816 3886 pro
842 3819 1093 3871 mandato
1114 3834 1141 3872 a
1165 3821 1426 3885 prioribus
1457 3824 1792 3892 accipientes,

206 3919 266 3962 et
295 3910 459 3963 veiut
505 3909 688 3977 legem
731 3909 871 3960 hanc
902 3921 1022 3960 cum
1055 3907 1405 3963 sollicitudine
1431 3913 1791 3983 observantes,

207 4009 269 4050 et
299 3998 397 4067 qui
438 3998 591 4051 hanc
633 3995 918 4049 violaverit
962 4003 1212 4063 tanquam
1252 3998 1479 4052 maxima
1530 4009 1795 4071 transgre-

212 4087 373 4143 diens
393 4090 529 4155 jura
568 4095 879 4154 torquetur.
915 4084 970 4138 Si
1012 4085 1205 4147 Persae,
1240 4086 1428 4156 inquit,
1459 4104 1520 4143 ac
1554 4090 1686 4146 Medi
1709 4101 1792 4145 at-

213 4190 321 4244 que
355 4190 567 4231 omnes
602 4173 842 4229 Chaldaei
864 4187 1189 4239 supervacue
1229 4175 1382 4228 istam
1409 4174 1688 4233 observant
1716 4189 1793 4234 ta-

216 4265 607 4317 citurnitatem
636 4301 652 4324 ,
700 4276 801 4316 nos
846 4274 990 4323 vero,
1029 4274 1062 4313 ο
1099 4260 1221 4325 viri,
1265 4262 1372 4327 ait,
1403 4271 1562 4318 totam
1596 4266 1791 4322 hebdo-

217 4358 440 4410 madam
486 4356 548 4408 in
607 4353 982 4407 taciturnitate
1022 4360 1180 4419 atque
1227 4351 1427 4420 jejunio
1476 4366 1788 4425 peragentes

222 4443 644 4498 rationabiliter
695 4456 839 4495 nunc
889 4441 1032 4511 loqui
1079 4442 1412 4508 incipiamus.
1470 4444 1682 4511 Aperuit
1731 4462 1787 4500 os

1904 3291 1986 3334 tus
2015 3281 2250 3349 est,quis
2265 3283 2455 3335 audeat
2484 3282 2874 3349 reprehendere
2895 3283 2977 3335 vel
3005 3297 3257 3337 accusare
3280 3283 3431 3353 quasi

1900 3369 2086 3424 illicita
2119 3371 2256 3424 diem
2302 3386 2452 3425 suum
2489 3370 2893 3423 maledicentem
2919 3370 2943 3423 '!
2973 3370 3141 3438 Super
3172 3386 3289 3439 qua:
3319 3386 3431 3426 om-

1899 3458 2007 3521 nia,
2035 3472 2067 3512 o
2092 3458 2212 3522 viri,
2245 3458 2288 3512 si
2330 3460 2398 3512 ob
2442 3459 2541 3512 hoc
2574 3459 2982 3529 reprehenditur
3011 3458 3128 3523 Job,
3165 3461 3247 3514 vel
3276 3477 3433 3517 accn-

1895 3556 2043 3600 satur
2073 3547 2214 3614 quod
2243 3547 2382 3600 diem
2426 3561 2581 3600 suum
2615 3546 2967 3609 maledlxerit,
3015 3549 3433 3616 reprehendatur

1897 3636 2093 3702 pariter
2136 3650 2256 3688 cum
2301 3634 2391 3688 illo
2421 3635 2505 3689 vel
2544 3645 2820 3689 accusetur
2880 3637 3246 3691 sanctissimus
3282 3636 3432 3692 Jere-

1894 3723 2028 3777 mias
2055 3725 2328 3797 propheta.
2365 3721 2498 3776 Nam
2525 3725 2661 3779 sicut
2697 3724 2796 3779 Job
2829 3725 3096 3779 maledixit
3122 3727 3258 3780 diem
3296 3730 3432 3782 nati-

1895 3812 2069 3864 vitatis
2097 3827 2222 3875 suaz,
2259 3814 2330 3866 ita
2368 3822 2422 3866 et
2458 3811 2723 3866 Jeremias
2765 3814 3032 3866 devotavit
3059 3815 3196 3867 diem
3242 3817 3432 3871 nativi-

1893 3902 2018 3955 tatis
2060 3916 2168 3954 sua:
2200 3901 2264 3965 ⁸⁸,
2327 3912 2377 3956 et
2418 3902 2595 3955 omnia
2650 3912 3042 3970 consequenter
3077 3905 3321 3959 similiter
3373 3914 3430 3960 ut

1889 3987 1987 4042 Job
2024 3990 2225 4042 locutus
2266 3997 2345 4043 est
2379 3989 2444 4043 de
2480 3989 2564 4042 die
2596 3990 2907 4067 nativitatis,
2943 4000 3106 4060 atque
3131 3994 3196 4047 de
3222 3995 3429 4049 caeteris

1889 4080 2151 4133 oumibus.
2207 4078 2263 4132 Si
2314 4093 2441 4147 ergo
2494 4081 2831 4147 reprehendit
2876 4083 3015 4151 quis,
3049 4083 3129 4135 vel
3179 4092 3426 4147 accusat,

1890 4178 2143 4237 utrosque
2187 4168 2574 4239 reprehendere
2634 4170 2715 4222 vel
2750 4185 3002 4225 accusare
3031 4172 3204 4235 debet,
3250 4182 3302 4225 et
3330 4170 3429 4226 Job

1888 4270 1940 4313 et
1975 4258 2278 4324 Jeremiam,
2298 4261 2419 4316 etsi
2444 4262 2509 4316 de
2550 4261 2874 4328 blasphemia
2905 4271 3140 4325 accusat,
3168 4272 3423 4331 utrosque

1887 4351 2039 4405 debet
2069 4366 2342 4415 accusare,
2368 4361 2420 4404 et
2454 4349 2551 4405 Job
2576 4361 2631 4404 et
2663 4351 2969 4406 Jeremiam.
3008 4351 3239 4421 Uterque
3261 4353 3422 4416 enim,

1884 4449 1936 4491 et
1957 4436 2053 4492 Job
2089 4448 2142 4492 et
2175 4435 2453 4502 Jeremias,
2493 4437 2687 4492 similia
2729 4439 2999 4506 dixerunt,
3030 4440 3221 4493 similia
3255 4438 3421 4494 locuti

224 4550 376 4588 suum
403 4534 476 4587 ⁸⁸.
523 4532 707 4587 Persa:
730 4571 746 4595 ,
786 4534 1005 4601 inquit,
1030 4539 1187 4600 atque
1219 4531 1334 4586 alite
1361 4548 1480 4601 quae
1524 4549 1642 4589 cum
1688 4535 1788 4592 illis
1821 4540 1862 4594 ι)
1892 4537 2033 4591 sunt,
2069 4530 2311 4583 eumdem
2349 4529 2488 4582 diem
2533 4530 2827 4584 nativitatis
2872 4546 2980 4585 sua:
3018 4532 3418 4596 maledixerunt,

226 4634 346 4678 sunt
380 4634 606 4692 gentes,
646 4637 769 4676 cum
804 4623 1241 4677 manducaverint
1272 4638 1375 4677 non
1404 4623 1706 4692 loquuntur,
1736 4639 1789 4681 et

227 4724 344 4763 cum
368 4711 620 4765 biberint
658 4725 765 4763 non
813 4709 1243 4763 sermocinantur
1273 4727 1288 4765 :
1316 4724 1414 4778 ego
1456 4725 1581 4765 vero
1611 4728 1641 4766 a
1663 4727 1785 4767 ver-

231 4800 402 4855 mibus
436 4807 723 4852 comestus
751 4805 911 4864 atque
939 4806 1303 4865 consumptus,
1329 4808 1382 4851 et
1398 4799 1612 4867 sanguis
1637 4817 1784 4857 meus

222 4897 383 4960 atque
407 4887 655 4943 medulla
689 4901 815 4941 cum
838 4887 906 4939 ab
943 4886 1129 4940 iisdem
1170 4888 1438 4941 vermibus
1466 4887 1623 4943 fuerit
1647 4891 1786 4945 bibi-

217 4987 318 5047 ωδ,
359 4981 523 5035 tacui
555 4989 612 5034 et
633 4995 739 5033 non
762 4993 881 5032 sum
913 4978 1137 5032 locutus.
1164 4977 1314 5033 Nunc
1339 4987 1512 5032 autem
1537 4983 1788 5038 saturatis

211 5071 534 5132 vermibus,
585 5078 748 5135 atque
789 5067 894 5120 illis
916 5069 1004 5135 qui
1040 5081 1124 5121 me
1162 5083 1253 5135 per
1293 5082 1498 5122 vermes
1521 5068 1704 5134 edunt,
1736 5072 1787 5127 id

205 5171 291 5218 est
319 5159 705 5221 damonibus,
734 5171 876 5211 nunc
898 5156 1006 5225 jam
1037 5156 1244 5226 loquar,
1269 5170 1409 5210 nunc
1435 5155 1543 5222 jam
1579 5172 1783 5215 sermo.

202 5247 391 5308 ciner.
422 5248 515 5304 0b
543 5262 708 5317 quam
732 5261 843 5300 rem
870 5246 1118 5315 loqueris,
1142 5246 1224 5300 vel
1263 5245 1632 5300 sermocinaris
1658 5248 1682 5301 ἲ
1705 5249 1785 5306 0b

196 5334 339 5406 hoc,
368 5337 588 5407 inquit,
616 5334 739 5402 quia
764 5334 1037 5403 impletum
1055 5343 1137 5387 est
1157 5342 1359 5402 tempus
1382 5333 1785 5395 taciturnitatis.

194 5421 277 5486 Ει
316 5430 539 5491 adhuc,
568 5427 640 5480 ob
675 5439 834 5494 quam
874 5439 983 5478 rem
1025 5423 1325 5493 aggrederis
1369 5422 1533 5490 loqui,
1572 5439 1605 5479 ο
1634 5425 1788 5482 Job?

194 5510 297 5577 ὒι)
330 5521 475 5583 hoc,
523 5515 722 5584 inquit,
764 5528 831 5567 ne
855 5528 973 5567 cum
1007 5510 1202 5581 iugiter
1242 5522 1425 5571 taceo,
1454 5511 1788 5585 arbitremur

190 5599 514 5664 (laniones
560 5603 655 5671 qui
704 5601 982 5657 adversum
1016 5614 1097 5654 me
1140 5607 1361 5661 certant,
1383 5598 1521 5663 quod
1551 5598 1603 5652 in
1647 5602 1786 5670 ipsis

288 5788 334 5818 ⁸⁷
370 5781 567 5838 Ecclc.
615 5794 696 5846 tu,
728 5775 847 5842 1,7.
923 5774 966 5805 ⁵⁸
990 5771 1084 5828 Job
1139 5788 1214 5839 Ill,
1252 5775 1297 5827 1.

1893 4627 2051 4685 atque
2078 4618 2477 4671 devotaverunt.
2524 4617 2627 4672 Sed
2659 4627 2712 4672 et
2739 4618 2839 4673 Job
2880 4619 3064 4676 beatus
3091 4621 3249 4676 estin
3288 4636 3419 4675 eon-

1890 4716 2069 4775 spectu
2112 4708 2338 4769 Domini,
2372 4718 2426 4761 et
2465 4707 2723 4763 Jeremias
2762 4710 3023 4779 gloriosus
3047 4723 3126 4766 est
3162 4726 3280 4765 cum
3304 4726 3420 4766 san-

1887 4799 2008 4851 ctis.
2032 4798 2118 4851 Vae
2140 4806 2313 4851 autem
2345 4798 2426 4852 his
2456 4800 2542 4868 qui
2578 4808 2788 4853 sanctos
2810 4799 3306 4867 blaSphemaverint,
3325 4803 3417 4871 qui

1883 4887 2086 4947 amicos
2124 4887 2214 4942 Dei
2251 4889 2637 4952 accusaverim,
2665 4892 2893 4944 maxime
2919 4905 3052 4958 quos
3085 4893 3242 4946 etiam
3278 4892 3417 4946 Deus

1882 4988 1999 5044 post
2050 4987 2273 5031 mortem
2321 4979 2573 5035 memoria
2609 4979 3009 5045 honorificavit,
3043 4982 3178 5035 sicut
3213 4980 3312 5034 Job
3352 4980 3417 5034 de

1883 5082 1987 5135 quo
2037 5068 2161 5121 dicit
2191 5086 2205 5122 :
2240 5065 2297 5122 Si
2338 5077 2509 5121 autem
2543 5070 2735 5122 steterit
2768 5068 2867 5122 Job
2896 5082 2945 5122 et
2994 5068 3106 5123 Noe
3144 5081 3188 5123 et
3232 5067 3417 5122 Daniel

1886 5158 1942 5210 in
1983 5169 2253 5226 conspectu
2295 5175 2405 5212 meo
2435 5159 2478 5190 “
2509 5177 2521 5212 :
2553 5169 2643 5213 aut
2680 5161 2818 5215 sicut
2845 5159 3150 5223 Jeremiam,
3177 5174 3330 5228 quem
3362 5159 3414 5211 in

1887 5247 1993 5299 vita
2030 5248 2144 5315 plus
2195 5251 2442 5305 omnibus
2493 5252 2876 5320 magniﬁcans,
2908 5252 3037 5305 dicit
3081 5268 3095 5304 :
3132 5251 3414 5317 Antequam

1883 5336 2158 5405 formarem
2187 5348 2235 5392 te
2261 5339 2313 5392 in
2347 5348 2489 5393 utero
2517 5342 2632 5392 novi
2658 5349 2704 5392 te
2725 5379 2740 5403 ,
2765 5350 2809 5392 et
2851 5350 3119 5408 antequam
3158 5336 3319 5388 exires
3348 5335 3413 5387 de

1881 5426 2027 5481 vulva
2067 5428 2386 5496 sancti/inani
2425 5437 2492 5495 te,
2532 5438 2578 5481 et
2608 5429 2905 5497 prophetam
2930 5428 2983 5480 in
3010 5426 3235 5495 gentibus
3260 5420 3408 5488 posui

1882 5529 1928 5572 te
1947 5518 2298 5587 “.Postquam
2320 5530 2494 5575 autem
2519 5519 3008 5590 irreprehensibiles
3030 5516 3185 5569 fuisse
3199 5521 3410 5565 sanctos

1881 5606 2228 5671 ostendimus,
2264 5622 2368 5661 non
2390 5622 2505 5672 nos,
2523 5607 2614 5662 sed
2646 5608 2807 5661 etiam
2838 5603 2948 5673 ipse
2970 5604 3125 5667 Deus,
3147 5597 3282 5652 beati
3309 5594 3424 5651 Job.

1422 5770 1477 5840 "ﬁ
1491 5771 1585 5829 Job
1621 5789 1767 5846 xui,

1904 5783 1945 5814 ⁶⁰
1972 5781 2076 5839 Jcr.
2112 5800 2210 5851 xx,
2248 5784 2331 5839 Π.
2407 5784 2446 5815 ⁶¹
2478 5783 2666 5862 [εξιεςιι.
2713 5794 2830 5841 xiv,
2855 5776 2938 5830 lt.
2981 5776 3022 5807 ⁶²
3048 5772 3241 5830 Jerem.
3271 5787 3311 5839 I,
3342 5788 3400 5829 ο,
