3916 6428
357 406 544 492 σις’

1411 433 1783 489 ANONYMUS
1820 433 1884 486 IN
1921 433 2055 489 JOB.
2096 461 2163 472 —
2198 431 2327 485 LIB.
2367 429 2455 484 ill.

3643 447 3729 504 5l3

358 566 659 609 sermonum
705 566 1204 616 commemoremur,
1231 555 1316 622 qui
1349 557 1480 609 bene
1506 573 1534 609 a
1585 571 1766 610 sancto
1796 557 1882 609 illo
1911 562 1956 613 Α
1981 568 2083 620 que
2110 553 2161 604 in
2183 551 2439 604 saeculum
2470 561 2740 600 numerus
2773 547 3174 612 supputatus
3202 547 3297 587 es
3323 548 3391 596 ι
3411 562 3585 610 coram
3605 559 3729 625 ne“.

357 639 522 691 saucti
553 637 676 690 dicti
704 647 848 704 sunt,
882 639 1019 693 male
1047 649 1224 693 autem
1258 641 1323 694 ab
1353 642 1523 710 impiis
1554 644 1602 696 in
1637 645 1875 711 blasphe-

357 727 512 778 miam
542 725 677 778 versi
706 735 871 781 sunt:
910 728 1150 796 Aperuit,
1191 729 1377 798 inquit,
1411 731 1510 784 Job
1553 750 1608 786 os
1646 745 1877 794 summa:

352 813 686 866 maledicebat
718 815 851 868 diem
882 817 1161 872 natiuitatis
1181 835 1288 871 sua:
1316 820 1378 872 ⁸³.
1408 818 1637 874 Primum
1669 823 1767 876 hoc
1789 823 1878 876 ad-

351 909 637 965 vertamus,
667 917 698 955 o
723 903 819 956 viri
848 903 1022 970 periti,
1056 907 1194 973 quod
1225 907 1438 970 dicitur,
1468 907 1566 961 Job
1589 925 1736 963 suum
1762 925 1877 962 ma-

349 987 608 1042 ledicebat
637 1005 736 1043 non
760 991 894 1043 diem
920 992 1030 1057 Dei,
1060 1009 1161 1047 non
1188 995 1502 1049 conditionis
1531 1011 1698 1065 neque
1729 1013 1877 1052 crea-

349 1085 480 1130 tura:
521 1079 631 1142 Dei,
675 1081 766 1133 sed
793 1080 929 1134 diem
969 1097 1142 1136 suum.
1173 1083 1335 1150 Quem
1377 1085 1514 1139 diem
1545 1101 1694 1140 suum
1723 1088 1746 1140 ?
1778 1088 1874 1153 Qui

346 1180 452 1220 non
507 1169 634 1232 luit,
666 1183 821 1236 quem
863 1185 966 1222 non
1025 1172 1239 1236 habuit,
1282 1189 1436 1242 quem
1477 1191 1579 1230 non
1625 1179 1873 1246 possedit.

347 1253 513 1318 Quem
536 1269 662 1323 ergo
689 1271 791 1310 non
821 1258 1025 1324 habuit,
1052 1274 1222 1329 neque
1256 1264 1508 1330 possedit,
1531 1280 1699 1333 neque
1726 1267 1874 1330 vidit,

345 1357 516 1410 neque
537 1345 588 1397 in
613 1345 726 1412 ejus
757 1357 1018 1415 potestate
1048 1349 1166 1414 fuit,
1199 1352 1336 1406 hunc
1360 1369 1477 1407 cum
1517 1355 1875 1422 malediceret,

345 1433 475 1486 nihil
514 1435 802 1490 maledixit.
834 1437 1097 1492 Malediin
1144 1442 1279 1508 quod
1311 1458 1411 1496 non
1441 1444 1570 1510 fuit,
1603 1447 1743 1514 quod
1773 1463 1875 1500 non

345 1521 559 1587 habuit,
591 1528 740 1600 quod.
782 1540 884 1579 non
917 1529 1076 1582 vidit.
1120 1528 1246 1584 Item
1296 1533 1464 1588 adhuc
1518 1535 1876 1605 maledicebat,

343 1612 543 1682 inquit,
578 1629 729 1668 suum
774 1617 933 1673 diem.
981 1619 1102 1673 Sive
1148 1620 1286 1674 diem
1331 1637 1482 1676 suum
1529 1625 1876 1698 maledixerit,

341 1702 452 1755 sive
507 1703 755 1769 alienum,
791 1707 921 1760 nihil
968 1708 1269 1776 maledixit,
1307 1712 1406 1766 hoc
1438 1715 1576 1782 quod
1628 1733 1730 1770 non
1781 1717 1880 1774 fuit

342 1791 634 1846 maledixit.
670 1794 790 1850 Dies
831 1798 972 1852 enim
1004 1815 1107 1852 non
1151 1810 1230 1854 est
1263 1800 1313 1854 in
1340 1812 1548 1866 natura,
1577 1821 1676 1859 non
1707 1817 1787 1861 est
1824 1810 1874 1862 in

1979 643 2049 695 ita
2081 651 2135 695 et
2176 640 2417 694 omnium
2452 637 2670 690 dierum
2704 649 2736 686 a
2773 631 3005 688 saeculo
3057 637 3129 682 et
3190 639 3470 700 υεηιιε
3497 642 3546 696 in
3579 664 3726 710 mu-

1976 731 2082 783 lum
2111 744 2360 784 numerus
2391 736 2448 780 et
2477 731 2768 793 computus
2806 725 2861 775 in
2903 731 3205 786 conspec
3219 724 3336 805 ιιξ
3406 737 3734 805 ριέδείειιὶὶι

1979 819 2068 872 Dei
2119 828 2199 872 est
2223 824 2570 885 supputatus,
2600 823 2657 867 et
2691 825 2909 867 omnes
2955 808 3217 861 anima:
3271 803 3626 880 hominum
3653 803 3734 901 pe,

1977 908 2213 977 singulas
2240 915 2433 973 gentes
2475 914 2532 957 et
2559 903 2811 971 linguas,
2841 914 2953 968 per
2993 907 3266 990 genera
3295 901 3535 963 tiones
3567 931 3627 971 ac
3651 937 3731 990 ρετ

1977 1010 2159 1051 omnes
2207 995 2376 1047 tribus
2439 1001 2632 1054 terrae,
2673 998 3062 1056 unaquaeqma
3112 996 3424 1044 anima
3469 999 3536 1051 de
3593 1011 3736 1068 totius

1976 1086 2096 1139 vitae
2133 1101 2242 1139 suae
2287 1093 2449 1137 aetate
2500 1081 2788 1136 redditura
2821 1086 2919 1131 est
2971 1076 3034 1128 in
3070 1072 3306 1142 indit:
3337 1080 3413 1136 io
3465 1095 3731 1158 rationem,

1979 1175 2082 1229 Sed
2109 1185 2162 1229 et
2197 1174 2320 1241 quid
2355 1188 2454 1240 per
2491 1166 3200 1260 unamquamquediem
3231 1201 3251 1224 ,
3365 1175 3458 1229 vel
3495 1193 3731 1260 gesserit,

1977 1268 2058 1320 vel
2091 1267 2264 1319 locuta
2305 1265 2500 1323 fuerit,
2539 1261 2623 1314 vel
2662 1258 3053 1329 cogitaverit,
3098 1268 3308 1307 0mm
3350 1263 3402 1315 ia
3435 1258 3728 1342 propone";

1979 1365 2066 1410 tur
2113 1356 2163 1410 in
2205 1352 2636 1420 iudicio,omnia
2672 1349 3056 1406 deducentur
3093 1345 3167 1397 in
3221 1343 3731 1440 iluquisitionem,

1978 1461 2079 1499 non
2111 1443 2517 1512 resurgentibus
2537 1441 2736 1495 diebus
2771 1438 2872 1507 qui
2915 1450 3134 1504 neque
3179 1448 3304 1529 ῐξδ
3333 1451 3530 1505 turam
3567 1438 3726 1529 neque

1975 1532 2326 1587 substantiam
2373 1531 2611 1594 habent,
2641 1528 2744 1583 sed
2794 1526 2976 1581 lactis
3034 1522 3402 1587 omnium
3451 1522 3732 1605 homin'um

1975 1621 2355 1676 demonstratis
2387 1621 2442 1673 in
2481 1629 2680 1672 natura
2737 1617 3098 1670 animarum
3173 1620 3246 1666 et
3330 1638 3647 1696 corporum
3677 1644 3723 1695 in

1974 1711 2369 1780 corruptionem
2411 1707 2858 1777 resurgentium.
2912 1705 3258 1772 Exigetur
3344 1727 3502 1785 ergo
3543 1723 3607 1779 in
3653 1730 3733 1784 me

1977 1800 2392 1856 resurrectionis
2429 1798 2700 1867 etjudicii
2726 1797 2800 1850 ab
2834 1796 3004 1850 omni
3057 1794 3329 1853 anima
3397 1806 3723 1874 (Im-igua”,

340 1882 653 1948 substantia,
686 1899 854 1953 neque
881 1886 930 1940 in
964 1888 1174 1956 propria
1207 1898 1481 1957 potestate.
1504 1892 1612 1946 Lux
1643 1895 1868 1962 videtur,
1901 1885 1940 1937 Β
1968 1890 2202 1942 Omnium
2237 1890 2448 1942 dierum
2478 1889 2601 1939 νῖιίε
2630 1885 2753 1952 eius
2781 1885 2985 1939 οιηηίε
3032 1884 3366 1944 8eminus
3395 1912 3590 1965 uuam
3625 1909 3733 1965 “eo

339 1972 635 2027 substantia
671 1984 845 2029 autem
886 1991 988 2030 non
1026 1978 1253 2042 videtur,
1284 1991 1471 2034 natura
1504 1998 1628 2038 vero
1659 2002 1761 2040 non
1792 1997 1869 2042 te-

336 2073 514 2129 netur,
563 2079 733 2135 neque
786 2068 1230 2136 apprehenditur,
1257 2072 1378 2139 quia
1413 2075 1528 2130 dies
1575 2091 1680 2130 non
1713 2079 1870 2134 habet

336 2160 578 2207 naturam
611 2169 780 2222 neque
803 2157 1395 2216 substantiam.Nomen
1422 2165 1597 2230 habet,
1628 2175 1866 2223 naturam

335 2254 460 2295 vero
488 2257 591 2296 non
623 2243 802 2299 habet.
842 2245 991 2300 Sicut
1030 2248 1158 2302 hora
1195 2265 1380 2304 nomen
1417 2253 1592 2319 habet,
1628 2258 1868 2312 substan-

334 2330 460 2383 tiam
484 2342 662 2392 autem
702 2349 803 2387 non
831 2335 1008 2402 habet,
1035 2338 1111 2392 sic
1139 2349 1191 2394 et
1228 2341 1340 2396 dies
1362 2358 1551 2397 nomen
1584 2345 1867 2411 habet,sed

336 2419 683 2475 substantiam
716 2424 795 2477 vel
851 2437 1092 2482 naturam
1125 2447 1226 2484 non
1265 2433 1442 2487 habet.
1476 2437 1609 2501 Quid
1639 2453 1764 2507 ergo
1789 2451 1870 2494 est

333 2509 448 2565 dies
475 2512 498 2564 ἲ
534 2512 690 2568 Lucis
729 2524 964 2586 tempus,
994 2518 1126 2574 lueis
1163 2523 1412 2578 transitus
1454 2535 1507 2580 et
1539 2528 1663 2582 solis
1695 2540 1864 2596 ortus,

334 2603 398 2652 ab
435 2601 634 2657 oriente
676 2619 840 2673 usque
880 2607 944 2659 ad
988 2625 1231 2662 occasum
1263 2612 1538 2668 decursus.
1573 2614 1708 2671 Solis
1740 2634 1865 2688 ergo

331 2687 442 2754 lux,
468 2691 580 2746 dies
609 2693 929 2762 appellatur:
952 2697 1080 2750 solis
1108 2703 1384 2765 transitus,
1415 2703 1528 2758 dies
1553 2687 1859 2762 aestimatur.

329 2779 461 2836 Nam
495 2794 548 2840 et
579 2800 702 2840 vere
725 2787 794 2840 ita
817 2787 1068 2843 est.Solis
1090 2791 1228 2843 enim
1254 2792 1506 2846 decursus
1531 2794 1628 2847 diei
1663 2805 1865 2862 tempus

325 2873 627 2942 dimetitur,
661 2877 763 2932 diei
792 2879 1071 2932 terminum
1109 2883 1272 2950 ponit,
1293 2883 1404 2936 sive
1429 2882 1494 2934 ad
1524 2883 1861 2941 hreviandum

326 2963 489 3028 diem,
519 2965 630 3018 sive
660 2967 725 3020 ad
776 2967 1214 3038 prolongandum.
1261 2972 1410 3037 Quod
1458 2985 1631 3030 autem
1664 2979 1732 3031 ita
1760 2989 1861 3042 est,

324 3052 484 3105 etiam
511 3053 781 3122 Scriptura
809 3055 1131 3112 demonstrat
1151 3060 1330 3115 dicens
1365 3079 1378 3114 :
1409 3063 1586 3118 Omnis
1619 3066 1710 3118 tua:
1761 3068 1864 3120 diei

323 3155 390 3194 ea:
431 3140 556 3194 sole.
602 3143 677 3195 Ac
709 3143 754 3196 si
793 3145 995 3199 diceret
1033 3167 1044 3201 ε
1080 3147 1244 3202 Omne
1280 3158 1482 3217 tempus
1509 3167 1540 3204 a
1575 3154 1702 3209 sole.
1735 3155 1859 3208 Nam

1969 1983 2086 2026 erat
2119 1972 2451 2037 exhibitura,
2477 1981 2533 2026 et
2556 1986 2722 2025 omne
2749 1985 2899 2039 Opus
2954 1971 3400 2046 sanctitatis,
3439 1995 3606 2058 quod
3635 2012 3729 2065 ρει-

1967 2063 2200 2131 singulos
2239 2063 2356 2116 dies
2381 2073 2500 2115 erat
2537 2059 2854 2130 perfectura
2885 2063 3024 2116 sive
3063 2064 3136 2116 in
3185 2077 3592 2138 gratiarum
3632 2059 3733 2146 ac.

1970 2152 2196 2207 tionibus
2225 2162 2280 2206 et
2327 2151 2804 2217 confessionibus,
2855 2155 2990 2207 sive
3054 2155 3120 2206 in
3183 2168 3623 2230 orationibus
3656 2198 3724 2236 ac

1967 2248 2428 2314 deprecationibus
2463 2248 2750 2300 matutinis
2773 2258 2832 2300 et
2865 2249 3272 2316 vespertinis,
3305 2259 3372 2308 si
3383 2276 3460 2312 re
3492 2265 3560 2316 in
3579 2282 3710 2320 om-

1967 2338 2120 2390 nibus
2156 2337 2313 2390 bonis
2342 2338 2605 2405 operibus
2634 2352 2761 2403 qua:
2797 2338 2853 2391 in
2897 2339 3147 2392 nomine
3186 2338 3482 2401 Domini
3523 2359 3714 2408 nostri

1965 2427 2085 2482 Jesu
2114 2429 2312 2483 Christi
2336 2429 2720 2497 perﬁciuntur.
2758 2429 2879 2483 Hoc
2924 2429 3167 2484 scilicet
3215 2433 3563 2501 ignorant
3595 2449 3723 2514 pte.

1967 2517 2118 2584 rique
2149 2516 2516 2584 insipientium
2551 2527 2720 2584 atque
2769 2516 3305 2584 irreligiosornm.
3344 2529 3472 2592 qui
3513 2535 3731 2588 admo-

1916 2618 1919 2620 '
1966 2618 2154 2659 nentur
2209 2606 2466 2660 festinare
2491 2608 2558 2660 ad
2587 2607 2858 2677 templum
2913 2607 3040 2672 Dei,
3081 2612 3191 2678 qui
3262 2629 3620 2675 vocantur
3648 2629 3723 2680 ad

1965 2695 2254 2748 Ecclesium
2284 2695 2373 2748 Dei
2413 2695 2747 2760 accelerare,
2773 2706 2832 2751 et
2867 2699 3208 2753 terribilem
3258 2701 3403 2759 Dei
3461 2711 3740 2778 gloriam

1965 2784 2213 2847 adorare,
2237 2795 2291 2838 et
2319 2794 2413 2837 aut
2452 2800 2551 2852 pro
2582 2786 2839 2854 neglectu
2894 2788 3167 2856 habent,
3203 2805 3346 2847 aut
3383 2798 3460 2850 in
3523 2810 3745 2859 vacui.

1966 2883 2126 2927 tatem
2157 2875 2380 2937 ducunt,
2405 2885 2499 2928 aut
2553 2877 2692 2930 alias
2727 2881 3161 2935 excusationes
3213 2883 3633 2946 inveniunt
3663 2899 3758 2949 di-

1962 2973 2145 3018 centes
2193 2978 2208 3014 :
2245 2964 2502 3018 Hesterna
2539 2965 2905 3029 manducavi,
2941 2972 3226 3025 crastina
3270 2981 3754 3049 manducent;

1961 3055 2052 3107 sed
2075 3055 2310 3121 quotidie
2343 3063 2396 3108 et
2421 3057 2566 3108 omni
2615 3063 2876 3124 tempore
2927 3057 3430 3122 inditIerenter
3480 3076 3768 3130 student

1963 3141 2216 3208 reperire,
2241 3143 2570 3197 etexhibere
2618 3146 2852 3213 corpori
2885 3158 3106 3203 cuncta
3149 3165 3327 3220 quae
3363 3174 3762 3217 consuetu-

322 3230 461 3285 sicut
485 3233 699 3298 quilibet
725 3233 913 3288 alicubi
943 3237 994 3289 in
1027 3238 1254 3290 tenebris
1284 3255 1402 3291 cum
1439 3241 1649 3294 lucerna
1683 3254 1857 3298 trans-
1887 3221 1928 3276 (ἶ
1963 3232 2100 3285 “illis
2149 3244 2274 3286 ευιιι
2305 3249 2319 3286 ³
2368 3234 2475 3286 Deo
2505 3244 2714 3300 θυιθηιο
2764 3237 2857 3290 Vel
2913 3240 3139 3295 animi"
3200 3261 3383 3302 sua:
3451 3260 3770 3322 tempora

323 3317 465 3382 ierit,
511 3335 782 3390 usquequo
814 3324 1021 3376 lucerna
1056 3325 1224 3388 adest,
1263 3325 1350 3378 illo
1375 3342 1537 3394 usque
1559 3339 1610 3381 et
1650 3329 1733 3382 lux
1759 3343 1859 3396 εει,

324 3417 494 3472 neque
555 3410 900 3462 substantiam
959 3411 1158 3465 habens
1209 3427 1380 3479 neque
1439 3426 1715 3480 naturam,
1771 3422 1862 3473 sed

321 3491 652 3558 splendorem
691 3503 889 3548 tantum
913 3514 926 3547 :
952 3499 994 3550 si
1022 3514 1147 3567 ergo
1173 3501 1293 3568 quis
1326 3505 1661 3558 maledixerit
1689 3508 1863 3575 splen—

324 3580 503 3633 dorem
537 3581 780 3646 lucernae,
813 3585 940 3638 nihil
971 3588 1260 3654 maledicit,
1301 3593 1400 3645 nisi
1443 3597 1718 3647 transitum
1746 3597 1860 3650 ina-

323 3683 464 3730 nem,
505 3679 660 3736 atque
717 3673 998 3727 decursum
1034 3693 1137 3730 non
1185 3693 1524 3735 manentem:
1566 3683 1636 3736 ita
1661 3695 1712 3739 et
1740 3685 1857 3754 Job,

321 3769 439 3808 cum
471 3756 683 3811 luminis
717 3770 878 3828 atque
919 3763 1216 3830 splendoris
1265 3770 1543 3822 transitum
1589 3774 1862 3831 maledice-

325 3854 426 3906 ret,
450 3843 552 3898 hoc
577 3847 715 3912 quod
744 3863 848 3902 non
887 3860 1001 3904 erat
1029 3853 1313 3908 maledixit.
1335 3855 1466 3911 Nam
1493 3860 1603 3914 dies
1626 3877 1744 3917 cum
1774 3882 1860 3920 so-

321 3930 387 3986 lis
438 3935 660 3989 decursu
711 3942 971 4004 transiens
1027 3947 1289 4012 transivit,
1317 3955 1370 3999 et
1409 3948 1541 4002 ultra
1579 3951 1716 4006 idem
1748 3956 1858 4024 ipse

321 4035 425 4074 non
456 4034 766 4078 revertetur.
790 4027 919 4080 Cum
947 4031 1232 4086 identidem
1251 4045 1400 4090 ortus
1419 4037 1580 4092 fuerit
1601 4042 1696 4103 sol,
1723 4045 1855 4100 alius

317 4111 516 4165 orietur
546 4114 654 4168 dies
680 4153 695 4178 ,
721 4115 954 4184 ejusdem
987 4124 1210 4179 nominis
1244 4135 1301 4180 ut
1330 4127 1450 4192 ille,
1480 4133 1572 4186 sed
1609 4150 1712 4189 non
1745 4137 1855 4205 ipse

317 4200 406 4266 qui
453 4200 558 4254 ille.
593 4203 679 4257 Ille
726 4221 855 4274 ergo
898 4209 1008 4262 dies
1041 4214 1306 4268 transiens
1348 4221 1612 4286 transivit,
1652 4237 1705 4278 et
1742 4242 1854 4280 am-

317 4287 453 4354 plius
475 4305 574 4342 non
596 4294 787 4358 veniet,
815 4300 940 4365 quia
960 4300 1095 4354 ultra
1122 4315 1337 4358 nonest.
1365 4305 1498 4362 Nam
1529 4313 1665 4366 sicut
1695 4315 1852 4370 homo

315 4376 405 4442 qui
443 4391 674 4435 mortuus
706 4383 880 4450 fuerit,
921 4391 1188 4458 transivit,
1221 4404 1273 4447 et
1320 4397 1455 4451 ultra
1499 4416 1601 4453 non
1641 4407 1846 4472 veniet,

318 4477 488 4530 neque
517 4471 738 4536 amplius
767 4479 1066 4543 revertitur,
1100 4483 1236 4537 alius
1289 4489 1524 4541 nascitur
1566 4501 1619 4545 et
1659 4471 1844 4548 eodem

316 4555 528 4609 nomine
577 4561 889 4633 appellatur,
920 4578 973 4621 et
1023 4575 1401 4640 cognontinalis
1437 4578 1510 4631 illi
1546 4582 1836 4649 vocitatur,
1871 4569 1913 4621 Ῑ)

316 4642 409 4738 sed
444 4659 545 4697 non
582 4646 714 4702 idem
752 4652 863 4720 ipse
907 4665 1007 4720 est,
1039 4661 1130 4713 sed
1166 4661 1300 4717 alius
1332 4681 1345 4716 :
1383 4665 1453 4719 ita
1480 4679 1533 4720 et
1560 4669 1674 4724 dies
1701 4642 1842 4738 ejus;

313 4727 432 4782 dem
479 4737 705 4790 nominis
742 4742 934 4807 veniet,
984 4746 1116 4800 idem
1167 4751 1278 4818 ipse
1336 4769 1460 4809 vero
1497 4773 1599 4810 non
1647 4763 1841 4816 veniet.

312 4814 442 4872 Nam
493 4821 628 4876 sicut
673 4828 888 4895 spiritus
917 4834 1101 4889 exiens
1129 4837 1305 4894 denuo
1344 4858 1446 4898 non
1483 4849 1764 4903 revertitur
1789 4862 1843 4906 et

311 4921 414 4961 non
438 4921 716 4968 revocatur
736 4919 911 4972 anima
935 4923 1166 4991 sublata,
1187 4930 1432 4987 similiter
1456 4935 1569 4989 dies
1587 4943 1842 4997 transiens

309 4995 479 5052 denuo
509 5017 610 5056 non
659 5009 960 5074 revertitur,
992 5028 1161 5082 neque
1206 5020 1340 5074 ultra
1383 5023 1432 5076 in
1467 5031 1710 5094 praesenti
1742 5033 1841 5087 hoc

309 5088 502 5144 saeculo
535 5106 833 5151 revocatur.
864 5098 994 5153 Nam
1046 5106 1186 5161 sicut
1222 5113 1365 5165 omni
1399 5115 1600 5171 homini
1631 5123 1844 5174 ordina-

311 5189 417 5231 tum
472 5190 554 5234 est
609 5193 848 5254 tempus,
893 5199 1049 5259 atque
1102 5197 1394 5258 dimensum
1445 5207 1564 5260 vitae
1612 5213 1838 5278 spatium

310 5265 717 5338 uniuscujusque
765 5290 781 5326 :
825 5277 1065 5334 similiter
1116 5285 1336 5355 singulis
1391 5292 1578 5348 diebus
1631 5265 1838 5366 tempus

307 5359 605 5415 ordinatum
655 5372 755 5430 est,
799 5376 958 5436 atque
984 5369 1250 5431 dimensus
1279 5379 1404 5435 solis
1435 5387 1708 5454 transitus,
1732 5403 1838 5457 quo

312 5454 614 5504 transeunte
644 5467 743 5505 non
772 5464 855 5508 est
877 5458 990 5512 dies
1015 5459 1102 5513 ille
1129 5462 1261 5517 ultra
1296 5467 1383 5534 qui
1418 5478 1714 5525 transactus
1735 5454 1834 5525 est.

310 5532 377 5590 Et
401 5539 572 5597 adhuc
600 5545 739 5600 sicut
765 5549 1006 5605 omnibus
1035 5532 1335 5612 hominibus
1374 5575 1402 5612 a
1440 5562 1633 5616 sazculo
1666 5571 1718 5617 et
1751 5579 1838 5618 us-

467 5711 563 5769 Joh
598 5732 656 5773 ill
682 5759 697 5785 ,
732 5720 778 5779 l.
853 5724 896 5756 “
924 5723 1048 5779 ibid.
1123 5727 1165 5758 ⁸⁸
1195 5726 1291 5783 Job
1324 5745 1361 5795 ι,
1385 5729 1470 5784 2|.

1964 3330 2205 3374 Statuunt
2243 3336 2306 3376 ac
2343 3323 2641 3376 metiuntur
2677 3337 2733 3378 et
2772 3329 2901 3384 dies
2960 3346 3388 3402 supputant,
3439 3341 3772 3411 ignoran-

1966 3418 2046 3464 tes
2073 3413 2196 3479 quia
2239 3413 2466 3466 irrident
2519 3417 2862 3486 semetipsos
2890 3431 2952 3475 et
2983 3424 3254 3482 animas
3317 3446 3545 3487 suas.
3603 3435 3771 3489 Nam

1960 3501 2098 3554 sicut
2139 3503 2381 3569 superius
2411 3503 2682 3571 diximus,
2711 3509 2977 3564 omnium
3031 3513 3319 3572 dierum
3403 3525 3586 3579 vita:
3639 3544 3775 3581 sua:

1962 3594 2223 3646 rationem
2254 3595 2509 3648 reddituri
2539 3608 2668 3650 sunt
2700 3614 2805 3666 pro
2832 3605 3122 3670 operibus
3163 3616 3625 3675 sanctitatis
3654 3638 3768 3690 per

1960 3679 2197 3747 singulos
2251 3683 2363 3736 dies
2404 3685 2588 3737 aetatis
2637 3701 2774 3751 suae,
2814 3692 2906 3745 vel
2967 3695 3064 3748 hic
3126 3713 3371 3767 super
3449 3679 3764 3775 terrain,

1958 3771 2040 3823 vel
2085 3773 2138 3824 in
2179 3771 2400 3839 judicio.
2435 3773 2636 3843 Pagani
2665 3780 2818 3832 enim
2844 3821 2862 3844 ,
2895 3793 3080 3854 atque
3115 3804 3398 3850 omnes
3444 3771 3759 3860 inﬁdeles

1958 3859 2230 3925 injudicio
2252 3877 2352 3916 non
2382 3865 2622 3930 venient,
2643 3867 2739 3920 sed
2764 3869 2888 3938 jam
2927 3889 3002 3927 ex
3030 3876 3151 3932 hoc
3185 3883 3550 3945 damnati
3575 3906 3754 3961 sunt,

1955 3958 2008 4001 et
2037 3958 2253 4018 propter
2300 3951 2674 4007 inﬁdelitatem
2709 3957 3163 4021 inexcusabiles
3208 3971 3297 4026 in
3344 3991 3618 4044 paeanas
3657 3951 3750 4037 in;

1957 4037 2190 4092 ferorum
2231 4041 2615 4109 expellentur:
2661 4044 2698 4096 ii
2750 4062 2898 4104 vero
2952 4057 3060 4120 qui
3105 4055 3172 4111 in
3231 4037 3398 4121 {id}:
3447 4084 3614 4125 esse
3658 4075 3744 4127 τί-

1953 4128 2164 4194 dentur,
2194 4140 2247 4184 et
2293 4147 2458 4200 pravo
2490 4135 2710 4189 nomine
2762 4153 3123 4208 censentur,
3171 4151 3343 4220 isti,
3420 4159 3732 4232 inquam,

1950 4233 2137 4272 omnes
2168 4220 2218 4272 in
2253 4220 2476 4274 terribili
2520 4221 2608 4274 illa
2647 4224 2852 4292 judicii
2913 4233 3366 4302 inquisitione
3417 4220 3728 4308 oniniuui

1950 4309 2154 4362 dierum
2188 4310 2307 4362 vita:
2342 4324 2452 4363 sure
2487 4313 2936 4387 uniuscujusque
2973 4325 3089 4379 diei
3133 4333 3462 4393 reddent
3525 4346 3725 4400 ratio-

1951 4414 2090 4460 nem,
2117 4399 2387 4464 quomodo
2431 4401 2791 4469 impleverim
2847 4409 2950 4463 Dei
3006 4419 3470 4493 servitutem,
3517 4444 3717 4502 atque

1949 4503 2079 4556 opus
2119 4489 2411 4542 sanctitatis
2428 4506 2523 4559 per
2548 4508 3024 4571 unumquemque
3072 4508 3282 4567 diem.
3324 4489 3498 4576 Haec
3543 4489 3711 4581 vide;

1944 4579 2067 4631 licet
2115 4579 2362 4632 universa
2394 4581 2524 4635 loris
2555 4599 2656 4637 nos
2688 4587 2934 4646 devians
2987 4597 3088 4650 hic
3129 4616 3375 4664 sermo
3422 4631 3547 4681 per
3599 4634 3700 4672 oc-

1947 4667 2218 4720 casionem
2253 4671 2534 4722 memorati
2576 4672 2684 4726 diei
2745 4677 2948 4735 dicere
3007 4687 3362 4750 admonuit
3403 4667 3584 4759 liene
3624 4724 3696 4761 ac

1948 4756 2246 4808 necessarie
2270 4796 2285 4817 ,
2319 4768 2502 4825 utpote
2539 4775 2637 4827 pro
2692 4764 2987 4825 bonorum
3048 4793 3684 4850 contmemorauone

1948 4843 2028 4896 his
2057 4844 2146 4911 qui
2170 4844 2299 4897 salvi
2330 4844 2442 4898 ﬁeri
2477 4848 2825 4907 desiderant.
2866 4856 2992 4914 Sed
3025 4879 3283 4923 rursum
3325 4879 3417 4929 ad

1948 4930 2108 4984 situm
2162 4942 2511 4987 revertamur.
2558 4938 2963 5012 Maledicebat,
3025 4953 3247 5024 inquit,
3316 4930 3668 5026 ,Ιοὸτᾶίὲ

1943 5039 2096 5074 suum
2121 5023 2186 5086 “;
2239 5039 2342 5078 non
2385 5025 2746 5084 maledicebat
2779 5031 2974 5092 Deum
3007 5082 3027 5105 ,
3069 5023 3182 5102 non
3235 5023 3669 5121 repre.,en,}e.

1943 5113 2054 5178 bat,
2086 5130 2196 5168 non
2236 5114 2683 5184 blasphemabat,
2714 5137 2826 5178 non
2876 5139 3247 5201 accusabat,
3290 5113 3431 5199 non

1944 5192 2189 5258 murabat
2212 5204 2278 5257 de
2306 5207 2453 5270 Deo,
2497 5223 2604 5260 non
2659 5210 2924 5281 ingratus
2973 5192 3347 5285 exsistebat
3395 5192 3671 5302 “80,;t‘

1895 5327 1911 5342 .
1939 5289 2080 5344 diem
2139 5291 2488 5348 maledicebat
2535 5297 2631 5363 qui
2680 5316 2789 5355 non
2833 5318 2996 5364 erat.
3053 5315 3225 5374 Nam
3267 5313 3409 5372 Deo
3443 5289 3662 5390 gratias

1941 5387 2153 5450 agebat,
2201 5384 2578 5450 conﬁtebatur,
2633 5391 2984 5465 invocabat,
3025 5384 3525 5470 bened‘xcebaix.
3577 5413 3690 5474 Sit,

1943 5472 2136 5540 inquit,
2170 5490 2358 5530 nomen
2405 5477 2618 5534 Domini
2669 5484 3036 5550 benedictum
3075 5502 3157 5561 in
3235 5495 3486 5546 Νευια
3523 5472 3690 5554 ⁸⁸.8ὶ‹έ

1942 5562 2125 5635 itaque
2173 5567 2538 5626 benedicendo
2559 5611 2577 5639 ,
2606 5588 2674 5630 ac
2707 5580 2929 5648 gratias
2987 5584 3335 5661 θεεηδθ
3386 5577 3548 5645 δεδι
3575 5589 3717 5637 \Ymn
