3916 6438
583 419 693 471 515

1645 402 2009 458 ANONYMUS
2041 403 2102 457 IN
2141 403 2277 457 JOB.
2317 435 2381 445 --
2417 401 2542 456 LIB.
2585 401 2670 454 III.
3633 401 3710 456 διε

583 548 695 588 rum
751 531 836 596 qui
874 523 1246 594 paenitudinem
1300 521 1582 574 sinceriter
1606 520 1867 588 gesserint
1904 529 2097 572 aeterna
2129 525 2172 578 Α
2200 529 2251 570 et
2276 517 2447 570 anima
2483 516 2622 569 idem
2654 520 2780 566 sunt
2826 509 3134 562 indiscrete
3187 514 3346 574 atque
3383 506 3647 576 indivisive,
3672 521 3710 569 et

584 608 788 686 requies
819 617 867 666 in
911 613 1297 667 resurrectione
1354 612 1496 664 erit!
1561 611 1673 662 Alia
1724 608 2106 676 quamplurima

577 722 697 760 cum
736 704 995 771 possimus
1027 705 1201 754 dicere
1237 703 1302 754 de
1351 702 1449 752 hoc
1487 714 1750 762 sermone,
1803 699 1910 751 haec
1972 697 2108 749 desi-

580 803 763 847 nentes
788 805 903 859 quze
929 801 1220 856 sequuntur
1259 801 1751 840 commemoremus.
1796 785 2000 850 Pereat,
2032 786 2107 836 in-

576 884 708 950 quit,
739 883 842 932 dies
869 882 918 930 in
941 895 1041 947 qua
1075 890 1224 929 natus
1253 893 1363 928 sum
1400 877 1465 927 '“.
1531 874 1653 927 Haec
1703 877 1948 926 nimirum
1983 875 2109 927 dicit

578 974 761 1025 beatus
792 969 908 1028 Job,
935 980 988 1020 ut
1013 967 1315 1020 ostenderet
1341 965 1585 1018 omnibus
1608 964 1790 1031 quales
1817 963 2108 1015 sustinebat

574 1060 802 1123 dolores,
825 1059 904 1110 vel
927 1058 1102 1126 qualia
1137 1056 1477 1124 supportabat
1508 1054 1785 1122 supplicia.
1804 1051 1895 1105 Sic
1922 1052 2106 1104 beatus

577 1165 639 1202 ac
676 1148 1040 1202 sanctissimus
1075 1145 1330 1198 Jeremias
1385 1145 1436 1196 in
1501 1143 1869 1210 suggillatione
1921 1142 2106 1193 animae

575 1239 872 1300 devolutus,
903 1237 1092 1290 similia
1126 1247 1182 1286 ut
1225 1235 1325 1288 Job
1367 1235 1575 1286 locutus
1607 1243 1705 1293 est,
1757 1233 1905 1299 juxta
1930 1233 2104 1284 omnia

577 1344 694 1397 quas
728 1327 969 1393 superius
1005 1326 1262 1378 veraciter
1309 1332 1596 1376 memorata
1653 1333 1775 1374 snnt
1816 1323 1880 1373 ⁷¹.
1937 1321 2105 1389 Super

578 1431 694 1485 qua:
725 1416 970 1468 universa
1020 1415 1119 1467 hoc
1161 1415 1319 1466 etiam
1353 1415 1606 1466 debemus
1658 1412 1952 1474 advertere,
1981 1412 2101 1477 quia

577 1522 681 1560 non
714 1504 989 1557 defuerunt
1013 1505 1212 1556 sanctis
1241 1503 1450 1555 dolores
1479 1515 1539 1553 ac
1581 1501 1961 1564 tribulationes,
1994 1513 2102 1553 mo-

577 1593 743 1647 lestiae
769 1608 974 1661 quoque
1005 1602 1160 1659 atque
1205 1593 1498 1660 passiones,
1555 1605 1658 1643 non
1693 1599 1893 1642 tantum
1929 1606 2021 1658 pro
2045 1605 2100 1643 se

576 1693 829 1750 quantum
861 1698 953 1750 pro
993 1683 1144 1735 nobis
1180 1698 1194 1732 :
1234 1690 1289 1733 ut
1312 1682 1610 1733 noverimus
1631 1693 1724 1731 nos
1752 1689 1907 1745 atque
1935 1677 2098 1731 infor-

578 1786 800 1832 memor,
826 1773 943 1840 quia
967 1787 1060 1838 per
1104 1771 1471 1824 tribulationes
1499 1784 1560 1822 ac
1600 1769 1828 1830 labores,
1861 1783 1954 1835 per
1981 1782 2096 1834 pasv

578 1861 752 1914 siones
781 1871 833 1915 et
863 1863 1118 1923 miserias,
1158 1876 1249 1928 per
1283 1860 1491 1913 dolores
1521 1872 1729 1925 quoque
1773 1872 1833 1909 ac
1880 1857 2102 1924 gemitus

577 1965 759 2004 ornues
801 1951 965 2003 sancti
997 1949 1099 2002 Deo
1158 1951 1488 2017 placuerunt,
1525 1959 1580 1999 et
1631 1961 1814 2000 ornnes
1855 1945 1982 2011 justi
2023 1947 2103 1998 in-

581 2041 840 2094 troierunt
875 2043 924 2091 in
958 2055 1174 2107 regnum
1207 2040 1296 2091 Dei
1327 2047 1483 2104 atque
1513 2037 1749 2090 hazredes
1783 2036 1953 2090 effecti
1987 2046 2105 2089 sunt

578 2129 714 2196 apud
757 2129 915 2180 Deum
963 2129 1145 2180 aeterni
1211 2126 1492 2194 refrigerii,
1547 2125 1648 2177 nbn
1689 2125 2012 2177 exsultantes
2053 2126 2102 2176 in

579 2217 936 2285 corruptione,
968 2232 1068 2268 non
1118 2216 1363 2269 delectati
1416 2217 1466 2267 in
1498 2228 1680 2277 carne,
1712 2229 1813 2265 non
1850 2215 2016 2266 securi
2055 2215 2103 2266 in

580 2307 758 2369 terris,
776 2305 864 2359 sed
899 2320 1106 2358 omnem
1149 2307 1418 2358 miseriam
1448 2315 1662 2372 propter
1686 2303 1930 2369 pietatem
1956 2303 2108 2356 susti-

581 2403 784 2455 nentes,
828 2403 1022 2446 aeterna
1071 2394 1460 2459 incorruptione
1513 2394 1650 2460 digni
1696 2391 1864 2445 effecti
1905 2400 2022 2444 sunt
2057 2393 2105 2442 in

581 2483 767 2549 gloria.
789 2483 877 2535 Sic
894 2484 1050 2534 etiam
1075 2482 1330 2548 gloriatur
1357 2481 1546 2533 Paulus
1573 2481 1623 2532 in
1659 2480 2108 2546 persecutionibus

581 2575 690 2627 suis
720 2583 880 2638 atque
908 2571 1236 2638 passionibus
1269 2571 1333 2622 ⁷³.
1369 2571 1458 2622 Sic
1500 2569 1751 2637 gloriatur
1777 2579 1828 2620 ct
1857 2567 2108 2622 Jeremias

581 2664 720 2729 quod
747 2663 941 2714 sederit
969 2662 1129 2722 solus,
1187 2661 1306 2726 quia
1341 2659 1700 2711 amaritudine
1736 2659 1895 2710 fuerit
1944 2657 2110 2725 reple-

584 2758 690 2812 tus,
715 2761 768 2802 et
797 2752 917 2817 quia
948 2763 1048 2802 non
1091 2749 1224 2801 abiit
1275 2750 1324 2800 in
1356 2747 1574 2800 consilio
1609 2748 1884 2815 impiorum
1929 2747 2111 2798 luden-

583 2841 711 2892 tium
744 2840 806 2891 ⁷⁸.
851 2840 984 2904 Quid
1013 2848 1188 2890 autem
1226 2837 1502 2899 miramur,
1540 2839 1676 2904 quod
1701 2837 1802 2889 .Iob
1831 2837 1903 2888 ita
1928 2837 2108 2904 ingen-

587 2936 666 2981 tes
691 2929 955 2982 sustinens
979 2927 1190 2981 dolores
1215 2934 1535 2992 conquestus
1559 2925 1738 2991 fuerit,
1771 2926 1849 2976 vel
1881 2925 1966 2977 alii
1991 2940 2111 2978 san-

583 3019 652 3072 cti
699 3033 819 3070 eum
871 3017 1066 3070 terreni
1116 3016 1339 3068 fuissent
1388 3015 1627 3068 homines
1676 3030 1739 3068 ex
1794 3030 2015 3083 corpore
2061 3025 2113 3069 et

2209 623 2346 662 nunc
2389 607 2439 658 in
2483 605 2659 666 terris,
2685 611 2740 654 et
2773 601 2827 653 in
2863 596 3281 652 resurrectione
3313 597 3364 650 in
3395 598 3549 662 cadis,
3577 605 3712 670 quod.

2207 710 2412 761 cunque
2436 691 2772 747 seminaverit
2833 703 3039 754 corpus
3079 702 3245 754 super
3276 696 3487 750 terram,
3526 691 3611 744 hoc
3631 708 3715 747 me.

2209 795 2279 837 tet
2317 785 2489 836 anima
2528 784 2578 834 in
2633 779 3079 840 resurrectione,
3127 777 3474 846 quodcunque
3512 793 3716 846 operatur

2206 888 2394 941 corpus
2437 873 2486 924 in
2526 869 2876 936 corruptione
2920 885 2933 920 :
2973 869 3078 920 hoc
3145 868 3291 918 enim
3329 868 3462 933 quod
3513 871 3714 937 seminat,

2206 963 2304 1014 hoc
2331 971 2383 1013 et
2405 969 2587 1013 metet.
2626 958 2780 1012 Sicut
2803 972 2940 1024 ergo
2969 957 3089 1009 haec
3124 957 3264 1009 idem
3307 965 3443 1018 sunt,
3474 957 3539 1010 ita
3570 970 3616 1012 et
3633 963 3718 1016 dies

2204 1061 2258 1104 et
2293 1067 2390 1103 nox
2424 1051 2562 1102 idem
2604 1056 2748 1101 sunt.
2795 1046 2960 1110 Quod
2993 1045 3049 1096 in
3091 1045 3180 1098 die
3213 1044 3298 1106 fit,
3332 1045 3432 1099 hoc
3453 1048 3580 1099 nocti
3607 1063 3725 1117 repu-

2205 1149 2363 1204 tatur,
2395 1150 2448 1194 et
2481 1138 2622 1207 quod
2650 1138 2701 1189 in
2737 1145 2914 1188 nocte
2948 1133 3032 1198 ftt,
3057 1133 3166 1185 hoc
3211 1133 3314 1185 diei
3349 1134 3640 1201 designatur.
3659 1139 3724 1193 Sic

2205 1245 2433 1296 namque
2462 1227 2639 1282 omnia
2671 1238 3032 1292 quaecunque
3075 1223 3266 1275 fecerit
3293 1238 3496 1291 corpus,
3537 1227 3629 1280 sive
3652 1230 3722 1281 bo-

2207 1336 2351 1383 num,
2389 1321 2500 1371 sive
2529 1317 2750 1381 malum,
2778 1315 2994 1367 anima:
3024 1323 3359 1377 reputantur,
3385 1323 3433 1366 et
3459 1317 3611 1367 omnia
3634 1332 3720 1370 cor-

2201 1410 2314 1478 pori
2359 1410 2410 1460 in
2458 1407 2660 1474 judicio
2719 1415 2900 1473 atque
2956 1405 3309 1471 inquisitione
3375 1415 3711 1460 succensentur.

2202 1498 2333 1550 Nam
2381 1498 2659 1561 utriusque
2724 1495 2950 1562 utrique
3010 1494 3326 1559 imputatur,
3395 1493 3637 1559 utriusque
3673 1495 3709 1547 in

2210 1595 2431 1654 utroque
2511 1583 2805 1651 requiritur
2893 1593 3060 1649 atque
3131 1581 3448 1632 vindicatur.
3530 1580 3710 1648 Utraque

2199 1678 2337 1730 enim
2371 1684 2423 1729 et
2453 1690 2644 1742 corpus
2669 1684 2724 1727 et
2751 1673 2935 1726 anima
2982 1687 3108 1724 cum
3141 1671 3300 1723 simul
3333 1670 3454 1734 sint,
3505 1682 3554 1722 et
3594 1672 3709 1723 simul

2199 1773 2600 1825 conversentur,
2638 1763 2795 1817 simul
2829 1763 3216 1830 adjudicantur
3247 1774 3434 1828 paenae,
3468 1769 3552 1812 aut
3594 1751 3712 1812 simul

2135 1837 2174 1889 Β
2202 1856 2563 1922 suscipientur
2596 1855 2646 1906 in
2676 1852 2890 1920 requie.
2953 1853 3096 1919 Ergo
3128 1852 3250 1918 quia
3285 1851 3418 1913 haec,
3467 1850 3630 1917 inquit,
3662 1851 3710 1901 ita

2204 1953 2348 2008 sunt,
2393 1945 2585 1996 merito
2627 1951 2680 1995 et
2719 1957 2820 2010 ego
2862 1955 3041 2009 neque
3091 1943 3157 1994 de
3217 1949 3369 1994 nocte
3414 1940 3546 2002 silui,
3589 1955 3712 2006 neque

2205 2035 2341 2087 diem
2377 2034 2591 2100 reliqui.
2621 2031 2724 2086 Sed
2748 2042 2954 2100 pereat,
2987 2031 3146 2094 dixit,
3177 2030 3285 2082 dies
3318 2029 3401 2081 ille
3421 2030 3471 2079 in
3494 2046 3582 2096 quo
3602 2039 3713 2079 natus

2203 2141 2334 2190 sum,
2380 2134 2425 2175 et
2462 2140 2564 2176 nox
2595 2125 2647 2175 in
2683 2139 2788 2191 qua
2839 2123 3044 2174 dictum
3089 2130 3164 2173 est
3198 2137 3216 2172 :
3246 2119 3378 2172 Ecce
3421 2119 3661 2170 masculus.
3684 2120 3712 2170 Α

2204 2229 2308 2282 quo
2351 2213 2551 2264 dictum
2589 2211 2710 2265 est?
2757 2211 2843 2262 Ab
2901 2211 3008 2269 his,
3061 2209 3256 2277 inquit,
3283 2209 3371 2276 qui
3403 2208 3716 2260 nuntiaverunt

2204 2303 2338 2370 patri
2390 2316 2505 2354 meo
2540 2300 2748 2353 Zareb.
2792 2299 3022 2352 Plurimi
3066 2312 3299 2365 namque
3339 2297 3410 2349 illi
3457 2297 3715 2364 praedicave-

2207 2403 2330 2444 runt
2361 2391 2524 2442 filium
2559 2398 2770 2453 natum,
2822 2390 2964 2441 alter
2995 2389 3228 2440 alterum
3263 2387 3539 2451 anticipare
3568 2400 3713 2452 prope-

2209 2489 2406 2543 rantes,
2440 2488 2498 2532 ut
2525 2493 2622 2545 per
2666 2480 2717 2531 id
2768 2479 2918 2547 quod
2963 2479 3196 2532 honeste
3238 2477 3614 2530 celebraverunt
3649 2490 3715 2542 per

2207 2569 2442 2636 singulos
2489 2584 2659 2622 annos
2707 2571 2777 2621 ah
2817 2584 2888 2622 eo
2929 2568 3273 2636 accipientes
3331 2567 3555 2620 dicerent
3586 2565 3715 2617 :Eccc

2208 2669 2364 2711 natus
2392 2666 2473 2710 est
2509 2658 2602 2710 tibi
2644 2659 2948 2713 masculus.
2983 2657 3090 2712 Sed
3118 2667 3171 2712 et
3201 2667 3330 2726 ptth
3357 2657 3488 2726 quod
3523 2657 3626 2724 ipsze
3648 2656 3712 2706 ob-

2209 2748 2449 2801 stetrices
2471 2748 2627 2799 matri
2657 2745 2758 2801 Job
2779 2747 2960 2802 Bosor
2979 2749 3420 2801 renuntiaverunt
3442 2747 3713 2815 (sicuamque

2213 2835 2518 2907 vocabant),
2549 2837 2674 2906 quia
2725 2838 3035 2891 masculum
3071 2838 3336 2906 genuerit.
3381 2836 3494 2889 Haec
3540 2847 3712 2902 namque

2212 2929 2539 2982 demonstrat
2578 2929 2766 2982 dicens
2795 2942 2808 2975 ε
2844 2929 2913 2980 Et
2948 2944 3055 2982 ηοω
3099 2928 3192 2981 illa
3219 2927 3270 2978 in
3296 2943 3397 2995 qua
3429 2927 3597 2976 dictum
3625 2935 3712 2974 est:

2212 3015 2343 3070 Ecce
2379 3018 2660 3071 masculus.
2707 3017 2811 3072 Ubi
2846 3019 2987 3086 dies,
3029 3018 3140 3071 illic
3164 3027 3214 3071 et
3241 3031 3366 3071 nox.
3399 3014 3460 3070 Et
3480 3013 3598 3082 quod
3618 3011 3708 3069 diei.

581 3109 756 3161 anima
811 3121 932 3159 vere
984 3106 1249 3173 plasmati,
1309 3119 1426 3158 cum
1471 3113 1526 3157 et
1571 3105 1680 3171 ipse
1733 3104 1820 3172 qui
1875 3106 2107 3157 omnium
2138 3136 2181 3195 Ο
2214 3108 2312 3160 hoc
2343 3107 2502 3159 etiam
2532 3108 2691 3159 nocti.
2753 3105 2838 3160 Ob
2873 3107 2979 3162 hoc
3014 3123 3146 3178 ergo
3174 3107 3300 3176 quia
3339 3121 3490 3159 unum
3509 3112 3610 3158 sunt
3631 3102 3711 3154 dies

581 3209 886 3252 sanctorum
944 3205 1136 3257 rector,
1185 3205 1239 3247 et
1302 3194 1539 3247 conditor
1588 3194 1705 3247 ρωὶί
1751 3208 1810 3246 ac
1859 3205 2030 3255 terra,
2059 3209 2112 3248 et

583 3287 840 3341 mediator
868 3284 956 3336 Dei
989 3292 1040 3337 et
1069 3284 1336 3336 hominum
1367 3282 1519 3337 Jesus
1551 3283 1791 3336 Christus
1819 3282 1982 3336 Filius
2019 3284 2110 3338 Dei

583 3376 709 3441 vivi,
738 3391 856 3429 cum
895 3375 1127 3426 immane
1155 3387 1214 3424 se
1255 3371 1493 3424 indueret
1523 3387 1763 3440 corpore,
1789 3387 1905 3426 etim
1935 3388 2114 3426 corru-

584 3465 820 3533 ptihilem
873 3463 969 3516 sibi
1021 3460 1375 3514 circumdaret
1426 3460 1672 3524 formam,
1729 3477 1848 3514 cum
1892 3463 1991 3516 iret
2046 3465 2112 3517 ad

585 3554 880 3621 passionem
928 3561 1083 3616 atque
1117 3552 1180 3602 ad
1233 3564 1466 3614 erucem,
1517 3559 1734 3617 questus
1773 3561 1855 3604 est
1881 3552 2107 3605 dicens:

585 3640 767 3702 Pater,
795 3641 840 3690 si
872 3639 984 3705 ﬁeri
1009 3645 1172 3705 potest
1224 3647 1442 3690 transeat
1467 3655 1497 3690 a
1523 3654 1600 3690 me
1629 3640 1764 3691 calix
1798 3642 1890 3691 iste
1914 3642 1980 3704 ⁷⁵,
2016 3643 2114 3696 hoc

585 3740 667 3782 est
711 3731 821 3781 haec
845 3731 1037 3796 passio,
1062 3737 1114 3780 et
1135 3727 1294 3794 coepit
1321 3728 1605 3793 trepidare,
1635 3739 1687 3781 et
1713 3737 1929 3783 mtestus
1961 3733 2114 3785 esse?

587 3815 850 3884 Nonquia
897 3817 1236 3884 trepidaverit.
1280 3817 1467 3876 deitas,
1520 3818 1610 3869 sed
1654 3819 1775 3884 quia
1813 3820 1992 3874 carnis
2028 3822 2111 3873 in-

590 3906 898 3960 ﬁrmitatem
945 3906 1193 3960 ostendit.
1245 3906 1392 3960 Sicut
1443 3921 1571 3974 ergo
1625 3906 1709 3960 ille
1756 3908 2008 3962 Dominus
2057 3921 2114 3964 ut

587 3996 887 4050 ostenderet
947 3996 1069 4064 quia
1101 4010 1203 4048 non
1257 4005 1374 4048 erat
1414 3998 1746 4063 phantasma,
1784 4001 1875 4052 sed
1921 4015 2113 4067 corpus

587 4099 712 4139 vere
737 4086 1078 4153 corruptibile
1105 4087 1325 4148 habens,
1373 4100 1430 4138 se
1466 4085 1698 4140 dolorem
1729 4097 1886 4154 atque
1912 4091 2113 4156 passio—

589 4189 709 4228 nem
730 4175 906 4228 crucis
933 4173 1117 4228 timere
1151 4177 1422 4240 ostendit;
1449 4176 1524 4228 sic
1552 4177 1708 4228 etiam
1738 4175 1855 4241 Job,
1883 4190 1936 4231 et
1967 4178 2115 4233 ,16ιέ-

591 4265 724 4317 mias
756 4274 912 4331 atque
957 4263 1046 4317 alii
1096 4265 1287 4328 sancti,
1333 4275 1390 4316 ut
1435 4267 1800 4329 ostenderent,
1831 4272 1950 4334 quia
1993 4285 2110 4324 cum

590 4363 766 4405 essent
787 4353 1024 4406 carnales
1057 4370 1174 4408 cum
1199 4354 1376 4407 dolore
1401 4356 1766 4408 sustinuerunt
1805 4371 1868 4409 ac
1892 4372 2114 4424 suppor-

2213 3212 2272 3248 ac
2304 3212 2426 3260 nox,
2457 3211 2573 3249 cum
2607 3196 2709 3248 diei
2748 3197 3142 3261 malediceret,
3176 3197 3323 3251 nocti
3371 3211 3467 3250 non
3511 3194 3707 3262 pepercit.

2212 3284 2420 3351 Pereat,
2449 3286 2642 3353 inquit,
2680 3286 2798 3340 dies
2827 3287 2882 3340 in
2919 3303 3022 3354 quo
3074 3298 3234 3339 natus
3265 3303 3400 3346 sum,
3458 3293 3500 3336 et
3543 3297 3624 3334 nos
3646 3281 3709 3330 illa

2210 3376 2262 3427 in
2289 3391 2389 3442 qua
2434 3375 2631 3427 dictum
2679 3385 2752 3427 est
2807 3391 2826 3428 :
2862 3377 3001 3430 Ecce
3047 3378 3338 3431 masculus.
3393 3372 3497 3426 Nox
3531 3373 3600 3425 illa
3625 3384 3710 3438 quae

2210 3464 2489 3533 praeteriit,
2513 3480 2632 3530 quas
2669 3467 2919 3530 transiit,
2957 3483 3079 3535 qua:
3108 3467 3326 3531 defecit,
3365 3481 3476 3534 qua:
3520 3477 3604 3515 non
3634 3468 3706 3512 εει.

2213 3553 2322 3605 Nox
2370 3552 2455 3604 illa
2488 3553 2628 3605 sicut
2667 3560 2722 3606 et
2770 3555 2894 3608 dies
2948 3557 3036 3608 ille
3068 3570 3294 3608 manens
3324 3555 3373 3607 in
3413 3551 3630 3609 tenebris,
3649 3547 3707 3598 ille

2211 3642 2300 3710 qui
2331 3657 2432 3694 non
2465 3643 2698 3707 videtur,
2727 3645 2824 3711 qui
2863 3660 2971 3698 non
3014 3646 3338 3708 invenietur,
3366 3645 3450 3710 qui
3481 3656 3569 3694 non
3598 3652 3707 3690 revo-

2212 3741 2384 3795 catur,
2413 3731 2502 3798 qui
2543 3747 2645 3784 non
2697 3742 2808 3786 est.
2863 3733 3019 3787 Sicut
3059 3749 3190 3803 ergo
3215 3750 3318 3788 nox
3353 3733 3455 3792 illa,
3481 3731 3542 3782 ita
3566 3726 3705 3780 etdics

2214 3821 2299 3875 ille
2325 3830 2546 3889 pereant
2595 3830 2857 3890 tanquam
2887 3839 3010 3892 quae
3045 3839 3151 3877 non
3185 3833 3328 3884 sunt,
3363 3821 3588 3875 deﬁciant
3621 3825 3704 3866 tan-

2211 3924 2364 3978 quam
2391 3925 2506 3977 quze
2528 3927 2630 3964 non
2649 3912 2929 3978 videntur,
2964 3929 3138 3982 neque
3165 3913 3584 3966 demonstrantur.
3610 3903 3702 3958 Cum

2213 4002 2315 4053 ista
2348 4015 2473 4066 ergo
2498 4016 2615 4067 quae
2641 4016 2746 4054 non
2775 4014 2909 4056 sunt
2939 4004 3284 4057 maledixerit
3315 4001 3432 4064 Job,
3460 4008 3509 4051 et
3533 4012 3582 4048 ea
3619 4005 3703 4060 quae

2212 4107 2313 4143 non
2351 4100 2473 4144 sunt
2508 4091 2682 4157 perire
2715 4092 2975 4160 voluerit,
3036 4089 3508 4161 irreprehensibilis
3539 4082 3701 4139 omnino

2214 4182 2264 4234 in
2287 4180 2530 4233 omnibus
2565 4183 2944 4246 permanebat.
2996 4184 3379 4236 Vehementem
3425 4179 3551 4232 enim
3597 4172 3701 4226 dolos

2214 4287 2323 4325 rem
2373 4283 2527 4337 quem
2579 4270 2890 4324 sustinebat
2936 4272 3165 4326 deflebat
3222 4275 3416 4340 absque
3467 4269 3587 4321 illius
3627 4276 3702 4314 me

2213 4361 2381 4414 lestia.
2413 4359 2545 4412 Puto
2577 4361 2720 4426 quod
2751 4359 2986 4416 forsitan
3042 4364 3167 4416 olim
3217 4363 3267 4416 in
3302 4361 3444 4414 initio
3474 4349 3699 4424 iuvenlulis

595 4451 842 4494 taverunt
867 4445 1118 4510 supplicia
1150 4455 1308 4512 atque
1331 4458 1511 4511 poenas
1536 4458 1653 4510 quas
1691 4445 1766 4497 eis
1793 4446 2109 4500 acciderunt.
2144 4441 2190 4498 D
2215 4450 2562 4504 celebraverit
2615 4448 2714 4503 Job
2745 4452 2897 4505 dietn
2936 4455 3236 4506 nativitatis
3277 4467 3402 4514 suae,
3461 4451 3568 4501 item
3602 4451 3700 4493 ιιυηε

594 4529 783 4584 Merito
835 4545 960 4598 ergo
998 4533 1125 4585 dicit
1158 4533 1300 4586 Job:
1345 4530 1526 4584 Pereat
1563 4534 1669 4585 dies
1717 4535 1768 4586 in
1815 4549 1912 4602 quo
1962 4547 2111 4588 natus

593 4637 726 4680 sum,
771 4621 920 4688 juxta
943 4624 1116 4674 olnuia
1143 4639 1258 4689 quze
1297 4625 1538 4690 superius
1559 4635 1769 4678 ostensa
1821 4636 1974 4693 atque
2005 4644 2114 4680 tue-

596 4722 797 4763 morata
823 4721 962 4774 sunt,
1009 4724 1054 4764 et
1109 4729 1208 4764 nox
1241 4714 1333 4766 illa
1382 4717 1434 4765 in
1470 4730 1569 4781 qua
1602 4717 1790 4766 dictum
1835 4727 1903 4768 est
1935 4729 1951 4766 :
1984 4717 2114 4769 Ecce

595 4801 851 4853 masculus
879 4799 944 4850 ⁷⁸.
982 4801 1146 4855 Porro
1176 4804 1388 4866 quando
1415 4815 1568 4855 natus
1598 4819 1675 4866 es,
1729 4822 1760 4856 o
1806 4805 1955 4859 beate
1982 4805 2112 4859 Job?

595 4903 690 4960 per
722 4892 880 4953 diem,
919 4906 982 4942 an
1007 4906 1100 4957 per
1123 4893 1362 4944 noctem?
1401 4893 1456 4946 Si
1483 4893 1533 4944 in
1564 4895 1647 4946 die
1671 4905 1825 4948 natus
1853 4911 1932 4957 es,
1967 4906 2120 4950 nocte

606 4982 731 5051 quid
762 4980 1046 5032 irasceris?
1092 4980 1194 5032 Sed
1221 4982 1262 5033 si
1297 4983 1348 5034 in
1384 4994 1536 5036 nocte
1565 4993 1720 5037 natus
1751 5001 1827 5047 cs,
1859 4987 1996 5038 diem
2027 5003 2121 5040 cur

597 5069 913 5124 maledicis?
944 5069 1094 5121 Sicut
1126 5077 1298 5122 autem
1340 5081 1494 5126 mstas
1521 5083 1575 5127 et
1603 5075 1774 5129 hiems
1814 5077 1947 5129 idem
1979 5087 2120 5142 sunt,

595 5163 673 5216 sic
700 5171 754 5214 et
786 5174 889 5214 uox
917 5169 972 5212 et
996 5160 1107 5211 dies
1133 5175 1148 5222 ;
1173 5163 1309 5226 quod
1353 5162 1488 5213 enim
1515 5179 1609 5230 per
1644 5175 1877 5218 a-statcm
1917 5167 1991 5230 fit,
2025 5169 2122 5222 hoc

593 5248 935 5304 nihilominus
991 5262 1085 5315 per
1140 5248 1362 5301 hiemem
1434 5254 1762 5306 consumitur
1819 5272 1832 5307 :
1879 5266 1933 5309 et
1982 5259 2120 5324 quod

593 5340 767 5393 hieme
806 5336 1146 5406 superfuerit,
1178 5337 1275 5391 hoc
1303 5341 1484 5405 procul
1531 5341 1688 5395 dubio
1732 5355 1916 5398 aestate
1965 5347 2120 5400 semi-

590 5444 769 5494 natur,
810 5438 996 5482 zestate
1029 5428 1322 5492 laboratur,
1371 5431 1505 5484 sicut
1546 5432 1596 5483 in
1649 5434 1732 5487 die
1768 5450 1781 5485 :
1833 5436 2004 5489 hieme
2038 5451 2120 5489 re-

589 5519 899 5587 quiescitur,
941 5519 1079 5573 sicut
1125 5519 1176 5572 in
1235 5530 1412 5574 nocte.
1448 5521 1512 5574 Et
1541 5523 1710 5578 adhuc
1752 5527 1890 5578 sicut
1928 5540 2118 5593 corpus

659 5640 698 5667 ⁷¹
729 5638 826 5694 Job
856 5639 1014 5706 111,5.
1090 5638 1565 5706 "Jerem.xx,lrl.
1641 5641 1882 5696 τειιοοτ.

708 5638 826 5721 ἰοὶ)
856 5639 1014 5706 111,5.
1090 5638 1132 5668 τ’
1159 5636 1462 5709 Jerem.xx,
1483 5641 1565 5696 M.

593 5719 674 5761 Ill.
708 5719 761 5761 ο.

1979 5657 2050 5707 xu,
2095 5642 2184 5695 50.

2219 4541 2384 4607 ipsum
2413 4538 2724 4605 reprobatis,
2758 4543 2893 4606 quia
2931 4558 3036 4595 non
3065 4542 3425 4602 celebrandas,
3448 4537 3526 4590 sed
3549 4535 3698 4584 lamen-

2220 4629 2409 4681 tandus
2439 4638 2598 4694 atque
2622 4628 2927 4693 plorandus
2954 4641 3035 4684 est
3071 4633 3184 4685 dies
3202 4630 3422 4684 carnalis
3447 4616 3694 4678 nativitatis.

2219 4728 2395 4785 utpote
2429 4727 2696 4768 tantarum
2729 4722 3091 4775 tentationum
3134 4731 3290 4789 atque
3329 4719 3543 4772 dolorum
3575 4712 3695 4761 intru-

2216 4809 2364 4862 itus:
2402 4816 2455 4858 et
2501 4821 2604 4858 non
2650 4807 2830 4862 solum
2886 4829 2990 4865 non
3048 4812 3335 4866 celebravit
3381 4806 3600 4860 ulterius.
3630 4795 3694 4848 εθιί

2216 4898 2483 4952 maledixit
2531 4912 2593 4949 ac
2627 4898 2812 4964 perire
2854 4904 3062 4968 optavit
3103 4904 3280 4955 dicens
3317 4918 3329 4952 :
3364 4897 3531 4950 Pereat
3554 4892 3636 4941 die:
3657 4887 3693 4934 in

2211 5005 2311 5057 quo
2345 4998 2492 5039 natus
2527 5001 2657 5037 stmt.
2685 4986 2785 5051 Qui
2827 4991 2981 5044 dies?
3011 4992 3122 5057 llle,
3164 4991 3349 5056 inquit,
3382 4987 3460 5053 qui
3494 4982 3596 5032 olim
3623 4972 3693 5024 fuit

2219 5080 2475 5131 honestus
2517 5086 2570 5129 et
2601 5078 2812 5144 hilaris,
2845 5083 3070 5134 festivus
3095 5093 3146 5135 ct
3178 5081 3324 5133 huius
3348 5088 3492 5143 atque
3515 5061 3691 5134 splendi'

2219 5168 2335 5220 dus.
2369 5167 2464 5219 llic
2499 5182 2624 5234 ergo
2662 5181 2852 5234 pereat
2899 5173 3032 5225 dies.
3093 5172 3242 5225 Unde
3285 5163 3488 5237 pereat?
3527 5159 3586 5211 Ex
3627 5163 3690 5201 εο-

2216 5256 2507 5316 lemnitate.
2533 5272 2594 5310 ex
2634 5258 2838 5325 laetitia,
2887 5278 2947 5314 ex
2981 5262 3278 5329 splendore,
3305 5275 3366 5311 ex
3396 5253 3500 5308 istis
3530 5247 3684 5316 pereat.

2215 5358 2267 5400 et
2291 5364 2555 5412 nunquam
2583 5347 2633 5399 in
2667 5349 2748 5401 his
2781 5351 3111 5404 inveniatur.
3137 5351 3264 5403 Cum
3295 5349 3390 5399 hoc
3418 5350 3567 5396 autem
3607 5330 3682 5386 die,

2215 5437 2369 5487 etiam
2429 5453 2529 5490 nox
2593 5437 2677 5489 illa
2733 5452 2919 5506 pereat
2967 5442 3016 5494 in
3061 5457 3161 5506 qua
3212 5441 3399 5492 dictum
3450 5421 3682 5484 εειεΕοεε

2224 5527 2509 5580 masculus.
2557 5526 2680 5580 Ηωο
2728 5532 3003 5584 audientes
3042 5547 3160 5596 nos,
3202 5529 3371 5589 oviri,
3397 5537 3487 5576 non
3512 5510 3683 5585 gaudea-

2255 5640 2300 5672 “
2350 5640 2548 5696 «iorem.
2613 5659 2698 5706 xv.
2773 5646 2853 5696 ιτ.
2932 5647 2975 5678 τι
3011 5645 3193 5698 Matth.
3247 5636 3487 5705 XX\'1,59.
3547 5619 3676 5678 "to"J
