3916 6456
1351 437 1718 494 ANONYMUS
1755 437 1818 490 IN

1921 440 1989 492 iB.
2030 469 2098 480 —
2131 437 2256 493 LIB.
2297 437 2386 494 111.
3343 450 3445 506 518

581 529 986 627 Διιιιιῑςγὶιειιῆ,
1039 550 1142 604 sed
1189 552 1474 607 timeamus
1513 569 1540 606 a
1578 553 1821 622 plurimis
1851 559 1894 613 Α
1921 554 2168 608 omnibus
2187 555 2274 622 qui
2299 555 2712 610 delectationem
2745 555 3188 622 putantcarnales
3207 559 3442 627 delicias,

517 607 532 617 .
970 607 980 611 -
1579 607 1594 622 .
1851 607 1894 613 --
2205 607 2217 622 .
2747 607 2793 622 τν
2828 607 2929 609 τίη
2960 607 2989 608 ρ
3213 607 3442 627 "um.-.

94 616 254 719 ᾧ
307 607 554 719 ATT-‘1‘.
581 619 1090 719 mutationibus,
1146 643 1238 695 sed
1286 658 1564 710 paveamus
1600 659 1626 694 a
1663 643 1819 695 terri-
1917 644 2162 698 omnibus
2208 643 2296 711 qui
2330 645 2581 714 voluptati
2629 660 2692 698 ac
2729 646 2898 698 ventri
2941 647 3244 699 deserviunt
3289 665 3447 719 super

139 691 146 695 .
201 691 226 696 -
419 691 432 702 .
541 698 554 711 ,
1046 691 1090 703 κ.
1286 691 1562 710 τ--ν-ην--τ
1603 691 1625 694 --
1921 691 2160 698 ν---ηνμ-
2211 691 2296 711 τπ-
2341 691 2446 698 mu
2630 691 2691 698 —-
2944 691 3243 699 μνη-η--η
3289 691 3348 703 νυ
3388 691 3437 706 υ-

98 691 513 817 ὶῖἒίζίῖριςῖιιιῖ
537 717 608 801 tn
648 707 810 767 illud
840 718 1291 796 incorruptibile
1318 733 1584 795 saeculum,
1607 733 1693 784 ubi
1718 734 1818 786 erit
1919 738 2148 793 terram;
2197 691 2591 785 omnibusristis
2619 733 2879 785 obscurus
2927 731 3204 796 efﬁciatur,
3244 691 3444 802 quiarin

130 772 158 780 Η
236 772 278 786 Γ
357 781 376 794 '
537 791 552 801 .
921 772 1014 777 -ν-
1035 772 1047 779 _
1067 772 1291 796 "rum",
1318 772 1584 795 “unum”,
1609 772 1693 784 ’.ω
1719 772 1818 786 νη,
1920 772 2110 782 wn..."
2134 772 2148 793 ,
2199 772 2444 783 ν.......,....
2477 772 2591 785 ..η-υ
2621 772 2879 785 vuum-um
2927 772 3204 796 v---w----s
3244 772 3366 802 Ἱυηι
3394 772 3444 792 ιιι

109 772 420 901 ῗὲζὲκφυο
448 796 515 840 et
541 801 878 865 inquisitio
914 818 1174 870 omnium
1198 834 1414 885 operum
1445 831 1602 888 atque
1634 823 1816 878 verbo.
1916 819 2147 873 tenebris
2176 821 2476 886 prodibunt,
2509 822 2630 888 quia
2673 822 2723 874 in
2761 823 2999 874 tenebras
3021 822 3191 885 ibunt,
3219 826 3334 890 quia
3369 837 3445 880 te-

165 869 172 876 .
230 867 256 878 ν
1205 867 1414 885 νην-η-
1447 867 1602 888 η-ηιν
1644 867 1789 878 -ν-.-ν
1920 867 2144 873 mm---
2176 867 2476 886 τ---η---νι
2513 867 2630 888 -ι----
2761 867 2997 874 nam“
3219 867 3334 890 τ--υ
3369 867 3429 880 -νκ

115 867 224 987 ’ἒξ
303 887 694 984 nostrorum.
741 895 1313 971 Animadvertamus,
1358 924 1390 963 ο
1417 911 1674 973 homines,
1705 927 1818 978 quae
1916 908 2093 961 nebrze
2121 917 2401 975 contegent
2431 924 2618 962 nomen
2644 925 2844 964 eorum.
2875 909 2991 961 Dies
3016 911 3102 962 ille
3129 912 3196 962 sit
3229 913 3283 963 in
3307 923 3445 965 tene-

139 973 502 1073 utatio
527 975 686 1034 facta
715 997 812 1040 est
845 989 908 1044 in
939 993 1271 1050 hominibus.
1294 997 1421 1050 Nam
1452 998 1654 1064 priores
1677 1000 1815 1052 diem
1917 996 2020 1048 bris
2051 995 2114 1048 ⁷⁸.
2148 995 2234 1050 Ille
2278 999 2330 1048 in
2366 1013 2470 1065 quo
2506 997 2762 1066 malignus
2801 1008 2959 1065 atque
3001 1001 3313 1052 tenebrosus
3337 1001 3449 1054 dia-

176 1065 512 1149 ;;\.\4itatis
559 1071 952 1138 celebrabant
1014 1103 1175 1139 unam
1220 1089 1379 1140 vitam
1423 1089 1720 1156 diligentes,
1767 1098 1818 1142 et

210 1173 384 1230 εςησι
414 1171 543 1227 post
567 1163 725 1219 banc
755 1184 875 1224 non
919 1188 1226 1238 sperantes.
1256 1176 1404 1229 Nunc
1440 1193 1564 1229 vero
1592 1193 1687 1230 nos
1717 1193 1815 1230 non

232 1251 533 1315 “usitatis
555 1255 703 1309 diem
739 1261 1119 1327 celebramus,
1148 1280 1266 1318 cum
1297 1266 1364 1318 sit
1398 1267 1630 1319 dolorum
1663 1276 1819 1334 atque

262 1345 600 1400 \emationum
638 1347 936 1418 introitus,
957 1354 1052 1406 sed
1088 1357 1272 1408 mortis
1298 1356 1434 1408 diem
1469 1355 1814 1420 celebramus,

259 1447 439 1504 utpote
474 1438 720 1490 omnium
761 1440 1019 1495 dolorum
1084 1443 1462 1508 depositionem
1504 1456 1664 1513 atque
1700 1461 1816 1498 om-

257 1530 409 1581 nium
441 1529 803 1582 tentationum
836 1531 1244 1601 effugationem.
1289 1517 1436 1586 Diem
1461 1535 1646 1588 mortis
1684 1535 1818 1589 cele-

242 1616 502 1678 bramus,
532 1619 660 1685 quia
691 1634 801 1671 non
835 1622 1141 1673 moriuntur
1186 1622 1234 1674 hi
1266 1623 1352 1688 qui
1380 1623 1511 1674 mori
1544 1623 1814 1688 videntur;

240 1716 540 1773 propterea
577 1717 634 1759 et
663 1710 963 1762 memorias
1009 1721 1317 1764 sanctorum
1349 1711 1595 1775 facimus,
1622 1721 1673 1765 et
1723 1728 1819 1781 pa-

227 1804 471 1848 rentum
526 1807 871 1861 nostrorum,
902 1799 982 1851 vel
1032 1801 1322 1853 amicorum
1372 1803 1421 1853 in
1456 1803 1555 1855 ﬁde
1587 1804 1816 1857 morien-

1916 1083 2071 1135 bolus
2097 1099 2245 1136 suam
2289 1083 2509 1151 perfecit
2553 1085 2892 1137 voluntatem.
2926 1085 3054 1138 Nam
3101 1095 3154 1139 et
3183 1102 3307 1140 vere
3348 1089 3448 1141 nisi

1918 1172 2142 1238 primum
2171 1173 2535 1226 obscuraverit
2568 1173 2807 1226 diabolus
2837 1177 2993 1226 corda
3029 1175 3319 1242 hominum,
3347 1177 3448 1232 nisi

1917 1260 2141 1326 primum
2200 1262 2542 1316 infuscaverit
2602 1263 2806 1314 animas
2852 1277 3075 1328 eorum,
3153 1265 3252 1316 nisi
3306 1266 3449 1333 prius

1915 1349 2230 1404 oblivionem
2262 1352 2462 1404 dederit
2492 1351 2695 1405 timoris
2721 1353 2808 1404 Dei
2838 1363 2993 1419 atque
3032 1355 3341 1407 terribilium
3361 1356 3449 1422 ju-

1917 1439 2170 1492 diciorum
2211 1440 2342 1508 ejus,
2377 1456 2476 1493 non
2510 1442 2690 1508 utique
2717 1443 2910 1494 valebit
2942 1459 3172 1510 unquam
3208 1457 3450 1510 peccato-

1918 1541 2032 1579 rum
2062 1544 2244 1582 semen
2272 1531 2534 1582 semiuare
2561 1531 2610 1581 in
2645 1531 2891 1583 cordibus
2923 1547 3124 1584 eorum.
3171 1534 3450 1600 Postquam

1917 1630 2042 1669 vero
2071 1618 2437 1670 obscuraverit
2473 1620 2726 1679 animam,
2757 1629 2808 1672 et
2845 1636 2870 1670 a
2900 1623 2999 1673 Deo
3031 1624 3301 1686 averterit,
3329 1633 3452 1677 tunc

1917 1706 2119 1758 scilicet
2157 1708 2222 1759 ad
2257 1708 2433 1760 omnia
2463 1709 2621 1770 mala,
2676 1711 2740 1761 ad
2797 1711 3198 1778 impudicitiam,
3226 1714 3290 1764 ad
3331 1712 3450 1765 inﬁ-

1917 1793 2182 1848 delitatem
2216 1805 2372 1864 atque
2401 1798 2463 1848 ad
2489 1799 2666 1852 Omnia
2695 1801 2874 1852 carnis
2905 1800 3164 1852 desideria
3202 1809 3450 1869 tauquam

225 1884 391 1937 tium
435 1885 631 1938 devote
663 1888 985 1939 memoriam
1020 1888 1245 1954 agimus,
1292 1899 1394 1942 tam
1425 1891 1638 1946 illorum
1668 1896 1818 1948 refri-

1921 1897 2009 1936 eos
2045 1887 2132 1951 qui
2183 1886 2232 1937 in
2297 1888 2524 1939 tenebris
2576 1897 2698 1939 sunt
2776 1888 2928 1940 facile
2987 1891 3267 1942 convertit.
3337 1891 3456 1945 Istis

214 1977 411 2040 ger-io
445 1975 754 2043 gaudentes
799 1993 957 2044 quam
994 1977 1153 2030 etiam
1199 1979 1352 2031 nobis
1392 1983 1528 2047 piam
1575 1998 1820 2038 consum-

214 2065 550 2118 mationem
576 2065 630 2118 in
670 2065 778 2117 ﬁde
803 2066 1150 2133 postulantes.
1193 2066 1281 2120 Sic
1319 2068 1498 2131 itaque
1539 2086 1640 2124 non
1683 2075 1818 2128 diem

205 2154 562 2208 nativitatis
597 2155 962 2217 celebramus,
1001 2158 1128 2223 quia
1174 2156 1223 2208 in
1286 2169 1536 2225 perpetuo
1566 2161 1742 2216 vivent
1783 2163 1818 2216 ii

200 2243 318 2312 qui
366 2244 714 2300 moriuntur.
744 2243 1088 2297 Celebramus
1125 2245 1374 2300 nimirum
1412 2247 1684 2315 religiosos
1701 2268 1817 2306 cum

198 2331 638 2387 sacerdotibus
694 2344 1079 2399 convocantcs,
1131 2335 1313 2389 ﬁdeles
1347 2353 1450 2389 una
1502 2353 1620 2392 eum
1656 2342 1818 2406 clero,

198 2421 554 2476 invitantes
605 2422 785 2476 adlmc
832 2436 1032 2490 egenos
1085 2435 1138 2477 et
1187 2439 1468 2492 pauperes,
1515 2429 1740 2496 pupillos
1768 2442 1821 2484 et

199 2513 442 2566 viduas
472 2522 818 2574 saturantes,
872 2522 927 2564 ut
960 2514 1051 2564 fiat
1094 2512 1360 2568 festivitas
1412 2527 1589 2568 nostra
1627 2519 1677 2570 in
1711 2534 1820 2573 me-

200 2605 485 2655 moriam
523 2603 738 2670 requiei
790 2603 1058 2655 defunctis
1091 2603 1394 2668 animabus,
1442 2621 1670 2673 quarum
1705 2623 1818 2662 me-

197 2692 481 2745 ssoriam
514 2691 883 2754 celebramus,
917 2690 1065 2743 nobis
1103 2700 1284 2745 autem
1315 2693 1577 2747 efﬁciatur
1615 2696 1665 2765 in
1695 2697 1821 2751 odo-

196 2795 348 2834 rem
395 2781 698 2835 suavitatis
749 2782 804 2833 in
859 2791 1146 2848 conspectu
1186 2785 1369 2835 aeterni
1425 2783 1538 2837 Dei.
1603 2785 1722 2840 llaec
1749 2788 1822 2840 vi-

197 2871 447 2925 delicet
481 2871 758 2931 diximus,
790 2871 914 2937 quia
945 2872 1085 2924 diem
1117 2873 1413 2924 nativitatis
1453 2885 1670 2940 propter
1705 2876 1821 2931 illos

198 2960 318 3028 qui
383 2961 510 3014 sine
564 2975 666 3028 spe
722 2969 849 3013 sunt
885 2961 1164 3013 maledixit
1215 2961 1311 3014 Job
1375 2962 1556 3016 dicens
1591 2980 1604 3015 :
1637 2962 1819 3018 Pereat

199 3050 346 3105 ’ἕω
379 3048 473 3103 ille
503 3051 558 3102 in
581 3066 687 3118 quo
711 3061 865 3101 natus
894 3066 1030 3111 sum,
1077 3059 1122 3102 et
1156 3066 1257 3101 nox
1286 3051 1375 3102 illa
1405 3053 1457 3103 in
1491 3069 1592 3120 qua
1629 3055 1818 3107 dictum

201 3151 296 3191 est
334 3153 362 3190 :
392 3138 535 3192 Ecce
572 3139 866 3191 masculus.
900 3137 1062 3191 Paulo
1095 3149 1212 3204 post
1263 3139 1513 3194 incedens
1556 3143 1682 3196 dicit
1714 3161 1726 3196 :
1753 3143 1818 3196 Et

206 3245 346 3281 nox
387 3228 484 3279 illa
533 3229 607 3280 sit
662 3229 718 3280 in
763 3228 948 3280 dolore
977 3229 1041 3280 ⁷⁷.
1082 3228 1321 3282 Ostendit
1373 3245 1496 3284 vero
1531 3233 1650 3298 quia
1695 3233 1819 3286 nulli

206 3317 534 3371 maledixit
572 3331 673 3385 per
711 3317 814 3369 hoc
843 3316 984 3384 quod
1011 3317 1108 3379 ait,
1150 3327 1198 3370 et
1225 3334 1324 3370 nox
1347 3319 1435 3372 illa
1457 3321 1520 3373 sit
1550 3323 1602 3372 in
1630 3323 1819 3376 dolore.

207 3406 378 3472 Quis
414 3408 569 3460 enim
621 3407 786 3459 dolor
813 3408 918 3459 erit
946 3407 1131 3460 nocti?
1153 3407 1354 3462 Nullus.
1393 3409 1522 3462 Nam
1550 3427 1648 3464 nox
1687 3413 1821 3479 apud

208 3498 604 3564 semetipsam
630 3505 798 3563 atque
831 3496 884 3548 in
917 3496 1222 3563 semetipsa,
1272 3513 1443 3566 neque
1470 3515 1590 3553 cum
1621 3502 1820 3568 dolore,

209 3603 426 3656 neque
453 3589 578 3641 sine
609 3586 805 3640 dolore
833 3600 952 3639 esse
980 3595 1172 3652 potest.
1207 3586 1336 3640 Nam
1375 3589 1508 3641 sicut
1539 3606 1641 3644 non
1669 3591 1824 3645 habet

209 3687 528 3742 naturam,
563 3690 750 3745 neque
795 3675 1169 3737 substantiam,
1211 3677 1282 3729 ita
1325 3692 1422 3731 nec
1445 3679 1702 3741 dolorem,
1731 3695 1822 3734 ne-

211 3783 346 3836 que
389 3768 613 3831 vulnus,
657 3781 837 3832 neque
891 3764 1196 3832 passionem
1238 3765 1395 3818 habet
1439 3767 1490 3818 in
1515 3770 1816 3836 semetipsa,

212 3873 425 3927 neque
459 3859 607 3918 dies.
663 3870 842 3923 neque
873 3869 998 3908 nox.
1053 3853 1175 3908 [ltec
1221 3855 1400 3922 itaque
1427 3857 1600 3910 sciens
1640 3859 1822 3914 beatus

213 3947 343 4003 Job
382 3948 668 4001 miseriam
698 3943 994 4004 ventilans,
1016 3951 1069 3995 et
1097 3943 1329 3996 dolorem
1361 3944 1578 4007 deflens,
1598 3947 1674 4000 eis
1705 3963 1822 4015 quae

218 4051 353 4092 non
391 4046 521 4092 sunt
566 4035 856 4089 maledixit
888 4043 1051 4101 atque
1082 4033 1316 4086 dolorem
1355 4035 1574 4102 Optavit,
1602 4037 1816 4090 dicens:

221 4127 440 4181 Pereat
471 4127 568 4179 ille
596 4126 712 4177 dies
739 4124 794 4176 in
830 4139 931 4190 quo
961 4133 1114 4174 natus
1152 4139 1285 4182 sum,
1330 4132 1378 4176 et
1407 4139 1508 4176 nos:
1529 4124 1619 4176 illa
1648 4126 1699 4176 in
1719 4141 1820 4192 qua

222 4215 449 4266 actum
489 4223 570 4268 est
609 4229 629 4266 :
665 4209 804 4263 Ecce
829 4211 1118 4262 masculus.
1175 4210 1390 4274 Quare?
1419 4211 1540 4277 quia
1579 4214 1819 4266 tenebro-

224 4317 430 4357 sorum
461 4303 722 4357 dolorum
755 4300 884 4352 mihi
917 4300 1210 4367 auspicium
1236 4310 1316 4354 est
1357 4301 1546 4362 factus,
1578 4301 1700 4368 quia
1727 4303 1820 4354 ob-

226 4393 708 4446 scurissimorum
746 4390 1130 4457 suppliciorum
1159 4391 1284 4442 mihi
1313 4391 1516 4442 exstitit
1548 4391 1814 4456 introitus,

228 4484 378 4551 quia
432 4498 564 4537 cum
615 4497 675 4534 re
725 4479 979 4532 familiari
1031 4489 1191 4545 atque
1244 4479 1468 4531 ﬁliorum
1526 4480 1891 4572 perditioueD

230 4575 412 4627 etiam
430 4574 646 4626 amicos
678 4571 731 4622 in
761 4569 1006 4621 inimicos
1027 4567 1314 4627 convertit,
1342 4576 1391 4620 et
1421 4583 1613 4635 corpus
1642 4584 1814 4621 meum

231 4665 533 4718 vermibus
562 4659 930 4725 consumpsit,
955 4667 1011 4710 et
1049 4658 1403 4709 membrorum
1431 4671 1664 4710 meorum
1694 4671 1816 4710 ner-

231 4756 353 4806 vds
378 4755 615 4807 humore
646 4748 889 4801 vulneris
941 4745 1231 4814 liquefecit.
1271 4744 1372 4798 Pro
1420 4745 1502 4797 his
1536 4761 1662 4814 ergo
1700 4761 1818 4799 om-

233 4845 414 4897 nibus
442 4844 567 4896 dies
617 4839 711 4894 illa
751 4839 822 4891 sit
861 4838 913 4890 iu
947 4835 1200 4899 tenebris,
1227 4844 1283 4888 et
1343 4845 1590 4901 tanquam
1635 4850 1820 4889 errans

232 4936 560 4988 circumeat
614 4932 670 4983 in
723 4927 982 4989 tenebris,
1023 4936 1076 4979 et
1121 4940 1304 4978 rursus
1345 4925 1410 4977 ad
1438 4937 1519 4976 me
1543 4938 1817 4978 accessum

228 5039 362 5077 non
396 5021 676 5082 inveniat,
735 5030 910 5085 neque
963 5015 1386 5082 appropinquare
1432 5013 1624 5074 valeat,
1656 5027 1824 5080 neque

217 5112 481 5168 vulnera
518 5107 964 5164 mea-identidem
998 5113 1233 5166 renovet,
1269 5116 1440 5168 neque
1474 5101 1684 5169 maligni
1709 5103 1823 5154 dia-

194 5197 343 5258 ιιοιε
372 5202 570 5257 zelum
602 5197 784 5250 denuo
828 5195 957 5248 mihi
989 5193 1377 5246 subministret.
1429 5190 1506 5244 0b
1557 5190 1658 5242 hoc
1695 5205 1820 5260 ergo

184 5287 356 5349 dies
386 5291 486 5346 ille
518 5288 598 5342 sit
630 5287 688 5338 in
717 5284 972 5347 tenebris,
1006 5283 1118 5336 dies
1153 5281 1240 5333 ille
1265 5281 1354 5348 qui
1389 5279 1640 5346 plurimos
1673 5280 1822 5333 delu-

174 5375 332 5445 siit~
365 5380 472 5452 qui
513 5376 787 5445 plurimos
816 5373 1045 5432 seducit,
1077 5370 1166 5438 qui
1208 5369 1452 5438 plurimis
1484 5376 1711 5420 :cternas
1747 5378 1825 5424 te-

1917 1987 2042 2040 ergo
2075 1975 2264 2028 talibus
2290 1976 2514 2030 eflicitur
2551 1978 2662 2030 dies
2717 1977 2824 2041 illa,
2883 1979 2980 2031 hoc
3007 1989 3086 2030 est
3117 1980 3228 2032 dies
3261 1981 3454 2033 nativi-

1921 2061 2067 2126 tatis,
2096 2064 2205 2115 dies
2236 2066 2592 2118 tenebrarum.
2619 2066 2681 2119 Et
2705 2083 2808 2120 non
2835 2067 3000 2120 solum
3029 2068 3140 2120 dies
3165 2069 3456 2123 nativitatis

1930 2152 2156 2204 tenebra:
2207 2153 2309 2206 illis
2357 2154 2673 2218 efﬁciuntur,
2726 2157 2817 2208 sed
2876 2157 3088 2222 insuper
3127 2159 3297 2210 adhuc
3343 2160 3457 2213 dies

1924 2243 2108 2295 mortis
2132 2245 2447 2296 aeternarum
2480 2246 2811 2298 tenebrarum
2832 2247 3076 2300 introitus
3097 2247 3316 2300 efﬁcitur
3335 2248 3452 2302 illis.

1931 2329 2054 2384 Dies
2087 2333 2225 2385 enim
2263 2335 2575 2388 tenebrosus
2621 2336 2969 2390 circumdabit
3013 2338 3108 2391 hos
3157 2338 3302 2390 tales.
3338 2337 3456 2392 lla-c

1918 2435 2143 2488 namque
2177 2423 2418 2476 universa
2449 2426 2757 2491 signiﬁcans
2808 2427 2936 2479 dicit
2976 2445 2988 2480 :
3026 2427 3145 2479 Dies
3176 2427 3265 2478 illa
3290 2429 3355 2478 sit
3405 2429 3458 2479 in

1919 2511 2155 2562 tenebris.
2186 2511 2306 2564 Dies
2345 2513 2649 2580 impiorum,
2687 2515 2797 2567 dies
2827 2515 3138 2578 inﬁdelium,
3165 2516 3276 2568 dies
3306 2515 3458 2569 lasci-

1918 2614 2124 2662 vorum,
2157 2599 2568 2667 impudicorum,
2595 2618 2776 2657 eorum
2811 2604 2900 2670 qui
2932 2619 3100 2671 neque
3130 2605 3181 2656 in
3207 2605 3292 2658 die
3319 2605 3457 2656 nati-

1931 2687 2110 2740 vitatis
2157 2689 2404 2756 pietatem
2439 2693 2763 2756 custodiunt,
2817 2709 2986 2760 neque
3036 2693 3086 2746 in
3135 2695 3220 2746 die
3272 2695 3458 2747 mortis

1919 2778 2284 2843 paenitentiam
2315 2781 2754 2834 ostendunt.lstis
2770 2795 2894 2849 ergo
2919 2781 3114 2834 talibus
3144 2783 3256 2835 dies
3284 2781 3370 2836 ille
3391 2783 3458 2836 sit

1921 2866 1972 2919 in
2005 2869 2271 2932 tenebris,
2303 2870 2425 2936 quia
2459 2870 2508 2922 in
2537 2880 2646 2925 tota
2679 2873 2783 2923 vita
2819 2885 2912 2924 sua
2951 2881 3194 2938 tauquam
3229 2872 3280 2924 in
3314 2881 3459 2925 tene-

1920 2955 2030 3008 bris
2055 2957 2347 3020 ambulant,
2397 2959 2488 3026 qui
2519 2959 2731 3026 palpant
2752 2960 2896 3012 velut
2921 2974 3090 3012 czecus
3115 2963 3254 3014 circa
3283 2961 3459 3028 parie-

1921 3052 2046 3097 tem.
2074 3045 2240 3099 Justis
2273 3057 2448 3100 autem
2479 3048 2562 3100 lux
2592 3059 2674 3102 est
2712 3064 2920 3116 semper
2945 3050 2996 3101 in
3033 3051 3117 3103 die
3140 3051 3456 3114 nativitatis,

1922 3135 2058 3188 sicut
2088 3135 2329 3190 Jeremiae
2365 3147 2414 3190 et
2455 3139 2694 3192 omnibus
2720 3141 2938 3193 sanctis.
2967 3139 3032 3192 Et
3059 3139 3109 3191 in
3142 3139 3226 3193 die
3251 3141 3458 3203 mortis,

1925 3225 2059 3278 sicut
2097 3224 2294 3278 Lazaro
2323 3227 2410 3292 qui
2448 3228 2750 3295 deportatus
2777 3235 2857 3280 est
2886 3229 2951 3278 ab
2974 3227 3174 3296 angelis
3206 3227 3256 3278 in
3284 3228 3458 3281 sinum

1920 3311 2165 3376 Abrabze,
2215 3313 2362 3369 Isaac
2420 3325 2474 3368 et.
2524 3315 2719 3377 Jacob,
2778 3317 2828 3369 in
2877 3317 3070 3370 saecula
3121 3317 3456 3372 saeculorum.

1919 3402 2109 3456 Amen.
2140 3405 2254 3457 Dies
2281 3405 2368 3457 ille
2396 3406 2460 3458 sit
2493 3406 2545 3458 in
2579 3407 2816 3469 tenebris,
2851 3416 2896 3459 et
2921 3423 3022 3459 non
3051 3410 3276 3475 requirat
3314 3407 3460 3460 illum

1923 3491 2173 3546 Dominus
2210 3497 2430 3562 desuper
2458 3496 2520 3546 ".
2571 3493 2855 3549 ldentidem
2906 3497 2969 3548 ad
3027 3497 3201 3565 priora
3248 3511 3306 3549 se
3336 3512 3462 3549 con-

1919 3586 2096 3647 vertit,
2122 3601 2223 3636 non
2276 3586 2503 3652 inquirat
2557 3585 2704 3637 illum
2752 3583 3024 3649 Dominus,
3079 3601 3144 3639 ne
3177 3587 3460 3654 inquisitus

1921 3673 2108 3726 iterum
2141 3675 2206 3726 ad
2239 3689 2322 3726 me
2351 3675 2645 3741 perveniat,
2674 3690 2740 3727 ne
2766 3675 3010 3728 inventus
3054 3676 3338 3730 identidem
3375 3693 3458 3732 me

1921 3761 2178 3816 inveniat.
2219 3762 2330 3816 Non
2366 3762 2599 3831 inquirat
2627 3763 2770 3816 illum
2807 3763 3056 3818 Dominus
3086 3765 3336 3832 desuper,
3357 3781 3458 3820 non

1921 3853 2248 3913 recordetur,
2281 3869 2381 3905 non
2422 3863 2648 3921 reputet.
2694 3853 2804 3906 Non
2835 3854 2974 3906 enim
3022 3864 3102 3907 est
3143 3855 3463 3922 dignus,ne-

1920 3954 2022 4006 que
2051 3941 2162 4006 ipse
2192 3943 2327 4002 dies,
2355 3957 2522 4008 neque
2552 3943 2638 3996 ille
2668 3943 2758 4010 qui
2795 3943 2844 3995 in
2877 3943 2992 4009 ipso
3017 3945 3101 3996 die
3132 3946 3408 3998 amarissiu
3430 3959 3460 3998 a

1921 4030 2049 4082 mihi
2081 4031 2298 4098 ingessit
2332 4041 2639 4087 tormenta-
2660 4031 2807 4084 Diem
2839 4033 3137 4086 nativitatis
3183 4046 3460 4095 memorat,

1919 4127 1970 4171 et
2022 4119 2437 4173 lamentabilium
2514 4119 2886 4187 suppliciorum
2964 4122 3099 4174 diem
3177 4123 3459 4188 signiﬁcat,

1919 4208 2159 4274 quinimo
2212 4208 2324 4276 ipsa
2381 4208 2674 4276 supplicia,
2717 4209 2798 4261 vel
2844 4210 3014 4276 potius
3071 4210 3335 4262 diabolum
3371 4213 3458 4276 qui

1918 4296 2144 4362 ingessit
2199 4313 2282 4360 ea,
2315 4313 2470 4365 quem
2530 4299 2595 4351 de
2639 4299 3005 4366 superioribus
3050 4301 3324 4352 cadentem
3357 4315 3460 4354 non

1919 4387 2149 4452 requiret
2203 4388 2453 4442 Dominus
2483 4404 2734 4456 unquam.
2795 4387 2916 4441 Non
2948 4391 3176 4455 requirat
3213 4406 3327 4442 eum
3366 4389 3466 4443 Do-

1919 4476 2084 4527 minus
2114 4476 2348 4543 desuper.
2387 4478 2521 4543 Quid
2556 4478 2689 4532 dicis
2713 4517 2727 4540 ,
2767 4493 2798 4531 o
2822 4480 2970 4531 beate
3008 4476 3142 4531 Job?
3169 4479 3306 4546 Ergo
3329 4481 3462 4535 alios

1922 4563 2032 4615 dies
2067 4565 2313 4631 inquiret,
2367 4576 2422 4618 ut
2453 4569 2518 4620 de
2561 4571 2660 4620 isto
2687 4569 2798 4621 solo
2837 4569 2984 4622 dicas
3025 4569 3168 4620 velut
3225 4570 3463 4622 intermi-

1922 4668 2098 4706 nans:
2141 4655 2262 4708 Non
2318 4657 2541 4723 inquirat
2577 4658 2721 4709 illum
2775 4657 3024 4711 Dominus
3069 4661 3322 4724 desuper?
3353 4660 3464 4714 Uti-

1924 4758 2048 4810 que.
2106 4744 2195 4806 ait.
2243 4759 2428 4798 omnes
2479 4745 2594 4798 dies
2652 4745 2824 4798 saeculi
2880 4747 3233 4815 iuquireutur,
3284 4748 3461 4801 omnia

1926 4842 2179 4898 tempora,
2213 4843 2266 4885 et
2311 4845 2574 4887 momenta
2627 4844 2787 4902 atque
2823 4837 3011 4889 saecula
3046 4837 3384 4903 requirentur
3411 4846 3464 4889 et

1924 4924 2279 4990 producentur
2313 4941 2326 4976 :
2367 4925 2614 4976 nimirum
2657 4941 2757 4977 non
2794 4928 2906 4980 dies
2959 4927 3134 4980 surculi
3187 4928 3275 4994 qui
3313 4938 3464 4978 natu-

1926 5026 2036 5063 ram
2065 5025 2165 5063 non
2217 5011 2408 5064 habent
2456 5027 2623 5080 neque
2669 5015 3038 5078 substantiam,
3072 5018 3163 5068 sed
3213 5017 3372 5067 verba
3413 5027 3466 5066 et

1926 5100 2060 5152 facta
2090 5113 2206 5166 qua:
2243 5100 2295 5153 in
2349 5101 2452 5153 illis
2487 5101 2671 5156 diebus
2719 5113 2839 5156 sunt
2870 5113 3012 5172 gesta
3060 5103 3140 5155 vel
3168 5102 3330 5162 dicta,
3375 5104 3465 5154 sed

1926 5189 2270 5256 cogitationes
2297 5201 2350 5243 et
2369 5191 2587 5244 consilia
2612 5201 2768 5259 atque
2799 5203 3075 5253 tractatus,
3105 5191 3194 5258 qui
3238 5191 3292 5242 in
3322 5189 3465 5242 omni

1925 5286 2161 5346 tempore
2188 5281 2268 5332 vel
2305 5291 2569 5334 momento
2597 5282 2748 5348 hujus
2777 5282 2954 5335 saeculi
2989 5275 3193 5332 tractati
3234 5286 3362 5328 sunt
3387 5283 3470 5325 at-

1925 5383 2028 5436 que
2051 5370 2288 5437 cogitati.
2309 5369 2430 5424 Haec
2459 5370 2618 5436 igitur
2648 5375 2822 5423 omnia
2845 5372 2895 5422 in
2923 5367 3172 5421 omnibus
3200 5363 3474 5427 gentibus,

1927 5469 1979 5512 et
2003 5460 2053 5512 in
2085 5462 2234 5514 omni
2281 5461 2456 5530 lingua
2481 5461 2728 5529 inquisita
2764 5462 2813 5513 in
2839 5459 3042 5528 judicio
3069 5449 3483 5504 ωειιὶίίεεῑευιιυτ

164 5464 448 5529 ηειξιηε
497 5471 788 5537 procurat.
816 5460 1072 5514 Omnibus
1098 5459 1203 5514 illis
1235 5459 1324 5526 qui
1364 5456 1631 5512 carnalem
1660 5457 1822 5514 vitam
1927 5469 1979 5512 et
2003 5460 2053 5512 in
2085 5462 2234 5514 omni
2281 5461 2456 5530 lingua
2481 5461 2728 5529 inquisita
2764 5462 2813 5513 in
2839 5459 3042 5528 judicio
3069 5456 3481 5544 matllfeslfutlul:

1929 5550 1981 5603 in
2017 5559 2251 5619 tempore
2276 5551 2652 5619 inquisitionis.
2707 5550 2818 5604 Non
2850 5547 2994 5600 enim
3029 5541 3280 5594 mentitur
3315 5546 3366 5584 ts
3395 5541 3487 5597 qui

153 5565 637 5624 (ttltcsierunt,
698 5551 944 5621 spiritalis
998 5564 1125 5604 vero
1182 5560 1442 5602 memores
1501 5561 1602 5599 non
1662 5558 1820 5612 sunt;

371 5737 407 5766 ⁷⁷
431 5733 540 5788 Job
573 5743 664 5789 ιιι,
699 5727 749 5780 5.
825 5725 866 5755 ⁷⁸
897 5724 1019 5780 ibid.
1042 5723 1090 5777 4.
1118 5723 1158 5756 ⁷³
1189 5723 1311 5778 ibid-
