3916 6440
617 422 716 479 519

1657 411 2028 469 ANONYMUS
2065 412 2131 466 IN
2167 412 2302 468 JOB.
2342 444 2407 453 —
2441 413 2566 466 LIB.
2605 409 2696 469 111.
3663 414 3743 472 5Ξο

614 541 724 593 sit:
755 536 950 589 Memor
977 548 1090 586 sum
1119 548 1179 586 ea
1206 547 1324 600 qua:
1349 547 1377 586 a
1405 532 1594 586 sacculo
1618 543 1742 586 sunt
1779 533 2133 596 dinumerare,
2161 538 2206 593 Α
2233 535 2458 586 ctionem
2479 532 2708 597 Domini,
2728 531 2824 584 sed
2855 545 2965 585 non
2992 527 3182 581 veniat
3208 525 3443 580 inlueem
3468 527 3742 599 vultusejtts,

614 642 712 680 non
747 625 912 678 solum
950 631 1182 688 tempora
1209 631 1263 674 et
1300 632 1586 684 momenta,
1617 632 1671 675 et
1702 622 1835 683 dies,
1872 633 1924 674 et
1953 638 2138 688 annos,

609 716 697 769 sed
722 714 847 781 quin
906 712 1079 780 potius
1105 712 1339 763 omnium
1376 711 1646 763 hominum
1685 711 1860 763 cordis
1913 713 2138 777 occulta,

599 803 744 870 juxta
767 804 866 854 hoc
884 802 1020 869 quod
1045 801 1244 853 dictum
1271 808 1350 853 est
1381 818 1394 852 :
1415 799 1515 864 Qui
1533 799 1678 866 ﬁngit
1701 799 1965 866 sigillatim
1984 803 2138 854 corda

600 907 796 952 eorum,
819 891 907 959 qui
935 890 1172 958 intelligit
1205 893 1374 943 omnia
1405 906 1556 954 Opera
1583 905 1758 942 eorum
1784 890 1847 941 ⁸ο.
1878 890 1942 942 Et
1965 892 2136 944 adhuc

599 979 723 1032 alibi
759 994 772 1030 :
803 978 919 1046 Ipse
948 992 1118 1032 autem
1162 983 1298 1032 novit
1323 981 1522 1033 occulta
1547 982 1715 1033 cordis
1753 978 1822 1034 θί.
1857 981 2137 1049 Apostolus

605 1082 731 1122 vero
784 1070 869 1123 his
921 1079 1271 1122 consonanter
1312 1069 1437 1122 dicit
1470 1086 1482 1121 :
1527 1070 1591 1123 In
1628 1071 1712 1124 die
1745 1088 1846 1140 qua
1877 1070 2134 1140 judicabt’t

596 1157 738 1212 Deus
761 1159 964 1211 occulta
987 1159 1248 1210 hominum
1275 1159 1338 1210 ⁸⁸.
1383 1159 1469 1211 Ille
1507 1161 1646 1213 enim
1681 1161 1792 1214 dies
1823 1159 2132 1213 manifesta-

595 1249 676 1303 bit
707 1249 907 1311 omnia,
940 1249 990 1300 in
1022 1249 1139 1316 igne
1178 1248 1417 1300 revelans
1454 1259 1665 1302 cuncta.
1691 1249 1932 1302 Scientes
1955 1249 2133 1315 itaque

598 1353 716 1401 nos,
747 1352 779 1389 0
802 1336 922 1398 viri,
949 1337 1070 1404 quia
1112 1337 1387 1389 adversum
1429 1347 1530 1389 tam
1564 1338 1850 1392 terribilem
1881 1339 2132 1392 habemus

587 1425 844 1493 judieem,
876 1435 1058 1478 sancte
1107 1427 1410 1479 conversari
1443 1436 1494 1480 et
1548 1429 1597 1479 in
1649 1429 1802 1481 factis
1827 1438 1879 1479 et
1923 1429 1972 1480 in
2015 1441 2131 1479 ver-

595 1516 678 1570 bis
715 1517 1038 1579 studeamus,
1081 1525 1137 1568 ut
1180 1531 1280 1568 non
1311 1533 1406 1584 pro
1435 1517 1873 1570 condemnatione
1906 1518 1954 1570 in
1987 1516 2127 1583 judi-

594 1605 698 1666 cio,
749 1605 840 1658 sed
888 1621 984 1675 pro
1031 1607 1209 1674 requie
1244 1616 1400 1671 atque
1437 1607 1601 1675 gloria
1649 1617 1842 1659 aeterna
1899 1607 2132 1674 inquirac

596 1709 735 1748 mur.
767 1693 980 1754 Deinde,
1005 1711 1104 1746 non
1129 1695 1215 1759 sit,
1251 1695 1441 1761 inquit,
1487 1696 1540 1747 in
1573 1696 1749 1749 diebus
1774 1697 1918 1760 anni,
1971 1711 2126 1764 neque

595 1794 890 1836 numeretur
925 1785 978 1834 in
1007 1783 1182 1836 diebus
1235 1785 1483 1836 mensium
1509 1785 1575 1837 ⁸³.
1609 1784 1774 1850 Quis?
1818 1783 2124 1836 Maledictus

594 1882 753 1940 atque
797 1873 1031 1940 perditus
1071 1873 1158 1926 ille
1190 1873 1322 1926 dies.
1375 1872 1478 1926 iste
1524 1889 1626 1928 non
1689 1874 1757 1927 sit
1822 1873 1873 1925 in
1939 1873 2125 1926 diebus

593 1965 740 2024 anni,
796 1977 966 2031 neque
996 1975 1299 2016 numeretur
1337 1964 1386 2015 in
1412 1962 1594 2014 diebus
1646 1962 1926 2014 mensium.
1978 1959 2129 2014 Nunc

589 2053 870 2106 ostendisti
901 2053 1194 2115 evidenter,
1240 2069 1272 2105 o
1308 2055 1459 2104 beate
1506 2051 1624 2114 Job,
1660 2050 1780 2118 quia
1832 2065 1934 2102 non
1991 2051 2126 2103 diem

591 2151 849 2196 creaturae
882 2142 1217 2201 tnaledixisti,
1241 2141 1360 2207 quia
1389 2156 1487 2193 non
1520 2140 1656 2192 diem
1707 2140 1830 2191 anni
1874 2139 1952 2192 vel
1984 2154 2130 2193 men-

590 2232 728 2285 sium
761 2232 1040 2294 devotasti,
1070 2233 1159 2284 sed
1195 2233 1337 2281 illum
1361 2231 1448 2296 qtti
1490 2245 1590 2282 non
1613 2240 1694 2281 est
1733 2229 1782 2280 in
1811 2228 2125 2292 substantia,

594 2335 766 2380 neque
798 2321 848 2372 in
881 2335 1120 2380 numero,
1154 2335 1322 2386 neque
1365 2319 1418 2372 in
1451 2328 1716 2384 computo.
1758 2317 1954 2372 Omnes
1985 2319 2124 2372 enim

594 2409 709 2463 dies
739 2425 877 2462 anno
925 2417 980 2461 et
1025 2409 1294 2462 mensibus
1344 2409 1741 2461 circumdantur
1774 2407 1851 2459 vel
1914 2421 2127 2474 compu-

593 2505 792 2550 tantur.
840 2498 997 2550 Extra
1034 2513 1226 2550 annum
1283 2508 1456 2550 autem
1504 2507 1557 2549 et
1593 2511 1802 2549 menses
1840 2496 2012 2549 nullus
2049 2505 2130 2548 est

590 2586 725 2641 dies.
753 2587 891 2654 Ergo
937 2588 980 2639 si
1025 2589 1136 2639 dies
1170 2588 1258 2654 qui
1293 2587 1410 2640 istic
1456 2587 1762 2638 maledictus
1800 2595 1879 2638 est
1908 2598 1971 2636 ac
2009 2599 2128 2651 per-

591 2675 734 2730 ditus
756 2686 855 2740 est,
885 2692 987 2729 non
1017 2686 1098 2730 est
1130 2676 1182 2728 in
1227 2693 1384 2738 anno,
1433 2688 1487 2728 et
1521 2686 1574 2728 tu
1609 2677 1737 2729 dicis
1771 2691 1782 2726 :
1824 2673 1942 2727 Non
1977 2675 2044 2726 sit
2075 2674 2128 2725 in

589 2765 771 2818 diebus
813 2767 936 2819 anni
972 2782 990 2818 :
1031 2783 1135 2818 non
1188 2775 1267 2818 est
1299 2767 1348 2818 in
1379 2765 1669 2830 mensibus,
1713 2775 1766 2818 et
1797 2765 1928 2817 dicis
1964 2781 1976 2815 :
2007 2762 2126 2816 Non

591 2865 886 2908 numeretur
928 2856 979 2907 in
1035 2856 1214 2907 diebus
1265 2856 1534 2918 mensium,
1579 2853 1706 2906 nihil
1740 2863 1840 2916 est,
1872 2866 2125 2920 nusquam

589 2955 692 3009 est,
714 2947 813 2999 hoc
844 2949 980 3012 quod
1009 2961 1108 2998 non
1132 2954 1212 2998 est
1248 2944 1537 3005 maledicis,
1567 2942 1836 2995 maledicis
1861 2943 2001 2995 enim
2037 2941 2126 3009 qui

590 3049 698 3089 non
731 3044 816 3088 est
871 3036 1046 3102 perire
1073 3035 1270 3088 volens.
1330 3034 1394 3086 Et
1428 3033 1613 3086 merito
1649 3030 2127 3100 irreprehensibilis

2240 636 2406 688 neque
2438 622 2612 674 videat
2637 618 2925 672 luciferum
2963 615 3236 670 orientem
3269 615 3512 682 Spiritum
3544 633 3741 677 sanctum

2237 706 2562 761 Paracletum
2592 709 2658 761 de
2696 705 2931 762 excelsis
2974 706 3042 757 ad
3087 704 3358 770 apostolos
3389 703 3608 759 missum.
3632 709 3744 764 Alia-

2236 814 2338 866 que
2365 798 2588 866 plurima
2621 798 3074 851 demonstrantur
3119 810 3186 848 ex
3221 794 3351 861 ipsis
3385 793 3514 848 beati
3544 793 3628 850 Job
3652 813 3741 852 ser-

2235 889 2481 941 monibus
2503 926 2518 948 ,
2554 902 2672 955 qua:
2701 887 2752 939 in
2789 887 3204 938 resurrectione
3235 893 3395 948 atque
3433 884 3614 951 judicio
3643 903 3745 953 pne-

2233 978 2448 1031 venient
2491 977 2671 1043 impiis
2710 985 2876 1044 atque
2925 975 3150 1042 injustis
3193 983 3442 1042 tanquam
3493 975 3741 1031 abortivum

2231 1067 2414 1122 exiens
2440 1071 2503 1121 de
2528 1078 2714 1121 ventre
2739 1065 2944 1119 matris
2978 1080 3114 1118 sum.
3144 1063 3289 1124 Illic,
3312 1063 3481 1130 inquit
3503 1104 3516 1125 ,
3541 1065 3664 1132 impii
3687 1084 3748 1119 te-

2231 1160 2526 1224 quieverunt
2575 1159 2637 1210 ab
2687 1158 2771 1209 ira
2825 1155 3269 1222 indignationis,
3301 1153 3408 1205 illic
3453 1157 3746 1221 requieverttttt

2230 1251 2460 1302 dolentes
2490 1262 2705 1314 corpore
2721 1247 2802 1298 ⁸⁸..
2831 1234 2970 1309 Illic,
3004 1245 3201 1312 inquit,
3235 1243 3286 1296 in
3322 1246 3688 1306 resurrectione,
3708 1248 3747 1300 in

2231 1337 2576 1407 inquisitione
2601 1375 2616 1398 ,
2651 1336 2703 1388 in
2748 1334 2999 1400 judicio.
3029 1334 3140 1387 Illic
3169 1333 3310 1386 enim
3343 1336 3607 1402 requiescit
3633 1345 3741 1389 eate-

2230 1441 2327 1478 nns
2377 1425 2672 1494 indignatio
2706 1434 2882 1491 atque
2941 1424 3100 1476 furor
3127 1422 3406 1490 impiorum
3428 1462 3442 1485 ,
3491 1438 3596 1473 rum
3618 1424 3734 1490 digna

2230 1515 2333 1569 illis
2365 1516 2510 1569 illata
2548 1515 2712 1567 fuerit
2745 1512 3039 1568 damnatio
3067 1521 3233 1579 atque
3267 1519 3611 1564 tormentum:
3640 1521 3732 1564 tunc

2225 1617 2384 1660 erunt
2427 1615 2678 1674 tanquam
2728 1607 2988 1658 aborsum
3036 1603 3226 1656 exiens
3273 1603 3336 1654 de
3384 1612 3559 1653 ventre
3590 1602 3733 1657 matris

2225 1711 2333 1750 suae
2357 1737 2371 1761 ,
2406 1698 2550 1750 sicut
2604 1695 2838 1749 infantes
2871 1695 2965 1760 qui
2997 1708 3105 1746 non
3149 1693 3396 1746 viderunt
3438 1691 3610 1745 lucem.
3635 1689 3730 1744 Nam

2227 1786 2361 1839 sicut
2389 1787 2630 1840 abortiva
2676 1787 2740 1840 de
2778 1794 2977 1839 ventre
3009 1784 3202 1836 matris
3248 1797 3360 1835 sua:
3408 1783 3629 1834 exeuntia
3656 1797 3730 1834 non

2229 1875 2476 1927 viderunt
2511 1875 2683 1927 lucem
2711 1913 2725 1936 ,
2759 1875 2855 1927 sed
2890 1888 2956 1926 ex
2991 1873 3231 1924 tenebris
3271 1871 3321 1923 in
3353 1873 3585 1923 tenebras
3606 1879 3728 1933 eunt,

2227 1977 2291 2017 ex
2322 1963 2555 2018 tenebris
2585 1972 2749 2030 atque
2794 1962 3057 2032 angustia
3092 1962 3232 2014 uteri
3281 1961 3498 2013 materni
3543 1961 3589 2013 in
3621 1971 3730 2014 tene-

2225 2052 2349 2107 bras
2386 2062 2439 2106 et
2477 2055 2756 2122 angustias
2797 2062 2961 2106 terrae
3010 2062 3175 2118 atque
3223 2050 3445 2118 sepulcri
3484 2051 3593 2104 :sic
3624 2051 3730 2118 impii

2227 2143 2290 2198 de
2327 2145 2560 2197 tenebris
2604 2143 2656 2195 in
2709 2143 2970 2196 tenebras
3014 2149 3147 2194 eunt
3171 2180 3186 2204 ,
3227 2154 3293 2192 ex
3327 2141 3554 2208 angustia
3589 2139 3631 2191 in
3661 2153 3729 2192 an-

2225 2235 2450 2306 gustiam
2479 2234 2843 2302 expellentnr,
2883 2234 2951 2286 de
2992 2246 3222 2300 corpore
3257 2232 3309 2284 in
3340 2230 3648 2298 sepulcrum.
3685 2241 3731 2284 ex

2227 2323 2469 2393 sepulcro
2523 2324 2574 2376 in
2623 2323 2937 2391 angustiam
2997 2321 3338 2388 expellentur
3393 2329 3541 2388 atque
3587 2318 3729 2388 indicii

2224 2413 2622 2466 damnationem
2649 2451 2663 2474 ,
2714 2407 2782 2464 et.
2814 2413 2869 2464 in
2903 2411 3162 2464 tenebras
3195 2407 3484 2460 exteriores
3509 2445 3524 2468 ,
3551 2406 3626 2459 tibi
3653 2419 3728 2457 non

2225 2515 2308 2556 est
2347 2504 2436 2555 lux
2463 2543 2478 2565 ,
2514 2519 2688 2572 neque
2721 2503 2988 2556 videbunt
3032 2502 3199 2553 vitam
3245 2498 3501 2552 homines.
3548 2496 3727 2549 Pusillus

2223 2603 2272 2646 et
2295 2610 2530 2660 magnus,
2563 2593 2761 2660 inquit.
2798 2593 2873 2644 ibi
2903 2599 2982 2644 est
3017 2591 3086 2642 ⁸⁸.
3113 2588 3226 2642 Non
3254 2598 3334 2640 est
3366 2589 3498 2640 enim
3533 2599 3729 2661 persona-

2227 2696 2338 2733 rum
2371 2690 2620 2748 acceptor
2662 2682 2816 2748 regni
2855 2680 3026 2746 hujus
3055 2694 3170 2732 rex.
3200 2676 3387 2730 Merito
3415 2691 3475 2728 ex
3501 2689 3630 2741 mquo
3659 2673 3726 2723 imo

2226 2771 2385 2839 pertit
2417 2769 2664 2823 omnibus
2691 2780 2745 2824 et
2800 2770 3018 2839 pusillis
3048 2780 3103 2822 et
3135 2767 3339 2836 magnis
3365 2806 3380 2828 ,
3410 2774 3461 2818 et
3501 2761 3726 2818 humilibus

2225 2869 2278 2913 et
2301 2860 2423 2912 altis
2457 2863 2600 2928 regni
2633 2859 2794 2924 hujus
2823 2860 3116 2913 introitum
3150 2876 3163 2910 :
3202 2857 3307 2910 illis
3331 2868 3456 2908 sane
3494 2851 3572 2921 qui
3595 2864 3724 2916 aqua-

2227 2948 2352 3001 liter
2395 2949 2541 3001 illum
2593 2959 2871 3013 metuunt,
2911 2949 3004 3015 qui
3057 2947 3340 3015 aequaliter
3371 2944 3506 2997 illum
3532 2941 3722 3009 diligunt.

2231 3036 2461 3090 Pusillus
2509 3046 2556 3091 et
2591 3053 2839 3105 magnus.
2895 3038 2972 3090 Ibi
3007 3048 3094 3092 est
3149 3035 3382 3088 Lazarus
3418 3030 3610 3101 pusillus
3636 3041 3720 3077 rum

589 3124 644 3178 ir.
675 3125 924 3180 omnibus
972 3138 1268 3191 permanes,
1316 3122 1623 3176 beatissime
1677 3121 1767 3174 Dei
1811 3122 1979 3174 amice
2005 3121 2123 3176 Job.
2153 3137 2194 3193 ο
2229 3129 2491 3180 Abraham
2532 3143 2745 3196 magno.
2802 3125 2873 3181 Et
2929 3143 3108 3183 servus
3151 3142 3253 3178 non
3293 3126 3468 3177 timens
3518 3117 3720 3172 dominum

587 3215 694 3268 Aut
743 3214 904 3267 etiam
934 3213 1088 3265 aliter
1118 3211 1470 3278 intelligamus
1507 3211 1841 3264 maledictum
1877 3211 2015 3263 hunc
2045 3219 2130 3262 at-

591 3318 697 3370 que
719 3302 983 3368 perditum
1023 3301 1159 3353 diem
1186 3301 1250 3352 de
1283 3315 1387 3366 quo
1415 3299 1544 3351 dicit
1576 3316 1590 3351 :
1623 3297 1742 3350 Dies
1767 3297 1852 3350 ille
1885 3299 1946 3350 sit
1973 3299 2026 3349 in
2053 3309 2130 3350 te-

587 3392 778 3453 nebris,
802 3399 962 3442 etnon
985 3391 1213 3456 inquirat
1255 3388 1400 3440 illum
1426 3386 1673 3439 Dominus
1714 3387 1945 3451 desuper.
1979 3386 2131 3453 Figu-

587 3489 704 3533 rate
721 3479 983 3547 significat
999 3493 1092 3545 per
1110 3477 1221 3530 haec
1249 3475 1510 3530 infelicem
1532 3476 1674 3528 illum
1696 3475 1906 3538 ludam,
1925 3477 2130 3543 perista

588 3569 655 3622 de
671 3569 823 3636 longe
837 3583 957 3620 eum
981 3568 1231 3628 ostendit,
1249 3568 1337 3634 qui
1359 3567 1612 3620 debuerat
1629 3580 1746 3620 esse
1766 3566 1876 3618 dies
1891 3579 2129 3628 serenus,

584 3667 644 3711 et
658 3659 959 3725 splendidus
985 3673 1046 3710 ac
1075 3657 1470 3724 perspicuus,et
1493 3656 1590 3710 sibi
1613 3656 1902 3708 luminosus
1934 3664 1987 3707 et
2015 3653 2131 3709 aliis

589 3743 815 3810 lucidus,
838 3746 1010 3800 factus
1034 3755 1114 3800 est
1142 3746 1454 3799 tenebrosus
1475 3758 1568 3811 per
1607 3743 1945 3810 semetipsum
1976 3752 2132 3810 atque

587 3838 868 3892 obscurus.
903 3836 1054 3889 Hunc
1078 3850 1204 3904 ergo
1232 3835 1539 3903 significans
1561 3834 1717 3886 dicit:
1738 3831 1859 3885 Dies
1886 3832 1971 3884 ille
1988 3833 2057 3885 sit
2079 3831 2130 3884 in

592 3926 826 3980 tenebris
845 3927 932 3992 qui
956 3926 1125 3977 lucem
1150 3923 1448 3990 dereliquit,
1469 3923 1556 3990 qui
1586 3939 1614 3973 a
1634 3921 1748 3974 luce
1765 3921 2024 3984 discessit,
2041 3921 2130 3988 qui

591 4014 762 4069 lucem
779 4015 829 4068 in
850 4025 1071 4068 mortem
1091 4013 1324 4078 tradidit,
1339 4021 1391 4065 et
1418 4027 1520 4064 non
1541 4011 1770 4079 inquirat
1794 4011 1936 4063 illum
1958 4011 2133 4063 Domi-

589 4119 689 4158 nus
705 4109 952 4170 desuper,
979 4119 1096 4157 cum
1131 4103 1431 4171 inquisierit
1458 4101 1673 4156 Petrum
1701 4112 1752 4155 et
1768 4110 1987 4154 caeteros
2007 4114 2133 4166 apo-

587 4193 754 4248 stolos
771 4208 1050 4261 resurgens
1069 4207 1097 4245 a
1120 4193 1361 4246 mortuis.
1377 4190 1490 4244 Non
1512 4194 1578 4244 sit
1603 4191 1653 4242 in
1671 4191 1857 4243 diebus
1874 4189 2016 4251 anni,
2035 4190 2134 4243 Ec-

593 4281 771 4338 clesiae
792 4282 1168 4336 fesdvitatibus
1187 4293 1342 4351 atque
1366 4282 1898 4342 sanctiﬁcationibus,
1918 4297 2018 4334 non
2063 4281 2135 4334 sit

590 4371 646 4424 in
679 4372 883 4424 unitate
914 4371 1185 4434 Ecclesiae,
1218 4388 1324 4427 non
1351 4382 1662 4425 numeretur
1690 4373 1824 4424 inter
1853 4371 1966 4423 dies
1988 4385 2133 4423 men-

589 4459 752 4521 sium,
785 4460 837 4512 in
874 4475 1095 4513 numero
1125 4461 1399 4514 duodecim
1449 4459 1830 4528 apostolorum,
1877 4469 2126 4525 tanquam

592 4548 872 4600 duodecim
904 4551 1186 4616 mensium,
1235 4551 1326 4604 sed
1367 4550 1609 4604 deleatur
1655 4550 1719 4603 de
1768 4549 1902 4602 libro
1943 4548 2127 4599 viven-

597 4637 750 4698 tium,
782 4646 837 4689 et
869 4652 988 4689 cum
1025 4637 1184 4704 justis
1213 4655 1315 4694 non
1342 4642 1626 4695 scribatur.
1653 4639 1745 4692 His
1775 4647 2128 4691 consonanter

595 4725 820 4779 inferius
871 4727 1174 4782 universum
1221 4731 1468 4798 populum
1504 4729 1803 4782 Judmorum
1848 4728 2129 4796 designans

597 4822 759 4881 atque
800 4814 1102 4881 increpans,
1134 4829 1446 4886 noctemque
1466 4833 1585 4872 eum
1613 4831 1922 4886 nuncnpans
1952 4815 2080 4869 dicit
2107 4832 2122 4868 :

596 4900 949 4954 Obscurentur
979 4903 1149 4956 sidera
1176 4909 1334 4958 noctis
1362 4907 1523 4960 illius.
1550 4907 1714 4974 Cujus
1750 4907 1956 4960 noctis?
1985 4905 2127 4960 Illius

599 4993 665 5045 tle
691 4994 794 5059 q'ua
815 4992 942 5042 dicit
973 4993 1257 5058 Apostolus
1282 5013 1296 5046 :
1326 4996 1446 5047 Nox
1491 4997 1749 5062 prwcessit
1783 4996 1848 5048 ⁸⁸.
1903 4995 2026 5060 Qua-
2055 4998 2130 5049 si-

600 5081 726 5134 dera
759 5077 1147 5133 obscurentur?
1203 5081 1532 5148 Sacerdotes,
1565 5095 1619 5140 et
1648 5085 1870 5150 Scriba,
1911 5097 1965 5140 et
1993 5085 2129 5138 Pha-

599 5169 738 5223 risaei
768 5183 784 5220 :
807 5184 926 5221 nam
951 5169 1002 5222 hi
1025 5172 1110 5236 qui
1127 5172 1416 5226 debuerant
1441 5176 1490 5226 in
1517 5176 1724 5228 modum
1743 5177 2010 5230 stellarum
2033 5176 2132 5228 ful-

599 5263 892 5324 gereatque
905 5253 1080 5308 lucere
1096 5256 1146 5308 in
1165 5256 1276 5325 lege
1293 5268 1538 5328 tanquam
1558 5261 1608 5313 in
1627 5272 1798 5326 nocte,
1816 5262 1988 5317 effecti
2011 5269 2131 5315 sunt

597 5358 785 5399 omnes
801 5345 1064 5399 tenebrosi
1079 5355 1234 5412 atque
1255 5348 1488 5402 obscuri.
1513 5349 1797 5415 Sustineat,
1813 5353 2006 5420 inquit,
2027 5366 2129 5405 nox

599 5431 997 5489 illaJudzeorutn
1025 5436 1335 5492 tenebrosus
1350 5438 1590 5507 p0pulus,
1610 5441 1871 5495 sustineat
1895 5457 2129 5498 resurre-

738 5635 1064 5711 i‘_sal._xxxn,
1087 5635 1166 5691 15.
1240 5637 1282 5668 ⁸¹
1322 5636 1459 5693 Psal.
1491 5655 1636 5697 sttit.
1667 5640 1753 5694 22.
1828 5641 1872 5672 ⁸¹
1908 5641 2056 5693 Rom.
2081 5657 2129 5707 II,

2227 5668 2249 5692 ⁵ι
2326 5643 2489 5698 "Job
2535 5647 2691 5711 ttt,6.
2769 5648 2813 5680 ⁸³
2842 5647 2994 5700 Rom.
3045 5635 3259 5706 xtlt,12.
3332 5625 3375 5657 “
3398 5620 3483 5676 Job
3515 5625 3581 5672 ut,

603 5703 651 5735 "
686 5706 809 5760 ibid.
840 5707 920 5762 19.

2230 3233 2399 3269 suum.
2430 3215 2483 3268 In
2516 3217 2873 3284 corruptione
2904 3232 3050 3270 cnttn
3079 3231 3185 3269 non
3225 3223 3306 3266 est
3342 3211 3564 3266 dominus
3584 3218 3719 3259 corru-

2229 3307 2450 3376 ptibilis,
2479 3321 2650 3374 neque
2677 3306 2921 3361 carnalis
2945 3345 2962 3370 ,
2996 3305 3090 3358 sed
3123 3318 3243 3358 cum
3281 3295 3564 3370 apparuerit
3604 3292 3720 3344 facit?!

2229 3395 2460 3449 cmlestis
2498 3395 2708 3448 Domini
2759 3407 2935 3464 atque
2964 3395 3168 3464 judicis
3193 3433 3208 3456 ,
3263 3401 3385 3444 tunc
3415 3379 3718 3450 corruptibiles

2231 3493 2388 3552 atque
2413 3485 2655 3539 carnales
2682 3486 2897 3541 domini
2932 3499 3200 3553 nusquam
3231 3479 3557 3551 apparebunt.
3580 3471 3717 3524 Merito

2230 3573 2336 3626 illic
2361 3583 2443 3626 est
2474 3589 2662 3628 servus
2693 3591 2806 3630 non
2842 3577 3043 3630 timens
3075 3573 3342 3625 dominum
3374 3583 3536 3620 smnn.
3567 3561 3714 3615 Mento.

2231 3672 2378 3715 ratus
2403 3664 2544 3716 enim
2583 3665 2744 3717 timor
2766 3665 2989 3733 judicii,
3029 3674 3204 3718 terror
3243 3673 3398 3727 atque
3443 3653 3636 3709 formido
3658 3647 3694 3701 fu

2232 3764 2473 3806 tororum
2503 3795 2516 3818 ,
2546 3769 2766 3809 omnem
2812 3759 3067 3811 timorem
3092 3748 3481 3819 corruptibilem
3506 3754 3554 3798 et
3575 3752 3711 3794 carna-

2229 3843 2332 3897 lem
2380 3845 2430 3896 itt
2461 3844 2790 3899 oblivionem
2825 3847 3048 3901 deducit
3080 3853 3240 3911 atque
3273 3841 3415 3894 foras
3445 3833 3602 3889 mittit.
3631 3825 3709 3878 Non

2228 3933 2367 3984 enim
2397 3933 2536 3985 servi
2565 3933 2914 3987 dominorum
2956 3933 3167 3987 timoris
3213 3927 3555 3984 recordamur,
3585 3923 3711 3980 neque

2230 4019 2428 4072 domini
2474 4019 2646 4072 servis
2677 4021 2957 4090 imperare
3009 4025 3319 4073 occurrunt.
3354 4011 3488 4066 Unus
3514 4005 3630 4061 enim
3660 3998 3707 4047 ιῖ·

2231 4121 2344 4160 Inor
2398 4107 2757 4175 inquisitionis
2813 4119 2979 4177 atque
3025 4105 3213 4176 judieii
3260 4095 3707 4186 apprehendat-cut:-

2229 4207 2365 4251 ctos.
2396 4196 2584 4250 Merito
2620 4196 2728 4250 illic
2755 4209 2848 4252 est
2892 4211 3082 4251 servus
3129 4209 3233 4248 non
3283 4194 3465 4244 timens
3496 4179 3702 4238 dontinuin

2229 4303 2403 4340 suum.
2439 4286 2517 4339 lbi
2548 4296 2632 4339 est
2666 4287 2880 4342 Abdias
2907 4303 3015 4341 non
3054 4288 3245 4339 timens
3293 4277 3465 4334 Achab
3496 4270 3703 4325 dominum

2230 4390 2404 4428 suum.
2439 4373 2512 4426 lbi
2544 4383 2629 4426 est
2680 4373 2976 4430 Onesimus
3030 4388 3132 4427 non
3179 4373 3367 4425 timens
3410 4362 3700 4419 Philemom’m

2159 4442 2201 4495 D
2231 4465 2498 4518 dominum
2530 4477 2704 4515 suum.
2736 4465 2960 4534 Aliique
2991 4461 3251 4520 innumeri
3283 4455 3586 4526 reperiuntur
3607 4450 3647 4534 et
3665 4439 3701 4488 in

2229 4555 2347 4620 1888
2371 4592 2386 4616 ς
2417 4563 2469 4604 el
2505 4554 2555 4604 in
2594 4529 2894 4621 Evangelia
2924 4556 3009 4608 his
3037 4554 3235 4607 similes
3261 4588 3275 4612 ,
3309 4546 3394 4616 qui
3422 4534 3599 4595 caelesti
3623 4529 3698 4581 Do-

2229 4643 2370 4695 mino
2392 4657 2453 4695 ac
2487 4643 2595 4695 Deo
2621 4645 2873 4698 omnium
2901 4645 3220 4704 servientes,
3247 4652 3346 4692 non
3375 4630 3618 4714 timuerunt
3636 4629 3698 4714 Stl-

2229 4746 2322 4801 per
2347 4741 2542 4786 terram
2579 4734 2834 4790 dominos
2860 4734 3108 4789 carnales
3133 4732 3196 4784 ad
3224 4720 3550 4782 obediendum
3575 4711 3634 4762 eis
3659 4711 3694 4802 in

2231 4820 2401 4886 malis,
2437 4836 2608 4889 neque
2638 4823 2690 4874 in
2718 4826 2882 4878 cretis
2907 4839 3000 4877 eos
3047 4823 3234 4875 timent
3261 4819 3310 4870 in
3344 4812 3594 4874 consPecm
3615 4805 3694 4889 fc"

2232 4911 2433 4964 Domini
2464 4912 2757 4966 venientes.
2815 4914 2950 4967 Nam
2989 4927 3110 4966 cum
3151 4907 3444 4964 servitutem
3483 4883 3690 4947 carnalem

2232 5011 2362 5065 Pure
2389 5001 2466 5052 eis
2511 5011 2668 5067 θιίιιιθ
2697 5003 2895 5059 devote
2944 4999 3306 5056 exbibuissent
3329 5031 3343 5055 ,
3373 5001 3465 5042 non
3493 4980 3692 5067 discesse:

2233 5097 2356 5140 runt
2406 5105 2435 5141 a
2485 5089 2758 5145 Creatoris
2817 5093 3095 5148 servitute.
3150 5086 3255 5139 Hoc
3289 5085 3493 5142 namque
3533 5058 3689 5131 0PM“

2230 5178 2453 5232 reddere
2502 5193 2684 5233 servos
2730 5182 3043 5235 carnalibus
3089 5171 3313 5230 dominis
3356 5162 3571 5248 suisnllj

2228 5263 2495 5329 fraudent,
2526 5275 2710 5321 utnon
2746 5267 3190 5328 circumveniant,
3227 5269 3281 5314 ut
3311 5269 3405 5309 non
3435 5237 3686 5329 insid‘f’mf'f

2231 5352 2459 5407 dominis
2500 5356 2610 5408 suis
2639 5393 2655 5418 ,
2691 5364 2752 5409 ut.
2790 5372 2894 5410 non
2929 5355 2995 5408 ad
3026 5350 3232 5407 oculum
3260 5338 3508 5418 serviant.

2230 5441 2282 5494 in
2330 5441 2465 5496 ίθθίθ
2505 5408 2745 5513 ηηςιιήι,
2932 5443 3062 5499 foris
3091 5441 3156 5493 ab
3186 5431 3386 5492 oculis,
3423 5417 3504 5474 sed
3528 5408 3630 5464 foris
3658 5408 3679 5446 ³

3612 5595 3670 5654 17.
